4108 6186
251 323 345 380 133

1177 329 1252 383 ΙΝ
1287 327 1762 383 PORPHYRIUM
1798 328 2486 395 COMMENTARIORUM
2527 343 2658 397 LIB.
2700 344 2769 396 V.

3567 339 3674 406 138

256 451 782 523 substantiamque
805 451 1137 506 formabant
1161 467 1323 522 :quaa
1351 467 1484 506 cum
1509 451 1589 506 ita
1625 451 1764 519 sint,
1815 470 1917 510 ne-
1949 458 2001 524 Α
2031 458 2253 515 interiit
2281 463 2498 532 species
2525 481 2538 520 :
2571 483 2706 538 ergo
2736 468 2886 536 quod
2910 467 3132 525 dictum
3164 475 3248 525 est
3279 469 3484 527 adesse
3500 474 3557 528 et
3577 473 3675 528 ab-

260 558 420 597 cesse
440 548 527 595 est
549 546 619 596 ut
641 558 767 612 quae
791 541 1251 606 accidentaliter,
1286 541 1587 608 dicuntur,
1638 543 1916 611 quoniam

257 631 658 686 substantiam
693 630 934 684 minime
957 631 1300 696 informant,
1325 633 1381 684 et
1405 631 1609 685 adesse
1635 635 1690 685 et
1713 633 1920 689 abesse

253 723 483 792 possint
507 724 718 791 prater
739 720 988 790 subjecti
1018 720 1473 790 corruptionem.
1499 721 1580 774 Ea
1610 720 1763 775 enim
1789 726 1918 777 tan-

257 819 384 865 tum
405 825 537 864 cum
553 811 773 864 absunt
786 809 1116 878 subjectum
1131 825 1504 880 corrumpere
1521 815 1921 882 possunt,quze

269 899 535 954 efficiunt
556 903 732 970 atque
755 898 1121 953 conformant
1144 916 1268 969 qua:
1292 905 1430 954 sunt
1462 899 1916 956 substantialia:

266 1006 396 1060 quae
415 1005 542 1043 vero
569 1005 683 1042 non
709 987 974 1042 efﬁciunt
1003 988 1419 1056 substantiam,
1453 993 1518 1043 ut
1548 990 1918 1055 accidientia,

259 1096 324 1133 ea
353 1095 492 1132 cum
520 1079 763 1144 adsunt,
794 1077 882 1133 vel
908 1078 1144 1146 absunt,
1170 1094 1273 1133 nec
1301 1079 1618 1133 informant
1640 1080 1916 1134 substan-

257 1168 398 1222 tiam
428 1183 534 1222 nec
555 1167 1265 1238 corrumpunt.Estigitur
1288 1168 1559 1223 accidens
1575 1170 1736 1238 quod
1754 1169 1920 1224 adest

254 1263 305 1314 et
318 1258 489 1312 abest
518 1263 731 1328 prater
746 1256 998 1326 subjecti
1021 1257 1609 1328 corrumptionem.ld
1629 1263 1824 1313 autem
1839 1260 1921 1312 di-

253 1348 481 1402 viditur
501 1347 564 1400 in
590 1347 738 1400 duas
766 1352 983 1417 partes.
999 1347 1281 1401 Accidens
1299 1348 1454 1401 enim
1473 1346 1630 1402 aliud
1648 1353 1918 1419 estsepa-

253 1435 465 1502 rabile,
509 1435 672 1491 aliud
701 1435 1112 1506 inseparabile.
1162 1436 1498 1507 Separabile
1546 1437 1807 1506 quidem,
1857 1441 1921 1493 ut

257 1527 540 1592 dormire,
580 1527 783 1581 sedere
816 1525 1207 1597 lnseparabile
1252 1543 1386 1580 vero
1431 1525 1685 1597 fEthiopi
1721 1532 1918 1596 atque,

252 1632 448 1683 corvo,
486 1615 649 1670 color
681 1616 889 1686 niger..
924 1620 987 1668 In
1020 1632 1136 1686 qua
1166 1632 1227 1670 re
1259 1615 1394 1670 talis
1409 1615 1596 1670 oritur
1628 1615 1918 1672 dubitatio

252 1705 332 1760 ita
373 1705 539 1760 enim
577 1709 667 1760 est
699 1704 1019 1759 diffinitum
1044 1724 1058 1772 ;
1087 1704 1357 1759 accidens
1389 1709 1479 1759 est
1503 1707 1659 1775 quod
1680 1705 1846 1760 adest
1864 1709 1921 1760 et

260 1797 425 1849 abest
439 1799 660 1865 praeter
679 1793 930 1863 subjecti
947 1794 1570 1866 corruptionem.ldem
1589 1799 1781 1850 tamen
1815 1812 1916 1849 ac-

263 1885 467 1939 cidens
487 1883 810 1954 aliquando
835 1881 1218 1954 inseparabile
1241 1883 1458 1938 dicitur
1479 1900 1491 1938 :
1519 1885 1672 1954 quod
1696 1884 1744 1938 si
1765 1885 1917 1939 inse-

262 1973 529 2046 parabile
556 1977 666 2041 est,
692 1973 898 2028 abesse
918 1990 1030 2027 non
1051 1973 1530 2044 poterit.Frustra
1551 1974 1734 2044 igitur
1764 1975 1922 2045 posi-

257 2070 382 2118 tum
418 2068 511 2117 est
543 2062 820 2117 accidens
851 2078 981 2117 esse
1005 2063 1162 2132 quod
1186 2063 1408 2129 adesse,
1431 2067 1487 2117 et
1508 2063 1674 2118 abest
1706 2065 1913 2134 possit,

250 2170 389 2208 cum
412 2153 538 2208 sint
562 2153 835 2222 quaedam
859 2151 1204 2217 accidentia,
1229 2153 1683 2222 quaeasubjecto
1701 2170 1812 2207 non
1827 2171 1919 2207 va-

258 2241 425 2296 leant
441 2240 724 2311 separari.
749 2239 862 2294 Sed
887 2240 950 2294 ﬁt
969 2256 1118 2310 saepe
1141 2245 1204 2293 ut
1231 2257 1357 2311 quae
1378 2245 1510 2294 actu
1525 2242 1784 2311 disjungi
1804 2259 1916 2297 non

261 2329 517 2397 valeant,
552 2334 751 2384 mente
783 2335 841 2384 et
898 2329 1250 2400 cogitatione
1293 2335 1660 2402 separentur.
1709 2331 1820 2386 Sed
1867 2333 1916 2386 si

255 2420 442 2474 animi
463 2420 690 2474 ratione
719 2419 1027 2488 disjunctae
1043 2417 1356 2489 qualitates
1371 2436 1404 2474 a
1417 2419 1699 2488 subjectis
1715 2437 1828 2476 non
1850 2439 1918 2477 ea

253 2511 586 2583 perimunt,
619 2510 720 2563 sed
753 2509 811 2562 in
845 2523 954 2563 sua
976 2507 1302 2563 substantia
1322 2512 1718 2577 permaneant,
1744 2515 1917 2580 atque

258 2601 612 2673 perdurant,
637 2598 970 2652 accidentes
997 2612 1123 2652 esse
1145 2596 1579 2668 intelliguntur.
1605 2599 1916 2670 Ageigitur

259 2689 541 2760 quoniam
573 2687 832 2758 EthiOpi
878 2684 1037 2742 color
1081 2686 1249 2758 niger
1292 2687 1504 2742 auferri
1558 2704 1674 2742 non
1699 2691 1912 2759 potest,

260 2779 463 2834 animo
477 2793 614 2831 eum
628 2781 686 2831 et
698 2775 1049 2846 cogitatione
1062 2791 1424 2846 separemus,
1443 2776 1553 2830 erit
1571 2776 1916 2847 igiturcolor

259 2869 430 2923 albus
450 2865 889 2937 EthiopiNum
905 2864 1119 2919 idcirco
1134 2863 1357 2931 species
1374 2871 1726 2936 consumptae
1740 2868 1916 2922 sunt?

265 2957 690 3012 Minime.llem
715 2954 888 3009 etiam
914 2969 1141 3023 corvus,
1167 2953 1216 3007 si
1241 2954 1310 3007 ab
1334 2953 1660 3010 eocolorem
1678 2954 1914 3025 nigrum

255 3045 684 3117 imaginatione
718 3058 1081 3115 separemus,
1116 3047 1412 3114 permanet
1436 3048 1631 3098 tamen
1657 3044 1913 3109 avis,nec

1946 1844 1993 1908 Β

2025 563 2173 615 esse,
2200 567 2311 604 non
2340 569 2416 618 re,
2443 555 2540 608 sed
2566 556 2761 610 animo
2784 556 3234 629 intelligendum
3252 564 3361 624 est,
3391 559 3677 632 alioquiet

2025 637 2578 712 substantialiaqua
2593 645 2825 700 omnino
2839 648 3098 718 separari
3115 665 3228 703 non
3245 654 3676 722 possunt,saape

2026 728 2221 782 animo
2247 733 2303 784 et
2335 733 2683 802 cogitatione
2714 737 3134 807 disjungimus,
3167 743 3228 792 ut
3246 738 3294 793 si
3324 739 3394 794 ab
3430 739 3669 796 homine

2026 816 2309 872 rationabi
2322 820 2544 876 litatem
2561 840 2632 877 au
2645 825 3089 896 feramus,quam
3103 826 3239 882 licet
3256 833 3386 883 actu
3401 845 3673 900 separare

2025 923 2138 962 non
2175 925 2507 978 possumus,
2543 915 2740 967 tamen
2775 917 2823 968 si
2855 915 3037 969 animi
3069 916 3411 987 imagitione
3442 917 3673 985 disjun-

2025 996 2240 1067 gimus,
2277 1001 2473 1054 statim
2509 1002 2657 1071 perit
2681 1003 2937 1059 hominis
2968 1007 3214 1076 species,
3242 1008 3397 1077 quod
3431 1007 3585 1064 idem
3611 1010 3673 1066 in

2026 1089 2426 1146 accidentibus
2451 1109 2562 1146 non
2589 1094 2671 1147 fit.
2703 1094 2948 1149 Sublato
2981 1095 3134 1150 enim
3156 1098 3440 1153 accidenti
3454 1102 3675 1172 cogita-

2026 1176 2206 1242 tione,
2257 1181 2482 1250 species
2515 1188 2734 1242 manet.
2794 1185 2895 1238 Est
2931 1201 3161 1256 quoque
3209 1187 3322 1242 alia
3353 1189 3672 1247 accidentis

2025 1266 2298 1323 difﬁnitio
2313 1275 2652 1326 ceterorum
2669 1273 2926 1327 omnium
2946 1275 3426 1345 privatione,utid
3445 1278 3676 1336 dicatur

2025 1358 2294 1412 accidens
2317 1361 2471 1428 quod
2493 1377 2680 1431 neque
2704 1377 2890 1432 genus
2921 1363 3214 1434 sit,neque
3233 1367 3672 1440 species,neque

2025 1447 2567 1520 differentiameque
2580 1452 2904 1522 proprium,
2921 1468 3047 1522 qua:
3062 1453 3333 1510 diffinitio
3348 1455 3669 1526 plurimum

2024 1551 2169 1606 vaga
2194 1541 2284 1591 est
2304 1537 2586 1609 valdeque
2611 1541 2964 1595 communis.
2992 1541 3086 1595 Sic
3109 1542 3264 1597 enim
3288 1544 3464 1599 etiam
3487 1562 3674 1617 genus

2025 1624 2267 1679 diffiniri
2300 1630 2511 1697 potest,
2537 1630 2692 1699 quod
2721 1645 2906 1700 neque
2925 1631 3169 1700 species,
3206 1647 3394 1703 neque
3411 1634 3680 1690 differen-

2025 1714 2126 1778 tia,
2149 1731 2339 1785 neque
2361 1716 2665 1787 proprium
2690 1717 2782 1783 sit,
2812 1734 2915 1773 nec
2941 1719 3245 1775 accidens:
3287 1722 3490 1778 eodem
3527 1740 3676 1795 quo-

2027 1820 2136 1873 que
2151 1805 2323 1859 modo
2344 1805 2567 1876 species
2587 1823 2652 1861 ac
2667 1806 2992 1862 differentia
3008 1813 3183 1879 atque
3197 1811 3498 1881 proprium
3511 1814 3677 1870 .Cum

2036 1896 2230 1946 autem
2257 1895 2458 1948 eadem
2483 1894 2870 1951 similitudine
2884 1897 3244 1954 deﬁnitionis
3265 1899 3676 1970 plurimadeﬁ-

2034 1982 2144 2036 niri
2168 1987 2410 2053 queunt,
2443 2000 2556 2038 non
2581 1989 2670 2038 est
2693 1985 3017 2041 terminans
3057 1991 3111 2042 et
3143 1988 3533 2046 circumclusa
3577 1993 3676 2047 de-

2028 2069 2294 2140 scriptto,
2321 2073 2643 2142 praesertim
2663 2090 2796 2128 cum
2822 2074 2992 2145 longe
3009 2075 3086 2130 sit
3118 2077 3190 2131 ab
3209 2076 3673 2136 deﬁnitionisin-

2027 2159 2288 2220 tegritate
2303 2162 2820 2232 sejunctum,quod
2844 2164 2935 2232 cuj
2949 2163 3256 2220 uslibetrei
3272 2166 3519 2224 formam
3532 2168 3674 2224 alia-

2027 2265 2156 2302 rum
2191 2266 2383 2304 rerum
2405 2251 2710 2319 negatione
2736 2253 3119 2309 demonstrat.
3155 2255 3379 2320 Quibus
3397 2258 3674 2315 omnibus

2027 2337 2329 2408 expeditis,
2354 2339 2408 2392 id
2438 2343 2527 2394 est
2549 2357 2780 2410 genere,
2823 2341 3018 2412 specie
3055 2343 3406 2415 diﬂ'erentia,
3441 2347 3674 2417 proprio

2024 2431 2198 2497 atque
2213 2427 2521 2494 accidenti,
2542 2429 2964 2500 descriptisque
2985 2447 3185 2486 eorum
3202 2432 3468 2489 terminis
3481 2451 3675 2505 quan-

2026 2521 2154 2571 tum
2179 2517 2509 2586 postulabat
2530 2517 2918 2576 institutionis
2951 2520 3226 2592 brevitas,
3259 2539 3325 2577 ea
3356 2523 3484 2595 ipsa
3510 2540 3673 2580 com-

2026 2605 2282 2659 muniter
2303 2608 2713 2676 pertractanda
2745 2609 3136 2680 persequitur,
3170 2615 3234 2666 ut
3261 2627 3407 2682 quas
3439 2613 3589 2667 inter
3610 2630 3672 2668 se

2025 2694 2276 2749 habeant
2291 2695 2644 2751 differentias
2662 2697 2780 2752 haec
2795 2699 3153 2770 quinque,de
3168 2701 3384 2770 quibus
3398 2702 3672 2772 superius

2023 2785 2387 2854 disputatum
2412 2790 2516 2854 est,
2539 2802 2759 2856 quasve
2780 2789 3224 2844 communiones
3239 2791 3669 2846 mediocricon-

2025 2873 2380 2929 sideratione
2402 2874 2858 2943 demonstret,ut
2880 2893 2993 2930 non
3012 2876 3201 2932 solum
3227 2893 3352 2946 quas
3372 2880 3502 2948 ipsa
3531 2878 3670 2948 sint,

2025 2971 2223 3009 verum
2238 2954 2413 3008 etiam
2433 2957 2930 3025 quemadmodum
2944 2955 3068 3027 ipsa
3082 2957 3230 3011 inter
3244 2974 3303 3012 se
3319 2974 3668 3030 comparen-

2025 3048 2140 3109 tur,
2174 3047 2467 3115 appareat.

1523 3289 1847 3377 LIBER
1897 3290 2441 3402 QUINTUS.

321 3538 628 3612 Expeditis
653 3555 754 3609 per
775 3554 838 3592 se
860 3537 1136 3593 omnibus
1158 3553 1285 3608 quae
1306 3537 1708 3608 praeposuit,et
1736 3553 1916 3607 quan-
1945 3541 1989 3606 ρ
2098 3539 2262 3592 Homo
2281 3539 2548 3608 praeterea
2576 3536 2640 3592 de
2657 3537 2740 3591 his
2761 3539 2998 3608 quisunt
3012 3540 3668 3611 particulares,prcedica-

261 3635 390 3683 tum
431 3630 489 3682 in
529 3627 1001 3698 uniuscujusque
1049 3625 1515 3680 consideratione
1563 3631 1810 3696 poterat,
1844 3627 1914 3680 ad

2024 3634 2132 3680 tur.
2163 3624 2390 3680 Risib-ile
2411 3640 2618 3698 quoque
2639 3629 2686 3680 et
2713 3625 2776 3680 de
2794 3626 3095 3694 homine,et
3122 3628 3193 3682 de
3240 3627 3326 3682 his
3384 3630 3480 3700 qui
3544 3631 3678 3684 sunt

269 3719 536 3773 scientiae
552 3717 872 3770 terminum
898 3715 1152 3770 breviter
1173 3715 1465 3785 adductis,
1486 3732 1642 3770 nunc
1658 3716 1783 3784 jam
1804 3731 1918 3769 non
2020 3714 2423 3784 particulares,
2442 3715 2802 3781 praedicatur.
2826 3716 3054 3785 Nigrum
3067 3725 3337 3787 postremo
3360 3717 3425 3771 de
3447 3734 3604 3774 corvo
3616 3720 3668 3774 et

267 3811 341 3862 de
372 3806 748 3878 singulorum
777 3811 1009 3871 natura,
1035 3805 1093 3858 id
1117 3809 1206 3859 est
1224 3804 1312 3859 vel
1335 3805 1586 3875 generis,
1620 3803 1707 3858 vel
1757 3805 1920 3859 diffe-

265 3899 498 3965 rentiae,
527 3893 619 3952 vel
653 3895 890 3965 speciei,
913 3893 998 3949 vel
1033 3894 1278 3966 proprii,
1324 3893 1409 3948 vel
1444 3893 1784 3958 accidentis,
1818 3895 1920 3949 sed

261 3987 334 4040 de
351 3986 425 4039 ad
440 4000 504 4039 se
533 3984 783 4037 invicem
810 3982 1091 4038 relatione
1109 3987 1442 4054 pertractat.
1458 3987 1603 4036 Nam
1620 3984 1758 4053 quia
1773 3999 1924 4037 com-

257 4075 586 4128 muniones
612 4089 676 4127 ac
691 4072 1047 4127 diﬂ'erentias
1066 4088 1261 4126 rerum
1295 4071 1536 4142 colligit,
1568 4088 1682 4126 non
1701 4076 1763 4125 ut
1783 4075 1924 4125 sunt

266 4181 370 4234 per
389 4180 456 4218 se
476 4179 570 4217 res
606 4161 714 4216 illa:
739 4161 1208 4227 considerat,sed
1235 4161 1303 4215 ad
1331 4159 1476 4215 alias
1500 4160 1921 4231 qualitercom-

261 4255 642 4324 parentur.“
663 4256 855 4305 autem
879 4249 1095 4321 duplici
1123 4250 1294 4304 modo
1319 4251 1402 4316 fit,
1434 4249 1520 4304 vel
1540 4249 1924 4304 similitudine

269 4343 344 4395 du
358 4360 410 4396 m
430 4337 1271 4405 retractatcommunitates,vel
1288 4337 1778 4393 dissimulitudine
1793 4340 1927 4393 dum

259 4430 668 4485 diiferentias:
701 4429 1230 4500 quacumitasint,
1262 4444 1368 4482 nos
1393 4428 1926 4498 quoque(utadhuc

263 4520 539 4589 fecimus)
575 4524 811 4591 propter
834 4515 1545 4588 planioremintellectum
1593 4515 1925 4588 philosophi

258 4608 512 4680 vestigia
527 4607 1363 4679 persequentes,ordiemurde
1380 4604 1470 4659 his
1494 4604 1930 4660 communitati-

265 4697 373 4751 bus
398 4715 531 4768 quae
560 4697 783 4751 adsunt
805 4695 1026 4767 generi,
1052 4695 1264 4767 speciei
1288 4693 1648 4760 differentiae,
1669 4695 1924 4766 proprio,

262 4793 444 4857 atque
479 4785 793 4840 accidenti.

2025 3803 2212 3867 ebeno,
2261 3811 2310 3857 ct
2332 3803 2393 3857 de
2424 3804 2506 3858 his
2551 3805 2648 3873 qui
2672 3813 2800 3858 sunt
2829 3806 3216 3875 pnrticulares,
3250 3806 3390 3876 quod
3419 3811 3497 3862 est
3529 3809 3677 3862 acci-

2024 3891 2158 3946 dens
2189 3893 2580 3962 inseparabile.
2615 3897 2750 3948 Item
2772 3896 2978 3948 moveri
3008 3894 3071 3949 de
3099 3895 3322 3950 homine
3354 3901 3405 3952 et
3434 3897 3496 3952 de
3517 3911 3676 3967 equo,

2025 3980 2158 4035 etde
2190 3981 2276 4035 his
2306 3983 2399 4051 qui
2431 3988 2559 4035 sunt
2589 3983 3124 4054 particulares,quod
3151 3989 3230 4039 est
3251 3985 3498 4040 accidens
3518 4001 3680 4055 sepa-

2026 4068 2223 4136 rabile,
2245 4069 2338 4124 sed
2358 4071 2978 4142 principaliterquidem
2997 4073 3062 4127 de
3077 4073 3682 4143 individuis,secunda—

2026 4160 2111 4215 rio
2135 4175 2255 4214 vero
2278 4163 2327 4214 et
2357 4159 2423 4213 de
2451 4161 2536 4214 his
2550 4177 2666 4229 quae
2691 4163 2996 4230 continent,
3012 4163 3304 4218 individua
3313 4163 3680 4233 praedicatur.

2100 4253 2426 4319 Antequam
2447 4249 2811 4319 singulorum
2830 4251 2896 4303 ad
2917 4253 3377 4322 unumquodque
3392 4252 3683 4308 habitudi-

2032 4354 2158 4392 nem
2182 4338 2576 4406 tractet,illam
2610 4338 2771 4408 prius
2798 4340 3058 4410 respicit,
3084 4357 3261 4411 quam
3287 4357 3491 4396 omnes
3517 4342 3590 4396 ad
3621 4358 3684 4397 se

2032 4428 2278 4482 invicem
2300 4427 2510 4481 habere
2530 4427 2802 4481 videntur
2829 4445 2841 4483 ;
2879 4430 2998 4484 haec
3023 4436 3220 4484 autem
3245 4435 3336 4485 est
3366 4447 3481 4485 una
3523 4448 3684 4486 com-

2033 4517 2235 4571 munio
2258 4533 2382 4586 qua
2409 4516 2840 4586 propositarum
2861 4517 3122 4588 quinque
3150 4535 3342 4573 rerum
3363 4536 3676 4575 numerum

2032 4603 2364 4677 pluralitate
2421 4604 2852 4675 praedicationis
2879 4607 3142 4676 includit,
3188 4609 3387 4662 omnia
3417 4608 3573 4663 enim
3606 4610 3678 4665 de

2034 4694 2302 4767 pluribus
2325 4694 2752 4764 praedicantur;
2787 4697 2846 4750 in
2871 4696 2978 4751 hoc
3000 4713 3136 4768 ergo
3154 4697 3265 4752 sibi
3283 4702 3495 4752 cuncta
3516 4713 3680 4754 com-

2036 4785 2359 4849 municant,
2394 4799 2530 4838 nam
2586 4789 2642 4838 et
2663 4801 2846 4854 genus
2877 4786 2947 4840 de
2999 4785 3270 4857 pluribus
3301 4785 3680 4857 praedicatur,

339 4876 475 4930 Cum
508 4878 688 4946 igitur
717 4874 974 4930 omnibus
1006 4883 1078 4929 est
1106 4874 1170 4929 de
1187 4873 1440 4944 pluribus
1469 4873 1789 4945 praedicari.
1819 4874 1924 4929 Sed
1950 4909 1996 4974 D
2037 4873 2290 4943 itemque
2333 4872 2554 4943 species
2578 4888 2644 4927 ac
2666 4873 3012 4941 differentia,
3044 4878 3102 4930 et
3150 4874 3474 4946 preprium,
3509 4879 3681 4947 atque

261 4981 433 5034 genus
465 4965 690 5036 quidem
718 4964 781 5019 de
812 4964 1069 5020 omnibus
1098 4963 1196 5018 sub
1227 4980 1284 5018 se
1311 4964 1586 5032 speciebus
1604 4973 1654 5019 et
1685 4964 1748 5019 de
1770 4963 1918 5019 indi-

265 5054 469 5124 viduis,
497 5054 766 5109 similiter
786 5060 835 5108 et
866 5053 1187 5126 differentia
1208 5053 1772 5125 prcedicatur,species
1798 5069 1916 5110 vero

265 5146 325 5196 de
346 5145 432 5197 his
465 5159 588 5215 quae
619 5144 718 5196 sub
760 5146 882 5212 ipsa
914 5149 1043 5197 sunt
1069 5142 1375 5198 individuis
1401 5159 1412 5197 :
1441 5147 1503 5198 at
1528 5147 1834 5214 proprium,
1867 5153 1917 5199 et

267 5225 327 5280 de
355 5229 540 5298 specie
573 5226 726 5296 cujus
750 5230 827 5280 est
857 5230 1163 5297 proprium,
1191 5226 1320 5281 etde
1351 5225 1436 5281 his
1449 5241 1569 5296 qua:
1588 5227 1686 5280 sub
1713 5243 1776 5281 ea
1797 5243 1914 5298 spe-

269 5319 346 5370 cie
371 5321 500 5371 sunt
533 5315 1139 5370 individuis.Accidens
1161 5320 1363 5380 autem,
1395 5321 1447 5370 et
1479 5315 1919 5386 despeciebus,et

270 5409 334 5459 de
353 5405 664 5460 individuis
698 5420 969 5474 :namque
997 5404 1210 5458 animal
1231 5414 1282 5460 et
1312 5405 1375 5460 de
1389 5407 1562 5475 equis,
1586 5412 1636 5460 et
1668 5405 1732 5460 de
1754 5407 1918 5462 bobus

265 5495 625 5564 praedicatur,
659 5508 785 5563 quae
814 5499 940 5548 sunt
963 5494 1190 5564 species,
1238 5497 1291 5548 et
1320 5495 1386 5549 de
1440 5495 1540 5550 hoc
1582 5510 1736 5565 equo,
1769 5506 1818 5551 et
1857 5499 1921 5553 de

269 5585 361 5638 hoc
387 5585 540 5653 bove,
575 5587 841 5656 queesunt
859 5582 1521 5639 individuaJ-rrationale
1543 5599 1664 5638 vero
1687 5583 1754 5639 de
1769 5588 1920 5657 equis

264 5679 312 5728 et
346 5674 536 5742 bobus,
574 5672 814 5730 etdehis
833 5675 932 5744 qui
973 5681 1104 5730 sunt
1141 5673 1510 5746 particulam:
1554 5674 1918 5746 prwdz'caiur.

2030 4961 2298 5017 accidens
2343 4976 2356 5014 :
2391 4977 2518 5031 quae
2556 4977 2686 5015 cum
2710 4962 2791 5016 ita
2821 4961 2961 5033 sint,
3004 4967 3093 5018 est
3134 4979 3337 5019 eorum
3361 4980 3479 5019 una
3508 4967 3682 5035 atque

2028 5051 2346 5106 indiscreta
2359 5067 2476 5105 con:
2491 5049 2692 5104 munio
2705 5051 2772 5105 de
2787 5049 3056 5121 pluribus
3078 5052 3685 5125 praedicari.Designat

2029 5144 2225 5195 autem
2247 5138 2604 5210 Porphyrius
2620 5139 2804 5210 ipsam
2823 5140 2892 5193 de
2908 5139 3174 5210 pluribus
3193 5143 3679 5212 praedicationem,

2029 5227 2524 5300 quemadmodum
2559 5227 2617 5282 in
2667 5227 2919 5298 singulis
2965 5230 3088 5300 fiat,
3131 5234 3186 5285 et
3213 5232 3680 5301 unumquodque

2028 5317 2463 5389 propositorum
2483 5319 2553 5372 de
2569 5318 2784 5389 quibus
2817 5317 3089 5389 pluribus
3116 5320 3461 5390 praedicetur
3482 5324 3681 5376 osten-

2029 5409 2132 5462 dit.
2159 5405 2413 5461 Aitenim
2432 5422 2617 5476 genus
2633 5408 2868 5479 quidem
2894 5408 2966 5463 de
2988 5407 3258 5478 pluribus
3281 5409 3604 5480 praedicari,
3621 5407 3679 5461 id

2029 5496 2433 5566 estspeciebus
2452 5513 2516 5550 ac
2534 5499 2858 5567 specierum
2876 5497 3288 5566 individuis,ut
3301 5497 3523 5554 animal
3539 5511 3682 5566 prae-

2031 5586 2260 5641 dicatur
2288 5587 2358 5640 de
2389 5585 2626 5642 homine
2659 5592 2833 5659 atque
2856 5604 3022 5659 equo,
3054 5604 3116 5642 ac
3142 5587 3211 5642 de
3236 5587 3325 5642 his
3357 5582 3680 5640 individuis

2033 5694 2159 5749 quae
2182 5677 2294 5736 sub
2307 5677 2392 5735 eis
2412 5680 2724 5735 sunt.ltem
2750 5694 2934 5750 genus
2951 5678 3300 5750 praedicatur
3321 5676 3392 5732 de
3415 5672 3681 5733 differen-
