4094 6176
203 312 318 370 457

1128 323 1205 378 IN
1242 323 1720 380 POBPHYBIUM
1753 320 2437 384 ΟΟΜΠΕΝΤΔΒΙΟΒΠΜ
2472 323 2607 378 LIB.
2646 324 2718 378 ν.

3525 319 3649 380 158'

206 437 660 499 dicere.Debinc
680 459 914 516 semper
928 450 1062 504 ante
1086 447 1414 504 accidentia
1443 446 1668 518 species
1693 445 1864 502 intel-
1893 447 1948 513 Α
1980 447 2137 502 omni
2157 446 2468 515 bomini,et
2484 463 2720 518 semper
2731 447 3005 514 adest,ita
3020 445 3196 502 etiam
3214 444 3633 517 nigredoomni

207 526 510 599 liguntur:
545 532 656 587 nisi
677 533 829 588 enim
846 535 926 590 sit
944 535 1120 592 homo
1141 536 1234 592 cui
1257 537 1480 592 addicit
1499 536 1738 606 aliquod
1775 552 1872 590 ac-

212 617 422 674 cidens
442 635 573 675 esse
599 637 709 676 non
737 624 976 693 poterit:
994 629 1052 680 et
1071 624 1182 680 nisi
1206 625 1282 680 sit
1305 624 1578 696 quislibet
1600 625 1876 680 substan-

210 710 295 763 tia
317 709 710 766 cuiaccidens
745 715 933 784 possit
973 715 1240 786 adjungi,
1285 716 1554 771 accidens
1595 732 1710 770 non
1743 715 1871 768 erit.

209 798 421 854 Omnis
443 806 638 855 autem
659 802 994 859 substantia
1019 805 1253 876 propria
1276 806 1468 876 specie
1517 805 1872 872 continetur,

210 887 573 958 recteigitur
595 889 757 960 prius
781 891 1027 962 species,
1064 893 1386 948 accidentia
1423 910 1558 948 vero
1583 893 1874 964 posterius

207 973 1004 1050 intelliguntur,posterioris
1021 982 1177 1037 enim
1199 987 1340 1037 sunt
1360 981 1877 1054 generis,utait,et

204 1065 548 1120 adventitie
565 1071 806 1122 naturae.
827 1069 970 1124 Nam
989 1087 1114 1142 quae
1134 1071 1528 1126 substantiam
1552 1087 1667 1125 non
1690 1070 1871 1124 infor-

204 1158 397 1220 mant,
455 1159 608 1210 recte
664 1157 994 1213 adventitiaa
1053 1165 1275 1214 natura:
1306 1175 1436 1215 esse
1486 1159 1785 1224 dicuntur,
1818 1161 1878 1213 et

203 1243 562 1313 posterioris
584 1247 1123 1316 generis.Hicenim
1141 1249 1488 1304 substantiis
1507 1249 1724 1304 adsunt
1745 1262 1872 1318 quae

205 1333 1432 1394 antedifferentiisinformatesuntzrursus
1463 1337 1874 1409 quoniamspe-

205 1420 325 1476 cies
377 1422 782 1479 substantiam
849 1431 1158 1497 monstrat,
1219 1427 1553 1483 substantia
1606 1441 1742 1481 vero
1786 1426 1874 1495 (ut

205 1509 434 1566 dictum
461 1514 576 1582 est)
606 1512 940 1571 intensione
963 1533 1027 1571 ac
1050 1517 1399 1572 remissione
1451 1523 1625 1582 caret,
1658 1514 1872 1586 speciei

212 1600 594 1672 participatio
612 1602 1000 1660 intensionem
1025 1605 1544 1677 remissionemque
1559 1622 1670 1660 non
1687 1604 1872 1660 susci-

214 1690 302 1761 pit
329 1705 342 1744 :
373 1690 653 1747 accidens
670 1708 805 1746 vero
827 1693 913 1748 vel
933 1694 983 1749 si
1016 1693 1411 1766 inseparabile
1433 1695 1530 1761 sit,
1550 1697 1743 1765 potest
1789 1692 1873 1747 in-

1984 552 2175 599 corvo,
2207 540 2264 590 et
2293 552 2523 607 semper
2553 538 2833 607 adjuncta
2863 540 2973 591 est.

2054 623 2248 694 Diﬂert
2271 628 2743 696 autem,quoniam
2762 627 3050 696 proprium
3064 625 3169 678 uni
3177 623 3280 679 soli
3289 623 3494 694 speciei
3515 623 3624 679 ad-

1980 718 2076 782 est,
2098 713 2549 782 quemadmodum
2583 716 2797 769 risibile
2819 713 3068 769 homini:
3093 714 3465 783 inseparabile
3496 730 3623 768 vero

1980 804 2250 869 accidens,
2283 811 2342 858 ut
2398 805 2639 873 nigrum,
2676 820 2784 858 non
2818 804 2995 858 solum
3027 802 3299 872 xEthiopi,
3330 802 3419 857 sed
3446 805 3622 858 etiam

1978 907 2133 946 corvo
2156 892 2325 959 adest,
2345 903 2398 948 et
2418 893 2665 960 carboni,
2689 898 2738 947 ct
2784 893 2973 960 ebeno,
3024 898 3074 947 et
3114 892 3445 962 quibusdam
3473 893 3624 946 aliis.

1978 980 2544 1053 Ampliusqiroprium
2563 983 2876 1038 conversim
2892 982 2956 1036 de
2973 997 3031 1037 eo
3051 981 3209 1051 cujus
3235 985 3310 1035 est
3328 983 3622 1052 praprium

1975 1070 2320 1140 praedicatur
2342 1086 2642 1138 :msepara
2655 1069 2764 1124 bile
2783 1085 2912 1125 vero
2925 1068 3173 1124 accidens
3188 1085 3286 1125 con
3295 1068 3493 1123 ver-sim
3517 1083 3624 1124 non

1975 1159 2340 1229 praedicatur.
2366 1163 2438 1214 Et
2455 1159 2811 1232 propriorum
2834 1158 3052 1230 quidem
3077 1160 3313 1230 aequalis
3344 1167 3420 1214 est
3446 1159 3625 1230 parti-

1979 1247 2202 1320 cipatio,
2235 1248 2535 1304 accidentio
2575 1265 2704 1304 vero
2733 1249 2853 1304 haec
2883 1248 3103 1320 quidem
3135 1249 3332 1316 magis,
3366 1248 3468 1303 illa
3496 1264 3625 1304 vero

1976 1339 2180 1392 minus.
2218 1338 2354 1393 Sunt
2375 1338 2595 1409 quidem
2616 1344 2667 1392 et
2692 1338 2828 1394 alia?
2853 1337 3271 1394 communitates
3295 1347 3346 1393 et
3371 1340 3621 1409 proprie-

1978 1429 2111 1481 tates
2141 1443 2326 1483 eorum
2368 1444 2496 1499 quae
2525 1428 2667 1484 dicta
2721 1437 2848 1484 sunt
2886 1428 2978 1483 sed
3006 1427 3300 1498 sufﬁciunt
3328 1433 3446 1485 haec
3475 1432 3524 1483 et
3553 1427 3623 1483 ad

1976 1515 2356 1572 discretionem
2373 1519 2634 1588 ipsorum,
2657 1521 2706 1573 et
2729 1517 2805 1574 ad
2816 1519 3229 1574 communitatis
3248 1517 3622 1572 traditionem.

2049 1606 2273 1677 Proprii
2301 1611 2475 1676 atque
2489 1607 2807 1662 accidentis
2831 1606 3270 1678 primaquidem
3295 1604 3622 1660 differentia

1980 1698 2090 1759 est,
2119 1695 2257 1766 quia
2287 1695 2590 1766 proprium
2641 1712 2872 1766 semper
2916 1695 2986 1750 de
3019 1712 3136 1750 una
3167 1698 3396 1749 tantum
3430 1694 3624 1766 specie

207 1779 505 1835 tensionis
529 1781 1016 1854 remissionisque
1063 1789 1357 1839 cremento
1399 1788 1456 1838 et
1493 1784 1865 1838 decremento
1896 1808 1945 1874 Β
1980 1783 2493 1850 dicitur,accidens
2515 1802 2648 1841 vero
2681 1783 2961 1840 minime:
2992 1784 3090 1840 sed
3125 1784 3254 1854 ejus
3286 1782 3619 1855 praedicatio

204 1870 523 1935 variari,ut
542 1871 1142 1945 ipsuminseparabile
1165 1872 1862 1946 accidens,quod|xEthio-

204 1959 380 2030 pibus
406 1959 583 2030 inest,
611 1961 1106 2033 {nigredo.Potest
1138 1963 1295 2018 enim
1328 1965 1685 2035 quibusdam
1729 1962 1864 2017 talis

203 2049 422 2103 adesse
456 2054 523 2104 ut
547 2050 622 2104 sit
647 2050 828 2106 fuscis
854 2052 1137 2123 proxima,
1182 2052 1313 2108 aliis
1341 2069 1474 2108 vero
1503 2052 1662 2122 talis,
1695 2057 1760 2106 ut
1790 2050 1867 2106 sit

206 2137 560 2208 nigerrima.
593 2143 970 2197 Rcstatnuno
1002 2142 1222 2214 proprii
1255 2142 1688 2213 accidentisque
1707 2157 1864 2197 com-

204 2228 526 2283 muniones
545 2245 609 2283 ac
630 2228 988 2286 differentias
1003 2231 1411 2302 persequi.Sed
1431 2248 1543 2303 quo
1562 2231 1862 2304 proprium

207 2315 452 2370 differat
485 2333 515 2370 a
536 2334 768 2388 genere,
792 2319 986 2391 specie
1017 2325 1073 2376 et
1103 2322 1450 2390 differentia,
1481 2320 1746 2392 superius
1763 2321 1864 2376 de-

209 2410 618 2461 monstratum
652 2412 762 2476 est,
797 2425 929 2463 cum
962 2410 1116 2481 quod
1148 2427 1354 2482 genus,
1381 2409 1868 2482 species,etdiffe-

210 2494 408 2549 rentia
443 2512 475 2550 a
508 2497 744 2568 proprio
775 2498 1021 2553 distaret
1049 2500 1611 2558 ostendimus.Nunc
1644 2499 1868 2572 reliqua

211 2583 288 2638 de
315 2584 747 2640 communitate
778 2593 832 2642 et
862 2587 1191 2644 differentia
1217 2589 1866 2660 consideratioest,quas

207 2670 526 2744 proprium
561 2674 956 2732 accidentibus
988 2680 1092 2732 aut
1116 2678 1315 2748 jungit
1343 2682 1445 2733 aut
1475 2683 1758 2749 segregat.

283 2816 601 2873 Commune
619 2821 808 2874 autem
826 2818 1040 2891 proprii
1067 2824 1120 2876 et
1143 2821 1451 2877 accidentis
1473 2822 1868 2894 inseparabilis

201 2909 311 2975 est,
332 2906 486 2977 quod
503 2916 715 2978 prater
729 2907 849 2979 ipsa
870 2926 1155 2983 nunquam
1169 2913 1477 2969 consistant
1497 2928 1561 2968 ea
1590 2913 1652 2967 in
1670 2913 1870 2984 quibus

201 2995 632 3052 considerantur
641 3013 662 3059 ;
676 2998 1130 3070 quemadmodum
1141 3002 1291 3057 enim
1301 3007 1511 3074 praeter
1522 3002 1741 3059 risibile
1759 3019 1866 3059 non

202 3085 456 3140 subsistit
500 3085 686 3156 hom,
716 3089 797 3143 ita
827 3104 928 3144 nec
980 3094 1182 3160 praeter
1217 3090 1566 3162 nigredinem
1619 3091 1871 3148 subsistit

208 3173 458 3271 IElbiops
478 3189 493 3229 ε
510 3178 570 3272 ,ει
586 3175 1040 3283 quemadmodum
1067 3194 1285 3283 mer
1311 3188 1365 3235 ει
1399 3181 1862 3253 οπιιιίαάθειρνο·
1893 3169 1940 3238 C
1978 3169 2521 3280 ἔιῖιέιζιῖιι“ιζῇἔεόῖῖἔτᾘ
2541 3169 3086 3283 ἇξὶιέξὲοἶῖιῖιζῖηἷιέ.

217 3266 434 3332 prium,
466 3263 552 3319 sic
577 3268 632 3319 et
661 3263 1038 3337 inseparabile
1067 3268 1338 3327 accidens.

288 3388 579 3454 Quoniam
617 3390 920 3461 proprium
953 3409 1187 3465 semper
1217 3394 1384 3449 adest
1413 3394 1742 3466 speciebus,
1767 3411 1872 3451 nec

218 3491 316 3532 eas
353 3476 478 3532 ullo
502 3476 677 3533 modo
711 3478 1009 3552 relinquit,
1044 3482 1443 3555 quoniamque
1485 3485 1872 3556 inseparabile

216 3567 495 3622 accidens
531 3585 562 3621 a
593 3567 861 3638 subjecto
896 3587 1009 3625 non
1035 3575 1225 3642 potest
1251 3574 1563 3644 segregari,
1609 3573 1718 3628 hoc
1755 3573 1871 3629 illis

208 3657 357 3711 inter
388 3673 452 3711 se
480 3656 713 3712 videtur
740 3674 868 3714 esse
900 3676 1234 3729 commune,
1259 3664 1411 3733 quod
1445 3680 1511 3718 ea
1540 3664 1756 3734 quibus
1779 3664 1867 3718 in-

204 3751 363 3812 sunt,
392 3753 605 3816 praeter
625 3747 859 3818 propria
876 3753 932 3803 et
951 3749 1367 3821 inseparabilis
1389 3753 1872 3822 accidentia,esse

206 3852 315 3890 non
349 3840 626 3907 possunt.
645 3838 1066 3908 Inseparabilia
1085 3856 1216 3895 vero
1231 3841 1556 3897 accidentia
1569 3846 1872 3912 comparat

203 3925 460 3995 proprio,
488 3928 768 3996 quoniam
806 3925 943 3981 utin
978 3928 1169 3999 specie
1191 3930 1413 3984 dictum
1439 3931 1869 3998 est,rarissimaa

204 4018 340 4067 sunt
363 4013 580 4083 speciei
607 4017 781 4084 atque
800 4014 1119 4071 accidentis
1139 4016 1870 4091 similitudines,quocirca

209 4103 390 4157 multo
418 4103 613 4174 magis
635 4103 1048 4177 propriiatque
1078 4107 1399 4163 accidentis
1414 4110 1867 4166 communitates

208 4191 446 4246 difﬁcile
479 4192 858 4262 reperiuntur
891 4210 904 4248 :
940 4195 1209 4251 accidens
1233 4197 1390 4251 enim
1425 4196 1481 4251 in
1506 4199 1866 4255 contrarium

208 4278 383 4334 dividi
415 4279 590 4349 solet,
625 4281 681 4335 in
711 4281 1100 4354 inseparabile
1123 4285 1392 4341 accidens
1424 4291 1598 4358 atque
1628 4304 1864 4360 separa-

209 4369 348 4424 bile:
370 4387 502 4440 quae
522 4385 655 4426 vero
678 4371 788 4426 sub
807 4374 1088 4443 generein
1113 4376 1472 4431 contrarium
1498 4377 1862 4448 dividuntur,

211 4473 276 4512 ea
298 4459 455 4513 nullo
479 4458 596 4515 alio
617 4461 729 4516 nisi
750 4465 979 4517 tantum
1005 4464 1235 4533 generis
1255 4465 1668 4536 przsdicatione
1691 4468 1863 4538 parti-

1978 1874 2034 1927 in
2070 1873 2354 1944 plurimas
2377 1874 2590 1930 diversi
2619 1874 2850 1945 generis
2878 1872 3240 1929 substantias
3271 1872 3618 1945 speciesque

1975 1962 2344 2030 diffunditur,
2366 1963 2586 2019 risibile
2609 1964 2764 2019 enim
2781 1965 2848 2019 de
2866 1961 3156 2018 nulloalio
3175 1961 3620 2018 nisidebomine

1974 2053 2342 2125 pradicatur.
2366 2053 2607 2126 Nigrum
2635 2054 2948 2123 vero,quod
2968 2058 3058 2108 est
3088 2051 3442 2124 quibusdam
3466 2052 3620 2108 inse-

1974 2141 2232 2212 parabile
2252 2143 2671 2210 accidens,tam
2690 2159 2882 2213 corvo,
2898 2146 2954 2198 et
2977 2140 3226 2213 Ethiopi
3243 2157 3374 2213 quae
3396 2140 3622 2196 diversa

1974 2236 2114 2288 sunt
2143 2232 2357 2303 specie,
2377 2248 2546 2303 quam
2570 2249 2739 2288 corvo
2761 2237 2938 2303 atque
2960 2233 3164 2302 ebeno,
3187 2247 3314 2304 quae
3337 2231 3617 2286 differunt

1975 2320 2290 2392 generibus
2306 2338 2418 2376 non
2438 2325 2668 2377 tantum
2693 2322 2906 2393 specie,
2927 2326 3139 2393 praesto
3172 2325 3263 2376 est
3283 2335 3298 2374 :
3331 2337 3446 2393 quo
3466 2319 3532 2374 fit
3550 2323 3615 2374 ut

1975 2409 2228 2482 propriis
2260 2409 2495 2482 quidem
2521 2412 2818 2467 conversio
2835 2428 2998 2482 aaqua
3029 2415 3309 2475 servetur,
3341 2409 3419 2480 |in
3465 2408 3618 2465 acci-

1976 2499 2248 2555 dentibus
2279 2516 2411 2554 vero
2443 2499 2705 2556 minime.
2741 2499 3026 2565 Quoniam
3060 2499 3218 2555 enim
3277 2498 3514 2571 propria
3559 2498 3618 2553 in

1975 2587 2227 2660 singulis
2249 2605 2378 2644 esse
2399 2606 2572 2645 suum
2607 2589 2842 2659 habent,
2869 2593 3044 2660 atque
3074 2604 3276 2644 omnes
3317 2587 3620 2643 continent

1976 2677 2200 2749 species
2219 2678 2506 2750 proprias,
2530 2694 2806 2734 converso
2837 2679 3040 2734 ordine
3057 2677 3617 2749 praedicantur.Nam

1975 2768 2131 2838 quod
2157 2767 2377 2823 risibile
2393 2772 2501 2838 est,
2527 2768 2701 2824 homo
2726 2772 2852 2824 est:
2886 2771 2942 2824 et
2963 2767 3116 2838 quod
3143 2765 3615 2835 bomo,risibile;

1975 2856 2210 2929 nigrum
2242 2874 2374 2913 vero
2392 2875 2506 2912 non
2529 2857 2632 2927 ita,
2656 2860 2750 2913 sed
2777 2859 2971 2928 ipsum
2997 2856 3234 2927 quidem
3259 2856 3330 2910 de
3362 2854 3451 2909 bis
3473 2871 3620 2925 pra:-

1975 2945 2380 3018 dicarinotest
2428 2945 2646 3018 quibus
2671 2945 2846 3000 inest.
2880 2944 2983 3000 Illa
2999 2960 3134 3000 vero
3154 2945 3225 2999 ad
3257 2943 3436 3013 hujus
3469 2959 3618 3014 prse-

1975 3033 2323 3091 dicationem
2338 3035 2596 3091 converti
2616 3033 2951 3106 retrahique
2965 3051 3079 3089 non
3095 3037 3345 3105 possunt
3363 3033 3617 3104 :nigrum

1978 3124 2135 3179 enim
2159 3124 2229 3179 de
2252 3125 2521 3192 carbone,
2548 3123 2753 3189 ebeno,
2790 3122 3049 3190 homine,
3093 3125 3270 3193 atque
3287 3136 3454 3178 corvo
3474 3137 3618 3193 prai-

3119 3211 3264 3267 Nam
3290 3227 3419 3283 qua:
3450 3209 3623 3282 plura

1976 3302 2299 3369 continent,
2321 3302 2392 3357 de
2415 3301 2503 3358 his
2526 3319 2655 3373 quae
2679 3301 2981 3356 continent
3028 3300 3323 3372 praedicari
3351 3302 3622 3371 possunt,

1975 3408 2042 3447 ea
2066 3407 2199 3447 vero
2215 3407 2340 3463 quae
2365 3390 2740 3446 continentur
2760 3389 2830 3445 de
2843 3403 2971 3445 sese
2994 3389 3431 3445 continentibus
3455 3387 3618 3443 nullo

1977 3480 2150 3536 modo
2169 3479 2578 3551 pradicantur.
2604 3479 2830 3534 Rursus
2849 3477 3150 3550 proprium
3166 3477 3403 3548 quidem
3430 3492 3623 3547 aequa-

1976 3570 2110 3624 liter
2143 3568 2546 3640 participatur,
2578 3567 2846 3623 accidens
2866 3566 3318 3622 remissionibus
3333 3570 3506 3636 atque
3528 3565 3617 3620 in-

1975 3659 2344 3714 tensionibus
2377 3662 2746 3728 permutatur
2775 3674 2794 3711 :
2827 3655 3019 3711 omnis
3045 3655 3201 3710 enim
3235 3655 3409 3709 homo
3455 3667 3617 3724 aeque

1975 3747 2218 3803 risibilis
2242 3751 2348 3814 est,
2370 3746 2634 3818 IElhiops
2661 3762 2792 3801 vero
2823 3763 2935 3801 non
2971 3744 3269 3816 aequaliter
3314 3744 3479 3815 niger
3509 3745 3616 3809 est,

1975 3837 2074 3893 sed
2101 3838 2188 3909 (ut
2212 3837 2432 3892 dictum
2450 3837 2560 3906 est)
2593 3834 2808 3906 aliquis
2831 3835 3066 3906 quidem
3093 3833 3267 3906 paulo
3303 3832 3502 3888 minus
3525 3830 3615 3887 ni-

1974 3944 2096 4000 ger,
2128 3927 2274 3982 alius
2303 3943 2436 3982 vero
2476 3925 2813 3982 teterrimus
2836 3925 3149 3979 invenitur.
3200 3927 3272 3979 Et
3292 3923 3364 3978 de
3395 3921 3618 3995 proprii

1974 4015 2210 4088 quidem
2231 4021 2403 4087 atque
2421 4014 2738 4072 accidentis
2753 4013 3099 4070 differentiis
3113 4013 3256 4068 satis
3276 4013 3495 4068 dictum
3508 4014 3621 4067 est.

1969 4105 2253 4161 Restabat
2282 4121 2416 4160 vero
2462 4103 2782 4159 accidentis
2803 4103 2874 4158 ad
2915 4105 3119 4157 cetera
3169 4101 3620 4157 communiones

1972 4194 2479 4266 proprietatesque
2509 4191 2804 4264 explicare
2833 4192 2933 4247 sed
2960 4191 3079 4260 jam
3121 4189 3394 4262 superius
3425 4206 3620 4245 annu-

1972 4289 2207 4339 meratte
2239 4288 2377 4338 sunt
2417 4299 2551 4338 cum
2592 4281 2846 4354 generis,
2901 4280 3263 4347 differentiae,
3309 4279 3531 4352 proprii
3562 4282 3621 4336 et

1971 4372 2290 4427 accidentis
2311 4371 2715 4426 similitudines
2733 4388 2798 4426 ac
2810 4369 3164 4426 differentias
3177 4368 3617 4442 assignavimus.

1973 4466 2234 4517 Fortasse
2265 4466 2458 4516 autem
2479 4461 2570 4515 bis
2596 4460 2904 4516 institutus
2945 4459 3204 4527 animus,
3252 4463 3309 4515 et
3347 4457 3621 4515 solertior

212 4546 422 4618 cipant.
441 4548 609 4611 Quod
633 4550 680 4604 si
703 4551 1006 4623 pr0prium
1030 4551 1424 4624 inseparabile
1444 4526 1741 4626 quoddam
1767 4573 1859 4611 ac-
1893 4526 1940 4591 D
1975 4551 2180 4618 factus,
2206 4549 2348 4606 alias
2367 4554 2706 4622 praetereas,
2726 4566 2868 4620 quas
2890 4565 3048 4605 nunc
3067 4549 3617 4619 diximus,commu-

212 4636 403 4692 cidens
427 4642 541 4704 est,
576 4655 609 4692 a
635 4639 946 4711 separabili
984 4641 1265 4697 accidenti
1301 4641 1622 4714 plurimum
1646 4645 1860 4716 differt,

214 4731 374 4796 atque
405 4727 542 4782 ideo
566 4727 759 4783 nullas
783 4729 1001 4800 proprii
1053 4735 1110 4786 et
1153 4732 1500 4802 separabilis
1543 4733 1860 4792 accidentis

213 4814 631 4872 similitudines
645 4818 870 4888 quaerit.
892 4819 1005 4874 Sed
1033 4821 1312 4890 quoniam
1346 4821 1538 4894 ipsum
1559 4825 1858 4897 proprium

213 4905 750 4978 certisquibusdam
773 4908 1097 4964 rationibus
1116 4910 1186 4965 ab
1205 4910 1699 4983 inseparabilibus
1717 4916 1862 4970 acci-

212 4994 472 5052 dentibus
488 4995 919 5065 differt,borum
935 5003 992 5054 et
1005 5000 1714 5058 communitatesinveniri
1732 5021 1860 5075 pos-

214 5091 336 5139 sunt
364 5090 454 5141 :et
486 5084 639 5140 inter
656 5102 719 5140 se
741 5085 1099 5154 differentiae,
1127 5105 1378 5160 quarum
1401 5108 1516 5146 una
1539 5093 1774 5162 quidem
1790 5110 1859 5151 ea

211 5179 282 5228 est
313 5191 497 5246 quam
526 5175 804 5246 superius
833 5176 1236 5247 exposuimus,
1256 5181 1518 5236 secunda
1548 5198 1681 5237 vero
1706 5201 1854 5256 quo-

211 5259 349 5316 niam
377 5262 862 5332 sicutproprium
891 5272 1220 5336 semper,et
1247 5268 1404 5322 omni
1437 5270 1650 5342 speciei
1668 5273 1852 5342 adest,

209 5345 278 5404 ita
303 5351 486 5406 etiam
517 5350 914 5422 inseparabile
943 5353 1218 5411 accidens
1243 5373 1256 5412 :
1290 5373 1426 5412 nam
1452 5358 1604 5416 sicut
1631 5361 1853 5418 risibile

1973 4643 2186 4697 nitates
2218 4646 2274 4696 et
2300 4640 2658 4696 differentias
2681 4639 2941 4713 quinque
2973 4657 3167 4698 rerum
3188 4656 3315 4711 quae
3344 4637 3617 4710 superius

1971 4736 2111 4787 sunt
2129 4732 2330 4802 positae
2360 4729 2632 4802 reperiet,
2664 4729 2764 4785 sed
2789 4729 2860 4784 ad
2884 4729 3296 4785 discretionem
3330 4733 3508 4799 atque
3542 4728 3615 4783 ad

1970 4837 2170 4877 eorum
2204 4819 2620 4876 similitudines
2641 4820 3070 4891 comparandas
3097 4835 3164 4874 ea
3185 4820 3302 4874 fere
3325 4834 3452 4890 quae
3475 4821 3620 4875 sunt

1969 4909 2122 4965 dicta
2139 4907 2575 4965 sufficiant.Nos
2598 4909 2776 4963 etiam
2798 4908 3077 4978 quoniam
3103 4907 3378 4980 promissi
3421 4907 3618 4979 operis

1967 5005 2200 5072 portum
2220 4997 2883 5069 tenemus,atquebujus
2898 4998 3029 5052 libri
3049 4997 3262 5053 seriem
3282 4997 3467 5069 primo
3486 4997 3620 5069 qui-

1967 5091 2098 5144 dem
2118 5090 2394 5146 arbetore
2424 5087 2882 5158 Victorino,post
2897 5103 3029 5142 vero
3044 5104 3077 5142 a
3095 5086 3469 5143 nobisLatina
3498 5103 3625 5142 ora-

1967 5180 2123 5236 tione
2135 5195 2475 5236 conversam
2490 5177 3097 5250 geminaexpositione
3112 5176 3618 5249 patefecimus,bio

1963 5271 2282 5326 terminum
2307 5269 2477 5340 longo
2492 5267 2814 5324 statuimus
2835 5267 3331 5340 opericontinenti
3356 5267 3616 5338 quinque

1963 5377 2159 5418 rerum
2188 5359 2648 5432 disputationem
2682 5359 2816 5415 elad
2843 5359 3291 5431 praedicamenta
3312 5356 3611 5414 servienti.
