4108 6186
284 295 398 352 477

1342 299 1419 353 IN
1453 296 1913 354 CATEGORIAS
1950 298 2421 356 ARISTOTELIS
2455 302 2592 357 LIB.
2634 308 2680 359 Ῑ.

3601 301 3704 357 178

281 436 473 493 genus
507 417 582 475 de
611 417 873 485 animali,
908 435 1095 491 neque
1125 420 1348 489 species
1381 421 1451 476 de
1491 421 1747 487 homine,
1779 421 1840 475 in
1872 436 1937 477 eo
1969 424 2021 489 Α
2050 424 2448 479 substantiam
2482 427 2717 497 quidem
2744 427 2969 497 species
2995 431 3103 495 est,
3139 427 3210 482 ad
3244 426 3542 483 hominem
3568 444 3701 482 vero

284 510 443 581 quod
462 510 607 581 quid
621 510 696 565 sit
712 510 1079 581 praedicatur,
1095 511 1198 565 sed
1214 516 1439 565 tantum
1456 511 1786 581 designant,
1803 526 1942 580 quo-

280 599 456 654 modo
484 598 661 653 homo
683 605 737 653 et
767 600 985 654 animal
1013 600 1081 653 de
1114 600 1397 669 subjectis
1427 600 1444 671 (
1472 604 1535 653 ut
1566 599 1787 653 dictum
1810 594 1937 664 est)

276 688 535 759 propriis
570 688 980 758 praedicantur.
1009 689 1157 759 Ergo
1185 706 1295 743 non
1324 694 1411 742 est
1434 689 1767 742 mirandum
1794 687 1841 742 si
1864 688 1937 741 ad

271 790 480 831 eorum
504 778 838 845 subjectum
856 795 981 847 quae
997 778 1065 831 de
1080 778 1344 848 subjecto
1362 777 1639 831 dicuntur
1652 778 1780 845 ejus
1797 794 1938 848 prae-

274 866 453 921 dicati
486 866 646 936 quod
674 866 742 921 de
772 867 1038 937 subjecto
1073 884 1187 923 non
1222 867 1437 922 dicitur
1459 866 1790 936 praedicatio
1814 880 1937 936 per-

269 956 459 1010 veniri
494 971 612 1009 non
646 960 855 1026 potest.

346 1046 711 1100 Diversarum
737 1061 1004 1115 generum
1024 1049 1205 1100 etnon
1246 1045 1679 1099 subalternatim
1718 1041 1931 1114 posito-

262 1135 662 1201 rum,dinersaa
672 1133 968 1189 secundum
980 1136 1219 1205 speciem
1230 1132 1933 1205 suritili/ferentisemtaui-

264 1224 437 1277 malis
451 1227 502 1278 et
514 1222 1066 1289 scientic'emnimalu
1079 1223 1349 1294 siquidem
1364 1222 1697 1293 differentia:
1708 1227 1931 1285 sunt,ut

262 1316 439 1383 gressi
445 1313 578 1383 bile,
595 1312 835 1381 volatile,
855 1313 1001 1382 bipes
1014 1322 1064 1366 et
1075 1311 1344 1383 aquatile,
1358 1312 1610 1367 scientia?
1624 1327 1750 1366 vero
1762 1311 1928 1366 nulla

262 1402 469 1456 harum
490 1410 589 1467 est,
612 1418 791 1471 neque
812 1404 961 1456 enim
982 1403 1211 1456 scientia
1241 1419 1273 1455 a
1294 1403 1528 1455 scientia
1552 1401 1744 1471 differt
1776 1402 1834 1454 in
1863 1415 1926 1455 eo

258 1492 406 1561 quod
427 1500 505 1546 est
534 1490 704 1558 bipes.
733 1490 1188 1545 Subalternorum
1211 1506 1333 1545 vero
1353 1506 1615 1560 generum
1637 1489 1783 1543 nihil
1801 1504 1928 1559 pro-

254 1579 408 1635 hibet
440 1579 662 1634 easdem
687 1596 802 1635 esse
826 1579 1191 1651 differentias,
1215 1579 1513 1646 superiora
1533 1581 1685 1634 enim
1706 1578 1770 1633 de
1791 1580 1927 1646 infe-

254 1670 507 1725 rioribus
526 1668 931 1740 praedicantur,
959 1687 1129 1742 quare
1142 1685 1479 1741 quaecunque
1491 1671 1703 1739 fuerint
1718 1668 1924 1738 praedi-

251 1760 375 1816 cati
403 1758 746 1830 differentiae
776 1764 938 1814 erunt
966 1760 1166 1814 eadem
1195 1765 1245 1814 et
1273 1759 1525 1829 subjecti.

331 1849 481 1901 Cum
502 1847 705 1902 multis
725 1848 1107 1919 modisgenus
1122 1849 1373 1913 dicatur,
1390 1847 1579 1902 solum
1596 1847 1751 1917 quod
1769 1860 1925 1901 nunc

255 1938 505 1992 tractari
542 1937 812 1992 convenit
840 1954 1238 1992 assumamus.
1290 1937 1515 1991 Dicitur
1549 1936 1703 1991 enim
1738 1951 1924 2005 genus

256 2026 423 2097 quod
437 2027 511 2080 de
536 2024 805 2095 pluribus
824 2025 1013 2096 specie
1027 2026 1432 2080 differentibus
1456 2025 1513 2078 in
1528 2040 1593 2079 eo
1609 2024 1764 2094 quod
1781 2023 1922 2094 quid

256 2117 340 2170 sit
361 2114 744 2187 praedicatur,
778 2120 842 2169 ut
872 2114 1086 2169 animal
1113 2114 1468 2185 przedicatur
1492 2113 1561 2169 de
1586 2113 1840 2179 homine,
1866 2116 1924 2167 et

256 2205 331 2259 de
367 2220 547 2274 equo,
581 2209 639 2258 et
671 2202 741 2257 de
772 2219 935 2272 cane,
960 2208 1017 2258 et
1047 2204 1117 2258 de
1150 2204 1311 2271 bove,
1346 2206 1401 2256 et
1430 2203 1501 2257 de
1524 2201 1765 2266 cmteris,
1795 2216 1919 2273 quas

257 2294 464 2349 omnia
497 2291 690 2362 specie
720 2292 847 2361 ipsa
878 2308 911 2346 a
941 2308 1002 2346 se
1033 2292 1287 2346 discreta
1332 2295 1489 2345 sunt.
1525 2289 1757 2361 Species
1788 2306 1920 2346 vero

251 2380 522 2451 estquod
536 2380 606 2435 de
621 2379 889 2451 pluribus
904 2397 1149 2435 numero
1173 2378 1651 2434 differentibusin
1676 2395 1740 2433 eo
1763 2378 1920 2449 quod

254 2469 504 2541 quidsit
528 2469 898 2539 praedicatur,
926 2474 988 2523 ut
1015 2468 1188 2523 homo
1218 2469 1568 2539 praedicatur
1589 2468 1659 2523 de
1681 2468 1918 2537 Catone,

250 2564 514 2625 Socrate,
550 2558 809 2626 Platone,
842 2558 1107 2630 Virgilio,
1148 2559 1446 2625 Cicerone,
1480 2562 1537 2612 et
1565 2558 1635 2612 de
1666 2555 1917 2627 singulis

252 2648 629 2709 hominibus,
647 2648 745 2718 qui
761 2650 953 2719 specie
969 2648 1094 2717 ipsa
1114 2665 1227 2702 non
1249 2647 1546 2715 differunt,
1565 2648 1669 2702 sed
1689 2651 1915 2701 tantum

255 2755 289 2792 a
318 2752 383 2793 se
416 2752 668 2791 numero
700 2737 941 2792 distant.
981 2736 1313 2791 Differentia
1353 2753 1483 2791 vero
1514 2741 1601 2791 est
1631 2753 1761 2805 quae
1806 2736 1916 2790 sub

256 2828 465 2882 eodem
498 2842 715 2899 genere
746 2826 966 2897 positas
996 2827 1216 2897 species
1238 2826 1472 2898 propria
1494 2825 1775 2897 qualitate
1806 2826 1919 2880 dis-

253 2917 565 2981 terminat,
584 2933 716 2970 nam
732 2932 864 2971 cum
888 2933 1073 2987 equus
1087 2923 1144 2972 et
1158 2916 1330 2972 homo
1344 2922 1629 2986 quantum
1645 2916 1714 2969 ad
1731 2931 1914 2986 genus

257 3022 448 3060 unum
484 3005 608 3060 sint
627 3005 895 3076 (uterque
916 3006 1069 3061 enim
1095 3004 1309 3061 animal
1332 3008 1461 3076 est),
1486 3005 1810 3060 differentia
1831 3021 1917 3059 ra-

254 3094 500 3149 tionalis
533 3099 591 3148 et
614 3093 972 3149 irrationalis
1000 3098 1279 3165 utrosque
1303 3093 1590 3165 disjungit
1617 3110 1682 3149 ac
1703 3094 1917 3149 discer-

258 3183 362 3238 nit.
398 3182 699 3246 Qualitate
730 3183 883 3237 enim
918 3183 1162 3252 quadam
1185 3161 1665 3238 rationabilitatis
1694 3187 1750 3237 et
1777 3181 1916 3236 irra-
1944 3161 1985 3227 (ἶ

254 3271 672 3327 tionabilitalis
715 3275 955 3341 uterque
989 3290 1018 3325 ll
1052 3273 1296 3342 propriis
1330 3272 1672 3326 substantiis
1703 3271 1915 3326 diffini-

251 3360 415 3415 tione
429 3359 811 3414 dissentiunt.
828 3363 971 3427 Ergo
983 3360 1309 3415 differentia
1321 3365 1549 3429 estquae
1565 3359 1633 3414 de
1648 3358 1913 3429 pluribus

255 3450 455 3521 specie
477 3448 885 3503 differentibus
905 3450 960 3502 in
988 3465 1054 3504 eo
1076 3448 1227 3517 quod
1252 3448 1424 3519 quale
1445 3448 1519 3503 sit
1540 3449 1908 3521 praedicatur.

254 3543 528 3607 Namque
551 3538 673 3593 hac
696 3539 818 3608 ipsa
849 3537 1163 3593 iifferentia
1184 3555 1311 3608 quae
1328 3543 1416 3592 est
1433 3538 1911 3593 irrationabilitas

254 3629 322 3683 de
338 3627 546 3683 multis
565 3627 759 3698 specie
786 3627 1193 3682 differentibus
1214 3628 1582 3699 praadicatur,
1616 3632 1681 3683 ut
1711 3629 1779 3683 de
1810 3645 1909 3697 cy-

251 3734 382 3788 gno,
410 3722 468 3771 et
482 3733 660 3788 equo,
680 3721 735 3772 et
751 3718 926 3787 pisce,
946 3733 1073 3787 quae
1092 3716 1334 3771 omniaa
1352 3733 1557 3771 secum
1575 3718 1767 3787 specie
1783 3717 1911 3788 ipsa

254 3807 634 3872 dissentiant,
667 3805 1198 3861 irrationabilitatis
1238 3810 1433 3861 tamen
1463 3805 1740 3876 qualitate
1771 3823 1911 3862 con-

247 3898 464 3967 juncta
481 3900 643 3951 sunt.
667 3897 777 3951 Sed
804 3911 916 3949 non
942 3896 1002 3949 in
1017 3894 1291 3950 omnibus
1307 3895 1716 3949 differentiade
1739 3896 1914 3965 pluri-

257 3989 362 4042 bus
386 3987 583 4058 specie
600 3985 1009 4041 differentibus
1033 3986 1397 4056 praedicatur.
1417 3986 1735 4042 Suntenim
1763 4003 1913 4057 quaa-

254 4078 385 4132 dam
424 4092 556 4148 qua:
592 4092 704 4131 non
744 4074 856 4129 nisi
889 4076 959 4129 de
999 4091 1116 4129 una
1164 4074 1359 4147 specie
1391 4076 1804 4146 praedicantur,
1848 4080 1913 4130 ut

253 4166 517 4238 gravitas
546 4166 619 4218 de
649 4163 773 4220 sola
808 4168 980 4231 terra,
1017 4163 1218 4219 levitas
1249 4166 1318 4218 de
1348 4165 1473 4219 solo
1506 4164 1657 4236 igne,
1680 4165 1910 4237 proprie

254 4255 491 4310 dicitur.
526 4258 602 4307 At
639 4270 773 4308 vero
810 4269 913 4308 nec
968 4252 1191 4323 species
1236 4268 1471 4324 semper
1520 4254 1590 4307 de
1642 4253 1911 4325 pluribus

255 4360 503 4399 numero
528 4342 934 4397 differentibus
957 4341 1342 4411 praedicatur;
1378 4341 1580 4395 mundi
1606 4342 1762 4397 enim
1787 4359 1915 4413 spe-

253 4435 367 4489 cies
384 4434 454 4487 de
468 4448 587 4487 uno
603 4433 725 4486 solo
741 4431 961 4486 mundo
975 4430 1211 4499 dicitur,
1227 4436 1283 4485 et
1302 4430 1588 4500 phcenicis
1604 4431 1825 4502 species
1841 4433 1910 4486 de

2050 527 2256 581 genus.
2293 518 2495 568 Decem
2533 516 2710 584 igitur
2741 518 3323 585 praedicamentorum
3349 517 3701 586 significatio

2050 599 2196 654 nihil
2223 602 2378 655 aliud
2402 604 2765 661 demonstrat
2788 606 2899 662 nisi
2918 623 3111 660 rerum
3128 607 3321 660 decem
3338 622 3545 670 genera
3570 623 3699 677 quae

2046 691 2491 760 generalissima
2504 695 3050 765 nominamus.Ergo
3069 696 3296 765 quoties
3310 711 3519 762 genera
3532 712 3701 766 gene-

2046 778 2238 834 ralissi
2251 797 2339 834 ma
2353 782 2913 852 discrepant,eorum
2931 800 3163 855 quoque
3177 785 3397 853 species
3411 784 3701 854 discrepa-

2046 868 2193 922 bunt
2222 886 2235 937 ;
2269 874 2324 923 et
2357 870 2587 939 quoties
2620 874 2843 943 species
2868 872 3215 941 discrepant,
3241 874 3519 942 quoniam
3539 874 3700 930 diffe-

2044 958 2251 1011 rentiis
2274 958 2706 1031 disjunguntur
2728 968 2900 1033 atque
2918 962 3332 1031 informantur,
3354 961 3693 1019 differentia

2042 1062 2273 1117 quoque
2286 1048 2649 1104 diversarum
2666 1052 2992 1121 specierum
3008 1051 3447 1121 discrepabunt.
3464 1052 3695 1107 Animal

2042 1152 2297 1206 namque
2318 1140 2374 1191 et
2394 1138 2662 1205 scientia,
2687 1140 2967 1210 quoniam
2990 1144 3079 1195 est
3096 1139 3312 1193 animal
3337 1141 3692 1209 substantia,

2040 1223 2280 1279 scientia
2296 1242 2427 1280 vero
2442 1228 2508 1280 ad
2532 1227 2776 1299 aliquid,
2794 1229 3394 1299 quoniamquegenus
3413 1228 3688 1286 animalis

2036 1320 2125 1368 est
2144 1314 2494 1381 substantia,
2516 1319 2573 1370 et
2590 1332 2774 1387 genus
2792 1318 3047 1372 scientiae
3071 1321 3159 1372 est
3176 1316 3250 1371 ad
3263 1316 3513 1387 aliquid,
3528 1319 3695 1373 omni

2034 1403 2378 1457 substantiae
2409 1420 2440 1458 a
2471 1420 2531 1459 se
2554 1406 2773 1460 ratione
2797 1408 3048 1461 discreta
3071 1410 3229 1471 sunt,
3258 1409 3314 1459 et
3348 1406 3693 1462 differentiae

2035 1506 2267 1561 quoque
2281 1492 2533 1547 scientias
2550 1494 3287 1565 atqueanimalisocnnibus
3304 1494 3688 1565 qualitatibus

2033 1579 2579 1649 disjunguntur.Est
2595 1600 2847 1653 namque
2870 1581 3504 1647 differentiaanimalis,
3523 1583 3686 1652 bipes

2032 1673 2088 1722 et
2118 1670 2472 1740 quadrupes,
2506 1671 2725 1726 animal
2758 1672 2914 1727 enim
2948 1672 3019 1727 ab
3052 1670 3164 1726 alio
3194 1670 3436 1725 animali
3470 1671 3684 1738 differt,

1955 1793 2002 1857 B
2030 1758 2186 1826 quod
2216 1757 2325 1813 hoc
2356 1760 2593 1828 quidem
2626 1760 2791 1831 bipes
2823 1760 2919 1826 sit,
2952 1765 3017 1815 ut
3050 1762 3219 1815 homo
3240 1759 3324 1814 vel
3359 1760 3503 1822 avis,
3540 1759 3684 1815 illud

2033 1862 2169 1901 vero
2196 1848 2547 1919 quadrupes,
2569 1855 2634 1904 ut
2654 1866 2841 1921 equus
2864 1855 3035 1920 atque
3059 1850 3157 1904 bos
3183 1875 3197 1915 ;
3218 1848 3365 1903 illud
3390 1864 3522 1904 vero
3542 1849 3690 1903 mul-

2032 1934 2201 2004 tipes,
2236 1940 2299 1990 ut
2330 1936 2570 1991 formica
2608 1938 2694 1993 vel
2728 1939 2875 2009 apis.
2906 1941 3014 1994 Sed
3054 1937 3299 1993 scientia
3329 1936 3687 1993 differentias

2032 2023 2368 2094 bujusmodi
2392 2043 2503 2079 non
2528 2028 2720 2091 habet,
2744 2044 2929 2098 neque
2950 2028 3103 2081 enim
3128 2026 3689 2082 scientiaescientia

2031 2112 2226 2167 differt
2258 2114 2313 2167 in
2348 2130 2413 2168 eo
2446 2116 2601 2185 quod
2645 2115 2809 2186 bipes
2836 2120 2945 2171 est.
2977 2117 3165 2180 Quare
3197 2120 3427 2170 constat
3458 2115 3687 2186 quoties

2030 2200 2259 2256 diversa
2287 2208 2427 2257 sunt
2450 2219 2685 2273 genera,
2711 2204 3037 2275 specierum
3066 2220 3300 2274 quoque
3328 2204 3685 2258 differentias

2033 2304 2163 2344 esse
2194 2290 2496 2347 discretas.
2532 2298 2605 2347 At
2640 2293 2743 2347 hoc
2772 2298 2861 2348 est
2884 2293 3041 2363 quod
3073 2294 3171 2347 ait.
3200 2292 3569 2347 Diversorum
3594 2307 3688 2363 ge-

2034 2394 2240 2433 nerum
2266 2384 2321 2433 et
2351 2397 2465 2435 non
2489 2379 2942 2435 subalternatim
2968 2383 3281 2451 positorum
3315 2381 3573 2437 diversas
3601 2398 3686 2437 se-

2029 2468 2288 2522 cundum
2323 2469 2575 2538 speciem
2611 2470 2967 2525 differentias
3007 2487 3157 2526 esse.
3183 2477 3249 2525 Et
3290 2470 3398 2526 hoc
3431 2471 3680 2541 exempli

2028 2556 2351 2619 adiectione
2380 2557 2631 2613 firmavit
2653 2559 2853 2615 dicens
2886 2576 2897 2614 :
2932 2560 3220 2615 Animalia
3238 2566 3293 2615 et
3320 2560 3576 2615 scientiae:
3600 2560 3683 2614 di-

2025 2660 2222 2699 versas
2240 2662 2369 2700 esse
2394 2647 2770 2713 differentias,
2798 2666 2932 2703 nam
2958 2665 3091 2703 cum
3126 2650 3199 2703 sit
3220 2649 3384 2720 bipes
3406 2650 3681 2705 animalis

2027 2734 2378 2803 differentia,
2414 2736 2671 2791 scientiae
2706 2754 2819 2792 non
2851 2742 2960 2792 est.
2996 2743 3063 2792 Et
3094 2737 3201 2792 hoc
3233 2738 3469 2808 quidem
3506 2739 3574 2793 de
3598 2739 3683 2792 di-

2024 2823 2208 2877 versis
2243 2825 2557 2895 generibus
2584 2826 2807 2881 dictum
2840 2831 2947 2893 est,
2972 2827 3028 2880 id
3054 2831 3160 2894 est,
3186 2843 3315 2897 qua:
3342 2826 3681 2884 subalterna

2026 2930 2141 2967 non
2166 2917 2325 2967 sunt.
2347 2915 2509 2979 Quod
2536 2915 2582 2969 si
2605 2914 2946 2970 subalterna
2967 2920 3105 2971 sunt
3126 2932 3360 2988 genera,
3390 2916 3535 2970 nihil
3557 2934 3683 2987 pro-

2024 3000 2185 3056 hibet
2213 3001 2358 3056 alias
2389 3003 2620 3057 easdem
2654 3020 2781 3058 esse
2812 3003 3193 3071 differentias,
3219 3002 3365 3058 alias
3392 3004 3678 3075 diversas,

2025 3095 2088 3145 ut
2114 3090 2234 3145 avis
2248 3094 2336 3145 est
2349 3090 2573 3162 species
2587 3090 2879 3159 animalis,
2898 3097 2954 3147 et
2976 3109 3181 3147 rursus
3194 3096 3283 3147 est
3298 3108 3485 3164 genus
3501 3095 3678 3164 corvi,

2024 3185 2081 3235 et
2110 3184 2198 3234 est
2227 3180 2632 3234 subalternum
2665 3197 2870 3251 genus,
2901 3181 3043 3237 uvis.
3076 3182 3181 3236 Sed
3216 3182 3488 3237 animalis
3522 3183 3681 3239 diffe-

2024 3268 2220 3323 rentiae
2253 3274 2390 3323 sunt
2430 3268 2736 3324 rationalis
2770 3274 2941 3339 atque
2974 3270 3356 3337 irrationalis,
3390 3271 3512 3327 avis
3542 3288 3676 3328 vero

2024 3357 2347 3413 differentia
2367 3357 2671 3413 rationalis
2696 3375 2809 3414 non
2827 3365 2933 3414 est.
2961 3359 3130 3415 Nulla
3148 3360 3302 3414 enim
3320 3361 3441 3415 avis
3465 3360 3536 3415 ab
3559 3360 3673 3416 alia

2022 3448 2110 3503 avi
2139 3446 2350 3515 differt,
2380 3448 2534 3517 quod
2566 3450 2638 3502 sit
2679 3447 2982 3504 rationalis
3011 3467 3023 3515 ;
3058 3464 3195 3520 ergo
3243 3448 3352 3503 hoc
3398 3447 3519 3505 loco
3553 3466 3667 3505 non

2020 3540 2161 3591 sunt
2194 3536 2407 3590 eaedem
2432 3536 2903 3592 subalternorum
2926 3553 3205 3608 generum
3230 3537 3589 3595 differentiae.
3608 3540 3667 3593 Si

2020 3625 2153 3696 quis
2184 3642 2314 3680 vero
2333 3626 2437 3680 has
2460 3626 2714 3698 generis,
2740 3627 2795 3681 id
2816 3631 2903 3681 est
2917 3627 3188 3683 animalis
3208 3628 3565 3683 differentias
3585 3630 3668 3682 di-

2020 3719 2131 3782 cat,
2167 3718 2231 3769 ut
2263 3715 2607 3770 animalium
2643 3715 2755 3770 alia
2780 3721 2918 3771 sunt
2944 3734 3069 3787 quae
3097 3721 3415 3789 pascantur
3444 3717 3668 3788 herbis,

2019 3804 2132 3860 alia
2147 3820 2273 3874 quas
2286 3805 2633 3873 seminibus,
2651 3805 2764 3859 alia
2777 3822 2904 3875 qua?
2919 3806 3216 3872 carnibus,
3232 3807 3316 3860 ha:
3331 3807 3666 3862 differentias

2019 3895 2373 3948 conveniunt
2404 3894 2461 3948 in
2494 3893 2832 3949 subalterno
2879 3911 3107 3966 genere,
3140 3895 3409 3951 videlicet
3441 3897 3499 3950 in
3534 3896 3661 3966 avi;

2021 3999 2274 4053 namque
2298 3983 2489 4037 avium
2520 3988 2656 4038 sunt
2679 3983 2803 4038 alia:
2828 4000 2955 4055 quae
2980 3985 3306 4040 seminibus
3329 3991 3667 4055 vescuntur,

2021 4072 2142 4128 alia:
2176 4090 2303 4144 qua:
2336 4072 2549 4141 herbis,
2586 4072 2713 4128 aliae
2747 4091 2874 4146 quas
2926 4075 3223 4140 carnibus,
3259 4080 3323 4128 ut
3370 4074 3568 4130 vultur
3616 4080 3673 4130 et

2022 4162 2236 4218 milvus
2264 4180 2277 4231 ;
2303 4179 2439 4235 ergo
2457 4163 2514 4218 in
2535 4163 2891 4219 subalternis
2909 4164 3219 4236 generibus
3240 4164 3384 4219 nihil
3403 4164 3671 4234 prohibet

2020 4253 2253 4307 easdem
2286 4269 2415 4307 esse
2439 4252 2820 4322 differentias,
2853 4257 2909 4307 et
2931 4254 3142 4307 iterum
3168 4253 3535 4325 discrepare;
3562 4254 3668 4308 hoc

2021 4346 2212 4396 autem
2246 4340 2461 4396 idcirco
2493 4342 2702 4411 evenit,
2728 4341 2867 4413 quia
2889 4358 3018 4412 quae
3040 4342 3109 4397 de
3143 4342 3447 4413 priedicato
3471 4343 3674 4398 dicun-

2020 4434 2383 4502 tur,possunt
2413 4430 2483 4486 de
2515 4431 2778 4500 subjecto
2802 4430 3121 4502 praedicari.
3149 4431 3335 4494 Quare
3354 4432 3510 4504 quod
3536 4432 3676 4487 dici-

256 4538 368 4577 una
410 4526 649 4577 tantum
686 4520 971 4590 phmnice,
1007 4519 1109 4574 sed
1142 4518 1357 4574 idcirco
1389 4520 1470 4575 ita
1502 4520 1754 4576 diffinita
1804 4525 1914 4590 est,
1946 4531 1993 4595 D
2024 4524 2121 4575 tur
2144 4521 2213 4575 de
2246 4537 2475 4592 genere,
2500 4523 2693 4590 potest
2714 4519 2889 4575 etiam
2913 4520 3021 4574 dici
3051 4521 3119 4575 de
3139 4521 3352 4591 specie,
3374 4526 3543 4592 atque
3564 4522 3671 4579 hoc

254 4612 401 4680 quod
431 4610 801 4680 frequentius
825 4608 1152 4664 differentia
1173 4609 1241 4663 de
1265 4608 1531 4680 pluribus
1549 4609 1741 4681 specie
1758 4610 1918 4666 diffe‘

253 4700 524 4755 rentibus
547 4698 901 4769 praedicatur
921 4714 1098 4768 quam
1123 4698 1193 4752 de
1217 4714 1352 4752 uno.
1381 4699 1710 4768 Eodemque
1732 4701 1906 4755 modo

260 4792 307 4845 et
328 4788 559 4859 species
584 4788 943 4858 frequentius
966 4787 1255 4842 invenitur
1277 4787 1346 4841 de
1369 4786 1638 4858 pluribus
1662 4805 1906 4845 numero

259 4879 667 4934 diﬂ’erentibus
700 4876 1026 4950 praedicari,
1060 4893 1232 4949 quam
1265 4877 1334 4931 de
1366 4894 1481 4931 una
1506 4882 1735 4933 tantum
1760 4896 1819 4933 re
1842 4897 1907 4935 ac

254 4968 564 5039 singulari.
592 4968 693 5023 His
716 4968 797 5022 ita
828 4967 1053 5038 positis,
1078 4971 1216 5021 sunt
1238 4967 1497 5037 quaedam
1523 4983 1757 5037 genera,
1783 4985 1907 5040 qum

254 5058 700 5130 generalissima
730 5061 1162 5127 nuncupantur,
1196 5057 1412 5126 quibus
1442 5072 1629 5127 genus
1662 5058 1906 5113 inveniri

254 5163 362 5202 non
383 5146 979 5219 possit,suntspecies
993 5144 1208 5216 quibus
1225 5143 1365 5199 alias
1379 5145 1671 5214 subjectae
1688 5147 1908 5217 species

257 5235 457 5292 nullus
490 5236 770 5290 inveniet.
804 5238 956 5288 Inter
987 5239 1233 5303 utraque
1263 5238 1456 5287 autern
1483 5239 1619 5287 sunt
1653 5234 1763 5289 alia
1783 5252 1906 5305 qum

258 5325 825 5396 subalternagenera
840 5323 1243 5389 nominantur,
1261 5324 1768 5394 qumsuperiorum
1786 5325 1912 5395 qui-

258 5415 383 5470 dem
416 5414 644 5484 species
677 5415 838 5476 sunt,
870 5410 1261 5482 posteriorum
1296 5428 1426 5466 vero
1458 5428 1665 5478 genera
1690 5418 1754 5469 ut
1776 5414 1911 5469 sub-

254 5505 470 5559 stantia
499 5520 688 5574 genus
717 5503 954 5572 quidem
987 5505 1076 5556 est
1122 5499 1655 5569 generalissimum,
1690 5507 1753 5556 ut
1781 5505 1908 5573 ejus

253 5609 433 5664 genus
466 5591 717 5647 inveniri
742 5608 855 5645 non
881 5589 1083 5661 possit,
1110 5590 1282 5643 homo
1308 5605 1436 5644 vero
1462 5591 1685 5661 species
1710 5598 1821 5658 est,
1847 5596 1911 5647 ut

254 5682 381 5752 ejus
406 5682 635 5753 species
658 5679 767 5735 alia
791 5678 1027 5751 reperiri
1062 5695 1177 5733 non
1198 5676 1404 5733 valeat.
1430 5679 1658 5735 Animal
1682 5697 1811 5736 vero
1838 5681 1907 5737 ad

2024 4609 2277 4680 estquod
2300 4608 2381 4663 ait
2407 4625 2419 4663 :
2443 4608 2924 4664 Subalternorum
2936 4624 3070 4665 vero
3091 4624 3369 4681 generum
3388 4610 3531 4664 nihil
3548 4627 3675 4679 pro-

2020 4699 2180 4754 hibet
2208 4699 2437 4754 easdem
2472 4714 2599 4753 esse
2648 4697 3028 4753 differentias.
3075 4698 3381 4770 Superiora
3414 4698 3567 4754 enim
3602 4701 3674 4756 de

2019 4787 2392 4844 inferioribus
2406 4788 2718 4859 generibus
2738 4788 3161 4858 praedicantur;
3185 4788 3284 4842 sed
3305 4804 3434 4843 cum
3454 4788 3674 4846 diceret

2019 4878 2164 4934 nihil
2192 4877 2707 4949 probibeteasdem
2733 4892 2862 4932 esse
2878 4876 3265 4948 differentias,
3290 4878 3398 4933 hoc
3414 4880 3669 4948 quodam

2020 4967 2191 5021 modo
2213 4965 2396 5019 voluit
2419 4966 2487 5019 de
2513 4971 2830 5019 monstrare
2855 4964 3287 5036 esselquasdam
3302 4967 3535 5020 easdem
3559 4967 3669 5021 dif-

2020 5055 2312 5119 ferentias,
2349 5054 2491 5109 alias
2524 5070 2659 5109 vero
2700 5069 2873 5124 posse
2924 5069 3052 5109 esse
3084 5054 3368 5119 diversas,
3420 5055 3512 5110 cui
3547 5073 3671 5112 rem

2018 5143 2367 5199 contrariam
2391 5142 2661 5198 intulisse
2683 5143 2932 5209 videtur,
2964 5160 3096 5198 cum
3116 5144 3257 5199 dicit
3282 5148 3498 5209 :Quare
3521 5162 3675 5217 quaa-

2019 5250 2250 5303 cunque
2284 5232 2579 5303 przedicati
2612 5232 2948 5287 differentiae
2984 5234 3219 5304 fuerint,
3252 5235 3465 5290 eadem
3500 5242 3672 5292 erunt

2018 5322 2191 5376 etiam
2209 5320 2487 5391 subjecti:
2509 5337 2641 5375 nam
2663 5337 2795 5376 cum
2813 5320 2931 5377 illic
2948 5321 3212 5390 dixisset,
3238 5322 3381 5378 nihil
3402 5325 3673 5395 prohibet

2020 5426 2145 5467 esse
2178 5409 2408 5466 easdem
2456 5409 2819 5465 differentias
2852 5428 3132 5482 generum
3171 5412 3668 5481 subalternorum,

2021 5499 2111 5555 hic
2142 5516 2345 5555 omnes
2377 5499 2607 5554 easdem
2643 5516 2770 5555 esse
2798 5500 3072 5567 declarat,
3108 5501 3244 5556 dicit
3274 5502 3468 5557 enim:
3506 5504 3670 5566 Quaa-

2020 5605 2249 5659 cunque
2280 5588 2495 5643 fuerint
2526 5588 2864 5643 differentias
2897 5589 3209 5661 praedicati,
3234 5590 3469 5645 easdem
3492 5589 3665 5643 etiam

2022 5678 2266 5751 subjecti
2286 5694 2445 5747 esse;
2465 5681 2640 5748 atque
2664 5677 2785 5732 haec
2808 5695 2898 5734 res
2917 5677 3114 5750 plures
3134 5679 3404 5733 maximis
3423 5676 3672 5747 illigavit
