4094 6176
441 300 545 358 179

1712 292 1835 345 ΑΝ.
1878 288 2097 343 MANL.
2136 288 2296 342 BEV.
2337 286 2575 341 ΒΟΕἸἸΙ

3742 282 3849 339 180

440 428 758 493 erroribus,
793 428 857 480 ut
886 420 1313 481 emendandum
1341 418 1641 474 crederent
1671 415 1864 471 locum
1888 429 2003 468 non
2036 415 2097 466 ut
2126 410 2178 478 Α
2202 409 2873 482 jecto,prsedieentur,ad
2890 409 3639 481 quodcunqueutsubjecto
3654 409 3861 482 praedi-

441 522 597 575 esset
627 517 729 573 ita.
777 516 964 581 Quare
1014 526 1376 582 quaecunque
1414 506 1710 579 praedicati
1758 501 2094 559 differentias

447 606 685 675 fuerint,
705 604 917 659 eadem
934 599 1285 656 eruntetiam
1304 595 1573 666 subjecti,
1590 595 1687 649 sed
1705 592 1887 648 uthoc
1905 590 2093 646 modo.

448 699 637 763 Quare
651 705 1010 765 quaecunque
1027 687 1273 758 subjecti
1290 684 1628 742 differentia;
1644 683 1881 748 fuerint,
1896 682 2101 735 eaedem

448 798 623 849 erunt
644 792 816 846 etiam
850 786 1169 859 praadicati.
1193 785 1302 840 Sed
1328 785 1437 839 hoc
1460 782 1850 853 adjiciendum
1874 785 1979 844 est,
2011 795 2103 834 ne-

448 898 563 956 que
593 880 748 935 enim
774 877 896 932 fieri
921 880 1109 948 potest
1131 880 1195 929 ut
1216 875 1273 929 in
1300 890 1418 929 rem
1446 871 1805 944 superiorem
1832 868 2104 941 praedica-

452 974 529 1028 tio
562 968 898 1043 posterioris
923 967 1226 1022 redundet.
1253 966 1398 1020 Nam
1422 981 1551 1019 cum
1578 963 1808 1028 dicitur,
1834 976 2105 1033 quaecun-

454 1076 564 1133 que
589 1057 835 1129 subjecti
856 1055 1073 1112 fuerint
1095 1054 1452 1123 differentiae,
1474 1053 1685 1107 eaedem
1711 1055 1881 1106 erunt
1904 1049 2107 1121 praedi-

453 1149 592 1216 cati,
621 1149 726 1202 hoc
749 1145 972 1202 scilicet
995 1144 1383 1217 significatur,
1416 1146 1481 1197 ut
1504 1140 1831 1213 prazdicatio
1856 1138 2105 1208 subjecti

450 1239 665 1305 redeat,
687 1237 745 1290 in
771 1234 1166 1307 praedicatum,
1195 1232 1348 1302 quod
1370 1230 1492 1288 fieri
1518 1248 1632 1285 non
1654 1234 1859 1300 potest.
1896 1229 2001 1282 Sed
2028 1227 2110 1282 di-

452 1326 699 1384 cendum
724 1329 812 1379 est
829 1323 981 1395 quod
1007 1327 1147 1377 sunt
1168 1322 1291 1375 alia:
1317 1320 1651 1375 differentia:
1682 1334 1810 1388 quae
1833 1317 2110 1371 dicuntur

452 1414 811 1487 completivaa
831 1411 1128 1483 praedicati
1149 1416 1203 1465 et
1225 1410 1540 1479 cujuslibet
1562 1407 1722 1461 illius
1747 1406 1997 1477 speciem
2030 1406 2113 1459 in-

452 1507 926 1573 formantes,qua3
940 1500 1233 1557 communi
1252 1499 1486 1553 nomine
1502 1497 1783 1569 specificzn
1813 1496 2114 1549 nominan-

463 1599 580 1650 tur.
596 1598 742 1649 Nam
761 1608 892 1646 cum
910 1591 1036 1645 dico
1052 1591 1381 1645 animatum
1396 1594 1452 1642 et
1467 1586 1765 1654 sensibile,
1784 1586 1829 1639 si
1847 1585 2116 1639 substan-

467 1684 554 1738 tiis
580 1682 1034 1751 conjungantur,
1058 1678 1469 1733 difﬁnitionem
1494 1675 1817 1746 etspeciem
1846 1691 1978 1729 mox
2000 1674 2117 1727 ani-

460 1768 636 1826 malis
658 1769 940 1824 efﬁciunt.
966 1765 1195 1821 Animal
1218 1767 1370 1821 enim
1397 1770 1487 1820 est
1504 1765 1834 1820 substantia
1853 1763 2113 1818 animata

455 1852 773 1921 sensibilis,
798 1856 970 1922 atque
992 1851 1076 1906 hac
1100 1849 1443 1904 differentiae
1468 1846 2038 1917 dicunturspeciﬁca:
2058 1850 2113 1900 et
2143 1811 2189 1875 Β

456 1939 840 2012 completivae.
859 1943 1007 1993 Sunt
1030 1942 1223 1993 autem
1248 1935 1371 1991 alia:
1396 1953 1526 2007 qua)
1545 1936 1683 2005 ipsa?
1706 1936 1936 2005 quidem
1964 1932 2112 1988 nihil

462 2030 779 2100 complent,
813 2044 919 2084 nec
960 2027 1140 2082 ullam
1173 2027 1424 2097 speciem
1472 2025 1745 2091 reddunt,
1779 2025 1879 2079 sed
1930 2038 2112 2093 genus

457 2122 694 2175 tantum
728 2118 1016 2187 dividunt,
1054 2122 1117 2171 ut
1167 2114 1449 2170 rationale
1497 2119 1553 2168 et
1600 2112 1958 2177 irrationale,
1989 2112 2112 2167 haec

457 2208 614 2264 enim
650 2207 921 2261 dividunt
953 2222 1161 2277 genus,
1191 2204 1249 2258 id
1294 2208 1383 2258 est
1414 2202 1656 2267 animal,
1690 2200 1921 2256 Animal
1956 2201 2110 2255 enim

459 2295 728 2352 rationali
763 2294 1093 2350 differentia
1147 2291 1588 2362 irrationalique
1629 2291 1931 2346 dividitur.
1965 2293 2111 2360 Ergo

457 2385 568 2441 illas
615 2402 743 2457 qua;
776 2389 917 2441 sunt
944 2384 1173 2454 generis
1200 2382 1451 2437 divisivm
1499 2379 1834 2435 differentiae
1868 2383 2113 2450 possunt

458 2474 770 2549 aliquoties
784 2476 998 2530 eaedem
1014 2488 1420 2545 esse,possunt
1435 2471 1742 2543 aliquoties
1759 2487 1870 2524 non
1886 2470 2110 2536 eaedem,

462 2578 524 2629 ut
552 2573 848 2639 animalis,
882 2572 1160 2643 quoniam
1187 2569 1501 2625 divisibilis
1525 2574 1614 2624 est
1636 2568 1963 2623 differentia
1985 2584 2109 2638 qua:

461 2668 556 2719 est
588 2661 889 2731 rationale,
922 2665 1114 2733 potest
1146 2676 1270 2715 eam
1304 2676 1416 2714 non
1452 2658 1665 2713 habere
1694 2657 1835 2722 avis,
1870 2674 1995 2727 quis
2025 2661 2114 2710 est

463 2750 865 2806 subalternum
885 2766 1091 2822 genus.
1109 2754 1182 2803 Et
1196 2765 1402 2802 rursus
1418 2747 1652 2801 easdem
1675 2744 1993 2800 divisibiles
2016 2744 2115 2798 ha-

460 2840 598 2895 bere
621 2843 833 2911 potest,
858 2844 921 2893 ut
942 2839 1175 2893 easdem
1200 2854 1343 2908 quas
1366 2837 1637 2907 superius
1662 2834 1935 2889 diximus.
1962 2838 2108 2887 Nam

458 2946 591 2985 cum
616 2929 882 2984 dividant
902 2926 1120 2982 animal
1141 2925 1499 2991 differentias,
1523 2941 1651 2995 quae
1674 2924 1967 2991 carnibus,
1988 2923 2115 2978 ber-

457 3018 573 3087 bis,
602 3023 659 3073 et
688 3017 1016 3073 seminibus
1055 3020 1392 3083 vescuntur,
1440 3015 1655 3069 eaedem
1690 3016 1937 3083 possunt
1984 3029 2113 3068 esse

461 3106 786 3162 subalterni
819 3105 1072 3176 generis,
1110 3106 1163 3159 id
1199 3108 1284 3159 est
1316 3104 1475 3172 avis;
1507 3120 1643 3175 ergo
1674 3102 1760 3156 hac
1790 3101 2110 3157 divisibiles

2215 501 2536 557 caturillud
2570 502 2721 570 quod
2758 500 2891 570 ipsae
2922 500 3778 565 differentiasinformantﬁeeo
3796 502 3858 556 ut

2208 592 2277 646 de
2291 591 2551 659 subjecto
2566 589 3117 660 praedicabuntur,et
3130 590 3200 643 de
3214 605 3278 644 eo
3295 605 3409 644 non
3426 589 3724 660 praedicari
3740 605 3856 643 non

2211 683 2480 751 possunt.
2516 680 2703 743 Quare
2735 677 2877 732 nihil
2911 683 3000 732 est
3038 679 3093 731 in
3130 678 3468 747 hujusmodi
3500 678 3859 733 theoremata

2215 769 2364 839 quod
2402 766 2521 821 ullo
2554 766 2725 821 modo
2757 767 2965 821 debeat
2994 767 3312 823 emendari.

2282 874 2483 927 Eorum
2508 872 2728 943 quidem
2746 887 2870 942 quae
2882 874 3179 927 secundum
3190 872 3409 927 nullam
3422 872 3863 943 complexionem

2211 961 2494 1028 dicuntur,
2527 960 2819 1030 singutum
2866 970 2964 1017 aut
3006 961 3377 1017 substantiam
3419 963 3720 1033 signiﬁcat,
3770 971 3871 1019 aut

2214 1057 2601 1127 quantitatem,
2633 1058 2730 1109 aut
2760 1053 3107 1126 qualitatem,
3131 1063 3227 1108 aut
3253 1055 3321 1108 ad
3351 1055 3586 1126 aliquid,
3617 1064 3715 1111 aut
3740 1057 3865 1124 ubi,

2215 1153 2310 1199 aut
2329 1145 2573 1214 quando,
2592 1148 2687 1198 aut
2707 1146 2893 1211 situm,
2917 1147 3009 1197 aut
3028 1144 3243 1211 habere,
3268 1147 3589 1215 autfacere,
3610 1154 3706 1199 aut
3724 1146 3870 1216 pati.

2215 1236 2317 1288 list
2343 1239 2527 1287 autem
2559 1233 2872 1287 substantia
2904 1236 2959 1285 ut
2987 1233 3295 1302 ﬁguraliter
3329 1232 3567 1302 dicatur,
3594 1237 3653 1288 ut
3684 1235 3870 1305 homo,

2218 1337 2406 1392 equus.
2432 1323 2743 1389 Quantitas,
2768 1325 2830 1375 ut
2854 1320 3177 1390 bicubitum,
3209 1321 3557 1378 tricubitum.
3586 1322 3867 1390 Qualitas,

2219 1420 2277 1466 ut
2300 1413 2508 1477 album,
2532 1410 2979 1480 grammaticum.
2999 1410 3078 1464 Ad
3094 1410 3329 1481 aliquid,
3353 1420 3411 1466 ut
3427 1411 3676 1482 duplum,
3710 1412 3879 1468 dimi-

2220 1500 2393 1569 dium,
2418 1502 2620 1570 majus,
2642 1499 2851 1554 minus.
2876 1500 2993 1565 Ubi,
3013 1504 3074 1554 ut
3100 1501 3157 1553 in
3182 1500 3352 1571 lyceo,
3376 1502 3433 1554 in
3451 1502 3596 1567 foro.
3619 1502 3875 1569 Quando,

2223 1593 2283 1643 ut
2314 1589 2456 1658 heri,
2481 1588 2759 1659 superiori
2781 1604 2946 1643 anno.
2969 1590 3171 1653 Situm,
3196 1594 3257 1643 ut
3278 1589 3442 1657 sedet,
3455 1591 3618 1660 jacet.
3644 1591 3878 1658 Habere,

2224 1682 2282 1732 ut
2311 1680 2608 1743 calceatus,
2642 1686 2911 1732 armatus.
2936 1678 3159 1743 Facere,
3187 1682 3246 1732 ut
3274 1694 3487 1744 secare,
3516 1694 3697 1734 urere.
3725 1680 3879 1749 Pati,

2229 1777 2288 1822 ut
2316 1768 2510 1834 secari,
2551 1766 2665 1821 uri.
2700 1766 2933 1835 Singula
2964 1766 3137 1837 igitur
3176 1783 3367 1823 eorum
3395 1783 3518 1839 qua:
3549 1768 3691 1823 dicta
3721 1778 3882 1836 sunt,

2222 1856 2343 1928 ipsa
2373 1856 2594 1927 quidem
2616 1856 2913 1910 secundum
2938 1871 2994 1909 se
3024 1857 3081 1909 in
3106 1857 3259 1911 nulla
3282 1857 3663 1926 afﬁrmatione
3688 1857 3888 1914 dicun-

2219 1955 2329 2015 tur,
2362 1954 2456 2000 aut
2484 1948 2792 2014 negatione,
2818 1946 3013 2000 horum
3039 1955 3222 2001 autem
3253 1946 3322 2001 ad
3353 1948 3589 2002 invicem
3630 1947 3885 2018 a/ﬁrma-

2218 2037 2293 2090 tio
2313 2035 2396 2089 vel
2414 2036 2629 2104 negatio
2650 2036 3118 2106 ﬁtcomplexione.
3148 2034 3371 2090 Videtur
3389 2043 3574 2090 autem
3587 2036 3769 2091 omnis
3798 2039 3896 2107 af-

2219 2124 2460 2193 ﬁrmatio
2500 2125 2585 2178 vel
2634 2126 2873 2194 negatio,
2920 2125 2999 2179 vel
3030 2142 3155 2179 vera
3195 2125 3280 2180 vel
3308 2126 3452 2195 falsa
3483 2141 3635 2181 esse:
3685 2143 3880 2181 eorum

2216 2221 2400 2268 autem
2430 2228 2553 2283 quae
2572 2214 2867 2268 secundum
2888 2214 3104 2268 nullam
3128 2215 3557 2284 complexionem
3576 2214 3852 2271 dicuntur
3868 2255 3886 2285 ,

2216 2303 2444 2371 singula
2466 2318 2641 2371 neque
2665 2317 2810 2369 vera,
2834 2318 3006 2373 neque
3025 2302 3173 2374 falsa
3193 2308 3343 2374 sunt,
3367 2308 3427 2358 ut
3450 2305 3629 2375 homo,
3652 2304 3847 2359 album
3869 2346 3887 2372 ,

2230 2393 2427 2458 currit,
2463 2390 2656 2448 vincit.

2290 2502 2428 2553 Post
2460 2499 2868 2569 parvissimam
2902 2499 2960 2554 in
2985 2504 3239 2571 quatuor
3255 2501 3781 2570 enumerationem,
3820 2501 3883 2558 id

2219 2592 2307 2642 est
2331 2588 2385 2641 in
2407 2588 2824 2656 substantiam,
2850 2589 3141 2657 accidens,
3162 2590 3687 2661 universalitatem,
3705 2591 3892 2661 parti-

2218 2677 2603 2746 cularitatem,
2640 2695 2794 2733 nunc
2827 2684 2915 2734 est
2940 2679 3010 2734 de
3038 2679 3348 2751 partitione
3381 2682 3636 2735 maxima
3669 2686 3900 2737 tracta-

2217 2780 2409 2836 turus,
2444 2784 2574 2838 quas
2606 2769 2671 2822 fit
2703 2769 2759 2822 in
2792 2770 3026 2835 decem;
3064 2768 3169 2823 hac
3224 2769 3379 2824 enim
3436 2770 3895 2825 enumeratione

2219 2858 2406 2926 major
2426 2874 2537 2911 non
2564 2862 2756 2927 potest
2777 2858 3048 2925 inveniri,
3072 2860 3429 2929 nequeenim
3450 2860 3717 2915 undecim
3742 2877 3895 2931 prae-

2218 2944 2546 3000 dicamenta
2574 2951 2849 3017 poterunt
2882 2946 3150 3015 inveniri,
3185 2963 3288 3003 nec
3338 2946 3490 3003 ultra
3520 2948 3719 3003 decem
3764 2948 3894 3004 ullo

2221 3035 2389 3089 modo
2422 3034 2656 3106 aliquod
2712 3051 2897 3105 genus
2931 3041 3083 3090 recte
3115 3036 3428 3107 excogitari
3473 3041 3666 3108 potest
3697 3054 3893 3108 quare

2226 3124 2717 3193 facithujusmodi
2733 3124 3229 3179 enumerationem
3243 3126 3362 3194 ,sed
3382 3142 3493 3181 non
3511 3126 3863 3182 divisionem
3879 3168 3895 3181 .

462 3194 896 3267 possuntetiam
915 3210 1043 3249 esse
1058 3192 1735 3261 diversalllaaveroquaa
1750 3190 2109 3260 completivae
2141 3181 2183 3247 C
2224 3212 2440 3267 Divisio
2457 3181 2730 3285 "namque
2760 3213 2878 3268 fere
2909 3217 2998 3268 est
3028 3181 3258 3285 generié
3280 3214 3337 3268 in
3372 3214 3595 3285 species
3620 3234 3634 3282 ζ
3671 3215 3899 3286 prmi“

464 3296 522 3346 et
552 3291 831 3363 speciﬁcm
860 3294 1021 3353 sunt,
1054 3290 1372 3361 aliquando
1406 3307 1517 3343 non
1553 3290 1850 3361 praedicari
1884 3292 1953 3344 de
1985 3291 2119 3345 sub-

456 3382 611 3451 jecto
644 3397 759 3436 non
785 3384 1055 3452 possunt.
1088 3379 1159 3435 Ut
1191 3378 1469 3449 quoniam
1504 3376 1721 3431 animal
1756 3378 1928 3432 habet
1962 3379 2119 3433 diffe-

460 3474 679 3533 rentias
708 3470 1088 3542 completivas
1114 3474 1169 3523 et
1200 3485 1317 3523 suae
1351 3468 1562 3539 speciei
1595 3467 1909 3536 effectivae,
1938 3466 2118 3522 sensi-

460 3566 578 3622 bile
601 3563 824 3619 scilicet
846 3565 902 3615 et
925 3559 1273 3625 animatum,
1308 3557 1393 3612 hae
1418 3558 1758 3612 differentia:
1790 3558 1860 3611 de
1883 3556 2119 3612 homine

467 3657 620 3728 quod
646 3658 735 3709 est
756 3653 1088 3721 subjectum
1109 3647 1384 3704 animalis
1404 3664 1516 3701 non
1542 3646 1838 3717 praedicari
1866 3663 1977 3701 non
1997 3664 2122 3717 pos-

467 3749 628 3802 sunt.
654 3742 878 3797 Omnes
904 3738 1060 3794 enim
1084 3738 1368 3810 specificaa
1393 3737 1729 3791 differentiae
1762 3736 1829 3791 de
1856 3736 1947 3791 his
1973 3753 2119 3807 prae-

468 3832 757 3896 dicantur,
790 3844 1036 3899 quorum
1062 3826 1312 3898 speciem
1343 3825 1659 3897 complent,
1694 3829 1755 3879 ut
1781 3826 1849 3880 de
1877 3823 2116 3879 animali

466 3918 818 3992 priedicatur
847 3915 1125 3971 sensibile
1148 3919 1205 3969 et
1224 3915 1570 3979 animatum,
1602 3919 1657 3968 et
1680 3914 1785 3969 hoc
1814 3915 1961 3969 utde
1991 3914 2123 3967 sub-

460 4011 638 4080 jecto.
656 4012 719 4062 In
740 4005 1068 4062 substantia
1082 4004 1235 4059 enim
1253 4002 1525 4058 animalis
1544 4008 1790 4073 utraque
1808 4004 2123 4075 praedican-

467 4098 691 4165 tur,sed
712 4094 926 4151 animal
949 4094 1287 4165 praedicatur
1304 4092 1371 4146 de
1386 4092 1518 4145 bnm
1535 4094 1645 4151 2uno.
1664 4104 1725 4147 ut
1742 4094 1810 4147 de
1825 4094 2119 4163 subjecto;

466 4191 1397 4264 necessecstergoanimatumatt,
1592 4238 1595 4239 ν
1707 4191 1857 4244 .Iedc
1884 4190 2121 4245 homine

468 4283 770 4357 prmdicari
789 4282 932 4336 utde
946 4280 1231 4351 subjecto.
1248 4283 1365 4334 Hoc
1384 4291 1473 4333 est
1498 4282 1649 4333 enim
1669 4280 1822 4349 quod
1848 4281 2121 4349 superius

469 4372 750 4446 praemisit
782 4388 915 4427 cum
944 4370 1198 4425 diceret:
1235 4370 1474 4435 Quando
1521 4368 1766 4423 alterum
1821 4370 1889 4424 de
1941 4369 2120 4425 altero

470 4462 818 4534 praedicatur
844 4464 909 4514 ut
942 4460 1013 4513 de
1043 4459 1329 4529 subjecto,
1360 4474 1723 4528 quaecunque
1765 4458 1835 4512 de
1868 4474 1932 4512 eo
1965 4458 2118 4529 quod

2226 3306 2627 3358 camentorum
2645 3319 2797 3367 vero,
2814 3303 3088 3373 quoniam
3107 3319 3213 3374 gen
3225 3320 3292 3358 us
3307 3319 3489 3357 unum
3507 3320 3621 3358 non
3639 3303 3899 3373 habent,

2227 3390 2434 3445 divisio
2463 3406 2592 3445 esse
2624 3407 2737 3446 non
2772 3396 2985 3461 potest,
3016 3392 3117 3446 sed
3151 3390 3343 3462 potius
3373 3392 3737 3447 enumeratio
3772 3397 3901 3447 est.

2227 3478 2376 3532 Sunt
2418 3495 2550 3533 vero
2583 3479 2823 3547 quidam
2857 3481 2958 3550 qui
2992 3482 3357 3535 contendunt
3388 3486 3538 3536 recte
3570 3498 3900 3537 enumera—

2229 3566 2446 3620 tionem
2467 3584 2581 3621 non
2604 3584 2732 3623 esse
2755 3568 3241 3638 dispositam,alii
3260 3586 3513 3640 namque
3538 3576 3600 3625 ut
3617 3588 3907 3642 superva-

2229 3673 2337 3711 cua
2357 3656 2615 3725 quzedam
2643 3656 2904 3722 demunt,
2937 3658 3029 3713 alii
3058 3662 3121 3713 ut
3143 3663 3306 3714 curto
3330 3660 3486 3731 operi
3513 3660 3759 3724 addunt,
3785 3659 3899 3714 alii

2226 3760 2358 3799 vero
2386 3752 2736 3813 permutant,
2762 3762 2906 3815 quos
2922 3746 3200 3801 nimirum
3220 3764 3333 3802 non
3358 3753 3509 3804 recte
3532 3749 3757 3803 sentire
3774 3748 3904 3806 alio

2228 3835 2395 3889 nobis
2425 3850 2594 3904 opere
2627 3835 2938 3889 dicendum
2971 3841 3061 3890 est
3092 3853 3105 3903 ξ
3136 3836 3211 3891 ait
3246 3846 3436 3892 autem
3464 3853 3478 3892 :
3509 3838 3719 3893 Eorum
3755 3856 3899 3909 qua

2230 3926 2552 3979 secundum
2570 3922 2788 3977 nullam
2803 3925 3263 3995 complexionem
3283 3927 3579 3981 dicuntur.
3597 3927 3754 3982 Adeo
3771 3945 3900 3984 non

2233 4017 2303 4071 de
2336 4016 2530 4080 rebus,
2564 4018 2661 4069 sed
2697 4016 2765 4070 de
2792 4015 3030 4071 vocibus
3064 4022 3425 4073 tractaturus
3443 4024 3553 4086 est,
3582 4026 3645 4075 ut
3672 4020 3907 4077 diceret

2229 4105 2535 4160 Dicuntur.
2566 4105 2673 4159 Res
2698 4105 2851 4159 enim
2871 4106 3101 4177 proprie
3119 4124 3233 4160 non
3257 4107 3551 4177 dicuntur,
3568 4109 3667 4164 sed
3686 4125 3901 4167 voces:

2230 4199 2283 4249 et
2298 4194 2449 4264 quod
2470 4192 3024 4265 addidit,singulum
3042 4196 3547 4252 autsubstantiam
3566 4198 3905 4269 significat,

2230 4282 2345 4337 late
2379 4288 2527 4353 patet
2559 4299 2690 4337 eum
2717 4284 2785 4337 de
2808 4285 3045 4338 vocibus
3073 4284 3411 4355 disputare;
3438 4303 3551 4341 non
3588 4287 3743 4342 enim
3774 4306 3903 4358 res,

2230 4374 2330 4427 sed
2367 4388 2535 4427 voces
2567 4372 2922 4442 significant,
2956 4372 3369 4442 signiﬁcantur
3390 4380 3584 4431 autem
3612 4392 3723 4431 res.
3751 4379 3903 4433 Sine

2229 4460 2630 4529 complexione
2645 4477 2773 4514 vero
2788 4461 3395 4532 dicuntur(utdictum
3410 4467 3913 4536 est)quaecunque

472 4550 823 4622 praedicatur
841 4547 1341 4615 dicuntur,omnia
1359 4548 1535 4601 etiam
1552 4547 1619 4601 de
1636 4548 1898 4616 subjecto
1918 4548 2120 4603 dicun-
2155 4530 2197 4595 Ῐ)
2230 4548 2516 4619 singulari
2538 4548 2837 4604 intellectu
2870 4554 2927 4603 et
2950 4530 3089 4604 voce
3117 4530 3907 4620 prof‘erunturiasecunduIn

465 4646 599 4708 tur;
634 4646 807 4709 atque
840 4638 947 4693 hoc
979 4636 1039 4691 in
1062 4636 1337 4691 omnibus
1365 4637 1677 4705 generibus
1711 4642 1863 4692 recte
1890 4642 2121 4693 constat

467 4729 917 4800 intelligi.Ergo
971 4725 1296 4781 divisibiles
1327 4726 1664 4781 differentiae
1717 4730 1966 4796 possunt
2003 4726 2118 4779 ali—

470 4818 703 4890 quando
724 4834 857 4873 cum
882 4814 1167 4886 subjectis
1180 4830 1309 4870 esse
1324 4830 1686 4881 communes,
1703 4815 2018 4885 aliquando
2042 4814 2124 4869 di-

470 4924 674 4965 versae.
697 4905 983 4977 speeificaa
1010 4920 1144 4959 vero
1169 4908 1223 4959 et
1263 4903 1617 4974 completisz
1663 4919 1795 4958 cum
1840 4903 2121 4973 subjectis

471 5011 811 5052 communes
826 5010 943 5049 non
958 5008 1083 5049 esse
1104 5008 1217 5047 non
1234 5008 1408 5063 possu
1421 4996 1501 5047 nt.
1520 4992 1682 5057 Quod
1699 5008 1833 5060 ergo
1846 4992 2127 5048 Aristotc-

473 5084 567 5141 les
584 5084 683 5155 ait,
715 5082 1196 5138 Subalternorum
1222 5097 1503 5153 generum
1525 5080 1667 5135 nihil
1685 5080 2122 5149 prohiberceas-

474 5175 605 5229 dem
624 5190 752 5228 esse
772 5171 1150 5238 differentias,
1176 5170 1495 5225 divisibiles
1517 5169 1875 5224 differentias
1892 5170 2121 5225 easdem

473 5262 757 5318 essenihil
780 5260 1084 5331 prohibere
1115 5259 1439 5330 putandum
1461 5262 1702 5328 est,quaa
1728 5264 1973 5328 possunt
1999 5275 2127 5313 esse

477 5352 656 5407 etiam
685 5348 1116 5410 diversaaQuod
1145 5348 1227 5401 ait
1253 5362 1404 5401 vero:
1435 5347 1806 5416 Quazcunque
1832 5348 2125 5417 praedicati

480 5438 821 5496 differentia:
846 5436 1083 5502 fuerint,
1118 5436 1333 5490 eaedem
1372 5442 1545 5489 erunt
1566 5436 1735 5490 etiam
1763 5436 2031 5505 subjecti,
2059 5438 2126 5491 de

478 5525 1121 5602 speciﬁcisintelligend
1134 5541 1230 5579 um
1250 5530 1354 5580 est:
1375 5542 1500 5597 quae
1519 5542 1650 5580 cum
1669 5527 1920 5597 speciem
1938 5528 2129 5596 cujus-

476 5620 619 5676 libet
638 5618 695 5673 in
714 5617 984 5686 forment,
1000 5618 1056 5671 et
1077 5614 1147 5670 dc
1168 5631 1233 5669 eo
1261 5615 1413 5685 quod
1439 5615 1780 5685 informant,
1805 5620 1869 5669 ut
1890 5616 1958 5671 de
1984 5617 2126 5672 sub-

2227 4638 2688 4708 complexionem
2711 4654 2842 4693 vero
2866 4655 3228 4710 quaecunque
3251 4640 3453 4712 aliqua
3470 4644 3908 4712 conjunctione

2229 4726 2315 4781 vel
2347 4726 2669 4782 accidentis
2709 4726 3079 4797 copulatione
3117 4728 3461 4786 miscentur.
3495 4732 3604 4786 Sed
3647 4733 3788 4803 quid
3823 4751 3905 4789 ex

2231 4814 2303 4870 iis
2334 4833 2460 4887 quae
2495 4817 2820 4871 secundum
2858 4815 3078 4871 nullam
3112 4818 3575 4889 complexionem
3609 4821 3909 4878 dicuntur

2232 4907 2503 4971 efficitur,
2528 4908 2650 4976 ipse
2675 4908 3040 4961 demonstrat
3067 4924 3198 4962 cum
3226 4908 3406 4964 dicit:
3436 4912 3676 4981 Singula
3708 4913 3909 4985 igitur

2233 5013 2436 5051 eorum
2461 5013 2587 5065 quae
2611 4996 2767 5049 dicta
2790 5000 2947 5061 sunt,
2976 4996 3104 5066 ipsa
3131 4996 3368 5067 quidem
3394 5002 3717 5055 secundum
3748 5020 3812 5058 se
3836 5003 3902 5058 in

2236 5084 2397 5139 nulla
2412 5085 3116 5153 af'firmationedicuntur,
3134 5086 3342 5141 horum
3365 5094 3554 5143 autem
3573 5091 3640 5144 ad
3660 5108 3720 5145 se
3741 5092 3907 5147 invi-

2235 5190 2362 5229 cem
2395 5173 3125 5243 complcxioneafﬁrmatio
3148 5176 3207 5228 fit
3232 5196 3245 5242 ;
3271 5176 3674 5234 videturenim
3699 5181 3909 5237 omnis

2234 5262 2546 5317 affirmatio
2580 5262 2662 5316 vel
2698 5261 2846 5317 falsa
2867 5279 2995 5317 esse
3016 5264 3099 5317 vel
3129 5280 3281 5319 vera.
3308 5266 3521 5321 Eorum
3550 5272 3744 5324 autem
3770 5287 3911 5341 quae

2237 5352 2561 5407 secundum
2610 5351 2827 5405 nullam
2863 5351 3320 5420 complexionem
3356 5354 3659 5426 dicuntur,
3706 5374 3911 5429 neque

2238 5458 2435 5495 verum
2457 5441 2796 5510 quidquam,
2814 5456 3002 5511 neque
3022 5441 3233 5495 falsum
3252 5448 3359 5510 est,
3377 5449 3440 5497 ut
3456 5443 3649 5516 homo,
3672 5446 3910 5520 album,

2238 5530 2441 5594 currit,
2466 5529 2663 5583 vineit.
2696 5528 2994 5599 Significat
3020 5545 3156 5600 ergo
3189 5535 3244 5584 et
3268 5530 3361 5585 hic
3392 5548 3459 5586 ea
3481 5550 3603 5603 qua:
3628 5534 3756 5591 sine
3781 5536 3914 5595 ulla

2237 5617 2639 5689 complexione
2671 5619 2946 5673 dicuntur
2976 5618 3385 5676 afﬁrmationis
3426 5622 3540 5678 vim
3592 5640 3710 5681 non
3740 5626 3909 5683 obti-
