4108 6186
295 314 386 371 181
1346 316 1422 369 IN
1457 310 1917 370 CATEGORIAS

2052 307 2418 361 ISTOTELIS
2457 308 2591 364 LIB.
2638 310 2681 360 Ι.

3602 311 3707 366 182

290 456 439 496 nere.
472 440 533 495 Si
559 439 691 512 quis
711 440 864 496 enim
890 441 1047 496 dicat
1068 440 1265 509 homo,
1320 442 1407 497 vel
1466 441 1690 507 album;
1721 437 1808 493 vel
1833 438 1929 492 de-
1964 436 2012 503 Α
2048 433 2282 490 stantiis
2312 434 2835 498 inchoaverit,nam
2870 436 3142 505 quoniam
3180 435 3371 491 omnis
3404 453 3495 491 res
3518 439 3690 493 autin

295 546 438 598 cem,
458 529 548 583 vel
573 529 863 600 quidlibet
882 529 1129 600 simplici
1156 531 1350 597 modo,
1372 531 1429 585 in
1453 546 1516 585 eo
1539 546 1727 601 neque
1746 543 1945 583 verum

2051 524 2316 592 subjecto
2348 528 2453 587 est,
2481 530 2581 579 aut
2608 526 2870 595 subjecto
2904 543 3013 580 non
3039 532 3146 594 est,
3181 528 3695 599 quidquidinsub-

296 619 514 690 aliquid
538 619 1011 690 inveniet,neque
1043 620 1387 685 falsum,sed
1414 620 1607 675 omnis
1635 618 1946 674 afﬁrmatio
2042 613 2325 683 jectoest,
2349 618 2478 684 eget
2509 614 3091 683 subjecto,quouiam
3126 615 3180 669 in
3221 617 3470 687 propriis
3490 622 3699 673 natura

294 709 379 763 vel
403 726 538 764 vera
560 708 647 763 vel
673 708 819 763 falsa
840 714 947 763 est.
975 708 1157 779 Igitur
1177 710 1585 765 universaliter
1610 706 1949 778 pronuntiat

294 799 751 869 praedicamenta
776 798 869 852 afﬁ
883 798 1190 853 rmationis
1214 800 1441 855 ratione
1464 798 1696 870 penitus
1720 814 1835 852 non
1861 802 1944 851 te-

291 888 414 942 neri
444 889 583 943 :sed
620 887 742 942 haec
773 889 975 942 eadem
1012 888 1059 942 si
1092 904 1226 943 cum
1264 890 1516 960 quadam
1549 887 1948 959 complexione

288 978 609 1047 conjuncta
646 977 785 1046 sint,
812 976 934 1031 ﬁeri
974 978 1404 1049 prepositioues
1424 993 1659 1034 necesse
1682 982 1791 1047 est,
1825 992 1947 1047 quae

289 1067 345 1121 in
373 1082 436 1121 se
468 1082 673 1120 verum
700 1064 987 1121 falsumve
1026 1068 1389 1122 contineant.
1443 1069 1554 1123 Sed
1607 1084 1721 1122 non
1757 1065 1945 1121 omnis

282 1156 613 1227 complexio
635 1157 1099 1227 propositionem
1126 1158 1398 1226 facit,nec
1422 1160 1470 1214 si
1493 1158 1712 1225 dixero,
1740 1158 1943 1213 Socra-

280 1250 368 1301 tes
395 1247 454 1299 in
483 1246 631 1315 foro,
660 1246 876 1301 idcirco
896 1247 1022 1317 jam
1074 1247 1396 1319 propositio
1419 1253 1509 1303 est
1542 1268 1555 1316 ;
1597 1249 1696 1303 sed
1731 1248 1777 1302 si
1812 1247 1944 1318 quis

286 1336 469 1404 dicat,
504 1336 851 1389 Socratesin
880 1336 997 1391 fore
1019 1338 1304 1399 ambulat,
1338 1342 1477 1391 tunc
1512 1338 1571 1390 ﬁt
1606 1336 1942 1408 propositio,

283 1441 412 1495 quae
429 1427 533 1477 aut
550 1423 868 1478 afﬁrmatio
889 1429 979 1479 est
1001 1430 1103 1480 aut
1122 1426 1373 1495 negatio.
1401 1426 1828 1481 Afﬁrmationes
1842 1442 1942 1478 au-

279 1520 402 1569 tem
436 1518 494 1567 et
519 1513 885 1582 negationes,
909 1514 997 1569 vel
1022 1530 1168 1569 verre
1182 1514 1455 1570 videntur
1485 1532 1612 1570 esse
1630 1514 1717 1569 vel
1744 1515 1900 1569 falsae
1927 1528 1938 1567 :

282 1608 464 1674 atque
497 1602 629 1657 ideo
653 1603 1048 1674 quodcunque
1074 1620 1263 1674 neque
1284 1621 1487 1659 verum
1516 1620 1702 1675 neque
1727 1604 1939 1660 falsum

280 1698 391 1761 est,
415 1691 569 1746 illud
616 1692 935 1762 propositio
970 1710 1082 1748 non
1141 1698 1249 1747 est.
1300 1694 1449 1765 Ergo
1491 1694 1745 1764 quadam
1778 1710 1936 1749 com-

2054 718 2168 756 non
2196 707 2382 771 potest
2408 703 2845 757 consistere:et
2876 705 3154 775 quoniam
3202 706 3373 759 rebus
3421 707 3699 762 omnibus

2054 793 2386 847 substantia
2427 792 2693 862 subjecta
2741 798 2849 858 est,
2894 793 3035 847 nihil
3072 810 3272 848 eorum
3308 812 3436 865 quae
3469 803 3608 851 sunt
3640 798 3698 851 in

2054 882 2317 950 subjecto
2344 886 2549 950 praeter
2575 881 2966 936 substantiam
2990 883 3193 952 poterit
3214 887 3693 953 permanere.Sed

2054 972 2215 1043 prior
2236 970 2332 1025 illa
2357 976 2568 1025 natura
2584 978 2691 1037 est,
2725 971 2851 1025 sine
2874 988 2985 1042 qua
3005 971 3117 1027 alia
3134 988 3261 1027 esse
3285 989 3397 1027 non
3426 980 3698 1044 possunt,

2054 1060 2328 1131 quocirca
2352 1062 2510 1133 prior
2542 1060 2885 1116 naturaliter
2919 1061 3149 1116 videtur
3170 1078 3296 1117 esse
3324 1064 3685 1131 substantia;

2055 1175 2166 1213 non
2198 1158 2455 1213 absurde
2486 1158 2744 1230 igiturin
2769 1159 3164 1230 disputatione
3205 1159 3360 1230 quod
3393 1161 3555 1230 prius
3598 1176 3699 1231 per

2055 1252 2322 1302 naturam
2352 1247 2480 1316 fuit,
2504 1248 2664 1319 prius
2684 1247 2858 1301 etiam
2892 1247 3165 1317 sumpsit,
3199 1252 3255 1301 et
3284 1247 3694 1303 difﬁnitionem

2051 1336 2287 1407 quidem
2335 1336 2678 1391 substantias
2738 1336 2993 1407 proferre
3024 1352 3135 1389 non
3174 1335 3382 1407 potuit,
3431 1338 3531 1391 sed
3566 1344 3697 1408 post

2050 1427 2382 1496 exemplum
2401 1427 2673 1494 superius
2689 1427 2888 1480 datum
2905 1426 3358 1496 descriptionem
3378 1428 3693 1495 quamdam

2050 1520 2270 1586 profert
2300 1534 2417 1589 qua
2434 1519 2571 1589 quid
2603 1519 2681 1572 sit
2712 1519 2840 1589 ipsa
2856 1517 3188 1573 substantia
3220 1534 3501 1589 queamus
3522 1536 3697 1591 agno-

2048 1624 2225 1663 scere:
2246 1608 2353 1662 hoc
2376 1614 2463 1662 est
2486 1612 2824 1671 autem,non
2844 1623 2972 1661 esse
2994 1607 3051 1660 in
3069 1607 3699 1675 subjecto;substantia

2046 1698 2199 1753 enim
2225 1698 2281 1751 in
2306 1698 2571 1765 subjecto
2589 1714 2697 1751 non
2716 1701 2818 1751 est.
2834 1696 2990 1750 Facit
3005 1703 3196 1751 autem
3214 1698 3528 1767 quamdam
3555 1699 3693 1753 sub-

278 1781 559 1853 plexione
581 1781 735 1835 exiis
760 1784 1225 1852 quaesecundum
1245 1782 1464 1837 nullam
1491 1783 1946 1853 complexionem
1977 1790 2022 1854 Β
2055 1786 2406 1842 stantiarum
2432 1786 2777 1842 divisionem
2809 1802 2940 1840 cum
2971 1785 3285 1851 dicit,alias
3317 1786 3537 1857 primas
3569 1804 3697 1843 esse

276 1870 791 1927 dicunturveritas
805 1871 1146 1942 falsitnsqne
1164 1873 1479 1926 conﬁcitur.
1498 1874 1947 1931 Atﬁrmationem

276 1966 477 2016 autem
514 1961 701 2015 solam
737 1978 891 2015 nunc
916 1962 1255 2016 Aristoteles
1318 1963 1690 2033 interposuit,
1727 1965 1939 2021 idcirco

279 2051 438 2123 quod
468 2051 665 2105 omnis
688 2050 1002 2105 afﬁrmatio
1035 2051 1194 2122 prior
1225 2055 1345 2117 est;
1380 2052 1488 2106 hoc
1519 2052 1674 2106 enim
1712 2055 1938 2124 negatio

282 2140 461 2204 tollit,
488 2139 646 2210 quod
664 2140 981 2194 afﬁrmatio
996 2146 1131 2195 ante
1149 2140 1492 2195 constituit:
1521 2142 1682 2211 prius
1700 2144 1936 2213 quidem

284 2229 621 2284 secundum
657 2229 1173 2300 signiﬁcationem,
1206 2230 1304 2284 sed
1340 2245 1453 2283 non
1489 2231 1811 2285 secundum
1839 2249 1940 2303 ge-

280 2335 419 2384 nus,
444 2318 602 2389 quod
639 2317 751 2372 alio
782 2317 1031 2388 liquebit
1061 2317 1207 2373 loco.
1253 2318 1499 2373 Maxime
1525 2324 1719 2373 autem
1775 2338 1937 2375 mon-

288 2412 442 2462 strat
481 2406 832 2461 Aristoteles
884 2424 945 2461 se
988 2424 1101 2461 non
1132 2408 1200 2461 de
1234 2408 1431 2475 rebus,
1466 2409 1563 2462 sed
1599 2408 1669 2463 de
1697 2411 1939 2465 vocibus

286 2494 869 2566 tractaturum,quod
889 2495 1007 2549 ait:
1040 2494 1258 2549 Horum
1288 2500 1483 2549 autem
1519 2496 1588 2549 ad
1610 2514 1671 2551 se
1692 2498 1938 2554 invicem

289 2582 699 2654 complexione
730 2583 1039 2637 afﬁrmatio
1072 2584 1177 2648 ﬁt;
1214 2601 1325 2638 non
1360 2583 1512 2638 enim
1550 2602 1742 2639 rerum
1788 2604 1941 2641 com-

286 2672 561 2742 plexione
591 2673 656 2725 ﬁt
685 2672 1003 2727 afﬁrmatio
1034 2674 1121 2726 vel
1156 2673 1401 2739 negatio,
1438 2675 1537 2727 sed
1573 2690 1937 2745 sermonum,

278 2776 381 2817 nec
406 2760 467 2815 in
498 2761 675 2815 rebus
701 2764 788 2815 est
812 2760 1025 2817 veritas
1048 2766 1103 2815 et
1125 2760 1370 2827 falsitas,
1402 2764 1500 2816 sed
1539 2762 1599 2816 in
1636 2763 1940 2820 intellecti-

284 2850 393 2904 bns
417 2854 594 2920 atque
617 2849 1018 2921 opinionibus,
1048 2855 1103 2905 et
1126 2850 1396 2922 posthaec
1418 2851 1478 2906 in
1500 2852 1741 2908 vocibus
1764 2859 1939 2925 atque

281 2939 682 2995 sermonibus.
721 2942 902 3010 Atque
927 2939 1047 2993 hac
1080 2940 1389 2994 hactenus.
1415 2942 1750 2997 Secundum
1786 2960 1941 2999 com-

279 3029 610 3101 plexionem
638 3045 773 3099 ergo
798 3033 934 3083 sunt
959 3045 1323 3100 quiscunque
1345 3046 1410 3084 ex
1436 3030 1677 3100 integris
1701 3048 1935 3102 compo-

273 3120 408 3174 sitis
442 3119 617 3185 ﬁunt,
645 3118 994 3173 utSocrates
1026 3117 1313 3185 ambulat,
1348 3136 1483 3173 nam
1510 3124 1565 3174 et
1585 3124 1846 3176 Socrates
1880 3127 1936 3177 et

274 3206 545 3262 ambulat
578 3211 827 3278 uterque
858 3207 1083 3277 integer
1114 3224 1305 3263 sermo
1337 3213 1449 3273 est,
1480 3214 1535 3262 et
1582 3212 1935 3279 conjunctus

277 3295 739 3350 afﬁrmationem
763 3295 997 3351 facit.At
1016 3312 1147 3350 vero
1172 3296 1217 3351 si
1246 3297 1380 3367 quis
1413 3296 1570 3351 dicat
1588 3298 1936 3371 ﬂammiger,

274 3385 361 3439 vel
378 3383 859 3447 multisonus,vel
879 3385 1577 3455 ﬂuctivagus.secundum
1596 3388 1937 3459 complexio-

278 3490 412 3528 nem
448 3490 565 3527 non
590 3473 701 3526 erit
724 3472 835 3526 ista
886 3471 1153 3543 prolatio,
1188 3472 1408 3527 idcicco
1432 3475 1584 3544 quod
1620 3492 1687 3530 ex
1711 3478 1937 3533 neutris

274 3562 533 3633 integris
566 3561 784 3615 factum
819 3566 927 3615 est.
958 3562 1175 3616 Horum
1200 3566 1389 3616 autem
1426 3564 1623 3617 decem
1660 3566 1936 3635 praedica-

279 3657 616 3708 meutorum
632 3650 1284 3705 difﬁnitionesinveneri
1310 3668 1422 3705 non
1442 3654 1934 3721 possunt,idcirco

276 3743 430 3814 quod
452 3758 664 3811 eaquae
680 3740 1473 3811 signiﬁcantgeneralissima
1489 3742 1935 3799 sunt.Substan-

276 3831 357 3887 tia
373 3831 531 3885 enim
555 3835 613 3884 et
631 3828 1437 3900 quantitas,etqualitasnulli
1465 3847 1721 3901 unquam
1739 3834 1935 3903 generi

278 3921 557 3975 videntur
601 3935 729 3973 esse
761 3919 1045 3989 subjecta.
1101 3921 1287 3985 Quare
1336 3920 1613 3989 quoniam
1657 3921 1933 3977 dilﬁnitio

282 4009 479 4064 omnis
514 4025 547 4063 a
577 4024 786 4079 genere
810 4007 1257 4079 ducitur,genus
1280 4009 1432 4077 quod
1452 4008 1549 4063 alii
1573 4010 1773 4079 generi
1791 4012 1935 4066 sul)-

270 4098 501 4168 jectum
534 4112 651 4152 non
684 4101 773 4150 est
804 4113 835 4149 a
866 4096 1223 4149 difﬁnitione
1255 4096 1751 4167 relinquitur.Sed
1780 4116 1936 4155 nunc

282 4188 522 4260 quidem
584 4186 849 4241 omnium
903 4185 1489 4257 praedicamentorum
1530 4188 1935 4244 convenientia

281 4277 425 4332 dixit
447 4274 740 4346 exempla,
774 4279 904 4346 post
927 4291 1061 4329 vero
1092 4272 1272 4329 latius
1303 4276 1371 4329 de
1398 4291 1750 4346 unoquoque
1780 4282 1935 4333 trac-

280 4368 542 4422 tabitur:
579 4370 637 4419 et
668 4364 945 4437 quoniam
980 4362 1253 4417 difﬁnitio
1278 4363 1521 4419 inveniri
1545 4364 1707 4419 nulla
1726 4370 1930 4437 potest,

284 4455 642 4525 quibusdam
676 4452 1134 4524 proprietatibus
1151 4451 1754 4523 informantur,quare
1788 4472 1931 4525 quo-

286 4545 440 4599 niam
475 4544 547 4598 de
578 4542 672 4597 his
703 4542 922 4598 dictum
957 4549 1045 4598 est
1072 4542 1259 4614 plene,
1290 4544 1359 4597 ad
1409 4547 1725 4599 tractatum
1759 4546 1927 4601 subs-
1962 4534 2007 4599 D

280 4635 477 4689 tentias
510 4638 900 4689 transeamus.

805 4751 890 4805 DE
933 4749 1411 4805 SUBSTANTIA.

347 4850 680 4906 Substanlia
733 4857 913 4903 autem
972 4865 1091 4918 qum
1121 4851 1341 4919 proprie
1384 4858 1435 4904 et
1462 4850 1849 4919 principaliter
1877 4860 1930 4907 et

284 4941 525 4996 mxima
543 4938 855 5005 (ἐξωμίλειδί
867 4954 985 5007 qua:
998 4952 1172 5007 neque
1192 4937 1257 4991 de
1274 4938 1515 5007 subjecto
1528 4940 1932 5012 dicitur-meque

284 5031 337 5083 in
362 5029 606 5098 subjecto
627 5024 1211 5097 est,ulaliquishomo,
1249 5024 1329 5078 vel
1367 5026 1569 5095 aliquis
1606 5043 1797 5097 equus.
1834 5028 1929 5083 Se-

286 5118 479 5175 cundae
526 5123 713 5171 autem
744 5114 1071 5169 substantia
1111 5112 1371 5167 dicuntur
1394 5117 1616 5184 species,
1648 5118 1707 5171 in
1734 5118 1933 5187 quibus

279 5208 384 5261 illa:
404 5222 533 5279 qua:
549 5202 1285 5276 principalitersubslanlife
1305 5203 1589 5273 dicuntur,
1623 5206 1830 5262 insunt.
1868 5211 1929 5261 Et

284 5296 617 5367 haequidem
650 5299 703 5349 et
734 5295 931 5348 harum
988 5294 1293 5362 specierum
1340 5309 1561 5359 genera,
1625 5298 1683 5348 ul
1733 5295 1933 5364 aliquis

282 5386 522 5453 hamo,in
555 5386 734 5456 specie
755 5383 973 5453 quidem
1004 5389 1082 5436 est
1114 5382 1172 5435 in
1204 5380 1626 5447 homine,genus
1658 5400 1784 5439 vero
1811 5400 1932 5453 spe—

282 5476 625 5542 ciei,animai
655 5471 1017 5527 esl.Secundz
1045 5486 1172 5540 ergo
1193 5470 1520 5527 substantiae
1541 5473 1623 5526 hae
1649 5474 1928 5539 dicuntur,

288 5575 344 5621 ut
371 5571 451 5622 est
483 5566 647 5621 homo
678 5573 838 5635 atque
870 5561 1102 5617 animal.

347 5654 641 5723 Quen-itur
663 5670 768 5710 cur
785 5651 1307 5724 prmdicamentoru
1320 5668 1372 5705 m
1408 5656 1720 5708 tractatum
1745 5670 1777 5709 a
1798 5654 1931 5709 sub-

2048 1877 2432 1940 substantias,
2466 1876 2609 1931 alias
2642 1876 2929 1930 secundas
2961 1892 2973 1929 :
3011 1874 3229 1946 primas
3248 1892 3457 1931 vocans
3480 1877 3695 1931 indivi-

2048 1967 2515 2031 duas,secundas
2533 1982 2667 2019 vero
2687 1965 3120 2019 individuarurn
3137 1964 3362 2036 species
3376 1974 3424 2020 et
3441 1981 3686 2037 genera:

2046 2070 2192 2136 Ergo
2215 2082 2345 2119 cum
2368 2066 2573 2135 primis
2620 2065 3008 2135 secundisque
3036 2065 3353 2119 subtantiis
3380 2082 3693 2123 commune

2049 2154 2125 2210 sit
2152 2172 2265 2209 non
2282 2170 2408 2209 esse
2426 2154 2483 2208 in
2505 2155 3060 2223 subjecto,additum
3087 2155 3292 2224 primis
3316 2156 3688 2223 substantiis,

2048 2245 2121 2300 de
2170 2245 2451 2315 subjectis
2476 2261 2588 2299 non
2629 2245 2951 2315 praadicari,
3003 2245 3223 2315 primas
3264 2245 3627 2301 substantias
3660 2264 3693 2301 a

2048 2334 2323 2388 secundis
2347 2332 3298 2404 substantiisseparat;substantia
3313 2334 3465 2389 enim
3484 2336 3693 2389 indivi-

2047 2424 2183 2489 dua,
2211 2423 2263 2476 in
2292 2441 2355 2477 eo
2374 2424 2521 2492 quod
2547 2428 2635 2477 est
2658 2422 3005 2485 substantia,
3042 2422 3096 2475 in
3116 2424 3379 2491 subjecto
3416 2442 3527 2479 non
3561 2431 3689 2481 est:

2048 2514 2201 2583 quod
2231 2518 2422 2566 autem
2446 2512 2749 2566 individua
2780 2517 2887 2579 est,
2915 2513 2984 2567 de
3002 2514 3267 2581 subjecto
3285 2530 3395 2568 non
3416 2514 3693 2585 przedica-

2045 2606 2161 2656 tur.
2212 2601 2362 2655 Sunt
2393 2617 2526 2672 ergo
2580 2602 2777 2669 primae
2833 2602 3175 2655 substantias
3227 2618 3355 2671 quae
3408 2620 3597 2673 neque
3632 2604 3691 2658 in
3734 2624 3743 2663 τ

2047 2690 2306 2759 subjecto
2347 2695 2504 2755 sunt,
2556 2706 2743 2757 neque
2782 2691 2852 2744 de
2884 2690 3147 2758 subiecto
3178 2691 3476 2755 dicuntur,
3510 2698 3572 2745 ut
3602 2698 3689 2746 est

2045 2779 2311 2833 Socrates
2327 2778 2409 2832 vel
2426 2778 2681 2833 Plato.Hi
2698 2779 2848 2833 enim
2871 2779 3148 2849 quoniam
3166 2780 3512 2834 substantiae
3528 2785 3689 2849 sunt,

2048 2868 2103 2921 in
2138 2868 2399 2937 subjecto
2424 2867 2581 2922 nullo
2612 2872 2770 2922 sunt.
2796 2866 3080 2929 Quoniam
3114 2883 3245 2923 vero
3304 2869 3686 2938 particulares

2044 2957 2451 3029 individuique
2483 2960 2642 3025 sunt,
2678 2973 2747 3010 ne
2779 2955 2936 3010 nullo
2970 2957 3230 3026 subjecto
3273 2956 3681 3028 praedicantur.

2044 3059 2324 3113 Secundae
2344 3073 2475 3111 vero
2501 3056 2844 3110 substantiae
2860 3060 3017 3123 sunt,
3035 3056 3249 3127 quibus
3263 3072 3576 3112 commune
3595 3062 3684 3113 est

2049 3165 2181 3202 cum
2215 3146 2422 3218 primis
2441 3146 2981 3215 substantiis,quod
3008 3145 3064 3199 in
3097 3145 3361 3215 subjecto
3384 3162 3497 3199 non
3523 3152 3683 3215 sunt,

2047 3236 2345 3307 proprium
2376 3251 2511 3289 vero
2535 3235 2689 3305 quod
2724 3235 2793 3288 de
2823 3236 3085 3304 subjecto
3118 3233 3526 3305 prmdicantur,
3558 3253 3685 3305 quae

2045 3328 2311 3381 secunda:
2344 3324 2688 3379 substantiae
2719 3329 2857 3378 sunt
2889 3322 3267 3390 universales,
3303 3329 3369 3377 ut
3400 3330 3484 3378 est
3514 3325 3688 3381 homo

2045 3415 2448 3487 atqueanimal
2476 3432 2488 3483 ;
2514 3416 2950 3485 homonamque
2973 3414 3255 3468 etanimal
3284 3415 3340 3467 in
3366 3414 3525 3469 nullo
3550 3422 3689 3470 sunt

2043 3508 2328 3576 subjecto,
2363 3506 2461 3559 sed
2495 3505 2564 3557 de
2598 3504 2861 3572 subjecto
2894 3504 3089 3574 aliquo
3115 3504 3521 3573 praedicantur.
3539 3509 3687 3561 Sunt

2043 3595 2221 3665 igitur
2254 3592 2452 3664 prima:
2484 3591 2825 3645 substantiae
2860 3590 3683 3661 particulares,secundzeuni-

3734 3120 3743 3151 l

2039 3681 2562 3752 versales.Pr0prie
2579 3685 2773 3735 autem
2792 3680 3155 3735 substantias
3170 3680 3500 3735 individuus
3519 3681 3680 3741 dicit.

2041 3773 2193 3843 quod
2231 3771 2521 3825 hominem
2557 3770 2792 3839 quidem
2815 3769 2969 3823 idem
2996 3770 3182 3839 ipsam
3208 3768 3681 3839 speciem,etani-

2042 3861 2179 3930 mal,
2215 3862 2368 3931 quod
2417 3863 2505 3914 est
2553 3874 2755 3930 genus,
2810 3874 2923 3912 non
2964 3857 3076 3911 nisi
3127 3874 3195 3912 ex
3250 3858 3676 3914 individuorum

2041 3950 2368 4017 cognitione
2381 3947 2928 4017 colligimus.Quare
2942 3946 3215 4016 quoniam
3236 3961 3302 3999 ex
3316 3947 3678 4015 singulorum

2041 4039 2314 4096 sensibus
2346 4036 2696 4109 generalitas
2728 4035 3020 4090 intellecta
3051 4038 3160 4098 est,
3194 4035 3404 4090 merito
3438 4037 3681 4107 proprias

2040 4128 2387 4184 substantias
2415 4124 2633 4179 individ
2648 4141 2719 4178 ua
2740 4130 2793 4177 et
2816 4122 3049 4193 singula
3064 4122 3686 4178 nominantur.Princi-

2042 4217 2246 4289 paliter
2276 4231 2413 4269 vero
2439 4213 2751 4267 individuis
2785 4212 3129 4265 substantia
3160 4213 3324 4265 dictae
3352 4215 3679 4283 sunt,quod

2041 4322 2213 4363 omne
2253 4304 2523 4359 accidens
2544 4302 2783 4372 priusin
2823 4300 3145 4367 individua,
3179 4306 3310 4371 post
3333 4317 3465 4355 vero
3500 4302 3558 4355 in
3591 4318 3681 4356 se-

2040 4395 2265 4451 cundas
2279 4392 2643 4447 substantias
2666 4390 2820 4445 venit
2846 4388 2989 4444 Nam
3013 4392 3289 4460 quoniam
3310 4390 3682 4445 Aristarchus

2039 4483 2459 4557 grammaticus
2504 4484 2592 4535 est
2640 4479 2811 4535 homo
2854 4496 2987 4534 vero
3018 4483 3107 4533 est
3153 4480 3548 4549 Aristarchus,
3597 4486 3686 4536 est

2044 4582 2217 4637 homo
2232 4577 2651 4651 grammaticus
2678 4593 2689 4630 :
2714 4575 2797 4631 ita
2810 4577 2973 4647 prius
2989 4592 3161 4631 omne
3182 4576 3450 4631 accidens
3466 4576 3520 4631 in
3535 4576 3682 4630 indi-

2035 4672 2277 4727 viduum
2311 4669 2489 4738 venit,
2524 4668 2778 4723 secundo
2802 4685 2937 4723 vero
2966 4667 3094 4722 loco
3129 4668 3303 4723 etiam
3355 4668 3413 4722 in
3456 4669 3679 4739 species

2037 4774 2370 4833 generaque
2388 4758 2850 4814 substantiarum
2868 4758 3139 4812 accidens
3154 4756 3295 4811 illud
3310 4758 3503 4812 venire
3519 4764 3683 4829 puta-

2040 4851 2219 4904 bitur.
2254 4853 2429 4904 Recte
2459 4849 2637 4915 igitur
2666 4849 2820 4919 quod
2856 4848 3020 4918 prius
3061 4847 3392 4917 subjectum
3428 4852 3538 4913 est,
3572 4848 3680 4903 hoc

2040 4939 2374 4995 substantia
2402 4936 2798 5008 principaliter
2828 4935 3177 5007 appellatur.
3212 4936 3462 4992 Maxime
3485 4942 3679 4992 autem

2039 5028 2371 5084 substantia
2394 5026 2583 5098 prima
2600 5026 2834 5094 dicitur,
2858 5025 3074 5080 idcirco
3098 5028 3249 5097 quod
3284 5043 3412 5095 quea
3433 5028 3686 5083 maxime

2041 5118 2303 5187 subjecta
2326 5120 2413 5172 est
2439 5117 2614 5170 rebus
2632 5114 2783 5183 aliis,
2816 5131 2879 5169 ea
2914 5115 3167 5170 maxime
3220 5116 3553 5171 substantia
3576 5117 3686 5171 dici

2042 5212 2232 5278 potest
2258 5222 2270 5261 :
2296 5205 2548 5260 maxime
2568 5208 2764 5259 autem
2792 5204 3053 5273 subjecta
3084 5208 3173 5259 est
3199 5205 3389 5275 prima
3412 5206 3691 5261 substan—

2042 5297 2123 5351 tia
2153 5314 2165 5361 ;
2194 5296 2392 5350 omnia
2414 5296 2568 5349 enim
2592 5295 2661 5349 de
2686 5294 2891 5365 primis
2910 5294 3259 5349 substantiis
3282 5294 3690 5363 dicuntur,aut

2040 5386 2249 5457 primis
2264 5385 2614 5439 substantiis
2632 5384 2854 5449 insunt,
2874 5388 2940 5438 ut
2960 5400 3172 5453 genera
3186 5389 3240 5437 et
3254 5384 3475 5454 species
3494 5402 3506 5438 :
3526 5403 3687 5440 nam-

2041 5492 2153 5543 que
2183 5481 2237 5529 et
2268 5491 2481 5545 genera
2512 5479 2566 5529 et
2614 5473 2837 5544 species
2870 5474 3256 5544 praedicantur
3305 5474 3373 5527 de
3433 5473 3683 5544 prOpriis

2042 5564 2383 5629 individuis,
2414 5568 2478 5617 ut
2510 5562 2727 5618 animal
2761 5570 2934 5634 atque
2968 5562 3140 5618 homo
3174 5563 3562 5634 praedicantur
3609 5563 3681 5618 de

2038 5657 2293 5719 Socrate,
2319 5652 2374 5708 id
2426 5658 2513 5708 est
2545 5654 2813 5709 secunda:
2846 5652 3184 5709 substantia
3215 5653 3285 5706 de
3315 5649 3558 5722 primis:
3585 5650 3677 5706 sin
