4094 6176
373 384 477 439 183

1647 376 1765 428 ΔΝ.
1809 369 2028 424 MANL.
2069 363 2224 419 SEV.
2268 359 2504 412 BOETII

3671 307 3792 407 134.

373 528 505 566 vero
532 512 648 564 siut
669 508 1015 574 accidentia,
1042 507 1097 560 in
1125 505 1330 578 primis
1352 500 1703 559 substantiis
1727 495 2017 568 principa-
2052 492 2100 558 Α
2137 485 2630 578 ἂηὶῐηυειθυΐηίξη
2651 479 2758 534 bas
2779 476 3380 578 Ρτῖωεξεὲρδείδηίῖδιε
3405 494 3774 578 ηυτξοιξρεινθ-

376 601 508 656 liter
529 607 685 654 sunt.
720 599 902 662 Quare
926 597 1198 668 quoniam
1234 601 1292 648 et
1345 590 1665 649 accidentia
1715 589 1772 642 in
1819 583 2021 656 primis

379 689 726 743 substantiis
740 685 1139 758 principaliter
1152 681 1656 751 sunt,etsecundze
1675 672 2022 732 substantiae

385 778 455 832 de
471 777 672 848 primis
687 775 1031 830 substantiis
1050 770 1664 845 praedicantur,primre
1685 761 2023 820 substantia":

379 867 651 923 secundis
666 864 1013 919 substantiis
1027 861 1468 930 accidentibusq
1482 877 1548 912 ue
1564 857 1839 925 subjectae
1861 856 2021 906 sunt.

385 956 566 1020 Quare
599 954 872 1024 quoniam
909 954 1030 1007 istze
1057 952 1306 1006 {maxime
1329 949 1598 1016 subjectae
1623 950 1760 1000 sunt
1789 950 1843 997 et
1875 939 2023 995 acci~

379 1045 644 1100 dentium
667 1061 728 1097 su
741 1043 1142 1109 bsistentize,et
1163 1039 1552 1095 secundarum
1569 1033 2033 1090 substantiarum

387 1132 1033 1205 prmdicationiﬁdcirco
1049 1130 1298 1185 maxime
1317 1125 1658 1184 substantia:
1678 1137 2024 1191 nuncupan-

382 1229 491 1278 tur.
529 1222 676 1278 Dicit
706 1227 900 1276 autem
954 1236 1066 1274 non
1101 1217 1290 1273 omnis
1325 1216 1548 1287 species
1596 1228 1783 1283 neque
1831 1209 2028 1265 omnia

387 1330 623 1386 genera,
659 1313 944 1367 secundas
964 1327 1092 1365 esse
1123 1307 1508 1373 substantias,
1533 1308 1632 1360 sed
1666 1319 1764 1358 eas
1799 1306 2024 1356 tantum

389 1421 516 1475 que
549 1405 769 1474 primas
819 1400 1184 1455 substantias
1224 1397 1608 1463 continerent,
1641 1399 1698 1447 ut
1733 1397 1822 1448 est
1851 1391 2027 1445 homo

386 1507 562 1572 atque
589 1497 804 1553 animal
832 1518 844 1564 ;
871 1497 1044 1552 homo
1079 1511 1332 1565 namque
1356 1492 1613 1548 continet
1632 1493 1947 1552 Socratem,
1970 1486 2022 1540 id

387 1594 476 1644 est
499 1589 756 1658 aliquam
780 1586 1140 1640 individuam
1165 1583 1560 1638 substantiam
1579 1621 1590 1635 .
1631 1576 1861 1634 Animal
1895 1591 2027 1629 vero

388 1680 644 1733 continet
670 1676 1035 1730 individuum
1062 1673 1519 1744 spceiemque,id
1553 1675 1641 1724 est
1660 1668 1954 1722 hominem
1971 1669 2028 1719 et

389 1768 642 1837 aliquem
667 1766 1181 1830 hominem.Quare
1203 1778 1412 1833 genera
1439 1767 1495 1814 et
1518 1758 1740 1830 species
1789 1773 1914 1827 quae
1957 1757 2026 1809 de

391 1856 596 1926 primis
612 1854 954 1909 substantiis
971 1850 1541 1923 praedicanturjpsas
1556 1847 1843 1903 secundas
1865 1849 2030 1916 putat
2057 1863 2106 1926 Β

393 1963 518 2002 esse
543 1944 936 2012 substantias;
958 1945 1060 1997 hoc
1093 1949 1283 1996 autem
1307 1941 1412 1995 hoc
1439 1941 1606 1994 modo
1623 1940 1701 1992 ait
1723 1955 1734 1991 :
1754 1935 2032 1991 Secundae

391 2049 584 2099 autem
606 2043 948 2098 substantiae
973 2041 1248 2095 dicuntur
1280 2040 1336 2093 in
1363 2039 1577 2109 quibus
1599 2032 2034 2106 speciebusillze

394 2151 518 2204 qua:
552 2131 1314 2204 principalitcrsubstantim
1345 2129 1621 2182 dicuntur
1654 2126 1885 2179 insunt:
1915 2124 2032 2177 haec

394 2230 450 2278 et
483 2224 690 2277 barum
726 2221 1050 2292 specierum
1095 2235 1326 2290 genera,
1359 2222 1416 2271 et
1444 2216 1580 2270 inde
1629 2213 2034 2269 convenientia

394 2314 558 2382 ponit
607 2309 889 2380 exempla,
925 2325 988 2362 ac
1020 2307 1067 2362 si
1111 2308 1322 2361 diceret
1368 2323 1380 2360 :
1433 2306 1552 2360 Non
1597 2303 1792 2358 omnia
1823 2317 2034 2372 genera

394 2418 580 2472 neque
597 2415 796 2453 omnes
812 2398 1170 2452 substantias
1185 2397 1435 2459 dico,szrd
1455 2412 1551 2449 eas
1569 2397 1793 2446 tantum
1813 2390 2034 2461 species

397 2489 692 2561 inquibus
736 2488 1036 2542 individua
1081 2486 1202 2551 illa,
1258 2486 1314 2539 id
1349 2493 1434 2538 est
1463 2484 1659 2552 primm
1692 2481 2034 2536 substantiae

395 2589 551 2646 sunt,
586 2586 643 2635 et
666 2580 872 2633 harum
905 2577 1226 2648 specierum
1261 2577 1312 2628 id
1346 2580 1570 2645 estque
1603 2571 2032 2640 continentpri-

405 2687 532 2725 mas
554 2669 935 2733 substantias,
959 2683 1190 2738 genere.
1227 2665 1342 2720 Hoc
1370 2671 1563 2718 autem
1583 2662 1794 2716 idcirco
1814 2662 2030 2714 dictant

400 2761 651 2826 videtur,
678 2775 746 2812 ne
766 2759 898 2828 quis
921 2757 1169 2811 colorem
1194 2757 1347 2826 quod
1372 2771 1556 2825 genus
1580 2760 1684 2822 est,
1716 2751 1802 2805 vel
1835 2753 2034 2805 album

404 2852 553 2920 quod
580 2855 668 2902 est
691 2846 936 2918 species,
963 2845 1253 2899 secundas
1304 2849 1460 2915 putet
1493 2859 1621 2898 esse
1651 2841 2036 2905 substantias,

404 2946 516 3000 ista
559 2945 712 2999 enim
753 2945 970 3013 primas
993 2943 1104 2995 sub
1141 2959 1199 2996 se.
1225 2959 1335 2996 non
1374 2940 1690 2996 continent;
1743 2939 1852 2993 Sed
1887 2939 2042 2992 dicat

409 3035 624 3106 aliquis
648 3033 1013 3104 quemadmod
1028 3050 1056 3085 u
1071 3048 1120 3085 m
1143 3032 1332 3102 primis
1349 3035 1616 3100 poterunt
1632 3045 1760 3083 esse
1774 3029 2044 3082 substan—

401 3123 492 3178 tiae
510 3124 978 3185 individuae,cum
997 3138 1166 3175 omne
1181 3122 1332 3190 quod
1354 3118 1918 3190 priusestsublatum
1938 3135 2042 3172 au-

407 3214 546 3265 l'erat
563 3211 612 3263 id
632 3213 783 3280 quod
801 3208 1786 3279 estposterius,posterioribusvere
1804 3207 2044 3262 sublatis
2077 3207 2118 3271 C

407 3299 603 3369 priora
638 3315 748 3352 non
774 3296 1237 3368 pereant?homo
1260 3313 1512 3365 namque
1534 3296 1580 3349 si
1606 3302 1818 3366 pereat,
1838 3297 2014 3350 Socra
2032 3325 2043 3335 -

406 3391 492 3440 tes
513 3402 746 3455 quoque
769 3385 846 3439 sit
868 3384 1145 3438 continuo
1184 3386 1516 3453 periturus;
1546 3386 1590 3436 si
1632 3400 1763 3437 vero
1781 3389 2045 3437 Socrates

405 3473 711 3535 interierit,
748 3473 919 3527 homo
942 3472 1215 3526 continuo
1241 3488 1352 3525 non
1381 3471 1672 3539 peribit.8i
1699 3470 2044 3540 igitur,sub-

402 3562 537 3618 latis
568 3563 880 3634 generibus
896 3569 952 3616 et
974 3561 1297 3632 speciebus,
1331 3561 1628 3614 individua
1654 3561 2041 3630 perimuntur,

400 3663 647 3717 sublatis
680 3661 1020 3724 individuis,
1043 3677 1306 3731 generos,
1325 3661 1662 3730 speciesque
1679 3663 2040 3729 permanent,

401 3752 585 3819 magis
603 3751 1099 3821 primussubslanl
1115 3752 1196 3802 ias
1213 3749 1434 3819 species
1449 3755 1728 3818 etgenura
1759 3747 2045 3801 nominari

402 3842 644 3910 dignum
667 3840 906 3894 t‘uit.Sed
927 3842 1029 3893 hoc
1050 3841 1220 3894 modo
1245 3839 1676 3893 individuorum
1697 3843 1903 3892 natura
1931 3854 2042 3892 non

403 3934 553 3982 recte
580 3929 883 3999 accipitur.
920 3928 1116 3997 Neque
1157 3928 1311 3981 enim
1347 3934 1558 3981 cuncta
1603 3926 2040 3980 indivrduorum

408 4019 741 4073 substantia
776 4019 828 4072 in
858 4035 972 4072 uno
996 4018 1228 4072 Soerate
1253 4021 1361 4083 est,
1387 4016 1467 4070 vel
1511 4015 1775 4086 quolibet
1804 4033 1915 4069 uno
1942 4015 2040 4069 bo-

409 4112 583 4173 mine,
611 4109 707 4162 sed
739 4109 791 4161 in
818 4107 1092 4161 omnibus
1135 4106 1400 4177 singulis.
1451 4111 1671 4160 Genera
1705 4123 1956 4175 namque
1989 4111 2044 4160 et

403 4199 627 4268 species
654 4215 763 4252 non
790 4214 987 4252 exuno
1033 4197 1262 4264 singulo
1316 4195 1350 4240 ῑν
1383 4201 1414 4234 t'
1437 4194 1606 4249 l'reta
1655 4201 1810 4263 sunt,
1843 4196 1942 4247 sed
1976 4211 2042 4249 ex

409 4286 1340 4353 omnibussingulisindividuam
1365 4307 1492 4338 2...;-
1511 4285 1727 4338 ratione
1743 4288 2037 4352 concepta.

408 4379 646 4445 Semper
675 4376 850 4428 etiam
886 4391 1010 4440 quae
1044 4375 1314 4428 sensibus
1349 4375 1766 4445 propiuquiora
1789 4380 1946 4439 sunt;
1978 4389 2044 4426 ea

406 4468 581 4518 etiam
619 4462 879 4534 proxime
914 4464 1305 4532 nuncupanda
1338 4463 1634 4517 vocabulis
1665 4462 2040 4517 arbitramur.

2134 574 2550 638 rit?Quoniam
2582 572 2676 626 hic
2708 573 2775 625 de
2811 569 3144 625 nominibus
3178 574 3462 624 tractatus
3503 570 3776 635 habetur,

2132 665 2372 721 nomina
2407 668 2602 716 autem
2639 659 2824 730 primo
2856 657 2972 713 illis
3005 658 3189 712 indita
3221 668 3359 713 sunt
3393 676 3518 730 quae
3555 660 3774 731 princi-

2131 755 2340 824 paliter
2369 750 2644 806 sensibus
2674 750 2830 802 fuere
2865 749 3147 816 subjecta,
3183 747 3504 818 posteriora
3545 766 3674 804 vero
3717 749 3776 802 in

2136 841 2474 898 nominibus
2505 839 2794 911 ponendis
2827 843 3108 908 putantur
3156 853 3518 907 quacunque
3565 838 3636 892 ad
3694 838 3778 892 in-

2135 932 2490 1003 telligibilcm
2525 927 2818 1001 pertinent
2850 927 3378 995 incorporulitatcm
3406 945 3417 994 ;
3445 945 3626 998 quare
3647 946 3779 998 quo-

2136 1025 2293 1080 niam
2332 1025 2386 1076 in
2408 1022 2514 1076 hoc
2546 1037 2718 1090 opera
2748 1017 3149 1090 principaliter
3169 1019 3240 1073 dc
3272 1018 3610 1074 nominibus
3627 1023 3784 1074 trac-

2134 1120 2289 1168 tatus
2312 1118 2417 1178 est,
2453 1112 2523 1164 de
2555 1109 2873 1163 individuis
2899 1123 3029 1160 vero
3062 1107 3406 1162 substantiis
3427 1123 3551 1179 quas
3579 1107 3783 1179 primas

2137 1202 2411 1259 sensibus
2465 1201 2772 1269 subiacent
2802 1200 2989 1268 prima
3033 1203 3172 1250 sunt
3216 1197 3368 1250 dicta
3413 1196 3688 1252 vocabula
3720 1197 3782 1253 in

2137 1309 2307 1364 opere
2339 1308 2452 1363 quo
2479 1291 2548 1344 de
2581 1287 2877 1344 vocabulis
2911 1288 3291 1355 tractabatur,
3329 1287 3536 1340 merito
3563 1285 3783 1340 indivi-

2138 1382 2264 1436 duce
2314 1378 2742 1448 sensibilesque
2790 1375 3130 1430 substantia:
3184 1375 3385 1446 primae
3436 1374 3782 1429 substantias

2137 1475 2276 1525 sunt
2308 1468 2529 1539 positae.
2566 1466 2706 1520 Cum
2734 1469 2926 1520 autem
2963 1468 3078 1516 tres
3111 1463 3454 1517 substantia:
3479 1463 3620 1530 sint,
3644 1479 3783 1518 ma—

2137 1558 2300 1626 teria,
2334 1556 2579 1627 species,
2617 1559 2670 1608 et
2696 1569 2819 1624 qua:
2849 1568 2916 1606 ex
2934 1551 3243 1622 utriusque
3275 1551 3579 1605 conﬁcitur
3610 1551 3787 1606 undi-

2137 1663 2251 1717 que
2280 1644 2603 1716 composita
2635 1648 2689 1697 et
2724 1646 3030 1712 compacta
3062 1641 3416 1705 substantia,
3450 1640 3544 1695 hic
3593 1655 3784 1712 neque

2137 1737 2206 1791 de
2263 1734 2386 1790 sola
2436 1733 2650 1804 specie,
2696 1747 2884 1802 neque
2929 1732 3000 1785 de
3050 1729 3176 1784 sola
3235 1729 3495 1795 materia,
3545 1730 3644 1785 sed
3711 1731 3786 1784 de

2139 1825 2404 1894 utrisque
2453 1822 2646 1876 mistis
2685 1819 3142 1890 compositisque
3202 1819 3525 1890 proposuit.
3582 1822 3784 1875 Partes

2142 1918 2334 1969 autem
2371 1908 3128 1978 substantireineompnsita‘
3152 1913 3202 1961 et
3240 1906 3786 1978 simpliccssunt,ex

2142 2005 2357 2076 quibus
2375 2003 2500 2074 ipsa
2522 1999 2854 2055 substantia
2871 1998 3425 2069 coniicitur,species
3443 2002 3498 2052 et.
3513 1998 3780 2066 materia,

2141 2110 2286 2164 quas
2312 2098 2441 2164 post
2458 2108 2559 2162 per
2577 2090 2886 2144 transitum
2912 2088 3175 2142 nominat
3193 2086 3796 2152 dicens,substantia-

2142 2201 2261 2238 rum
2294 2187 2483 2253 partes
2507 2185 2564 2235 et
2592 2179 2717 2250 ipsa
2741 2193 2868 2233 esse
2889 2177 3274 2242 substantias,
3303 2181 3478 2247 atque
3504 2176 3620 2232 haec
3647 2175 3790 2231 bac-

2143 2271 2517 2329 tenus.Nunc
2550 2270 2935 2339 expuattionis
2970 2283 3207 2321 cursum
3232 2267 3299 2320 ad
3324 2266 3626 2338 sequentia
3650 2282 3797 2321 con-

2139 2366 2457 2416 vertamus.

2216 2447 2859 2516 Jlanifestumestautem
2890 2460 2960 2498 ex
2982 2445 3050 2495 iis
3077 2458 3199 2513 qua?
3215 2442 3357 2498 dicta
3383 2452 3511 2497 sunt
3534 2445 3801 2514 quoniam

2141 2555 2329 2594 eorum
2355 2553 2474 2606 quae
2507 2535 2571 2590 de
2599 2536 2834 2603 subiecto
2865 2534 3371 2594 dieuntur,necesse
3400 2541 3476 2586 est
3507 2537 3561 2586 et
3589 2548 3796 2587 nomen

2144 2631 2192 2682 et
2225 2629 2489 2679 rationem
2503 2627 2570 2678 de
2596 2625 2826 2693 subjecto
2842 2624 3158 2694 praedicari,
3185 2629 3245 2676 ut
3275 2623 3440 2676 homo
3458 2622 3524 2676 de
3547 2623 3799 2689 subiecto

2144 2715 2334 2786 aliquo
2364 2713 2582 2768 homine
2611 2713 2942 2781 przedicutnr
2961 2730 2980 2766 ,ο
3001 2713 3338 2782 ριίινάὶιτίιιιιν
3365 2727 3574 2783 quoque
3595 2727 3795 2766 nomen

2147 2802 2620 2876 ipsius,hominem
2645 2804 2796 2856 enim
2828 2802 2891 2857 de
2921 2802 3106 2873 aliquo
3149 2800 3376 2856 homine
3431 2800 3794 2869 praedicabis.

2146 2895 2308 2952 Ratio
2335 2908 2542 2963 quoque
2565 2891 2803 2947 hominis
2829 2892 2893 2945 de
2920 2891 3155 2961 subjecto
3177 2891 3362 2960 aliquo
3393 2889 3612 2944 homine
3653 2905 3802 2959 prae-

2147 2984 2427 3039 dico/titur
2455 2999 2466 3036 :
2500 2982 2731 3052 quidam
2771 2980 2922 3034 enim
2957 2980 3118 3034 Immo
3139 2989 3188 3035 et
3211 2981 3367 3034 homo
3388 2987 3534 3034 estet
3558 2979 3797 3048 animal,

2149 3089 2317 3146 quare
2343 3077 2394 3126 et
2412 3087 2603 3125 nomen
2638 3074 2689 3124 et
2713 3071 2859 3124 ratio
2886 3069 3283 3138 praedicabitur
3307 3071 3379 3123 de
3403 3069 3659 3139 subjecto.
3694 3071 3799 3124 Eo-

2154 3180 2278 3218 rum
2310 3177 2431 3216 vero
2463 3175 2586 3230 quae
2628 3159 2690 3213 in
2735 3159 2975 3228 subjecto
3003 3163 3149 3228 sunt,
3197 3161 3252 3213 in
3281 3158 3537 3229 pluribus
3577 3159 3800 3228 quidem

2155 3267 2326 3322 neque
2344 3266 2540 3304 nomen
2562 3249 2625 3302 de
2643 3247 2881 3318 subjecto
2898 3263 3069 3318 neque
3099 3247 3246 3301 ratio
3274 3247 3699 3318 praedicabitur.
3731 3248 3800 3301 In

2151 3342 2432 3411 aliquibus
2453 3349 2635 3392 autem
2650 3336 3078 3408 nomenquidem
3092 3335 3244 3390 nihil
3260 3337 3510 3406 prohibet
3524 3335 3802 3390 interdum

2147 3429 2452 3500 pradicari
2479 3428 2544 3482 de
2569 3428 2804 3492 subiecto
2830 3444 2843 3493 ;
2877 3429 3150 3480 rationem
3182 3441 3304 3480 vero
3337 3423 3689 3494 impassibile
3720 3432 3802 3480 est

2147 3517 2468 3588 praedicari,
2507 3521 2565 3569 ut
2588 3515 2799 3575 uitium.
2833 3531 2955 3569 cum
2988 3532 3046 3568 ιη
3079 3515 3315 3582 subjecto
3351 3517 3421 3569 sit
3462 3514 3522 3568 in
3551 3530 3796 3584 corpore,

2148 3606 2488 3678 pra'dimtur
2519 3604 2581 3659 de
2610 3604 2856 3674 sutjecto
2893 3621 2904 3658 :
2939 3602 3147 3659 dicitur
3175 3602 3322 3658 enim
3353 3619 3548 3674 corpus
3579 3603 3796 3671 album,

2149 3697 2290 3749 ratio
2314 3711 2435 3749 vero
2449 3694 2565 3747 (tibi
2575 3710 2857 3764 nunquam
2889 3691 2952 3747 tle
2973 3709 3198 3761 corpore
3218 3691 3636 3763 pn'edicuhitur.
3658 3695 3692 3746 Α
3707 3693 3799 3747 tia

2150 3793 2333 3838 autem
2359 3785 2541 3837 omnia
2573 3786 2671 3836 aut
2699 3782 2763 3835 de
2782 3783 3034 3849 subjertis
3075 3783 3337 3836 dicuntur
3383 3780 3634 3852 principe
3648 3780 3800 3837 libus

2147 3875 2505 3934 subs/antiis,
2540 3876 2632 3925 aut
2666 3873 2725 3925 in
2755 3871 3018 3938 subjectis
3063 3871 3263 3925 eisdem
3294 3876 3419 3924 sunt
3447 3888 3458 3925 :
3483 3871 3579 3924 hoc
3605 3875 3798 3924 autem

2150 3966 2504 4030 muni/ustum
2523 3971 2601 4016 est
2622 3977 2690 4015 ex
2713 3962 2798 4014 his
2820 3977 2943 4030 qua;
2963 3976 3060 4029 per
3077 3962 3296 4030 singula
3326 3969 3718 4030 proponentur,
3736 3964 3802 4014 ut

2149 4051 2360 4105 animal
2384 4050 2446 4103 (ἰν
2466 4051 2688 4104 homine
2714 4048 3070 4118 praedicatur,
3096 4065 3220 4118 ergo
3242 4049 3305 4102 de
3327 4049 3516 4119 aliqua
3532 4049 3756 4102 homine
3782 4073 3796 4114 ;

2148 4155 2282 4193 nam
2304 4141 2350 4192 si
2367 4139 2429 4193 de
2453 4139 2604 4192 nullo
2623 4139 2937 4208 aliquarum
2965 4137 3268 4203 Ιιιιη-είηιλνη,
3291 4153 3464 4207 neque
3487 4138 3712 4190 omnino
3733 4137 3802 4191 de

2149 4231 2389 4283 homine.
2411 4231 2618 4283 Rursus
2647 4229 2793 4282 color
2823 4229 2880 4282 in
2915 4244 3139 4293 corpore
3163 4232 3262 4290 est,
3292 4244 3415 4298 ergo
3446 4232 3498 4283 et
3522 4230 3576 4280 in
3610 4228 3801 4298 aliqua

2147 4335 2376 4388 corpore
2397 4335 2550 4379 ,‘nam
2574 4320 2629 4370 si
2647 4333 2756 4370 non
2777 4319 2830 4370 in
2857 4318 3043 4388 aliquo
3067 4316 3544 4385 singulorum.nec
3573 4320 3803 4372 omnino

2149 4407 2205 4460 in
2232 4424 2471 4478 corpore.
2507 4407 2686 4474 Quare
2713 4407 2832 4461 alia
2862 4408 3048 4462 omnia
3078 4411 3175 4462 aut
3203 4407 3269 4461 de
3296 4405 3553 4474 subjectis
3581 4407 3805 4476 princi-

2150 4489 2367 4559 palibus
2396 4487 2720 4542 substantiis
2772 4489 3054 4552 dicuntur,
3089 4494 3185 4542 aut
3218 4489 3272 4541 in
3304 4486 3560 4558 subjectis
3591 4486 3804 4541 eisdem

403 4564 506 4628 Qui
535 4563 686 4615 enim
720 4561 938 4631 primus
968 4562 1263 4614 hominem
1301 4562 1466 4628 dixit,
1501 4578 1614 4614 non
1649 4560 1810 4613 illum
1842 4561 1940 4630 qui
1975 4576 2035 4614 ex

2150 4581 2294 4632 sunt.
2320 4577 2431 4631 Non
2455 4577 2813 4632 existentibus
2844 4593 2970 4645 ergo
3001 4579 3199 4646 primis
3228 4577 3562 4630 substantiis
3585 4575 3795 4646 impos-

402 4652 652 4722 singulis
676 4651 1013 4705 horninibus
1046 4650 1371 4714 coniicitur,
1406 4650 1693 4721 concepit,
1729 4651 1826 4703 sed
1847 4650 2040 4703 animo

405 4742 714 4811 quemdam
734 4739 1090 4810 singularem
1114 4739 1663 4808 atqueindividuum
1682 4739 1770 4793 cui
1789 4739 2043 4792 hominis

409 4847 604 4883 nomen
624 4829 1400 4899 imponeret.Er-go,sublatis
1415 4828 1664 4899 singulis
1680 4827 2040 4892 hominibus,

408 4919 582 4973 homo
610 4935 722 4972 non
752 4918 1372 4985 remanet,et,sublatis
1398 4917 2039 4988 singulisanimalibus,

404 5007 623 5062 animal
649 5007 932 5061 interibit.
967 5007 1246 5070 Quocirca
1269 5007 1538 5074 quoniam
1563 5007 1620 5060 in
1649 5005 1758 5060 hoc
1797 5006 1944 5060 libro
1973 5008 2042 5061 de

402 5095 818 5151 vocabulorum
853 5095 1276 5166 signiﬁcatione
1324 5100 1611 5150 tractatus
1657 5095 1924 5155 habetur.
1976 5112 2042 5149 ea

404 5186 620 5256 quibus
662 5185 940 5238 vocabula
961 5185 1122 5254 prius
1157 5185 1344 5254 posita
1393 5189 1552 5251 sunt,
1584 5185 1792 5238 merito
1825 5187 2043 5255 primas

405 5273 770 5327 substantias
795 5275 1189 5343 nuncupavit:
1220 5274 1379 5342 prius
1403 5279 1592 5327 autem
1616 5273 1732 5327 illis
1763 5273 2043 5328 vocabula

407 5364 984 5435 suntinditn,quzepri
999 5381 1063 5416 us
1083 5364 1472 5417 subsensibus
1488 5366 1587 5417 cad
1601 5381 1692 5416 ere
1708 5369 2040 5432 potuerunt.

405 5463 681 5518 Sensibus
703 5479 838 5516 vero
861 5463 1222 5531 objiciuntur
1252 5463 1435 5532 prima
1468 5462 1786 5528 individua,
1839 5464 2042 5516 merito

405 5554 584 5624 igitur
605 5568 669 5606 ea
698 5551 885 5622 prima
917 5551 972 5604 in
1001 5550 1281 5604 divisione
1318 5552 1526 5620 posuit.
1563 5552 1772 5604 Eodem
1810 5568 2042 5622 quoque

406 5643 577 5694 modo
600 5640 699 5694 illa
716 5639 958 5711 quaestio
983 5639 1368 5709 solviturqua:
1393 5639 1532 5694 dicit
1561 5643 1730 5696 :Cum
1768 5641 2044 5695 naturali-

407 5735 494 5784 ter
528 5729 724 5800 primaa
758 5727 1186 5784 intellectibiles
1217 5728 1336 5783 sint
1365 5730 1802 5800 substantiae,ut
1826 5735 1973 5785 Deus
1988 5735 2045 5786 et

2149 4665 2319 4720 sibilo
2336 4675 2547 4720 estesse
2572 4665 2788 4735 aliquid
2818 4666 3079 4719 aliorum.

2225 4754 2432 4808 Omnia
2455 4754 3139 4825 quaecunquedictastmt
3162 4755 3246 4808 vel
3268 4754 3324 4808 in
3350 4755 3611 4825 subjecto
3635 4759 3804 4821 sunt,

2153 4843 2236 4897 vel
2269 4845 2338 4897 de
2388 4845 2649 4911 subjecto
2693 4844 3101 4913 pradicantur,
3145 4844 3243 4898 sed
3271 4860 3381 4898 non
3407 4845 3605 4898 omnia
3636 4860 3801 4912 quae-

2153 4948 2388 5002 cunque
2408 4932 2463 4985 in
2483 4949 2546 4985 su
2562 4933 2747 5000 bjecto
2769 4933 3297 4999 sur.t,de511ti_jcctis
3325 4933 3570 5003 propriis
3591 4933 3806 4986 dicun-

2151 5024 2270 5084 tur,
2302 5037 2554 5089 namque
2578 5021 2728 5089 quod
2758 5021 2812 5073 in
2843 5021 3102 5088 subjecto
3136 5021 3331 5090 aliquo
3358 5022 3546 5087 est,de
3565 5021 3802 5091 proprio

2153 5110 2417 5176 subjecto
2451 5109 2834 5178 praedicatur:
2870 5114 2922 5161 ut
2948 5111 3141 5162 album
3167 5110 3238 5162 de
3260 5125 3498 5180 corpore
3519 5110 3801 5179 praedica-

2153 5199 2490 5259 tur,dicitur
2508 5199 2658 5251 enim
2672 5199 3227 5268 coriitusalbumﬁed
3251 5199 3524 5268 quoniam
3540 5200 3803 5253 secunda

2157 5288 2502 5340 substantia:
2528 5288 2844 5357 primarum
2871 5289 3335 5341 subst:«ntiarum
3362 5287 3448 5342 vel
3474 5288 3803 5358 speciesvel

2159 5393 2371 5443 genere
2407 5389 2546 5430 sunt
2570 5377 2837 5429 iSocratis
2859 5377 3008 5429 enim
3033 5378 3256 5446 species
3280 5376 3454 5431 homo
3477 5383 3649 5442 est,et
3672 5377 3805 5431 ani-

2150 5467 2250 5518 mal
2271 5471 2690 5534 genuslgenus
2709 5471 2899 5518 autem
2919 5465 2987 5517 de
3007 5465 3288 5532 subjectis
3312 5465 3619 5535 speciebus
3641 5470 3698 5518 et
3715 5465 3800 5518 in-

2153 5555 2182 5607 d
2197 5554 2303 5606 ivid
2321 5553 2406 5605 uis
2425 5571 2452 5604 ll
2468 5553 2661 5606 nivoce
2677 5553 3180 5622 przedicatur,secu
3195 5556 3316 5606 udae
3347 5555 3692 5608 substantiae
3725 5555 3796 5609 de

2153 5642 2430 5708 subjectis
2455 5641 2758 5710 speciebus
2784 5642 3026 5694 univoca
3061 5642 3468 5710 prazdicatione
3494 5642 3794 5698 dicuntur.

2150 5731 2430 5787 Convenit
2444 5744 2694 5800 namque
2712 5729 3036 5801 primarum
3051 5732 3510 5786 etsecundarum
3525 5731 3795 5787 substan-
