4060 6178
225 327 322 381 205

1224 330 1300 381 IN
1337 326 1792 382 CATEGORIAS
1831 329 2304 391 ARISTOTELIS
2341 338 2475 392 LIB.
2518 341 2588 393 II.

3503 344 3611 400 206

222 458 397 526 partes
420 451 622 507 vicinis
646 452 1128 517 movebuntur,ut
1152 452 1753 523 sijaceatvirgulavel
1779 470 1847 510 ex
1882 456 1933 521 Α
1963 456 2032 511 de
2063 461 2356 516 continuis
2392 463 2762 535 loquebatur,
2793 469 3027 538 tempus
3054 485 3289 540 quoque
3320 473 3376 523 et
3418 470 3611 526 locum

220 561 334 610 are,
358 541 441 596 vel
465 559 534 596 ex
562 541 911 611 Iigno,velex
933 541 1195 613 quolibet
1214 541 1324 596 alio
1353 542 1608 609 metallo,
1640 542 1685 597 si
1715 543 1850 613 quis

221 648 385 688 unum
401 630 1156 701 ejuscaputvelquamlibet
1186 631 1313 701 ejus
1348 637 1573 703 partem
1598 636 1848 697 moveat,

218 726 323 776 tota
370 736 507 775 mox
551 718 778 791 virgula
820 727 1231 775 commovetur.
1264 719 1381 774 Hoc
1413 725 1606 776 autem
1638 720 1854 775 idcirco

217 810 387 866 evenit
411 810 572 880 quod
590 812 716 880 ejus
742 814 932 881 partes
981 811 1233 879 quodam
1267 810 1563 865 communi
1598 808 1852 865 termino

215 901 668 970 conjunguntur,
691 902 747 953 et
769 898 865 953 ille
887 898 1217 955 communis
1237 898 1525 954 terminus
1550 914 1666 952 una
1689 902 1853 970 parte

216 994 351 1044 mota
384 993 630 1043 caeteras
654 992 867 1043 movet.
893 992 1007 1043 Hoc
1045 1004 1177 1041 vero
1218 987 1275 1041 in
1300 987 1566 1042 discretis
1591 1002 1705 1040 non
1740 991 1849 1041 est.

216 1079 265 1133 lu
296 1093 548 1131 numero
582 1092 836 1147 namque
859 1092 991 1130 cum
1017 1075 1136 1130 sint
1163 1076 1385 1140 decem,
1420 1075 1468 1128 si
1501 1092 1685 1129 unum
1725 1091 1853 1128 mo—

209 1183 347 1233 vero,
382 1166 579 1221 caeteri
609 1183 719 1222 non
748 1165 1313 1229 moventur,immoti
1336 1166 1488 1219 enim
1511 1168 1854 1234 permanent

209 1270 399 1310 novem
423 1260 515 1323 ;et
529 1254 578 1309 si
607 1253 811 1325 plenus
825 1254 1017 1308 tritico
1032 1253 1373 1315 sitmodius,
1398 1253 1446 1307 si
1472 1269 1655 1307 unum
1675 1252 1852 1307 tritici

206 1359 443 1415 granum
468 1358 849 1408 movero,nou
875 1341 1073 1396 omnia
1089 1340 1369 1397 continuo
1391 1357 1570 1413 grana
1594 1358 1855 1395 commo-

206 1432 517 1497 vehuntur,
542 1431 758 1487 idcirco
790 1431 942 1502 quod
979 1431 1230 1486 discreta
1259 1435 1347 1485 est
1379 1430 1719 1497 multitudo,
1750 1446 1855 1485 nec

207 1537 447 1593 granum
475 1538 661 1593 grano
680 1520 799 1576 ullo
827 1520 1124 1576 communi
1142 1520 1392 1574 termino
1406 1520 1636 1573 videtur
1658 1519 1853 1590 impli-

208 1611 400 1665 citum.
429 1612 507 1664 At
538 1627 671 1665 vero
695 1609 743 1664 si
774 1608 1137 1680 ipsiusgraui
1172 1626 1306 1679 pars
1322 1625 1435 1662 una
1455 1610 1531 1662 sit
1558 1614 1737 1672 mota,
1768 1612 1855 1662 to-

206 1702 314 1753 tum
337 1715 563 1770 corpus
586 1698 753 1769 grani
772 1705 1073 1754 moveatur
1095 1713 1331 1752 necesse
1358 1702 1464 1751 est.
1502 1697 1625 1751 Non
1659 1700 1852 1750 autem

205 1804 348 1842 nunc
374 1788 489 1843 hoc
508 1788 751 1853 dicitur,
790 1787 940 1859 quod
970 1787 1121 1841 linea
1144 1791 1369 1841 constet
1391 1802 1456 1841 ex
1485 1785 1739 1856 punctis,
1757 1789 1857 1839 aut

202 1877 544 1948 superﬁcies
569 1892 638 1932 ex
659 1876 851 1942 lineis,
883 1880 982 1931 aut
1000 1876 1255 1930 solidum
1287 1892 1498 1945 corpus
1521 1890 1589 1929 ex
1607 1875 1853 1945 superﬁ-

202 1966 419 2034 ciebus,
446 1966 549 2021 sed
598 1967 752 2037 quod
786 1970 843 2021 et
872 1965 1039 2021 lineas
1084 1964 1321 2021 termini
1356 1970 1573 2035 puncta
1607 1969 1765 2024 sunt.
1799 1968 1856 2017 et

201 2055 530 2128 superﬁciei
552 2055 988 2125 linem,etsolidi
1007 2054 1266 2126 corporis
1291 2052 1853 2124 superﬁcies,nulla-

202 2162 301 2215 que
324 2161 422 2199 res
449 2144 582 2199 suis
608 2144 876 2200 terminis
906 2147 1153 2199 constat.
1174 2141 1453 2206 Quocirca
1479 2146 1761 2212 punctum
1784 2140 1856 2195 li-

204 2251 313 2289 neae
341 2251 461 2289 non
482 2233 599 2289 erit
624 2232 886 2304 pars,sed
907 2232 1239 2288 communis
1265 2230 1554 2286 terminus
1577 2230 1852 2301 partium.

203 2322 544 2394 Superﬁciei
580 2321 753 2386 linea,
790 2326 844 2376 et
875 2321 1210 2392 superﬁcies
1242 2319 1412 2375 solidi
1448 2320 1705 2391 corporis
1737 2334 1854 2372 non

203 2418 367 2467 erunt
391 2416 620 2483 partes,
648 2412 747 2466 sed
775 2410 1027 2482 partium
1048 2409 1284 2465 termini
1307 2426 1667 2465 communes.
1701 2410 1857 2463 Cou-

204 2507 308 2557 stat
324 2500 537 2574 igitur,
565 2506 625 2555 et
644 2498 854 2555 lineam
881 2504 938 2554 et
959 2499 1354 2570 superficiem,
1374 2503 1430 2553 et
1444 2498 1609 2553 solidi
1647 2515 1857 2568 corpo-

202 2590 271 2645 ris
302 2589 779 2645 crassitudinem
800 2603 927 2644 esse
941 2588 1281 2644 continuam
1308 2587 1722 2659 quantitatem.
1755 2586 1856 2641 His

200 2680 297 2736 alia
334 2698 401 2735 ru
415 2697 557 2735 rsus
594 2678 857 2750 apponit.

259 2787 485 2843 Tatium
506 2794 590 2842 est
611 2794 797 2842 autem
826 2789 877 2841 et
910 2789 1119 2854 tempus
1143 2790 1192 2841 et
1220 2785 1389 2853 locus,
1421 2801 1661 2857 presens
1701 2785 1855 2839 enim

199 2882 403 2949 tempus
425 2880 481 2932 et
502 2874 860 2947 prmteritum
878 2881 929 2930 et
947 2879 1205 2945 futurum
1222 2875 1458 2946 copulat.
1484 2876 1689 2930 Rursus
1714 2875 1856 2929 locus

200 2968 591 3022 continuarum
618 2970 716 3035 est,
740 2965 921 3021 locum
935 2964 1083 3020 enim
1104 2965 1397 3035 quemdam
1418 2964 1659 3035 corporis
1680 2965 1857 3035 parti-

200 3057 334 3113 cula?
352 3055 766 3126 obtineamus?
782 3053 852 3108 ad
877 3055 1167 3125 quemdam
1195 3069 1540 3109 communem
1555 3053 1857 3108 terminum

1958 548 2251 603 continuis
2275 552 2503 607 addidit
2521 554 2719 610 dicens
2744 555 2923 609 :Sunt
2941 562 3132 611 autem
3156 559 3361 613 talium
3385 565 3438 613 et
3470 564 3612 614 tem-

1959 652 2070 706 pus
2093 639 2349 706 etlocus,
2380 642 2436 696 id
2464 646 2551 697 est
2584 645 3145 714 continuorum,sed
3172 649 3611 718 postcontinuaa

1958 725 2336 797 discretmque
2350 730 2697 801 quantitatis
2715 732 3058 788 divisionem
3085 733 3258 788 aliam
3276 752 3307 790 a
3328 736 3611 807 principio

1958 830 2164 870 rursus
2206 818 2452 873 orditur.

2028 925 2276 995 Amplius
2306 931 2490 982 autem
2520 929 2654 985 alim
2680 930 2899 1001 quidem
2931 939 3193 986 constant
3223 948 3293 987 ex
3323 932 3611 1002 particulis

1956 1030 2081 1084 quae
2104 1016 2163 1069 in
2179 1017 2423 1085 eissunt,
2446 1020 2769 1087 positionem
2803 1020 2872 1073 ad
2903 1036 2958 1075 se
2990 1023 3225 1076 invicem
3259 1021 3608 1086 habentibus,

1957 1104 2090 1159 alia,D
2108 1110 2290 1161 autem
2322 1123 2396 1160 ea:
2421 1122 2525 1161 non
2581 1107 2911 1163 habentibus
2959 1111 3308 1179 positionem,
3346 1116 3404 1164 ut
3436 1110 3607 1167 linea?

1957 1192 2175 1262 quidem
2203 1196 2501 1264 particulae
2528 1196 2857 1266 positionem
2888 1197 3087 1252 habent
3114 1200 3193 1253 ad
3250 1214 3306 1253 se
3344 1198 3607 1254 invicem.

1959 1280 2255 1352 Singulum
2287 1283 2435 1339 enim
2464 1302 2651 1340 eorum
2673 1287 2843 1340 situm
2865 1294 2942 1340 est
2972 1286 3258 1355 alicubi,et
3278 1287 3445 1343 habes
3468 1288 3614 1343 unde

1955 1387 2139 1426 sumas
2157 1382 2208 1427 et
2223 1374 2462 1445 assiqnes
2478 1378 2911 1448 unumquodque
2930 1377 3026 1432 ubi
3044 1380 3210 1432 situm
3232 1381 3310 1433 est
3334 1379 3395 1433 in
3417 1378 3609 1447 plano,

1957 1463 2007 1514 et
2027 1461 2098 1514 ad
2116 1478 2280 1532 quam
2298 1464 2633 1533 particulam
2646 1466 3295 1537 reliquarumcopulatur
3314 1483 3327 1520 ε
3350 1466 3611 1522 similiter

1958 1552 2139 1603 autem
2162 1559 2212 1605 et
2229 1554 2520 1622 particular
2540 1555 2699 1624 plani
2720 1556 2919 1609 habent
2946 1554 3238 1624 quamdam
3257 1558 3606 1626 positionem,

1958 1638 2225 1693 similiter
2236 1658 2472 1711 namque
2486 1644 2909 1713 unumquodque
2924 1646 3241 1699 Ostenditur
3261 1644 3357 1697 ubi
3367 1646 3534 1714 jacet,
3558 1652 3611 1699 et

1958 1728 2164 1796 quaead
2183 1746 2238 1784 se
2268 1730 2507 1787 invicem
2541 1735 2890 1804 copulentur,
2922 1734 3089 1789 solidi
3106 1750 3314 1805 quoque
3334 1743 3383 1790 et
3405 1734 3510 1789 loci
3537 1733 3611 1788 si-

1886 1822 1931 1886 Β
1960 1816 2192 1871 militer.

2031 1923 2255 1980 Rursus
2274 1926 2482 1996 digerit
2507 1929 2851 1997 quantitatis
2873 1928 3251 1984 differentias.
3285 1929 3429 1983 Sunt
3450 1927 3606 1983 enim

1960 2013 2307 2081 quantitatis
2323 2016 2447 2069 aliae
2470 2018 2707 2086 quidem
2732 2035 2859 2089 quae
2891 2035 2959 2073 ex
2991 2018 3347 2072 habentibus
3371 2018 3606 2089 positio-

1961 2116 2093 2155 nem
2109 2103 2178 2155 ad
2195 2104 2518 2160 seinvicem
2543 2106 2666 2160 suis
2685 2108 2955 2178 partibus
2995 2111 3286 2175 constant,
3321 2108 3445 2161 alias
3468 2123 3602 2163 vero

1960 2207 2085 2261 quae
2107 2191 2325 2247 nullam
2352 2194 2606 2264 partium
2632 2194 2848 2250 habent
2872 2196 3603 2267 positionem.Positionem

1960 2296 2093 2334 vero
2118 2281 2369 2352 partium
2387 2284 2635 2338 retinere
2650 2284 2949 2347 dicuntur,
2984 2301 3233 2355 quarum
3256 2283 3465 2356 triplex
3495 2285 3607 2340 ista

1962 2373 2173 2423 natura
2194 2371 2566 2442 estprimum
2588 2377 2652 2427 ut
2668 2374 2794 2443 ejus
2811 2378 3007 2444 partes
3022 2373 3236 2428 alicubi
3251 2374 3608 2438 sint,deinde

1963 2474 2033 2512 ne
2053 2464 2312 2530 pereant,
2332 2460 2501 2515 tertio
2515 2477 2646 2515 vero
2663 2479 2694 2515 u
2708 2466 2726 2516 t
2739 2478 2867 2516 sese
2887 2466 3077 2533 partes
3096 2462 3233 2533 ipse:
3248 2462 3608 2534 conjungant

1964 2551 2018 2600 et
2042 2547 2273 2619 propria
2297 2549 2739 2605 seordinalioue
2759 2552 3125 2618 continuent,
3170 2554 3235 2605 ut
3284 2555 3374 2606 est
3431 2551 3605 2607 linea.

1966 2634 2154 2690 Posita
2177 2636 2330 2691 enim
2354 2637 2902 2709 lincainsuperﬁcie
2927 2643 3119 2712 possis
3159 2656 3475 2711 agnoscere
3506 2640 3603 2694 ubi

1963 2725 2360 2796 partesipsius
2382 2727 2947 2799 sint,caputquidem
2972 2730 3134 2783 linem
3166 2745 3294 2784 esse
3335 2747 3399 2784 ac
3424 2731 3611 2784 dexte-

1964 2814 2375 2882 ram,medium
2402 2816 2587 2870 medio
2611 2815 3195 2883 loco,extremitatem
3236 2833 3370 2872 vero
3416 2817 3486 2872 ad
3522 2818 3603 2871 si-

1963 2902 2293 2968 nistram,et
2314 2902 2433 2957 haec
2451 2905 2827 2960 manentibus
2850 2906 2991 2974 ipsis
3010 2905 3276 2977 partibus
3301 2905 3602 2971 dicuntur,

1962 2996 2159 3063 partes
2181 2992 2338 3046 enim
2370 2991 2534 3047 lineae
2558 3010 2669 3048 non
2697 3000 2962 3063 pereunt,
3009 2995 3109 3049 sed
3151 2994 3207 3047 in
3255 2993 3378 3048 loco
3400 2994 3453 3047 in
3488 3008 3603 3064 quo

1962 3084 2100 3135 sunt
2123 3086 2482 3149 permanent.
2510 3081 2703 3135 Possis
2724 3098 2956 3153 quoque
2972 3086 3300 3137 monstrare
3319 3099 3446 3152 quae
3469 3098 3605 3152 pars

202 3147 550 3218 capulantur,
578 3147 757 3215 igitur
785 3149 837 3201 et
867 3145 973 3200 loci
997 3146 1291 3216 particula
1320 3161 1440 3217 qum
1469 3144 1720 3200 obtinent
1740 3144 1850 3200 sin-

1964 3144 2134 3224 lineze‘
2153 3169 2244 3223 cui
2269 3170 2418 3239 parti
2449 3144 2950 3236 continuentur'dd
2981 3171 3157 3225 estad
3179 3144 3354 3242 quam
3378 3144 3603 3242 partem

204 3234 357 3303 guttis
373 3235 630 3307 corporis
646 3242 855 3307 partes,
890 3233 959 3288 ad
986 3233 1231 3289 eumdem
1248 3233 1556 3289 terminum
1584 3233 1850 3305 copulan-

206 3327 382 3392 tur,ad
397 3341 567 3399 quem
591 3322 837 3396 corporis
851 3324 1168 3393 particula}.
1189 3324 1531 3395 Quapropter
1557 3323 1855 3378 continuus

205 3417 299 3469 erit
318 3416 489 3471 locus.
522 3414 615 3469 Ad
641 3429 817 3469 unum
838 3412 987 3467 enim
1007 3413 1311 3469 terminum
1333 3429 1672 3469 communem
1683 3428 1851 3486 capu-

205 3505 387 3560 lantur
414 3505 542 3576 ejus
569 3504 887 3576 particulae.

266 3618 521 3685 Tempus
551 3628 787 3685 quoque
819 3617 877 3667 et
927 3612 1121 3668 locum
1173 3612 1465 3668 continuae
1506 3612 1850 3683 quantitatis

208 3719 318 3759 esse
332 3701 708 3775 pronuntiat.
734 3702 993 3771 Tempus
1013 3718 1267 3772 namque
1298 3717 1427 3757 esse
1458 3702 1848 3772 quantitatem

211 3793 817 3857 resillademonstrat,
841 3790 997 3861 quod
1033 3791 1090 3845 in
1111 3790 1325 3861 spatio,
1353 3790 1409 3844 id
1440 3798 1527 3845 est
1570 3792 1629 3845 in
1666 3790 1847 3863 longi-

210 3883 390 3937 tudine
412 3886 476 3937 et
500 3882 562 3935 in
595 3879 1691 3945 brevitate,cousideratur.Conliuuum
1715 3897 1848 3936 vero

212 3986 321 4028 esse
351 3988 444 4027 res
478 3970 585 4025 illa
612 3971 983 4025 demonstrat
1034 3970 1187 4039 quod
1222 3974 1417 4040 partes
1436 3969 1714 4040 temporis
1746 3969 1847 4023 ha-

213 4060 365 4116 beant
385 4060 649 4131 aliquem
665 4074 1039 4114 communem
1054 4058 1375 4113 terminum
1400 4074 1464 4112 ac
1484 4058 1846 4125 medium,ad

214 4165 365 4219 quem
387 4150 837 4220 conjungantur
879 4153 1150 4203 extrema.
1179 4147 1325 4202 Nam
1348 4164 1480 4202 cum
1508 4148 1629 4202 sint
1652 4152 1847 4218 partes

214 4240 477 4310 temporis
518 4238 877 4309 praeteritum
929 4241 986 4291 et
1020 4237 1310 4304 futurum,
1345 4236 1554 4291 horum
1591 4253 1846 4308 praesens

214 4330 425 4400 tempus
443 4327 781 4383 communis
801 4332 892 4381 est
909 4325 1221 4392 terminus,
1236 4325 1416 4395 hujus
1436 4341 1685 4397 namque
1709 4325 1845 4382 ﬁnis

214 4427 301 4484 est,
337 4418 503 4473 illius
535 4416 797 4471 initium.
835 4421 1015 4470 Locus
1037 4431 1269 4485 quoque
1293 4415 1705 4470 continuorum
1735 4420 1842 4472 est.

211 4504 401 4561 Locum
414 4522 556 4562 vero
570 4504 824 4560 dicimus
839 4504 1231 4575 quodcunque
1245 4502 1387 4557 illud
1403 4503 1642 4573 sitquod
1654 4510 1844 4574 partes

212 4596 449 4667 corporis
475 4599 660 4659 tenet,
686 4594 806 4649 sive
828 4610 1031 4665 supra,
1064 4592 1184 4648 sive
1221 4609 1255 4647 a
1285 4592 1485 4658 latere,
1521 4609 1624 4647 seu
1648 4593 1849 4648 subter

212 4687 453 4752 sit.Quod
487 4687 538 4742 si
564 4688 792 4741 cunctis
826 4689 1020 4756 partes
1064 4683 1326 4755 corporis
1365 4682 1554 4739 locum
1591 4683 1847 4755 aliquem

210 4780 403 4842 tenent,
436 4780 497 4832 et
519 4776 621 4847 qui
641 4776 797 4831 circa
821 4790 1036 4846 corpus
1057 4779 1145 4829 est
1175 4774 1360 4842 locus,
1395 4790 1493 4845 per
1525 4790 1698 4829 omne
1730 4791 1849 4830 cor-

214 4865 347 4933 poris
363 4866 628 4938 spatium
645 4870 959 4936 partesque
978 4863 1565 4931 diﬁ'uuditur,omnes
1588 4864 1849 4934 corporis

217 4958 384 5023 partes
407 4955 575 5009 a‘loci
600 4954 864 5025 partibus
887 4952 1356 5024 occupabuntur.
1384 4951 1545 5017 Quod
1569 4952 1618 5007 si
1646 4952 1725 5008 ita
1738 4956 1847 5023 est,

218 5044 297 5111 qui
314 5042 942 5100 communisterminus
955 5041 1617 5112 conjungebatcorporis
1630 5044 1847 5111 partes,

220 5134 321 5200 eius
336 5134 572 5189 termini
595 5134 757 5189 locus
773 5131 871 5188 illa
887 5146 1122 5203 quoque
1136 5129 1263 5186 loca
1285 5146 1411 5201 quae
1428 5135 1565 5184 sunt
1586 5130 1847 5202 corporis

221 5222 685 5295 partiumjungit,
712 5225 765 5278 et
788 5225 878 5277 est
890 5222 1092 5278 eodem
1114 5220 1284 5276 modo
1300 5219 1463 5276 locus
1480 5220 1548 5274 de
1570 5220 1849 5275 continua

221 5316 540 5383 quantitate,
560 5314 1065 5387 quemadmodum
1088 5312 1485 5381 etcorpus.lta
1508 5310 1662 5366 enim
1686 5326 1811 5366 com
1829 5339 1846 5351 -

222 5402 390 5457 munis
435 5403 729 5459 terminus
774 5402 1071 5458 invenitur
1101 5400 1310 5455 inloco
1344 5399 1601 5470 partium
1636 5416 1845 5469 quem-

222 5486 505 5547 admodum
540 5499 597 5547 et
640 5491 1158 5563 corporis,idcirco
1183 5489 1339 5559 quod
1365 5488 1625 5559 corporis
1658 5488 1843 5551 locus,

219 5590 512 5653 percorpus
529 5596 702 5638 omne
719 5578 1263 5643 diffunditurQuod
1284 5582 1481 5633 autem
1504 5577 1677 5632 dixit:
1697 5580 1847 5632 Sunt

221 5671 389 5725 autem
406 5671 602 5729 talium
618 5678 672 5729 et
702 5670 869 5729 locus
902 5673 1229 5740 ettempus,
1261 5666 1544 5740 quoniam
1569 5666 1843 5739 superius

1963 3262 2137 3329 caput
2158 3256 2400 3312 alterius
2421 3258 2600 3329 partis
2634 3260 3085 3330 extremitasque
3103 3260 3505 3331 conjungitur,
3541 3261 3607 3315 ut

1962 3348 2123 3403 dicas
2147 3347 2267 3402 haec
2292 3365 2445 3419 pars,
2468 3347 2629 3403 verbi
2650 3349 2841 3419 gratia
2864 3348 3345 3415 medietas,lineae
3362 3349 3454 3404 hic
3473 3350 3603 3404 ﬁni-

1963 3442 2079 3506 tur,
2104 3435 2297 3493 locum
2323 3436 2422 3491 ubi
2449 3436 3051 3503 desinatmonstraus,
3084 3437 3201 3493 alia
3230 3454 3438 3494 rursus
3469 3455 3605 3510 pars

1962 3525 2129 3580 linem
2148 3526 2328 3581 totius
2342 3524 2436 3580 hic
2450 3525 2833 3597 incipit.Ergo
2850 3526 3002 3582 linea
3019 3527 3211 3599 posita
3226 3528 3283 3581 in
3298 3525 3605 3598 superficie

1962 3614 2223 3686 qualibet
2263 3620 2319 3669 et
2342 3615 2537 3669 locum
2574 3614 2829 3686 aliquem
2867 3620 3063 3687 partes
3094 3617 3222 3685 ejus
3246 3616 3514 3684 retinent,
3547 3619 3607 3671 et

1961 3711 2155 3775 partes
2180 3704 2316 3775 ipsae
2339 3721 2453 3758 non
2480 3709 2806 3773 pereunt,et
2820 3708 3015 3774 posset
3032 3704 3606 3775 quilibetaguoscere

1963 3793 2059 3849 ubi
2093 3793 2431 3848 extremitas
2462 3793 2712 3862 partium
2747 3794 3159 3863 coujuugatur,
3193 3798 3250 3847 et
3296 3810 3409 3864 quo
3441 3793 3513 3848 ad
3541 3807 3604 3848 se

1960 3880 2351 3937 invicemloco
2369 3883 2801 3937 continuentur.
2841 3881 2959 3937 Hoc
2976 3899 3209 3953 quoque
3232 3883 3387 3937 idem
3418 3882 3477 3936 in
3502 3897 3605 3935 su-

1961 3972 2194 4043 perficie
2212 3971 2627 4042 evenit,partes
2648 3971 2803 4026 enim
2835 3972 3159 4043 superﬁciei
3178 3972 3236 4026 in
3253 3972 3448 4042 aliquo
3479 3969 3603 4025 loco

1961 4065 2121 4127 sunt,
2141 4065 2198 4115 et
2222 4061 2359 4131 ipsae
2389 4076 2625 4131 quoque
2648 4078 2758 4115 non
2792 4065 3056 4132 pereunt,
3076 4064 3133 4115 et
3166 4060 3265 4115 ubi
3299 4077 3431 4131 pars
3455 4058 3603 4131 parti

1961 4149 2871 4222 conjungaturostenditur,idem
2886 4166 3117 4221 quoque
3131 4149 3396 4203 soliditas
3413 4148 3605 4216 habet,

1962 4244 2020 4295 et
2046 4238 2155 4295 loci
2189 4255 2419 4310 quoque
2450 4243 2644 4311 partes
2690 4238 3110 4293 continuantur
3151 4239 3217 4292 ad
3253 4255 3351 4294 eas
3383 4236 3606 4292 scilicet

1963 4333 2158 4399 partes
2171 4328 2240 4383 ad
2256 4345 2401 4398 quas
2417 4327 2674 4399 corporis
2694 4332 2888 4397 partes
2911 4327 3150 4382 sibimet
3163 4328 3601 4394 continuantur,

1962 4417 2119 4472 sicut
2154 4417 2279 4486 jam
2339 4433 2519 4487 supra
2568 4416 2792 4471 dictum
2855 4421 2963 4471 est.
3015 4416 3295 4481 Quocirca
3336 4415 3603 4485 ejusdem

1963 4509 2181 4561 naturas
2240 4505 2349 4559 erit
2405 4509 2462 4559 et
2512 4503 2701 4573 locus,
2761 4505 2931 4574 cujus
2984 4508 3105 4559 tota
3161 4504 3427 4559 soliditas
3473 4504 3601 4558 erit.

1957 4598 2104 4666 Ergo
2126 4599 2179 4649 et
2206 4599 2367 4647 locus
2390 4609 2457 4647 ex
2483 4593 2684 4647 eodem
2710 4608 2922 4664 genere
2962 4593 3312 4664 quantitatis
3341 4597 3450 4658 est,
3485 4607 3603 4662 quo

1959 4688 2048 4739 est
2068 4687 2123 4738 et
2141 4681 2427 4745 soliditas,
2450 4681 2507 4736 id
2539 4687 2628 4736 est
2654 4699 2721 4737 ex
2752 4682 3105 4737 habentibus
3157 4683 3227 4736 ad
3258 4698 3320 4737 se
3350 4680 3600 4735 invicem

1961 4771 2307 4844 positi-mem
2339 4771 2464 4825 suis
2496 4771 2763 4843 partibus
2795 4778 3094 4827 constans.
3130 4771 3317 4826 Locus
3341 4770 3521 4842 igitur
3546 4774 3604 4825 et

1959 4861 2084 4931 ipse
2114 4878 2181 4915 ex
2213 4859 2569 4913 habentibus
2592 4860 2715 4914 suis
2749 4860 3013 4931 partibus
3044 4860 3396 4931 positionem
3439 4858 3511 4913 ad
3538 4874 3600 4913 se

1959 4948 2206 5004 invicem
2238 4953 2486 5003 constat.
2517 4953 2662 5021 Ergo
2691 4948 2799 5003 tria
2820 4949 2940 5005 haec
2955 4949 3129 5019 (sicut
3161 4966 3341 5019 supra
3374 4948 3601 5001 dictum

1958 5041 2065 5108 est)
2099 5038 2524 5092 consideranda
2553 5041 2791 5101 sunl,ut
2811 5039 2881 5091 ad
2907 5053 2967 5091 se
2997 5037 3242 5092 invicem
3261 5036 3606 5107 positionem

1958 5133 2154 5199 partes
2179 5128 2389 5182 habere
2410 5127 2739 5195 videantur,
2760 5126 2816 5180 id
2835 5132 2922 5181 cst
2943 5126 3135 5181 locum
3165 5126 3222 5180 in
3258 5142 3371 5197 quo
3405 5129 3602 5196 partes

1958 5219 2098 5289 ipsae
2122 5217 2239 5271 sint
2280 5216 2501 5287 positae,
2530 5220 2592 5270 ut
2625 5221 2819 5287 partes
2843 5215 2955 5269 illae
2981 5233 3096 5270 non
3140 5219 3398 5287 pereant,
3434 5217 3499 5268 ut
3532 5214 3609 5268 sit

1955 5307 2208 5378 partium
2232 5304 2592 5360 continentia
2622 5309 2792 5375 atque
2823 5303 3373 5366 continuatio.Quod
3400 5303 3446 5357 si
3474 5299 3612 5373 quis

1956 5394 2279 5450 dicathanc
2304 5411 2421 5449 rem
2446 5393 2569 5449 loco
2592 5394 2817 5453 deesse.
2842 5409 2907 5448 eo
2932 5394 3081 5464 quod
3112 5394 3172 5446 in
3205 5392 3329 5447 loco
3365 5408 3477 5445 non
3498 5389 3606 5455 sit,

1956 5486 2013 5540 in
2048 5486 2170 5541 loco
2201 5485 2356 5539 enim
2390 5489 2601 5538 cuncta
2618 5488 2775 5549 sunt,
2808 5482 2974 5537 locus
3007 5487 3199 5535 autem
3228 5482 3285 5535 iu
3320 5481 3445 5533 loco
3479 5492 3610 5531 esse

1955 5576 2080 5647 ipse
2112 5590 2224 5628 non
2263 5572 2822 5644 poterit.Dicendum
2847 5575 2935 5624 est
2958 5569 3237 5639 quoniam
3270 5566 3488 5620 idcirco
3510 5579 3609 5616 su-

1956 5663 2219 5738 perﬁcies
2247 5666 2303 5717 et
2329 5660 2596 5716 soliditas
2620 5664 2674 5715 et
2696 5660 2849 5715 linea
2874 5659 3091 5713 habere
3112 5656 3459 5729 positionem
3480 5667 3612 5723 par-
