4094 6176
316 197 424 253 215

1576 191 1695 246 ΔΝ.
1737 188 1959 246 MANL.
2000 190 2167 245 BEV.
2205 191 2449 246 ΒΟΕΤΠ

3621 182 3727 239 216

321 339 450 379 esse
481 322 973 390 contrarium,sed
1004 336 1120 376 una
1152 324 1321 389 atque
1352 318 1553 372 eadem
1588 332 1825 381 res,uno
1856 332 1961 371 eo-
1996 316 2050 381 Α
2081 316 2647 371 cumdesubstantia
2668 312 3275 386 disputaret.Aitenim
3293 312 3446 385 quod
3460 311 3736 366 substan-

325 415 577 484 demque
600 417 861 483 tempore
878 417 1069 482 potest
1089 424 1302 478 magna
1327 423 1453 461 esse
1470 412 1525 460 et
1550 411 1815 476 parva,ut
1833 406 1880 458 si
1897 405 1973 459 sit

332 505 529 558 decem
565 504 778 573 pedum
806 516 1077 554 mensura
1111 497 1323 551 collata
1354 497 1423 549 ad
1459 497 1704 549 duorum
1755 494 1971 564 pedum

324 592 820 663 magnitudinem,
839 588 1228 657 magnaestad
1249 591 1476 639 centum
1497 601 1627 639 vero
1642 584 1970 638 cubitorum

326 681 794 751 magnitudinem
824 691 1278 745 mensuramque
1310 674 1540 738 collata,
1571 674 1768 727 eadem
1798 689 1973 743 parva

326 775 438 825 est.
480 770 675 822 Potest
704 782 841 835 ergo
875 765 1075 819 eadem
1107 780 1197 818 res
1231 764 1430 817 eodem
1466 768 1726 833 tempore
1760 766 1816 816 et
1848 778 1973 815 ma-

325 857 651 932 gnitudinis
684 874 811 911 esse
863 855 1261 926 susceptibilis
1314 860 1368 909 et
1400 854 1725 925 parvitatis.
1760 854 1972 907 Eadem

329 950 483 1004 enim
516 964 606 1001 res
642 962 753 1000 uno
806 946 1129 1016 eodemque
1164 950 1421 1014 tempore
1452 943 1521 997 ad
1560 942 1838 1012 majorem
1874 940 1979 995 mi-

332 1051 649 1105 noremque
680 1033 891 1089 collata
920 1034 1121 1088 eadem
1157 1048 1372 1104 magna
1399 1040 1447 1085 et
1485 1047 1652 1100 parva
1687 1030 1975 1096 est.Quod

331 1127 378 1180 si
396 1141 675 1195 magnum
696 1140 871 1195 parvo
888 1123 1248 1178 contrarium
1269 1127 1377 1190 est,
1395 1120 1596 1175 eadem
1614 1136 1745 1174 vero
1779 1136 1867 1173 res
1891 1135 1981 1173 eo-

331 1217 460 1271 dem
475 1220 589 1268 tem
602 1230 735 1284 pore
749 1218 803 1266 et
818 1212 1277 1284 magnitudinem
1292 1208 1979 1280 suscipitetparvitatem,

330 1304 533 1359 eodem
567 1308 827 1372 tempore
876 1299 1163 1370 contingit
1214 1304 1278 1353 ut
1308 1299 1509 1353 eadem
1545 1315 1633 1351 res
1688 1297 1983 1352 contraria

333 1398 578 1463 utraque
599 1390 907 1460 suscipiat,
929 1391 1025 1443 sed
1054 1389 1160 1443 hoc
1189 1386 1553 1457 impossibile
1574 1392 1681 1442 est.
1703 1386 1984 1451 Quocirca

333 1481 612 1552 quoniam
650 1496 741 1534 res
771 1479 972 1533 eadem
1008 1478 1207 1532 eodem
1241 1480 1499 1546 tempore
1552 1476 1981 1529 contrariorum

334 1567 735 1639 susceptibilis
766 1583 877 1622 non
906 1572 1015 1631 est,
1052 1571 1240 1637 potest
1259 1582 1390 1619 vero
1424 1582 1539 1619 una
1574 1570 1748 1634 atque
1780 1564 1982 1619 eadem

2078 405 2161 459 tia
2192 422 2493 475 nunquam
2526 405 2714 475 magis
2748 404 3013 459 minusve
3036 402 3635 473 suscipient,quocira
3657 401 3729 456 ad

2080 496 2336 550 maxima
2369 495 2602 565 propria
2635 494 2809 549 solita
2841 493 3237 549 constituendi
3274 491 3501 546 ratione
3520 506 3736 561 regres-

2080 601 2181 639 sus
2224 589 2329 637 est.

2148 674 2442 743 Proprium
2475 677 2659 726 autem
2690 674 2963 727 maxima
3013 669 3340 743 quantitatis
3378 672 3477 735 est,
3512 670 3655 737 quod
3686 678 3740 725 et

2076 764 2289 833 aequale
2326 761 2907 832 etinmqualedicitun:
2935 760 3596 832 Singulumenimearum
3612 774 3733 828 quae

2079 851 2235 906 dictae
2266 854 2786 915 suntquantitatum
2805 851 3021 920 aequale
3050 850 3254 903 dicitur
3282 859 3333 905 et
3355 848 3654 920 inaequale,
3674 857 3736 902 ut

2080 956 2277 1010 corpus
2298 948 2347 995 et
2362 941 2581 1010 mquale
2602 945 2653 993 et
2680 940 2955 1010 ina’quale
2970 938 3195 1001 dicitur,
3222 943 3271 993 et
3289 943 3501 1009 tempus
3522 938 3737 1008 mquale

2081 1034 2130 1085 et
2160 1030 2441 1100 ianuale
2470 1030 2782 1094 dicitur,rt
2811 1044 3078 1082 numerus
3105 1027 3337 1097 a’qualis
3358 1037 3408 1083 et
3431 1025 3743 1097 inaequalis

2083 1122 2315 1183 dicitur,
2336 1121 2573 1174 etoralio
2595 1118 2831 1188 a’qualis
2848 1122 2898 1172 et
2920 1118 3229 1186 inmquatis.
3256 1115 3534 1171 Similiter
3552 1126 3740 1170 autem

2084 1216 2138 1266 et
2169 1214 2227 1263 in
2259 1214 2393 1267 aliis
2414 1226 2539 1282 qua:
2559 1209 2703 1264 dicta
2725 1212 2872 1272 sunt,
2894 1206 3188 1278 singulum
3218 1209 3267 1260 et
3287 1206 3501 1276 ecquale
3519 1210 3571 1260 et
3604 1207 3742 1261 ina?-

2086 1302 2244 1372 quale
2270 1302 2562 1356 diciturJn
2588 1300 2803 1354 caveris
2824 1312 2945 1351 vero
2966 1310 3093 1366 quae
3110 1297 3447 1364 quantitates
3464 1311 3572 1349 non
3589 1302 3739 1362 sunt,

2086 1407 2193 1445 non
2226 1392 2464 1444 multum
2497 1389 2769 1444 videbitur
2797 1388 3011 1456 wquale
3052 1390 3103 1441 et
3134 1386 3415 1455 inaequale
3445 1385 3578 1449 dici,
3607 1400 3741 1438 nam

2087 1482 2300 1553 aﬂectio
2330 1486 2380 1536 et
2410 1478 2696 1549 dispositio
2712 1477 2945 1548 mqualis
2976 1479 3024 1530 et
3047 1475 3343 1546 inmqualis
3369 1491 3481 1529 non
3501 1474 3744 1528 multum

2088 1571 2315 1638 dicitur,
2330 1571 2423 1625 sed
2438 1570 2619 1636 magis
2641 1567 2846 1622 similis
2859 1572 2912 1619 et
2932 1566 3306 1631 dissimilis,et
3325 1564 3510 1619 album
3531 1562 3751 1633 aequale

337 1676 429 1714 res
466 1657 927 1726 magnitudinem
956 1657 1412 1727 parvitatemque
1428 1655 1743 1723 suscipere,
1769 1654 1986 1721 magni—
2016 1681 2061 1744 Β
2090 1667 2141 1715 ει
2172 1660 2451 1729 inaequale
2496 1674 2603 1713 non
2649 1657 2887 1710 multum
2917 1655 3150 1722 dicitur,
3199 1654 3289 1709 sed
3317 1652 3523 1707 simile.
3570 1653 3755 1719 Quare

341 1748 475 1803 tudo
494 1752 549 1801 et
583 1746 837 1817 parvitas
860 1745 1151 1799 contraria
1184 1762 1293 1799 non
1330 1749 1488 1799 sunt.
1521 1746 1592 1798 At
1621 1761 1753 1798 vero
1786 1743 1983 1813 siquis

340 1851 620 1905 magnum
656 1851 827 1905 parvo
882 1833 1238 1888 contrarium
1291 1840 1489 1903 ponat,
1534 1832 1732 1886 eadem
1765 1834 1982 1886 ratione

335 1940 514 1978 unam
530 1923 909 1992 eamdemque
923 1939 1041 1977 rem
1058 1921 1167 1975 sibi
1186 1922 1292 1991 ipsi
1308 1922 1450 1975 dicit
1467 1937 1593 1975 esse
1611 1920 1985 1975 contrariam.

336 2017 478 2065 Nam
511 2011 559 2066 si
588 2028 827 2081 parvum
855 2026 1064 2079 magno
1083 2016 1172 2065 est
1202 2009 1580 2074 contrarium,
1615 2010 1815 2063 eadem
1849 2026 1980 2063 vero

336 2101 525 2171 res(ut
542 2100 733 2169 docui)
749 2116 923 2171 parva
937 2106 992 2154 et
1007 2115 1219 2169 magna
1233 2103 1419 2169 potest
1434 2115 1561 2153 esse
1578 2099 1646 2151 ad
1664 2097 1819 2153 aliud
1839 2103 1893 2153 et
1909 2100 1979 2154 ad

335 2190 493 2245 aliud
528 2189 750 2245 scilicet
780 2193 1136 2257 comparata.
1171 2191 1280 2241 Res
1313 2204 1437 2257 qua:
1471 2204 1643 2258 parva
1679 2192 1735 2242 et
1768 2204 1980 2258 magna

332 2284 443 2347 est,
476 2280 678 2333 eadem
716 2278 828 2332 sibi
850 2281 1184 2347 potestesse
1208 2277 1523 2339 contraria,
1558 2294 1796 2347 parvum
1820 2276 1978 2331 enim

332 2376 683 2438 etmagnum
712 2366 1072 2421 contrarium
1093 2366 1313 2420 dictum
1334 2371 1443 2433 est,
1466 2367 1565 2419 sed
1600 2370 1687 2419 est
1718 2365 1983 2436 impossi-

332 2457 469 2511 bile.
502 2456 782 2519 Quocirca
836 2471 1077 2525 parvum
1110 2460 1165 2508 et
1211 2470 1491 2524 magnum
1525 2453 1815 2508 contraria
1864 2472 1978 2509 non

335 2551 497 2601 sunt.
531 2546 669 2599 Post
690 2544 1029 2614 hujusmodi
1052 2560 1183 2597 vero
1217 2544 1501 2597 rationem
1526 2548 1583 2597 et
1613 2549 1984 2614 argumenta-

335 2633 512 2689 tionis
528 2633 877 2688 iirmissimae
895 2632 1350 2704 pr0positionem
1368 2633 1435 2686 de
1447 2632 1855 2687 contrarietate
1871 2631 1984 2687 dis-

338 2725 481 2779 serit
512 2724 643 2789 loci,
679 2723 749 2779 de
779 2740 895 2794 qua
927 2722 1199 2793 superius
1225 2724 1349 2791 jam
1401 2722 1679 2787 diximus,
1713 2721 1983 2790 quocirca

342 2813 747 2885 pretereunda
779 2816 886 2878 est,
920 2827 989 2865 ne
1020 2811 1275 2881 repetita:
1318 2808 1696 2881 expositionis
1732 2810 1979 2878 iteratio,

338 2900 571 2955 fastidio
601 2899 674 2956 sit
707 2899 900 2971 potius
931 2915 1107 2969 quam
1140 2896 1434 2953 doctrinae.

407 3039 529 3091 Non
553 3034 962 3089 videturautem
982 3034 1266 3104 quantitas
1294 3034 1570 3103 suscipere
1599 3034 1775 3100 magis
1804 3040 1859 3087 et
1886 3034 1988 3087 mi-
2016 3047 2058 3114 ρ

336 3139 460 3189 nus,
493 3128 553 3176 ut
587 3124 908 3187 hicubitum,
932 3138 1106 3192 neque
1120 3122 1266 3176 enim
1300 3126 1379 3176 est
1407 3121 1563 3176 aliud
1583 3122 1887 3190 aliomagis
1903 3122 1983 3175 bi-

339 3213 787 3280 cubitum,neque
806 3213 861 3264 in
885 3227 1130 3278 numero,
1159 3215 1219 3263 ut
1240 3213 1521 3264 ternarias
1548 3211 1985 3281 quinariomihil

338 3301 487 3354 enim
504 3300 679 3366 magis
702 3301 809 3352 tria
824 3298 1075 3353 dicentur
1086 3316 1247 3367 quam
1279 3302 1651 3369 quinque,nec
1674 3304 1781 3353 tria
1804 3303 1984 3371 potius

340 3405 509 3459 quam
541 3390 678 3453 tria,
704 3402 875 3456 neque
892 3391 1098 3456 tempus
1116 3387 1271 3440 aliud
1294 3387 1410 3441 alio
1436 3389 1612 3456 magis
1632 3392 1682 3441 et
1706 3388 1888 3441 minus
1907 3388 1987 3441 di-

341 3481 507 3543 citur,
534 3493 631 3531 nec
654 3476 711 3530 in
726 3476 812 3529 his
833 3476 1119 3548 quaedicta
1137 3480 1285 3539 sunt,
1312 3477 1482 3545 magis
1496 3480 1545 3529 et
1564 3475 1748 3529 minus
1761 3479 1984 3532 omnino

344 3569 560 3623 dicitur
572 3612 579 3620 .
590 3568 770 3635 Quare
782 3576 833 3621 et
851 3568 1141 3636 quantitas
1156 3581 1260 3619 non
1275 3566 1499 3635 suscipit
1516 3567 1696 3633 magis
1710 3571 1761 3620 et
1780 3568 1982 3620 minus.

412 3701 586 3757 Aliud
624 3701 921 3771 proprium
973 3716 1178 3755 rursus
1209 3699 1484 3770 apposuit
1529 3700 1683 3770 quod
1716 3700 1986 3769 quamvis

344 3790 683 3861 qaantitatis
710 3790 1008 3859 proprium
1032 3807 1144 3843 non
1164 3790 1261 3854 sit,
1284 3805 1386 3843 cur
1414 3795 1605 3843 tamen
1631 3805 1743 3843 non
1769 3788 1842 3842 sit
1862 3789 1984 3859 ipse

344 3880 774 3945 reticuit,nobis
802 3884 997 3932 tamen
1031 3884 1117 3933 est
1148 3879 1853 3948 demonstrandum;quod
1889 3896 1986 3932 au-

342 3973 459 4022 tem
477 3967 615 4021 dicit
630 3970 741 4021 tale
762 3968 1176 4037 estzquantitas
1193 3967 1379 4037 magis
1394 3973 1449 4021 et
1466 3966 1661 4021 minus
1678 3984 1787 4021 non
1804 3967 1986 4021 susci-

341 4058 446 4129 pit,
465 4057 660 4112 nullus
678 4058 833 4113 enim
854 4076 1134 4114 numerus
1158 4057 1271 4113 alio
1287 4076 1526 4113 numero
1548 4076 1648 4113 nec
1666 4059 1851 4126 magis
1881 4075 1985 4113 nec

340 4148 642 4202 minusest
676 4164 976 4202 numerus.
998 4147 1139 4202 Nam
1174 4150 1460 4201 ternarias
1485 4148 1532 4201 si
1551 4147 1816 4216 quinario
1834 4163 1987 4200 com-

342 4241 599 4303 paretur,
620 4250 723 4288 uec
739 4234 927 4304 magis
957 4251 1059 4288 nec
1079 4237 1377 4289 minusest
1393 4240 1982 4297 uumerus,etrursus

341 4322 452 4391 ipsi
486 4327 603 4376 tres
636 4323 900 4392 sibiipsis
931 4323 1270 4392 comparati,
1306 4340 1409 4377 nec
1435 4322 1622 4393 magis
1656 4339 1758 4377 nec
1788 4322 1982 4375 minus

2092 1750 2423 1821 quantitatis
2452 1748 2721 1803 maximae
2751 1750 2828 1802 est
2856 1749 3141 1817 praprium
3172 1745 3381 1819 aquale
3409 1748 3458 1800 et
3489 1746 3747 1813 inequa-

2090 1845 2141 1896 le
2166 1842 2295 1895 dici.

2161 1927 2515 1994 Quantitatis
2550 1925 2849 1997 proprium
2883 1924 3253 1996 apertissime
3283 1923 3554 1994 designat
3584 1937 3737 1987 esse,

2088 2020 2237 2089 quod
2255 2017 2573 2071 secundum
2588 2015 2971 2086 quantitatem
2987 2012 3288 2084 aequalitas
3301 2018 3356 2068 et
3372 2010 3742 2083 inaequalitas

2090 2126 2120 2161 n
2133 2124 2281 2161 uncu
2294 2103 2746 2176 patur.Singul&
2757 2104 2909 2157 enim
2928 2102 3129 2173 quanti
3142 2105 3283 2156 lates
3296 2098 3546 2171 mquales
3561 2103 3741 2169 atque

2089 2195 2410 2266 inaequales
2426 2194 2720 2255 dicuntur,
2745 2191 3059 2261 utaaqualis
3080 2189 3429 2253 linealinete,
3457 2194 3510 2243 et
3534 2203 3747 2242 rursus

2088 2283 2414 2354 inaequalis,
2449 2288 2504 2337 et
2534 2281 2863 2351 superﬁciei
2910 2280 3249 2349 superﬁcies
3295 2276 3535 2349 aqualis
3567 2280 3747 2347 atque

2090 2372 2396 2443 inaequalis
2416 2372 2650 2433 dicitur,
2674 2375 2731 2424 et
2749 2386 2963 2440 corpus
2979 2367 3199 2438 {equale
3216 2372 3272 2421 et
3302 2364 3586 2437 inaequale
3610 2364 3753 2418 dici-

2090 2467 2206 2516 tur.
2238 2467 2524 2515 Numerus
2544 2475 2775 2529 quoque
2792 2463 2847 2513 et
2868 2463 3101 2527 tempus
3122 2460 3178 2510 et
3208 2456 3371 2510 locus
3394 2453 3639 2527 azqualis
3663 2458 3749 2507 at-

2089 2566 2203 2621 que
2223 2548 2524 2619 inaequalis
2541 2548 2774 2601 dicitur.
2810 2549 2871 2601 In
2888 2545 3020 2599 aliis
3036 2550 3228 2599 autem
3245 2561 3369 2615 quae
3384 2542 3745 2611 quantitates

2091 2656 2200 2694 non
2228 2644 2387 2701 sunt,
2412 2654 2523 2692 non
2548 2641 2635 2691 est
2658 2634 2823 2690 facile
2847 2640 2911 2688 ut
2937 2633 3240 2704 aequalitas
3258 2632 3346 2687 vel
3370 2630 3744 2701 inaequalitas

2090 2728 2388 2784 nominetu
2401 2724 2866 2795 r.dispositiones
2885 2740 3021 2794 ergo
3040 2739 3168 2793 quin
3192 2721 3526 2776 affectiones
3549 2719 3749 2790 appel-

2089 2816 2309 2881 lantur,
2335 2832 2448 2869 non
2474 2814 2753 2868 dicuntur
2768 2812 3021 2881 aequales
3058 2810 3143 2866 vel
3162 2809 3605 2880 inaequales,sed
3626 2824 3750 2862 ma-

2090 2907 2177 2975 gis
2192 2905 2323 2960 simi
2336 2905 2415 2959 les
2431 2909 2487 2958 et
2500 2902 2731 2957 dissimi
2744 2900 3174 2972 les.Dispositio
3193 2904 3388 2954 autem
3411 2898 3500 2953 vel
3517 2897 3745 2952 affectio

2093 3000 2179 3050 est
2194 2995 2261 3049 ad
2284 2992 2542 3063 aliquam
2564 3008 2685 3045 rem
2703 2989 3163 3045 accommodatio
3188 2985 3665 3058 etapplicatio,ut
3691 2986 3746 3040 si

2095 3083 2226 3154 quis
2256 3080 2699 3154 grammaticam
2734 3078 2952 3150 legens,
2983 3077 3081 3148 qui
3111 3078 3375 3130 nondum
3411 3073 3746 3144 perdidicit,

2095 3173 2272 3227 habet
2294 3172 2362 3225 ad
2399 3186 2527 3224 eam
2560 3168 2814 3238 aliquam
2845 3166 3320 3237 dispositionem,
3351 3164 3408 3219 id
3439 3168 3543 3229 est,
3577 3179 3644 3217 ea
3666 3164 3752 3217 af-

2097 3262 2406 3323 fectusest,
2425 3258 2674 3312 ethabet
2693 3255 2916 3326 aliquid
2944 3254 3474 3317 accommodatum,
3507 3251 3750 3322 etquasi

2096 3351 2513 3421 prOpinquum.
2542 3350 2797 3401 Possunt
2819 3351 3013 3399 autem
3039 3343 3315 3398 similiter
3345 3358 3472 3397 esse
3496 3342 3607 3396 duo
3631 3340 3754 3396 dis-

2097 3438 2268 3510 positi
2292 3446 2343 3493 et
2368 3438 2578 3501 affecti,
2602 3435 2905 3505 aequaliter
2926 3451 3059 3489 vero
3087 3433 3350 3501 minime,
3376 3438 3439 3487 ut
3462 3431 3754 3486 duosimi-

2092 3526 2365 3582 literesse
2380 3525 2833 3596 albi,zequaliter
2849 3540 2981 3578 vero
2997 3522 3285 3577 non.Nam
3303 3521 3499 3592 siquis
3521 3521 3752 3575 deduc-

2095 3617 2205 3671 bus
2227 3615 2507 3670 similiter
2534 3613 2684 3668 albis
2714 3611 3020 3684 aequaliter
3051 3627 3181 3666 esse
3212 3610 3376 3665 albos
3406 3610 3749 3673 dicat,recta

2096 3703 2355 3760 nominis
2387 3718 2540 3757 nunc
2576 3702 2956 3772 usurpatione
2989 3716 3103 3755 non
3140 3699 3341 3754 utitur.
3376 3703 3559 3755 Omne
3581 3698 3744 3753 enim

2095 3792 2314 3863 aequale
2347 3797 2403 3845 et
2452 3790 2760 3861 inaequale,
2812 3791 2869 3844 in
2924 3806 3197 3845 mensura
3226 3794 3281 3843 et
3325 3788 3381 3842 in
3416 3786 3749 3858 quantitate

2096 3880 2629 3952 perﬁcitur.Simile
2646 3896 2777 3933 vero
2791 3878 3144 3933 etdissimile
3159 3877 3654 3949 quemadmodum
3670 3876 3749 3930 de

2093 3970 2545 4039 quantitatenon
2567 3964 3217 4033 dicitur,itanecdealia
3253 3965 3512 4036 qualibet
3536 3980 3593 4018 re
3627 3957 3749 4019 nisi

2094 4060 2164 4111 de
2184 4061 2528 4127 quantitate,
2546 4062 2696 4111 recte
2719 4055 3023 4126 aequalitas
3037 4061 3092 4110 et
3129 4056 3498 4125 inaequalitas
3522 4069 3752 4108 nuncu-

2093 4151 2325 4215 pantur.
2356 4145 2540 4207 Quare
2575 4145 2870 4215 proprium
2892 4149 2981 4198 est
3038 4142 3382 4214 quantitatis
3415 4141 3637 4213 aequale
3681 4148 3746 4197 et

2091 4233 2377 4304 inaequale
2401 4234 2819 4299 nominari,sed
2847 4233 3125 4303 quoniam
3152 4236 3221 4286 de
3264 4232 3589 4302 quantitate
3626 4231 3750 4285 dic-

2095 4328 2220 4378 tum
2256 4330 2365 4391 est,
2400 4324 2467 4375 ad
2504 4322 2875 4377 relativorum
2909 4321 3172 4376 ordinem
3206 4323 3750 4375 transeamus.Post

342 4417 480 4465 sunt
514 4417 652 4473 tres,
676 4412 1695 4483 nectempusquoquehabetaliquid
1722 4412 1909 4483 magis
1927 4416 1984 4466 et
2017 4413 2058 4476 Ι)
2092 4413 2435 4482 quantitatis
2482 4417 2794 4466 tractatum
2828 4411 3070 4464 tertium
3123 4410 3636 4481 pradicamentum
3669 4409 3747 4464 de

346 4502 563 4564 minus,
600 4506 663 4554 ut
688 4500 875 4571 magis
906 4501 1063 4554 aliud
1094 4508 1321 4572 tempus
1341 4502 1417 4556 sit
1440 4502 1552 4556 alio
1577 4501 1985 4572 tempore,lon-
2016 4510 2019 4513 '

342 4591 474 4660 gius
507 4591 740 4660 quidem
763 4596 1273 4661 tempustempore
1298 4609 1425 4645 esse
1458 4595 1883 4662 potest,utvero
1908 4591 1989 4644 di-

343 4682 509 4732 catur
533 4678 719 4749 magis
752 4684 984 4750 tempus
1000 4680 1110 4734 alio
1135 4687 1392 4750 tempore
1421 4679 1501 4733 vel
1528 4680 1721 4733 minus
1756 4680 1877 4733 fieri
1897 4697 1990 4733 ne-

344 4768 489 4837 quit.
520 4767 1063 4837 llocqaoqueetiam
1092 4769 1146 4822 in
1174 4769 1503 4823 substantia
1519 4771 1984 4822 demonstratum

340 4858 449 4919 est,
483 4854 656 4910 homo
690 4873 919 4928 nanque
947 4858 1059 4911 alio
1082 4858 1315 4912 homine
1340 4875 1453 4912 non
1474 4861 1560 4911 est
1584 4857 1765 4923 magis
1791 4857 1983 4922 homo,

340 4961 444 4999 nec
470 4945 684 4999 minus.
708 4947 865 5000 Idem
890 4964 1122 5017 quoque
1146 4947 1522 5001 evenitetiam
1550 4947 1604 4999 in
1634 4946 1980 5016 quantitate.

334 5035 495 5097 Quod
516 5035 655 5104 quia
674 5035 844 5089 etiam
870 5036 925 5089 in
951 5036 1283 5089 substantia
1307 5034 1734 5105 est,,pr0prium
1758 5032 1987 5105 quanti-

339 5122 475 5176 tatis
510 5124 614 5177 hoc
640 5140 752 5177 non
786 5128 893 5191 est,
916 5125 1089 5178 habet
1120 5124 1228 5178 hoc
1256 5139 1488 5193 quoque
1518 5123 1815 5191 quantitas
1841 5127 1903 5175 ut
1926 5122 1981 5176 in

337 5211 599 5280 sequenti
632 5212 835 5266 ordine
862 5213 982 5283 ipse
1012 5212 1377 5267 monstravit.
1404 5212 1684 5273 Quocirca
1707 5211 1981 5278 quoniam

337 5301 498 5370 prius
536 5299 641 5354 boc
665 5301 734 5355 de
766 5301 1100 5355 substantia
1123 5300 1368 5362 dixerat,
1395 5316 1550 5353 nunc
1574 5316 1708 5352 vero
1736 5298 1886 5352 idem
1912 5300 1982 5353 de

340 5389 665 5457 quantitate
693 5388 1016 5458 proposuit,
1041 5388 1256 5443 idcirco
1283 5406 1393 5441 non
1419 5405 1546 5443 esse
1566 5387 1671 5441 hoc
1694 5386 1982 5456 propriam

345 5476 845 5545 quantitatis,com
858 5491 1174 5530 memorare
1192 5476 1650 5545 neglexit.Cujus
1665 5475 1983 5528 cnimesset

344 5565 582 5621 alterius
615 5582 729 5620 non
781 5565 1077 5635 suscipere
1110 5566 1294 5637 magis
1336 5572 1392 5620 et
1425 5567 1640 5635 minus,
1676 5570 1815 5619 tunc
1838 5564 1983 5618 dixit

2096 4500 2351 4555 relativis
2372 4500 2905 4571 ingreditur,quare
2921 4498 3160 4553 relativa
3184 4499 3288 4553 hoc
3307 4499 3476 4552 modo
3498 4496 3742 4551 difﬂuit.

2700 4604 2769 4642 DE
2817 4605 3130 4642 RELATIVIS.

2172 4678 2256 4731 ,4ιί
2273 4678 2486 4749 aliquid
2503 4694 2623 4733 vero
2647 4678 2786 4732 talia
2803 4677 3545 4748 dicuntur,quzcunquehoc
3561 4678 3748 4746 ipsum

2095 4768 2235 4837 quod
2265 4778 2391 4821 sunt
2422 4769 2661 4821 aliorum
2694 4783 2806 4822 esse
2826 4764 3612 4835 dicuntur,velquomodolibet
3642 4765 3752 4819 ali-

2094 4867 2181 4912 ter
2213 4858 2287 4910 ad
2320 4857 2497 4925 aliud,
2529 4860 2587 4910 ut
2636 4858 2820 4925 majus
2863 4858 2921 4910 id
2952 4856 3091 4926 quod
3146 4864 3225 4910 est
3256 4856 3490 4909 alterius
3515 4853 3747 4919 dicitur,

2094 4946 2282 5015 aliquo
2312 4945 2461 4999 enim
2488 4947 2665 5015 majus
2693 4948 2919 5012 dicitur,
2942 4954 2993 4999 et
3020 4944 3258 5016 duplum
3279 4944 3513 4998 alterius
3535 4942 3755 4999 dicitur

2095 5035 2190 5087 hoc
2220 5051 2397 5103 ipsum
2429 5032 2567 5103 quod
2584 5042 2682 5101 est,
2715 5035 2959 5105 alicujus
2992 5050 3138 5088 enim
3169 5034 3402 5103 duplum
3431 5032 3760 5089 dicitur.Si-

2093 5124 2307 5177 militer
2338 5126 2521 5177 autem
2553 5127 2603 5176 et
2634 5123 2753 5177 alia
2773 5139 3109 5194 quaecunque
3138 5132 3267 5177 sunt
3287 5121 3635 5192 hujusmodi.

2165 5218 2277 5265 Cur
2307 5218 2499 5266 autem
2533 5213 2602 5266 de
2636 5213 2727 5268 bis
2759 5231 2885 5283 quae
2919 5218 3061 5267 sunt
3090 5212 3163 5266 ad
3199 5212 3417 5283 aliquid
3465 5212 3751 5281 disserat,

2091 5299 2311 5354 omisso
2339 5299 2566 5355 interim
2593 5302 2662 5355 de
2685 5301 2966 5371 qualitate
2989 5306 3264 5367 tractatu,
3290 5301 3408 5354 haec
3432 5316 3608 5354 causa
3630 5304 3750 5370 est,

2092 5389 2243 5457 quod
2286 5389 2467 5457 posita
2494 5390 2815 5459 quantitate
2842 5391 3028 5461 magis
3053 5390 3320 5444 minusve
3351 5404 3478 5443 esse
3502 5404 3751 5445 necesse

2090 5482 2197 5531 est.
2219 5476 2404 5538 Quare
2419 5494 2549 5531 cum
2569 5480 2954 5549 quantitatem
2972 5479 3250 5533 continuo
3268 5480 3340 5533 ad
3364 5476 3588 5548 aliquid
3605 5494 3748 5532 con-

2091 5572 2390 5635 sequatur,
2417 5576 2568 5622 recte
2591 5573 2723 5639 post
2743 5568 3130 5639 quantitatem
3155 5567 3528 5624 relativorum
3551 5567 3741 5623 series
