4060 6178
272 333 393 388 229

1313 338 1387 391 ΙΝ
1426 331 1877 391 CATEGORIAB
1923 329 2385 387 ARISTOTELIS
2429 334 2556 388 LIB.
2598 338 2669 388 II.

3585 334 3695 391 230

275 474 413 528 qua:
444 460 585 512 sunt
604 457 676 511 ad
703 456 920 528 aliquid
947 475 1061 514 non
1083 463 1409 530 aequentur.
1442 459 1591 513 Sunt
1611 457 1767 513 enim
1793 470 1945 525 quaa-
1977 453 2032 519 Α
2062 452 2118 507 in
2143 454 2689 512 omnibusrelativis
2714 473 2912 512 verum
2936 461 3116 526 est,ut
3139 459 3313 515 simul
3337 476 3467 517 esse
3492 465 3698 517 natura

276 547 421 601 dam
454 546 700 602 relativa
729 564 980 619 quorum
1014 565 1200 603 unum
1234 550 1395 620 prius
1420 554 1632 603 natura
1655 547 1751 613 sit,
1777 543 1931 616 quod

280 637 414 707 ipse
451 654 667 692 rursus
690 639 928 709 adjecit.

354 747 479 801 Non
511 750 698 802 autem
729 749 789 801 in
822 747 1074 803 omnibus
1103 749 1353 804 relativis
1385 766 1571 805 verum
1594 748 1809 804 videtur
1830 763 1945 803 esse

277 843 343 889 ut
362 838 483 891 sint
506 835 685 891 simul
708 844 937 893 natura.
961 838 1163 893 Scibile
1180 842 1327 894 enim
1348 839 1588 896 scientia
1602 841 1765 909 prius
1788 841 1947 892 natu-

277 925 495 979 raliter
525 941 644 981 ωδε
674 926 877 981 υἰάειω
898 967 911 980 .
944 927 1186 998 Namque
1206 932 1263 981 ut
1283 928 1587 999 plurimum
1607 928 1765 999 prius
1787 927 1943 982 rebus

276 1014 727 1071 subsistentibus
756 1016 1018 1072 scientias
1048 1018 1378 1087 accepimus.
1412 1019 1477 1073 In
1507 1016 1702 1088 paucis
1720 1033 1843 1071 vero
1864 1017 1945 1071 vel

276 1104 462 1158 nullis
484 1103 585 1160 hoc
603 1104 726 1175 quis
750 1108 1001 1176 reperiet,
1023 1106 1186 1160 simul
1198 1122 1317 1162 cum
1331 1106 1514 1162 scibili
1523 1106 1815 1162 scientiam
1835 1122 1946 1162 esse

285 1194 534 1261 factum.

354 1298 682 1370 Proposuit
712 1317 829 1355 non
862 1300 921 1354 in
953 1301 1229 1356 omnibus
1263 1302 1518 1357 relativis
1549 1318 1678 1365 esse
1723 1301 1852 1370 hoc,
1884 1306 1945 1355 ut

274 1388 611 1442 videantur
634 1390 813 1444 simul
846 1406 974 1444 esse
1004 1396 1247 1457 natura;
1281 1391 1390 1445 hoc
1422 1395 1616 1445 autem
1652 1391 1856 1460 probat
1878 1406 1946 1445 ex

277 1479 575 1549 his,quod
610 1479 888 1549 quoniam
926 1478 1165 1533 scientia
1193 1483 1261 1533 ad
1304 1479 1524 1550 aliquid
1557 1486 1645 1534 est
1704 1478 1946 1547 (scibilis

278 1567 450 1620 enim
487 1568 570 1621 rei
592 1567 841 1621 scientia
864 1568 1122 1638 dicitur),
1150 1585 1263 1622 non
1291 1570 1502 1638 poterit
1528 1585 1657 1623 esse
1681 1568 1944 1635 scientia,

286 1656 409 1710 nisi
443 1656 528 1710 sit
549 1672 645 1711 res
677 1655 873 1727 aliqua
905 1673 1031 1727 quae
1062 1658 1197 1711 sciri
1224 1656 1595 1727 possit.llanc
1617 1664 1811 1712 autem
1839 1658 1949 1726 pri-

282 1760 449 1799 mam
500 1760 635 1799 esse
667 1761 901 1801 necesse
932 1751 1041 1812 est,
1071 1750 1136 1799 ut
1166 1745 1226 1800 in
1261 1746 1587 1801 matheseos
1611 1747 1943 1818 disciplina.

2054 541 2411 601 dicanturzet
2442 545 2594 601 sicut
2627 546 2839 602 falsum
2875 548 3216 619 illud_est,ir.
3241 550 3419 605 nullis
3442 551 3550 606 hoc
3574 566 3701 605 esse

2055 633 2423 702 relativis,ita
2441 635 2656 691 falsum
2678 643 2765 693 est
2784 655 2989 693 rursus
3015 638 3071 692 in
3102 639 3517 696 cmnibus.Sed
3544 640 3700 695 hunc

2054 728 2367 779 tractatum
2401 724 2634 797 longius
2666 727 2822 783 texit.

2126 833 2369 902 Amplius
2386 832 2577 888 scibile
2597 836 2823 905 quidem
2839 835 3117 891 sublatum
3138 837 3308 891 simul
3332 840 3517 907 aufert
3534 839 3704 894 scien-

2054 924 2219 987 tiam,
2251 924 2483 977 scientia
2516 938 2640 978 vero
2668 924 2836 978 simul
2865 941 2973 978 non
3007 926 3189 994 aufert
3219 925 3431 982 scibile.
3464 932 3604 983 Nam
3655 928 3706 983 si

2053 1013 2245 1067 scibile
2260 1030 2372 1066 non
2386 1014 2477 1078 sit,
2503 1030 2613 1068 non
2629 1023 2705 1068 est
2720 1016 2975 1082 scientia;
3008 1014 3238 1070 scientia
3261 1032 3391 1071 vero
3410 1018 3591 1071 sinon
3610 1020 3708 1083 sit,

2054 1102 2200 1157 nihil
2229 1101 2484 1171 prohibet
2514 1118 2627 1157 esse
2648 1103 2861 1173 scibile,
2890 1105 3034 1159 velut
3057 1104 3257 1161 circuli
3278 1105 3629 1175 quadratum
3656 1107 3711 1161 si

2056 1192 2214 1247 modo
2242 1201 2320 1247 est
2352 1191 2586 1260 scibilis,
2621 1194 2854 1248 scientia
2885 1194 3156 1264 siquidem
3186 1196 3304 1266 ejus
3333 1198 3579 1251 nondum
3629 1199 3706 1252 est

2056 1283 2180 1352 ipsa
2210 1298 2339 1337 vero
2369 1281 2582 1338 acibilis
2612 1286 2709 1338 est.

2132 1390 2392 1444 Diximus
2408 1389 2647 1443 illaesse
2662 1390 2862 1457 simul,
2882 1407 3249 1463 quaecunque
3272 1388 3549 1445 alterutro
3566 1405 3701 1444 con-

2057 1479 2284 1544 stituto,
2301 1478 2385 1532 vel
2401 1478 2677 1533 alterutro
2700 1479 3071 1550 interempto,
3096 1478 3274 1533 simul
3299 1484 3547 1549 utraque
3568 1494 3705 1533 con-

2055 1567 2547 1633 stituerentur,vel
2562 1568 2735 1622 etiam
2753 1568 3535 1639 perimerentur.Constituto
3550 1567 3704 1622 enim

2057 1661 2122 1710 ut
2150 1656 2227 1710 sit
2265 1662 2443 1725 pater,
2477 1657 2868 1711 constituetur
2897 1674 3025 1712 esse
3058 1658 3238 1723 ﬁlius,
3262 1662 3318 1712 et
3342 1662 3504 1727 pater
3525 1653 3705 1710 simul

2057 1744 2234 1799 infert
2264 1745 2660 1799 substantiam
2698 1747 3045 1803 ﬁlii.Eodem
3080 1763 3310 1817 quoque
3342 1746 3514 1800 modo
3550 1743 3707 1798 ﬁlius

284 1836 1528 1906 Scimusenimtriangulumtresinteriores
1548 1837 1958 1907 angulosduo-
1990 1824 2034 1888 Β
2066 1834 2243 1889 simul
2276 1835 2451 1889 infert
2479 1834 2823 1890 vocabulum
2861 1835 3063 1904 patris,
3097 1852 3211 1889 non
3244 1841 3334 1890 est
3364 1834 3517 1889 enim
3550 1831 3708 1887 ﬁlius

284 1928 407 1979 bus
444 1924 624 1978 rectis
657 1924 891 1995 angulis
921 1941 1119 1995 zequos
1152 1925 1386 1980 habere.
1421 1927 1581 1981 Unde
1615 1942 1851 1981 necesse
1872 1929 1957 1980 est

286 2013 463 2084 prius
501 2014 685 2068 t'uisse
717 2014 872 2083 quod
907 2013 1040 2067 sciri
1076 2019 1296 2083 posset,
1328 2019 1529 2085 postea
1550 2032 1683 2069 vero
1706 2015 1777 2069 ad
1805 2015 1957 2069 hanc

283 2119 418 2156 rem
453 2108 662 2172 aptam
698 2102 883 2157 fuisse
914 2103 1204 2157 notitiam.
1230 2104 1413 2173 Atque
1437 2104 1544 2158 hoc
1567 2108 1655 2157 est
1679 2104 1831 2173 quod
1856 2103 1955 2157 ait:

286 2196 566 2261 Namque
598 2191 657 2244 in
693 2189 963 2261 pluribus
995 2192 1465 2246 subsistentibus
1488 2192 1661 2246 rebus
1684 2192 1959 2246 scientias

282 2279 826 2349 accipimus.Prius
841 2280 996 2334 enim
1013 2278 1188 2334 rebus
1202 2280 1537 2335 constitutis
1551 2284 1607 2334 et
1634 2279 1801 2351 quasi
1825 2296 1964 2351 prte-

285 2369 511 2438 positis
536 2368 794 2422 scientia:
821 2367 962 2422 ratio
996 2369 1481 2439 sequitur.Quare
1506 2385 1619 2423 non
1642 2374 1730 2423 est
1752 2369 1809 2423 in
1834 2384 1961 2423 om-

285 2458 478 2511 nibus
513 2456 778 2510 relativis
810 2455 985 2510 simul
1006 2473 1135 2511 esse
1160 2457 1534 2511 natura.Nam
1560 2473 1693 2511 cum
1717 2456 1965 2512 scientia

286 2552 346 2601 et
380 2544 596 2600 scibile
632 2544 872 2598 relative.
905 2545 1046 2611 sint,
1085 2546 1386 2615 antiquius
1417 2552 1507 2600 est
1536 2545 1740 2599 scibile
1786 2563 1961 2617 quam

289 2633 578 2689 scientia.
613 2635 776 2696 Quod
809 2650 945 2688 vero
980 2633 1352 2704 interposuit,
1387 2635 1444 2688 in
1479 2634 1679 2704 paucis
1697 2636 1853 2689 enim
1876 2633 1963 2687 vel

292 2724 486 2779 nullis
503 2724 616 2778 hoc
631 2724 763 2795 quis
780 2723 1092 2795 perspiciet
1116 2724 1290 2779 simul
1306 2741 1438 2778 cum
1454 2724 1641 2780 scibili
1659 2726 1964 2780 scientiam

300 2812 679 2876 factam,tale
693 2812 1101 2875 est.Quasdam
1120 2829 1373 2882 namque
1390 2829 1482 2867 res
1497 2812 1731 2867 animus
1747 2812 1855 2867 sibi
1875 2813 1964 2884 ip—

300 2919 367 2958 se
393 2901 710 2971 conﬁngit,
728 2901 1239 2965 utchimeram,vel
1266 2902 1723 2969 centaurum,vel
1739 2901 1852 2955 alia
1868 2905 1969 2955 hu-

287 2990 594 3062 jusmodi,
620 3007 747 3059 qua
771 2996 910 3044 tunc
934 2991 1364 3056 sciuntur,cum
1388 3006 1455 3043 ea
1476 2990 1584 3043 sibi
1608 2991 1843 3044 animus
1868 2989 1969 3042 ﬁn-

296 3080 661 3134 xerit.Tunc
682 3085 879 3133 autem
908 3094 1037 3133 esse
1058 3079 1606 3148 incipiunt,quando
1631 3078 1885 3149 primum
1908 3077 1967 3131 in

2066 1923 2179 1976 nisi
2210 1922 2410 1993 patris.
2440 1924 2654 1978 Eodem
2688 1940 2923 1995 quoque
2954 1924 3125 1978 modo
3158 1923 3336 1977 altero
3359 1923 3709 1991 interempto

2068 2016 2383 2082 utrumque
2416 2013 2601 2082 perire
2634 2029 2869 2068 necesse
2896 2019 3005 2080 est,
3037 2012 3285 2067 alterum
3309 2018 3505 2065 autem
3529 2012 3710 2065 altero

2072 2100 2232 2169 prius
2246 2101 2671 2156 multisdicitur
2686 2102 3003 2168 modis;sed
3020 2102 3175 2171 quod
3210 2116 3368 2155 nunc
3390 2098 3710 2171 quaerimus

2069 2188 2306 2245 taleest.
2329 2189 2473 2245 Nam
2494 2192 2943 2261 prioraillaesse
2964 2192 3260 2257 dicuntur,
3288 2206 3417 2259 quas
3436 2190 3565 2259 ipsa
3586 2186 3716 2259 qui-

2068 2279 2201 2333 dem
2220 2284 2517 2349 perempta
2532 2296 2620 2334 res
2639 2280 2787 2335 alias
2811 2280 3042 2341 tollunt.
3063 2280 3192 2351 ipsa
3212 2295 3344 2334 vero
3368 2278 3528 2332 illata
3540 2281 3715 2347 atque

2071 2369 2391 2423 constituta
2422 2368 2598 2423 simul
2632 2385 2723 2424 res
2754 2368 2901 2424 alias
2925 2385 3038 2423 non
3064 2368 3344 2435 inferunt,
3369 2372 3434 2422 ut
3448 2372 3537 2422 est
3562 2382 3719 2421 unus

2071 2463 2248 2529 atque
2278 2458 2414 2513 duo.
2451 2459 2801 2529 lnteremplo
2832 2459 2983 2513 enim
3018 2474 3154 2523 uno,
3179 2458 3295 2511 duo
3344 2472 3580 2526 quoque
3614 2469 3717 2525 pe-

2071 2546 2433 2602 reunt.Unde
2465 2547 2619 2601 enim
2646 2554 2733 2600 est
2757 2548 2933 2601 unius
2955 2547 3010 2600 in
3037 2547 3270 2602 duobus
3294 2546 3636 2616 geminatio,
3670 2541 3721 2599 si

2074 2654 2107 2691 u
2120 2654 2227 2691 nus
2240 2636 2845 2691 intereat?Constituto
2858 2653 2990 2690 vero
3005 2643 3179 2706 atque
3193 2636 3380 2705 posito
3394 2639 3459 2689 ut
3472 2634 3727 2702 situnus,

2075 2726 2336 2781 nondum
2353 2726 2468 2780 duo
2486 2731 2644 2780 sunt'
2671 2725 2942 2779 Nondum
2973 2729 3061 2779 est
3081 2724 3237 2779 enim
3263 2726 3415 2778 facta
3434 2724 3610 2779 unius
3630 2738 3724 2793 ge-

2076 2816 2340 2870 minatio.
2370 2820 2514 2885 Ergo
2539 2814 2815 2869 dicuntur
2838 2815 2938 2867 illa
2961 2814 3154 2884 priora
3173 2829 3322 2879 esse,
3353 2826 3723 2882 quiscunque

2076 2904 2187 2958 alia
2210 2904 2640 2973 simulquiclem
2675 2903 2839 2957 illata
2858 2920 2967 2956 non
2991 2902 3389 2965 inferunt,sed
3421 2901 3719 2971 perimunt

2076 2993 2662 3064 interempta.Scihile
2683 3009 2819 3063 ergo
2833 2997 2890 3046 et
2912 2991 3217 3046 scientiam
3245 3007 3359 3045 non
3387 3005 3513 3045 esse
3537 2987 3721 3044 simul

2078 3084 2174 3137 illa
2209 3099 2300 3138 res
2333 3082 2559 3154 probat,
2589 3081 2745 3152 quod
2793 3081 2840 3135 si
2893 3081 3027 3150 quis
3077 3096 3198 3135 rem
3232 3078 3499 3134 scibilem
3532 3077 3724 3147 tollat,

299 3168 595 3240 opinione
628 3172 956 3221 versantur.
990 3166 1153 3222 Tunc
1178 3167 1360 3237 igitur
1393 3166 1681 3233 sciuntur,
1727 3183 1856 3221 cum
1908 3168 1965 3220 in
2000 3182 2041 3251 α
2080 3171 2384 3227 scientiam
2402 3187 2635 3242 quoque
2653 3168 3527 3239 sustulerit.Nullapotestenim
3548 3166 3735 3222 scien-

296 3257 592 3330 opinione
623 3260 857 3311 versata
888 3256 1028 3321 sint,
1065 3262 1121 3309 et
1152 3255 1271 3309 haec
1303 3255 1479 3310 simul
1514 3255 1733 3309 habent
1762 3272 1889 3310 esse
1911 3259 1969 3310 et

296 3346 641 3402 sciri.Nam
660 3344 939 3416 quoniam
956 3344 1014 3398 in
1039 3344 1312 3413 opinione
1336 3348 1820 3408 nascuntur,mox
1842 3360 1970 3398 esse

291 3434 627 3506 incipiunt,
652 3434 753 3488 sed
770 3450 906 3487 cum
929 3433 985 3487 in
1002 3432 1550 3501 rationesunt,tunc
1570 3448 1770 3487 eorum
1793 3434 1975 3488 scien-

287 3524 383 3578 tia
419 3522 876 3592 capiturJgitur
902 3538 1036 3575 mox
1066 3524 1130 3575 ut
1164 3521 1401 3586 fuerint,
1438 3537 1571 3574 mox
1604 3522 1892 3590 sciuntur,
1917 3524 1974 3576 et

291 3623 395 3669 est
408 3628 623 3668 eorum
640 3612 888 3666 scientia
900 3628 967 3666 cu
982 3630 1032 3666 in
1048 3612 1387 3666 eorumdem
1405 3611 1663 3665 essentia
1691 3613 1819 3681 conj
1833 3628 1972 3666 unc-

299 3706 680 3772 ta.Namque
705 3707 1021 3772 antequam
1040 3700 1297 3756 cbimera
1314 3702 1649 3771 ﬁngeretur,
1682 3700 1978 3772 sicutipsa

299 3795 369 3847 in
398 3789 1088 3861 nullaopinionefuerat,
1105 3790 1185 3843 ita
1210 3806 1442 3859 quoque
1457 3790 1583 3858 ejus
1602 3792 1846 3844 scientia
1865 3806 1977 3844 non

298 3886 455 3936 erat.
493 3883 823 3949 Postquam
858 3894 991 3933 vero
1026 3878 1152 3949 ipsa
1185 3879 1516 3932 animarum
1562 3878 1981 3948 imaginatione

302 3968 647 4025 constituta
675 3971 786 4036 est,
820 3968 951 4036 ejus
982 3982 1217 4036 quoque
1251 3982 1381 4019 cum
1416 3965 1981 4037 ipsaimaginatione

298 4056 571 4114 scientia
604 4061 925 4110 consecuta
960 4062 1069 4109 est:
1101 4060 1275 4124 atque
1306 4055 1434 4108 ideo
1466 4055 1549 4109 ait
1572 4058 1626 4108 in
1650 4056 1852 4125 paucis
1876 4056 1982 4110 hoc

303 4162 494 4219 posse
533 4145 806 4215 perspici,
843 4150 909 4198 ut
941 4144 1119 4199 simul
1153 4160 1284 4197 cum
1305 4143 1549 4197 scientia
1572 4144 1778 4198 scibile
1801 4143 1893 4211 sit,
1921 4149 1985 4197 ut

304 4237 376 4290 in
412 4234 528 4288 hac
559 4234 766 4287 eadem
799 4233 1083 4297 cbimera,
1121 4249 1247 4304 qum
1283 4248 1415 4286 cum
1448 4231 1524 4286 sit
1554 4232 1800 4299 scibilis,
1848 4250 1982 4288 cum

302 4323 575 4382 scientia
608 4328 746 4378 nata
777 4328 885 4378 est.
914 4323 1025 4377 Sed
1059 4322 1342 4393 quoniam
1377 4321 1523 4375 nihil
1555 4323 1707 4391 quod
1736 4323 1793 4375 in
1840 4323 1983 4377 sub-

301 4413 549 4470 stantia
575 4430 688 4467 non
724 4421 1049 4484 permanet,
1084 4427 1267 4481 neque
1299 4410 1356 4465 in
1404 4412 1647 4465 veritate
1691 4411 1981 4479 consistit,

304 4503 458 4559 sciri
493 4506 693 4573 potest
726 4501 994 4570 (scientia
1016 4500 1172 4554 enim
1198 4505 1499 4553 estrerum
1524 4515 1650 4569 qua:
1673 4504 1813 4553 sunt
1835 4515 1987 4554 com-

2081 3262 2162 3317 tia
2177 3277 2523 3332 permanere,
2539 3262 2585 3315 si
2602 3276 2691 3315 res
2705 3277 2831 3331 quis
2848 3259 2985 3314 sciri
3002 3259 3185 3329 possit
3199 3259 3549 3313 intereat.At
3560 3257 3608 3311 si
3625 3255 3736 3312 sci-

2084 3352 2198 3405 bile
2221 3367 2349 3406 esse
2381 3350 2849 3419 constituas,non
2883 3349 3122 3403 omnino
3156 3347 3403 3403 scientia
3425 3345 3733 3417 consequi-

2084 3440 2539 3495 tur.Inl‘antibus
2570 3438 2724 3492 enim
2757 3454 2826 3492 ea
2856 3437 3026 3492 nobis
3052 3453 3182 3506 qua;
3240 3452 3398 3490 nunc
3454 3435 3729 3490 novimus

2085 3538 2271 3597 erant,
2296 3535 2352 3586 et
2370 3532 2424 3584 in
2447 3547 2564 3585 suae
2587 3535 2809 3584 natura:
2830 3528 3164 3584 substantia
3189 3525 3733 3598 permanebant,sed

2086 3637 2287 3675 eorum
2322 3620 2479 3690 apud
2512 3636 2615 3673 nos
2640 3616 2886 3673 scientia
2927 3633 3041 3672 non
3074 3621 3220 3673 erat.
3259 3615 3448 3669 Multae
3499 3627 3735 3684 quoque

2087 3716 2227 3764 sunt
2257 3714 2588 3777 artes,quas
2618 3722 2746 3762 esse
2770 3706 3005 3776 quidem
3029 3706 3087 3759 in
3112 3722 3231 3760 sum
3258 3709 3483 3759 naturas
3509 3702 3736 3757 ratione

2090 3798 2767 3869 perspicimus,quarum
2800 3794 3101 3864 neglectus
3132 3793 3437 3848 scientiam
3471 3789 3735 3846 sustulit.

2092 3887 2456 3956 Multumque
2479 3901 2583 3955 ego
2604 3885 2727 3955 ipse
2749 3888 2869 3952 jam
2898 3890 3093 3938 metuo
3117 3898 3188 3938 ne
3205 3883 3314 3937 hoc
3332 3881 3636 3937 verissime
3664 3879 3736 3934 de

2091 3976 2365 4031 omnibus
2398 3974 2612 4029 studiis
2642 3973 2985 4027 liberalibus
3019 3970 3559 4034 dicatur.Quocirca
3591 3968 3641 4024 si
3679 3973 3741 4023 et

2092 4066 2395 4120 scientiam
2412 4062 2709 4118 sublatum
2726 4061 2928 4117 scibile
2946 4062 3259 4132 perimit,et
3284 4059 3509 4114 illatum
3532 4056 3737 4113 scibile

2095 4152 2399 4207 scientiam
2436 4168 2547 4206 non
2583 4150 2974 4219 infert,neque
3006 4148 3333 4215 constituit,
3366 4147 3529 4217 prius
3562 4144 3737 4201 estid

2094 4241 2253 4313 quod
2284 4239 2420 4295 sciri
2453 4245 2643 4310 potest
2673 4255 2848 4310 quam
2883 4238 3210 4307 illud,quod
3242 4234 3741 4305 comprehendere

2092 4330 2360 4386 videlicet
2375 4335 2549 4399 atque
2564 4344 2689 4383 com
2701 4326 2868 4398 plecti
2886 4326 3110 4381 notitia.
3124 4326 3143 4379 Ι
3153 4342 3254 4396 pse
3272 4328 3469 4379 autem
3496 4322 3567 4376 ad
3590 4320 3741 4375 hanc

2094 4436 2216 4474 rem
2248 4417 2738 4474 obscurissimum
2774 4415 3163 4471 commodavit
3193 4411 3546 4484 exemplum.
3587 4407 3747 4465 Solet

2093 4508 2247 4563 enim
2281 4508 2338 4561 in
2364 4507 2679 4578 geometria
2705 4504 3049 4574 hujusmodi
3070 4520 3199 4559 esse
3224 4499 3744 4573 prapositioJube-

303 4566 641 4667 prehensio
672 4566 981 4661 veritatis),
1007 4594 1062 4644 et
1085 4588 1373 4660 quidquid
1399 4589 1511 4642 sibi
1532 4566 1766 4644 animus
1794 4590 1981 4662 ﬁngit,
2015 4566 2061 4630 D
2094 4566 2399 4652 ωυιιθοίιῖι
2420 4598 2716 4666 proposito
2735 4566 2989 4665 quatuor
3010 4566 3258 4648 laterum
3283 4566 3492 4662 spatio,
3518 4586 3740 4659 aequale

306 4680 405 4736 vel
442 4679 880 4751 imaginatione
910 4677 1143 4749 reperit,
1177 4694 1310 4731 cum
1346 4677 1403 4730 in
1438 4677 1775 4732 substantia
1815 4686 1989 4749 atque

315 4772 577 4826 veritate
591 4770 981 4823 constitutum
1006 4785 1118 4822 non
1138 4768 1238 4834 sit,
1260 4766 1400 4821 illud
1424 4783 1596 4837 posse
1619 4767 1752 4822 sciri
1783 4785 1895 4823 non
1912 4770 1994 4824 di'

319 4860 509 4927 citur,
542 4863 721 4929 atque
748 4858 878 4913 ideo
912 4874 1027 4911 non
1062 4860 1150 4911 est
1180 4872 1379 4911 eorum
1417 4855 1662 4910 scientia
1694 4856 1812 4911 ulla
1863 4874 1989 4928 quae

305 4948 445 5005 sola
466 4947 895 5019 imaginatione
910 4944 1492 4999 SUbSiSlUDLIduiI‘CO
1508 4943 1622 5014 itaq
1635 4962 1701 4999 ue
1716 4945 1993 5002 dubitans

304 5037 556 5102 dixit,in
586 5036 794 5107 paucis
827 5035 982 5090 enim
1013 5034 1099 5089 vel
1125 5032 1459 5087 nullis.Hazc
1476 5032 1630 5087 enim
1656 5033 1783 5104 ipsa
1807 5050 1991 5105 pauca

309 5130 401 5184 ita
435 5129 702 5200 quisque
736 5125 1011 5198 reperiet,
1037 5128 1101 5179 ut
1131 5125 1179 5179 si
1213 5124 1281 5177 ad
1315 5139 1507 5177 veram
1542 5123 1823 5179 rationem
1857 5141 1989 5181 exa-

312 5218 843 5287 minationemque
876 5212 1266 5281 contenderit,
1301 5212 1461 5267 nulla
1492 5228 1618 5267 esse
1651 5216 1987 5284 perpendat.

305 5308 487 5375 Quod
512 5306 902 5377 siquisquam
920 5303 1195 5357 cbimera:
1219 5301 1415 5371 aliqua
1437 5317 1565 5355 esse
1588 5302 1885 5358 scientiam
1911 5304 1994 5359 di-

309 5405 585 5469 cat,quae
616 5412 729 5450 non
764 5397 876 5460 est,
915 5407 1253 5464 quanquam
1282 5390 1389 5445 hoc
1420 5390 1631 5444 falsum
1666 5391 1763 5461 sit,
1792 5396 1989 5449 tamen

310 5489 428 5543 hoc
452 5501 696 5559 quoque
726 5500 1007 5541 concesso
1034 5498 1218 5552 pauca
1239 5484 1412 5536 erunt
1435 5480 1491 5535 in
1516 5481 1729 5551 quibus
1753 5485 1994 5542 scientia

316 5595 462 5634 cum
500 5574 695 5631 scibili
726 5572 908 5630 simul
954 5576 1169 5628 natura
1200 5570 1292 5625 sit.
1354 5569 1551 5625 Multis
1609 5572 1764 5628 enim
1819 5581 1991 5632 ante-

305 5666 547 5743 positis
570 5669 627 5722 et
652 5662 995 5721 constitutis
1022 5659 1263 5718 scientia
1287 5660 1857 5727 nascitur.Quocirca
1878 5683 1991 5724 non

2100 4684 2458 4756 triangulum
2492 4683 2870 4752 constituere,
2906 4688 2963 4738 et
2993 4682 3241 4737 facimus
3272 4681 3380 4735 hoc
3425 4681 3613 4733 modo.
3659 4675 3745 4730 Sit

2099 4782 2353 4847 quatuor
2368 4775 2624 4831 laterum
2643 4775 2898 4846 spatium
2914 4791 2947 4827 τι
2970 4774 3021 4842 b,
3046 4776 3276 4842 Oportet
3297 4786 3434 4841 ergo
3455 4786 3484 4823 a
3506 4768 3535 4823 ὁ
3556 4765 3747 4837 spatio

2099 4865 2321 4936 aaquale
2352 4863 2715 4937 triangulum
2740 4862 3183 4925 constituere,et
3206 4867 3270 4915 ut
3290 4860 3369 4915 sit
3388 4856 3635 4928 duplum
3659 4873 3695 4911 a
3716 4857 3746 4909 b

2101 4956 2289 5025 spatio
2319 4971 2347 5008 c
2376 4954 2409 5008 ά
2438 4971 2466 5008 e
2496 4959 2518 5025 /
2550 4954 2830 5024 spatium.
2868 4953 3122 5006 Ducatur
3153 4947 3456 5020 angularia
3485 4964 3514 5002 ο
3541 4950 3586 5017 f,
3618 4945 3748 5000 dico

2100 5043 2378 5114 quoniam
2393 5043 2478 5113 c_‘d
2499 5041 2903 5113 [triangulum
2922 5040 3146 5113 aequale
3168 5045 3257 5095 est
3281 5058 3321 5095 α
3342 5039 3372 5093 b
3395 5036 3753 5109 spatio,quo-

2099 5133 2258 5188 niam
2290 5149 2317 5187 c
2336 5135 2372 5187 ιι
2393 5150 2421 5188 e
2441 5135 2472 5202 /'
2496 5133 2750 5203 spatium
2778 5131 3022 5203 duplum
3051 5136 3140 5185 est
3160 5147 3194 5183 (ι
3219 5130 3248 5184 b
3270 5127 3553 5200 spatiozab
3574 5124 3753 5194 igitur

2099 5240 2127 5278 ο
2146 5221 2179 5277 d
2200 5239 2229 5276 ε
2249 5224 2280 5292 f
2304 5221 2478 5293 spatii
2512 5222 2793 5277 medietas
2823 5225 2933 5288 est,
2968 5219 3270 5290 angularia
3292 5217 3444 5273 enim
3465 5220 3489 5286 /
3508 5229 3535 5268 c
3558 5218 3746 5269 totum

2100 5328 2129 5366 ο
2149 5310 2184 5366 d
2202 5312 2273 5379 e/
2304 5309 2561 5380 spatium
2589 5308 2843 5363 medium
2871 5307 3241 5372 dividit.Qua3
3264 5311 3458 5360 autem
3482 5301 3748 5372 ejusdem

2103 5405 2245 5455 sunt
2271 5398 2482 5461 media.
2515 5398 2626 5453 sibi
2659 5397 2902 5468 aequalia
2938 5402 3096 5457 sunt,
3130 5412 3158 5451 ο
3189 5397 3226 5451 d
3255 5400 3277 5464 /
3308 5395 3487 5465 igitur
3518 5396 3630 5448 etc
3671 5388 3757 5455 ef

2107 5488 2471 5559 triangulum
2501 5504 2533 5541 α
2557 5489 2587 5542 b
2620 5488 2809 5558 spatio
2839 5485 3062 5556 aequale
3094 5490 3200 5540 est.
3238 5481 3538 5553 Proposito
3571 5476 3750 5547 igitur

2105 5578 2341 5649 spatioa
2358 5578 2409 5642 ὸ,
2434 5594 2662 5648 azquum
2690 5575 3048 5647 triangulum
3077 5574 3465 5629 constitutum
3494 5570 3581 5621 est
3600 5578 3628 5616 c
3646 5561 3681 5615 ά
3698 5563 3743 5657 ί,

2103 5668 2264 5741 quod
2303 5668 2607 5738 oportebat
2635 5666 3066 5724 facere.Eodem
3098 5678 3323 5734 quoque
3344 5658 3514 5715 modo
3539 5663 3748 5722 quaest-
