4094 6176
446 333 553 389 239

1717 327 1838 381 ΔΝ.
1879 326 2101 380 MANL.
2142 324 2302 378 BEV.
2342 322 2579 377 BOBTII

3758 313 3862 369 240

1700 517 2038 606 LIBER
2102 469 2625 601 TERTIUS.

530 848 820 900 Consueta
850 844 908 899 in
945 844 1230 916 principio
1272 844 1516 915 quaestio
1544 846 1634 898 est
1663 859 1769 898 cur
1797 847 1928 914 post
1961 843 2108 899 rela-
2140 846 2188 911 B

464 935 639 990 tionis
671 933 1186 1006 praedicamentum
1204 932 1658 1005 disputationem
1685 931 1985 1002 qualitatis
2007 947 2107 1003 ag-

465 1040 704 1096 gressus
721 1027 828 1089 est,
853 1023 1000 1092 quod
1032 1023 1209 1077 nimis
1233 1022 1528 1077 curiosum
1553 1019 1930 1076 est.Mirabile
1952 1019 2106 1075 enim

465 1114 654 1168 fuerat
675 1130 779 1168 cur
802 1117 935 1184 post
965 1111 1313 1183 quantitatis
1365 1112 1628 1166 ordinem
1661 1127 1772 1165 non
1808 1110 2006 1164 statim
2039 1110 2110 1164 de

465 1202 741 1273 qualitate
762 1203 1052 1274 cmpisset,
1087 1202 1185 1256 sed
1211 1201 1486 1272 quoniam
1507 1200 1816 1270 quantitati
1840 1199 2108 1270 quaedam

465 1292 764 1347 relationis
794 1290 1126 1358 admiscuit,
1160 1295 1216 1345 et
1246 1289 1702 1360 disputationem
1729 1291 1798 1343 de
1831 1288 2110 1343 relatione

461 1380 1065 1446 continuavit,idcirco
1084 1397 1199 1433 non
1222 1385 1311 1433 est
1331 1379 1594 1433 mirabile
1615 1382 1746 1449 post
1777 1377 2107 1448 expeditam

458 1469 759 1525 relationis
775 1469 1272 1540 interpositionem
1291 1469 1361 1523 ad
1382 1468 1682 1539 qualitatis
1696 1484 1829 1522 eum
1846 1465 2104 1520 ordinem

457 1559 1136 1629 revertisse,quanquam
1171 1558 1346 1612 etiam
1371 1574 1436 1612 ex
1461 1558 1570 1612 hoc
1602 1573 1836 1627 quoque
1856 1561 2014 1609 recta
2034 1555 2110 1608 sit

460 1647 660 1703 series.
694 1647 836 1702 Nam
864 1652 995 1718 post
1015 1664 1294 1719 magnum
1319 1662 1679 1716 parvumque
1729 1644 1931 1700 statim
1977 1659 2108 1714 pro-

460 1736 649 1809 portio
672 1740 728 1790 et
757 1737 1023 1807 quaedam
1045 1737 1115 1792 ad
1137 1736 1291 1791 aliud
1326 1734 1686 1806 comparatio
1706 1732 2108 1803 consequitur,

461 1830 527 1882 ut
548 1827 625 1881 sit
642 1829 742 1880 aut
765 1825 957 1895 majus
977 1825 1651 1892 autminua,auta3quale
1677 1823 1767 1878 vel
1800 1821 2106 1893 inaequale,

461 1920 744 1987 quaesunt
761 1915 831 1969 ad
857 1913 1102 1985 aliquid.
1136 1914 1273 1970 Post
1300 1913 1422 1969 hinc
1455 1911 1897 1968 auteminnasci
1930 1927 2106 1980 quas-

461 2021 574 2076 que
601 2021 840 2060 necesse
872 2014 962 2060 est
995 2005 1319 2075 passiones,
1340 2022 1467 2077 quae
1499 2022 1531 2060 a
1563 2003 1867 2076 qualitatis
1899 2007 2109 2056 natura

462 2111 576 2149 non
596 2095 953 2166 discrepant,
979 2099 1044 2148 ut
1072 2094 1295 2163 album,
1332 2094 1418 2148 vel
1454 2094 1712 2165 nigrum,
1743 2092 1831 2146 vel
1850 2090 2106 2146 calidum

464 2184 552 2238 vel
601 2183 902 2255 frigidum,
935 2183 1023 2238 vel
1066 2199 1431 2255 quaecunque
1462 2183 1555 2238 his
1585 2186 1723 2236 sunt
1754 2179 2106 2248 consimilia,
2143 2223 2188 2286 Β

462 2289 589 2344 quae
612 2273 943 2344 pradicatio
967 2270 1267 2343 qualitatis
1299 2270 1570 2326 includit.
1598 2272 1700 2326 Est
1728 2286 1861 2324 vero
1895 2267 2108 2323 titulus

459 2361 640 2432 hujus
674 2361 952 2432 prOpositi
982 2361 1053 2416 de
1085 2360 1244 2431 quali
1277 2361 1423 2415 etde
1476 2359 1780 2431 qualitate.
1816 2357 2111 2421 Quaeritur

461 2450 612 2505 enim
635 2467 738 2504 cur
769 2449 818 2503 ei
841 2466 954 2504 non
989 2455 1091 2503 aut
1122 2451 1191 2504 de
1215 2448 1375 2519 quali
1407 2450 1646 2514 dixisse,
1683 2452 1784 2502 aut
1815 2449 1884 2501 de
1918 2444 2110 2516 quali-

463 2543 581 2594 tate
614 2538 930 2606 suﬂ‘ecerit,
981 2539 1136 2609 quod
1189 2540 1296 2593 hoc
1344 2538 1514 2592 modo
1547 2536 1813 2591 solvitur.
1847 2535 2111 2590 Dicimus

465 2629 618 2683 enim
650 2629 821 2697 quale
853 2645 966 2683 non
1000 2644 1115 2682 uno
1133 2628 1324 2694 modo,
1359 2626 1697 2697 qualitatem
1733 2641 1866 2680 vero
1885 2623 2111 2693 simpli-

469 2717 630 2774 citer.
665 2717 846 2780 Quale
880 2717 1033 2770 enim
1095 2717 1349 2772 dicimus
1385 2720 1440 2770 et
1463 2717 1648 2787 ipsam
1685 2714 2113 2785 qualitatem,et

469 2806 631 2861 illam
666 2823 783 2861 rem
819 2822 945 2876 quas
978 2805 1258 2876 qualitate
1293 2805 1394 2860 illa
1427 2804 1755 2875 participat,
1790 2808 1854 2858 ut
1906 2802 2111 2856 albedo

471 2894 706 2966 quidem
728 2894 980 2966 qualitas
1010 2898 1116 2963 est,
1142 2893 1238 2963 qui
1270 2910 1403 2948 vero
1443 2892 1752 2964 participat
1784 2891 2110 2946 albedinem

468 2985 636 3038 albus
668 2984 902 3038 dicitur.
929 2983 1038 3038 Sed
1059 2988 1115 3038 et
1134 2983 1462 3038 albedinem
1498 2983 1686 3052 ipsam
1721 2980 2114 3036 communiter

469 3073 643 3145 quale
670 3075 946 3135 dicimus,
970 3073 1027 3127 id
1061 3078 1150 3128 est
1179 3073 1366 3144 ipsam
1399 3073 1627 3144 pr0prie
1660 3072 2025 3142 qualitatem.
2059 3073 2113 3123 et

470 3161 668 3216 album
703 3162 955 3216 dicimus
989 3163 1181 3233 quale,
1215 3162 1356 3217 illud
1402 3162 1621 3217 scilicet
1653 3163 1806 3232 quod
1841 3159 2112 3232 superius

469 3249 892 3320 comprehensa
915 3249 1196 3320 qualitate
1217 3250 1639 3320 participat.lta
1671 3266 1806 3319 ergo
1838 3254 1895 3303 et
1924 3249 2109 3318 ipsam

471 3337 814 3410 qualitatem
849 3342 904 3394 et
934 3355 1054 3392 rem
1088 3355 1215 3408 quae
1238 3338 1520 3403 qualitate
1552 3337 1876 3408 participat,
1915 3335 2110 3406 qualia

473 3428 861 3484 communiter
892 3427 1278 3498 appellamus,
1311 3427 1566 3497 qualitas
1599 3442 1733 3480 vero
1765 3425 2112 3495 simpliciter

474 3517 709 3573 dicitur.
748 3518 851 3572 Res
873 3517 1028 3571 enim
1071 3515 1199 3587 ipsa
1231 3533 1356 3586 qua;
1383 3514 1715 3586 participari
1744 3519 1955 3586 potest,
1987 3512 2111 3569 sola

474 3607 728 3678 qualitas
757 3584 1116 3660 nominatur.
1139 3584 1412 3660 Res—vero
1444 3622 1572 3674 quae
1597 3584 1935 3674 participat,
1968 3618 2110 3673 qua-
2143 3584 2184 3650 C

476 3697 661 3752 litatis
684 3697 964 3753 vocabulo
981 3713 1092 3751 non
1113 3700 1364 3762 tenetur,
1390 3701 1473 3760 ut,
1492 3695 1698 3750 albedo
1721 3694 1974 3766 qualitas
1989 3693 2116 3763 qui-

476 3786 606 3840 dem
636 3789 745 3854 est,
777 3785 945 3840 albus
981 3802 1113 3840 vero
1137 3785 1389 3856 qualitas
1409 3802 1522 3839 non
1549 3785 1954 3840 est.Ditl‘erunt
1985 3800 2116 3853 ergo

465 3873 574 3928 hoc
599 3875 750 3944 quod
778 3874 1031 3929 dicimus
1057 3873 1227 3945 quale
1255 3878 1310 3928 et
1340 3873 1618 3944 qualitas,
1647 3874 1794 3943 quod
1829 3873 1966 3928 illud
2001 3875 2114 3928 du-

465 3962 712 4033 pliciter,
749 3962 848 4017 illa
876 3963 1224 4033 simpliciter
1249 3962 1603 4034 appellatur.
1636 3962 1916 4024 Quocirca
1933 3979 2113 4034 quan-

464 4067 637 4121 quam
654 4051 891 4121 quidam
914 4058 1126 4124 negent
1150 4051 1307 4106 hunc
1341 4050 1578 4105 titulum
1607 4051 1934 4106 Aristotelis
1962 4069 2111 4122 esse,

462 4139 734 4210 idemque
749 4141 1456 4211 conﬁrmentposteriores
1472 4141 1795 4208 adjectione
1810 4141 2109 4211 signatum,

462 4245 566 4282 nos
605 4234 798 4283 tamen
823 4230 1072 4284 dicimus
1103 4240 1332 4300 propter
1355 4229 1666 4297 quamdam
1701 4231 2004 4284 nominum
2031 4231 2107 4285 si-

463 4317 860 4371 militudinem
879 4319 1397 4372 demonstrandam
1421 4324 1737 4389 utrumque
1751 4318 2110 4390 posuisse,ut

465 4404 609 4459 nihil
638 4407 855 4460 distare
885 4408 1150 4461 videatur
1185 4413 1380 4461 utrum
1419 4408 1590 4478 quale
1639 4424 1710 4461 an
1744 4407 2013 4477 qualitas,
2047 4409 2104 4464 id

461 4495 612 4564 quod
636 4495 969 4565 appositum
996 4503 1081 4549 est
1107 4496 1621 4566 praedicamentnm
1642 4497 1906 4564 dicatur;
1932 4499 2105 4569 quale

458 4584 611 4638 enim
639 4582 828 4652 ipsam
847 4583 1157 4655 aliquoties
1181 4601 1299 4640 rem
1318 4587 1406 4656 (ut
1426 4585 1704 4657 diximus)
1730 4585 2104 4656 qualitatem-

458 4688 569 4742 que
597 4672 911 4744 significat.
949 4675 1034 4730 Sit
1069 4690 1206 4746 ergo
1239 4691 1306 4728 ex
1352 4675 1526 4728 rebus
1559 4680 1796 4745 sumpta
1827 4676 2102 4731 difﬁnitio

456 4761 950 4832 qualitatis.Quod
975 4781 1108 4818 vero
1131 4765 1370 4833 inquam
1390 4763 2102 4835 difﬁnitionem,quodque

454 4851 726 4921 superius
751 4853 808 4905 in
841 4852 973 4906 aliis
1001 4868 1233 4922 quoque
1255 4852 1742 4923 predicamentis,
1775 4852 1976 4906 eodem
2003 4871 2099 4908 su-

457 4956 588 4993 mus
615 4939 705 4994 usi
748 4939 1257 5004 vocabulo,nullus
1291 4939 1607 4994 arbitretur
1648 4939 1975 5010 generalem
2011 4959 2103 4997 me
2134 4954 2182 5016 ι)

455 5028 868 5084 difﬁnitioncm
901 5027 1154 5083 voluisse
1175 5029 1426 5098 signare,
1461 5028 1955 5084 seddit‘tinitionis
1997 5047 2099 5086 no-

457 5133 587 5171 men
615 5118 669 5172 in
705 5136 826 5173 rem
852 5117 1265 5189 descriptionis
1289 5117 1626 5187 accipiat.ln
1665 5117 1753 5172 his
1787 5118 1939 5173 enim
1974 5137 2100 5191 quae

455 5205 906 5277 generalissima
931 5223 1143 5279 genera
1165 5211 1326 5270 sunt,
1363 5205 1633 5261 difﬁnitio
1667 5207 1842 5276 quaeri
1879 5225 1990 5262 non
2017 5211 2103 5264 de-

454 5296 573 5362 bet,
606 5300 704 5352 sed
739 5297 1053 5368 descriptio
1085 5298 1347 5368 quaedam
1383 5301 1626 5362 naturae,
1655 5313 1770 5351 non
1803 5299 1957 5353 enim
2002 5318 2099 5372 po-

452 5385 835 5441 testinveniri
868 5386 1144 5440 difﬁnitio
1177 5388 1303 5456 ejus
1336 5386 1416 5441 rei
1451 5402 1577 5457 quae
1608 5403 1794 5457 genus
1843 5387 1966 5458 ipsa
2001 5391 2098 5459 sit,

450 5477 507 5528 et
541 5490 665 5545 quae
687 5491 874 5546 genus
907 5474 1133 5529 nullum
1169 5474 1400 5530 habeat.
1435 5475 1716 5538 Quocirca
1762 5474 1853 5530 his
1889 5495 2100 5549 propo-

448 5561 602 5629 sitis,
637 5568 811 5635 atque
852 5570 1024 5619 antea
1073 5563 1434 5634 constitutis,
1478 5565 1870 5634 incipiendum
1903 5572 1991 5623 est
2027 5569 2097 5625 de

447 5650 747 5722 qualitate.

2755 842 2846 897 DE
2885 839 3314 907 QUALITATE.

2291 932 2619 996 Qualitate-m
2650 940 2834 987 autem
2859 929 3311 996 dico,secundum
3339 943 3504 998 quam
3516 926 3706 998 quale:
3737 927 3864 996 qui-

2219 1021 2346 1076 dam
2375 1021 2654 1078 dicuntur.

2290 1111 2395 1166 Hic
2409 1112 2805 1182 quaariturcur
2817 1107 3082 1164 omnium
3096 1108 3155 1161 in
3173 1106 3590 1178 disceptatione
3604 1104 3874 1160 doctissi-

2221 1217 2354 1255 mus
2387 1206 2506 1255 tam
2541 1199 2820 1270 culpabili
2845 1197 3454 1270 qualitatemtermino
3487 1194 3868 1250 dilﬁnitionis

2221 1289 2546 1344 incluserit.
2573 1288 2920 1343 Volentibus
2943 1289 3098 1342 enim
3121 1286 3295 1341 nobis
3328 1285 3468 1356 quid
3503 1287 3579 1339 sit
3609 1283 3872 1354 qualitas

2221 1379 2389 1446 scire,
2419 1379 2519 1432 illa
2550 1378 2864 1449 respondet
2889 1394 2903 1431 :
2927 1375 3185 1447 qualitas
3206 1379 3294 1430 est
3325 1375 3650 1429 secundum
3686 1388 3872 1442 quam

2220 1469 2421 1539 quales
2437 1468 2670 1538 quidam
2693 1464 3150 1520 dicuntur.Nihil
3167 1465 3319 1519 enim
3339 1463 3534 1517 minus
3548 1462 3881 1516 eritobscu-

2219 1559 2341 1614 rius
2375 1566 2549 1630 atque
2585 1557 2989 1630 ignorabilius,
3017 1558 3168 1627 quod
3202 1556 3302 1623 ait,
3337 1555 3663 1609 secundum
3692 1569 3874 1622 quam

2219 1649 2423 1718 quales
2447 1649 2752 1714 dicuntur,
2775 1663 2950 1717 quam
2986 1647 3035 1700 si
3069 1646 3138 1700 de
3171 1645 3300 1716 ipsa
3317 1642 3441 1698 sola
3472 1641 3754 1712 qualitate
3778 1641 3877 1696 di-

2217 1739 2418 1793 xisset.
2452 1741 2597 1792 Nam
2633 1736 2682 1791 si
2715 1735 2798 1790 illi
2832 1739 2971 1791 sunt
3000 1735 3228 1805 quales,
3260 1733 3358 1804 qui
3391 1732 3732 1803 qualitatem
3762 1729 3875 1784 ha-

2219 1827 2377 1893 bent,
2397 1831 2459 1881 ut
2483 1826 2744 1880 sciantur
2765 1823 3162 1895 quales,prius
3186 1821 3440 1893 qualitas
3463 1819 3876 1891 cognoscenda

2218 1920 2327 1970 est.
2354 1915 2619 1986 Amplius
2643 1930 2875 1985 quoque
2910 1912 3056 1967 nihil
3081 1912 3274 1966 differt
3296 1910 3512 1966 dixisse
3534 1926 3663 1964 eam
3688 1907 3881 1979 quali-

2221 2009 2398 2060 tatem
2417 2004 2743 2059 secundum
2762 2019 2936 2074 quam
2957 2001 3160 2073 quales
3184 2000 3422 2071 quidem
3445 1999 3885 2061 dicuntur,tan-

2218 2109 2397 2164 quam
2425 2093 2470 2146 si
2494 2093 2713 2147 diceret
2735 2108 2862 2146 eam
2888 2107 3016 2146 esse
3046 2089 3386 2160 qualitatem
3437 2104 3564 2158 quae
3611 2085 3878 2156 qualitas

2219 2181 2317 2237 sit.
2343 2181 2487 2236 Nam
2513 2181 2596 2236 sic
2616 2180 2955 2251 qualitatem
2983 2179 3239 2234 dil'tinire
3268 2176 3468 2233 volens
3489 2177 3607 2230 ait:
3649 2179 3886 2231 Secun-

2227 2272 2367 2325 dum
2387 2288 2564 2341 quam
2583 2269 2783 2341 quales
2800 2270 3036 2340 quidam
3050 2269 3445 2324 sunt.Rursus
3460 2266 3509 2320 si
3527 2265 3657 2336 quis
3671 2264 3887 2336 quales

2225 2361 2456 2432 aliquos
2479 2361 2733 2414 difﬁnire
2755 2359 3025 2429 voluerit,
3059 2359 3260 2413 eodem
3297 2357 3468 2411 modo
3493 2356 3687 2410 dicere
3713 2358 3883 2426 pote-

2223 2450 2318 2516 rit,
2357 2451 2458 2521 qui
2480 2449 2538 2503 in
2563 2466 2620 2505 se
2654 2448 2906 2504 retinent
2938 2448 3194 2518 aliquam
3228 2445 3594 2517 qualitatem.
3628 2445 3795 2507 Quod
3838 2443 3889 2498 si

2225 2538 2482 2609 qualitas
2506 2539 2744 2610 quidem
2769 2538 2906 2607 quid
2943 2538 3020 2593 sit
3053 2554 3154 2608 per
3187 2535 3532 2607 quale,quid
3567 2539 3762 2588 autem
3805 2533 3892 2587 sit

2224 2627 2416 2697 quale,
2451 2629 2750 2698 superiore
2781 2627 3064 2697 qualitate
3099 2628 3480 2689 monstratur,
3516 2622 3660 2678 nihil
3696 2623 3884 2675 inter-

2225 2716 2334 2769 erit
2363 2715 2553 2771 dicere
2584 2715 2928 2786 qualitatem
2963 2732 3113 2780 esse,
3146 2713 3696 2785 qualitatem,quam
3731 2727 3889 2781 qua-

2224 2804 2446 2860 litatem
2481 2822 2630 2872 esse,
2658 2805 2982 2860 secundum
3017 2821 3190 2874 quam
3223 2802 3427 2874 quales
3459 2800 3886 2857 dicuntur.Sed

2225 2895 2273 2947 si
2291 2894 2690 2948 ordinatadit’ti
2703 2894 2848 2949 nitio
2862 2893 3152 2965 generalis
3167 2898 3222 2947 et
3237 2892 3291 2946 in
3310 2895 3416 2947 hoc
3430 2889 3889 2963 generalissimo

2226 2999 2436 3053 genere
2460 2984 2599 3055 poni
2624 2984 2929 3055 potuisset,
2957 2988 3107 3038 recte
3129 2983 3439 3053 culpabilis
3469 2979 3891 3036 determinatio

2226 3073 2711 3129 videretur.Nunc
2745 3079 2938 3128 autem
2963 3073 3175 3127 frustra
3201 3069 3892 3138 contenditur,cumjam

2225 3164 2314 3234 (ut
2338 3180 2489 3235 saepe
2511 3164 2731 3219 dictum
2750 3167 2854 3234 est)
2883 3162 3294 3233 descriptionis
3321 3162 3512 3232 potius
3547 3159 3671 3214 loco
3715 3158 3895 3214 hunc

2225 3253 2541 3307 terminum
2560 3270 2735 3324 quam
2752 3252 3003 3322 alicujus
3021 3248 3895 3311 difﬁnitionisaddiderit.Quo-

2228 3341 2382 3397 circa
2401 3342 2447 3397 si
2463 3343 2787 3415 designatio
2801 3346 3030 3397 tantum
3046 3342 3334 3412 quaedam,
3367 3345 3423 3395 et
3436 3339 3895 3410 quodammodo

2229 3432 2599 3487 adumbratio
2634 3432 2714 3487 rei
2747 3432 2876 3502 ejus
2908 3433 2978 3486 de
3010 3449 3124 3502 qua
3156 3431 3456 3498 quaeritur,
3490 3433 3687 3483 etnon
3714 3427 3894 3480 difﬁ-

2230 3522 2373 3577 nitio
2405 3527 2513 3588 est,
2548 3524 2804 3578 absurda
2835 3521 3132 3577 calumnia
3163 3526 3271 3588 est,
3311 3521 3486 3575 rebus
3546 3519 3898 3574 notioribus

2229 3627 2320 3666 res
2349 3611 2660 3681 ignotiores
2678 3613 3019 3683 probantem
3038 3628 3150 3666 non
3175 3614 3306 3666 ante
3324 3613 3627 3681 perspecta
3649 3607 3896 3662 descri-

2228 3700 2445 3770 ptionis
2470 3701 2688 3755 ratione
2707 3699 3120 3772 culpare.lllud
3147 3703 3341 3754 autem
3361 3698 3493 3770 quis
3515 3697 3747 3752 dubitet
3777 3713 3900 3752 no-

2225 3788 2400 3843 tiores
2419 3804 2544 3843 esse
2567 3805 2664 3844 eos
2687 3788 2782 3857 qui
2807 3787 3006 3857 quales
3029 3792 3184 3854 sunt,
3203 3786 3301 3841 illa
3332 3786 3460 3857 ipsa
3484 3801 3550 3838 ex
3573 3800 3690 3854 qua
3721 3799 3900 3854 qua-

2227 3874 2310 3931 les
2333 3877 2611 3933 dicuntur
2651 3877 2947 3949 qualitate,
2982 3882 3045 3931 ut
3076 3877 3321 3947 quilibet
3351 3875 3519 3930 albus
3565 3875 3767 3929 notior
3805 3879 3907 3929 est

2226 3965 2348 4035 ipsa
2367 3966 2635 4022 albedine
2658 3967 2684 4020 ?
2703 3967 2846 4021 Nam
2873 3967 2920 4021 si
2937 3966 3137 4021 albedo
3161 3964 3411 4036 qualitas
3433 3963 3721 4028 est,albus
3739 3979 3900 4017 vero

2223 4055 2294 4109 ab
2329 4056 2620 4123 albedine,
2672 4058 2726 4110 id
2788 4061 2875 4111 est
2908 4073 2940 4110 a
2971 4056 3275 4126 qualitate,
3311 4053 3726 4108 denominatus
3765 4059 3899 4122 est,

2222 4143 2390 4199 albus
2424 4146 2532 4200 erit
2566 4145 2758 4217 qualis
2783 4145 3120 4199 nominatus
3153 4145 3223 4198 ab
3251 4143 3521 4198 albedine
3566 4141 3898 4210 qualitate.

2220 4232 2380 4294 Quod
2415 4234 2486 4300 si,
2521 4240 2584 4288 ut
2617 4235 2838 4289 dictum
2868 4239 2976 4302 est,
3006 4235 3196 4288 notior
3226 4232 3392 4286 albus
3438 4236 3529 4286 est
3575 4229 3900 4302 albedine,

2221 4322 2413 4391 qualis
2453 4323 2644 4378 notior
2706 4323 2815 4378 erit
2874 4322 3176 4393 qualitate,
3245 4321 3392 4376 sicut
3447 4321 3903 4392 grammaticus

2219 4430 2454 4484 quoque
2487 4414 2679 4469 notior
2709 4419 2796 4468 est
2824 4414 3228 4485 grammatica.
3266 4411 3699 4467 Grammaticus
3727 4430 3909 4482 quo-

2218 4519 2332 4572 que
2367 4503 2558 4574 qualis
2580 4507 2669 4558 est
2691 4503 3130 4569 denominatus,
3163 4501 3386 4556 scilicet
3415 4519 3447 4554 a
3479 4503 3910 4571 grammatica

2217 4590 2519 4660 qualitate.
2553 4591 2761 4646 Omnia
2788 4591 2941 4646 enim
2979 4609 3105 4662 qua:
3130 4590 3400 4646 sensibus
3433 4590 3699 4659 subjecta
3736 4597 3910 4646 sunt

2215 4678 2441 4733 notiora
2473 4684 2610 4734 sunt
2644 4680 2812 4735 nobis
2845 4697 3016 4750 quam
3051 4697 3116 4735 ea
3149 4696 3274 4750 quae
3308 4679 3584 4734 sensibus
3641 4695 3770 4733 non
3815 4690 3911 4735 te-

2215 4772 2450 4823 nentur.
2485 4771 2672 4834 Quare
2707 4769 2850 4824 nihil
2878 4769 3126 4840 impedit
3157 4769 3587 4823 describentem
3632 4773 3692 4823 et
3725 4786 3913 4838 quo-

2213 4857 2521 4912 dammodo
2558 4865 2827 4914 naturam
2869 4859 2946 4913 rei
2979 4860 3108 4928 ejus
3131 4859 3202 4913 de
3232 4874 3350 4929 qua
3380 4856 3667 4929 quaeritur
3717 4858 3914 4914 desi-

2211 4952 2514 5017 gnantem,
2544 4965 2633 5002 res
2660 4948 2972 5017 ignotiores
3006 4947 3336 5003 notioribus
3369 4946 3718 5017 approbare.

2282 5035 2372 5088 Est
2387 5044 2566 5090 autem
2587 5037 2827 5105 qualitas
2848 5034 3907 5107 eorumquazmultipliciterdicmztur,

2211 5132 2260 5179 et
2277 5141 2381 5179 una
2400 5124 2618 5195 quidem
2632 5129 2831 5197 species
2846 5127 3143 5196 qualitatis
3157 5127 3379 5180 habitus
3397 5125 3779 5196 etdispositio
3799 5127 3908 5181 di—

2211 5216 2380 5268 citur.
2416 5215 2604 5285 Diﬂert
2626 5223 2809 5270 autem
2836 5215 3051 5271 habitus
3081 5233 3111 5269 a
3146 5215 3528 5287 dispositione,
3566 5216 3721 5285 quod
3757 5233 3913 5285 pcr-

2211 5306 2525 5358 manentior
2545 5316 2596 5358 et
2613 5305 2933 5360 diuturnior
2954 5314 3054 5360 est.
3097 5304 3248 5360 Tales
3268 5314 3451 5360 autem
3466 5311 3592 5358 sunt
3611 5302 3779 5358 scien
3793 5307 3916 5364 tia?

2211 5401 2260 5447 et
2275 5395 2506 5448 virtutes
2520 5410 2540 5454 ;
2554 5397 2797 5451 scientize
2813 5412 2959 5450 enim
2978 5396 3204 5451 videtur
3220 5412 3335 5450 esse
3352 5395 3754 5466 permanentia
3767 5413 3834 5450 m
3849 5402 3918 5452 et

2211 5498 2402 5536 eorum
2423 5498 2549 5553 quae
2569 5483 2916 5554 difﬁcillime
2936 5487 3466 5555 moveanturzsiquis
3485 5483 3567 5538 vel
3581 5481 3919 5542 mediocri-

2208 5574 2291 5627 ter
2315 5580 2498 5627 sumat
2519 5573 3106 5644 scientiam,nisi/0r‘te
3135 5573 3361 5645 grandis
3404 5573 3767 5644 permutatio
3803 5582 3918 5647 Ῑαο

2208 5664 2302 5716 cla
2325 5662 2421 5730 sit,
2455 5661 2539 5717 vel
2560 5663 3172 5734 abaegriludine,velab
3197 5663 3385 5736 aliqua
3405 5661 3762 5733 hujusmodi.
3802 5666 3922 5722 Si-
