4060 6178
269 298 381 353 241
1294 305 1371 359 IN
1409 300 1870 360 CATEGOBIAS
1906 293 2370 349 ARISTOTELIS
2405 294 2543 347 LIB.
2585 297 2683 349 III.
3590 300 3698 354 242

271 423 486 479 militer
514 432 700 478 autem
736 428 789 479 et
816 426 1016 494 virtus,
1050 431 1111 482 ut
1133 427 1365 498 justitia
1395 431 1446 483 et
1477 424 1848 499 temperantia
1876 424 1928 477 et
1958 421 2009 486 Α
2042 416 2478 488 permanentior
2498 420 2607 484 est,
2639 418 2697 471 in
2723 417 2927 473 habitu
2958 423 3067 488 est,
3104 419 3202 475 ille
3234 438 3368 478 vero
3400 422 3499 495 qui
3526 424 3693 483 facile

272 513 502 584 singula
522 515 721 568 talium
736 531 843 569 non
857 516 1119 572 videntur
1139 534 1295 587 posse
1305 520 1471 587 facile
1482 517 1923 586 amoveri,neque

272 603 446 673 facile
455 606 1117 676 permutari.Aﬂecliones
1136 623 1257 662 vero
1272 608 1536 661 dicuntur
1554 623 1675 678 quae
1704 607 1829 658 sunt
1843 602 1926 675 fa-

274 695 383 748 cile
411 694 632 748 mobiles
654 696 824 750 etcito
842 697 1258 766 permutabiles,
1275 706 1332 752 ut
1358 696 1515 753 calor
1539 702 1591 751 et
1620 694 1921 764 frigidum,

270 785 487 839 sanitas
516 788 565 840 et
602 784 890 853 aegritudo,
915 794 967 842 et
990 788 1109 841 alia
1144 786 1751 856 huiusmodi.A/ﬁcitur
1778 784 1925 839 enim

270 878 429 928 circa
441 890 541 929 eas
554 874 719 930 homo
733 875 1370 948 quodammodo,ciloque
1399 893 1557 949 perm
1566 878 1829 941 utatur,et
1858 888 1927 927 ex

269 964 450 1019 calido
458 964 709 1034 frigidus
721 966 855 1035 ﬁt,et
868 981 938 1021 ex
949 968 1201 1021 sanitate
1221 966 1279 1021 in
1298 967 1562 1037 argritudi
1566 982 1690 1020 nem
1705 964 1922 1019 transit.

270 1053 556 1109 Similiter
567 1063 752 1110 autem
774 1058 829 1110 in
848 1056 1129 1125 aliignisi
1138 1061 1285 1126 forte
1298 1059 1356 1112 in
1381 1057 1467 1112 his
1484 1072 1695 1129 quoque
1716 1055 1929 1110 contin-

270 1147 365 1212 gat
376 1148 609 1213 pr0pter
620 1147 881 1216 temporis
896 1145 1304 1215 longitudinem
1314 1147 1375 1201 in
1386 1156 1655 1202 naturam
1666 1145 1929 1215 cujusque

272 1233 605 1305 transferri,
637 1238 698 1288 ut
728 1236 1175 1302 insanabilis,vel
1206 1236 1445 1307 difﬁcile
1474 1236 1701 1291 mobilis
1726 1232 1927 1289 existat

268 1324 519 1394 aﬂectus,
553 1340 714 1394 quem
735 1325 857 1394 jam
886 1325 1121 1396 quilibet
1152 1324 1536 1381 habitudinem
1566 1331 1727 1380 vocet.

346 1450 634 1519 Proponit
666 1448 1005 1520 qualitatem
1056 1449 1461 1521 multipliciter
1490 1450 1629 1519 dici,
1672 1466 1799 1520 quea
1837 1464 1928 1503 res

273 1538 453 1592 traxit
469 1537 701 1609 aliquos
724 1538 782 1593 in
809 1554 1087 1605 errorem,
1115 1545 1179 1594 ut
1203 1540 1287 1595 eis
1311 1540 1566 1611 suspicio
1590 1543 1929 1593 nasceretur

274 1626 653 1681 Aristotelem
682 1628 911 1682 credere
944 1627 1277 1700 qualitatem
1308 1630 1598 1699 aequivoce
1630 1626 1925 1681 nominari.

277 1714 425 1769 Nam
442 1714 493 1770 si
517 1717 712 1771 omnis
725 1717 1100 1787 :equivocatio
1125 1716 1530 1790 multipliciter
1551 1716 1929 1786 dicitur,qua-

276 1805 414 1859 litas
437 1810 637 1860 autem
653 1807 973 1860 secundum
992 1806 1355 1862 Aristotelem
1372 1807 1501 1877 ipsa
1524 1822 1757 1877 quoque
1781 1804 1935 1859 mul-
1964 1797 2010 1861 Β

277 1894 565 1964 tipliciter
594 1894 943 1965 appellatur,
978 1898 1298 1950 secundum
1322 1896 1690 1950 Aristotelem
1721 1909 1936 1948 nomen

280 1985 595 2057 qualitatis
610 1986 969 2056 tequivocum
991 1992 1098 2041 est.
1118 1986 1235 2041 Nos
1252 2004 1385 2041 vero
1407 1986 1777 2041 defendimus
1794 1982 1941 2038 mul-

273 2075 570 2145 tipliciter
600 2074 737 2138 dici,
771 2090 901 2129 esse
934 2092 1047 2129 non
1084 2092 1199 2129 una
1232 2080 1460 2129 tantum
1509 2073 1937 2145 significatione

273 2162 601 2219 nominari.
648 2163 866 2219 Dicitur
905 2163 1059 2218 enim
1108 2164 1331 2235 aliquid
1366 2162 1771 2234 multipliciter
1801 2162 1934 2230 dici,

276 2270 416 2308 cum
445 2258 504 2307 et
537 2253 833 2322 aequivoce
865 2253 1098 2321 dicitur,
1131 2259 1187 2308 et
1217 2255 1444 2307 diverso
1488 2252 1660 2308 modo
1701 2252 1771 2306 de
1812 2251 1936 2305 suis

277 2340 599 2412 speciebus
616 2340 783 2395 multi
797 2340 1020 2412 pliciter
1036 2342 1349 2413 prazdicatu
1362 2342 1491 2413 rsEt
1506 2358 1735 2395 commu
1748 2340 1837 2394 nis
1850 2343 1939 2395 est

282 2430 599 2499 multiplex
630 2430 966 2501 appellatio,
1000 2433 1172 2485 etiam
1217 2432 1274 2485 in
1309 2430 1401 2485 his
1434 2430 1772 2485 nominibus
1810 2445 1937 2499 quas

278 2520 467 2575 veluti
492 2536 710 2590 genere
736 2519 805 2574 de
827 2519 1133 2589 speciebus
1148 2521 1446 2588 dicuntur,
1469 2519 1623 2574 velut
1645 2519 1938 2590 aequivoca

278 2611 353 2666 de
368 2610 681 2679 subjectis.
698 2607 962 2680 Namque
976 2610 1261 2663 etanimal
1282 2626 1335 2662 m
1350 2608 1933 2680 ultipliciterdicitur.

280 2704 430 2753 Nam
476 2697 531 2752 si
574 2696 770 2751 multis
812 2699 927 2751 sint
962 2698 1185 2765 species
1228 2714 1354 2768 qua:
1394 2697 1631 2751 animali
1663 2696 1937 2766 subjectae

275 2787 650 2857 sunt,ipsum
669 2802 901 2856 quoque
916 2784 1313 2856 multipliciter
1325 2786 1752 2857 quodammodo
1770 2784 1936 2839 nomi-

276 2882 479 2931 natur.
510 2875 694 2929 Istam
717 2879 912 2928 autem
938 2874 1514 2945 muttiplicationem,
1534 2890 1647 2929 non
1673 2873 1741 2929 ad
1767 2872 1940 2943 tequi-

271 2965 649 3021 vocationem
670 2962 943 3018 retulisse
958 2962 1355 3032 Aristotelem,
1374 2964 1471 3019 sed
1491 2964 1684 3035 potius
1709 2968 1771 3017 ut
1788 2980 1936 3033 qua-

269 3055 510 3109 litatem
553 3070 739 3124 genus
774 3069 903 3108 esse
946 3058 1317 3124 proponeret,
1365 3052 1465 3108 illa
1495 3069 1586 3109 res
1622 3056 1934 3119 monstrat,

270 3144 432 3215 quod
464 3142 573 3207 ait,
597 3148 657 3197 et
689 3159 805 3197 una
835 3143 1071 3213 quidem
1106 3144 1329 3212 species
1358 3142 1658 3213 qualitatis
1693 3141 1929 3197 habitus
1961 3150 2005 3216 ρ

273 3232 635 3303 aﬂectioque
648 3231 885 3285 dicitur.
904 3231 1047 3287 Nam
1073 3231 1171 3302 qui
1197 3230 1448 3301 speciem
1477 3231 1618 3287 dicit
1638 3247 1766 3286 esse
1798 3248 1937 3302 qua-

272 3322 469 3377 litatis
514 3320 782 3375 habitum
825 3324 885 3375 et
933 3321 1323 3385 affectionem,
1368 3321 1501 3390 quis
1530 3336 1661 3375 eum
1708 3322 1936 3377 dubitet

273 3412 478 3483 ipsam
510 3408 860 3480 qualitatem
894 3410 1006 3464 vim
1045 3410 1307 3464 obtinere
1340 3410 1571 3479 generis
1614 3410 1880 3466 arbitrari
1909 3412 1937 3466 ?

276 3504 397 3556 Cur
428 3514 566 3553 vero
599 3499 739 3553 dicit
781 3515 959 3553 unam
1004 3500 1253 3569 speciem
1287 3514 1416 3553 esse
1444 3498 1765 3569 qualitatis,
1800 3516 1933 3554 cum

271 3592 552 3661 geminas
568 3589 1368 3661 proposuerit,habitndinem
1386 3590 1935 3645 scilicetetaffectio-

274 3697 438 3748 nem,
473 3680 781 3751 quaeritur.
816 3678 962 3733 Nam
992 3679 1039 3733 si
1080 3696 1263 3734 unum
1298 3680 1569 3750 idemque
1592 3680 1667 3733 sit
1700 3680 1934 3735 habitus

270 3776 328 3827 et
363 3769 633 3837 affectio,
665 3767 966 3839 superflua
999 3772 1085 3823 est
1116 3769 1378 3838 ejusdem
1429 3768 1509 3822 rei
1534 3769 1777 3837 repetita
1805 3786 1933 3840 pro-

268 3860 521 3929 positio,
547 3857 641 3911 sin
674 3872 810 3912 vero
843 3855 1132 3924 differant,
1166 3872 1347 3927 quare
1386 3856 1657 3912 differant
1695 3856 1933 3911 investi-

265 3948 541 4018 gandum
576 3951 686 4001 est.
721 3946 941 4001 Genere
972 3945 1128 4000 enim
1165 3962 1236 3999 ne
1267 3945 1509 4014 distent,
1542 3945 1643 4000 illa
1666 3962 1757 4000 res
1790 3964 1933 4017 pra:-

264 4037 460 4100 venit,
494 4036 651 4105 quod
686 4038 936 4104 utraque
958 4034 1067 4088 sub
1082 4033 1363 4104 qualitate
1387 4034 1711 4089 constituit.
1739 4038 1937 4090 Restat

266 4142 418 4197 ergo
455 4132 527 4179 ut
559 4129 661 4179 aut
688 4123 884 4195 specie
914 4122 1271 4193 discrepent,
1306 4131 1402 4176 aut
1432 4139 1714 4190 numero;
1749 4124 1850 4178 sed
1884 4124 1931 4179 si

263 4216 479 4287 specie
511 4214 935 4285 discreparent,
963 4228 1077 4267 non
1102 4213 1172 4267 ab
1206 4213 1515 4268 Aristotele
1538 4230 1639 4284 pro
1672 4230 1789 4267 una
1814 4230 1937 4284 spe-

261 4307 361 4361 cie
382 4307 766 4375 ponerentur.
800 4302 1113 4373 Reliquum
1128 4307 1218 4357 est
1236 4302 1427 4373 {igitur
1440 4318 1507 4356 ea
1529 4318 1937 4373 nequegenere

261 4408 474 4464 neque
502 4391 697 4461 specie
718 4390 1093 4456 differre,sed
1128 4406 1389 4445 numero.
1420 4389 1667 4445 Habitus
1682 4408 1937 4463 namque

263 4482 596 4556 dispositio
616 4482 769 4536 idem
798 4487 887 4536 est
906 4480 1231 4536 secundum
1262 4480 1534 4551 speciem,
1561 4480 1661 4535 sed
1694 4497 1935 4537 numero

262 4578 519 4629 tantum
563 4575 622 4625 et
663 4568 898 4641 prepria
939 4569 1194 4639 quadam
1235 4568 1515 4639 qualitate
1557 4568 1933 4626 dissentiunt.

262 4660 739 4731 Dispositionem
772 4675 906 4714 vero
936 4656 1249 4713 indiscrete
1281 4657 1437 4711 idem
1480 4657 1634 4728 quod
1678 4658 1931 4715 affectio-

263 4767 410 4808 nem
441 4765 609 4805 voco.
642 4748 789 4803 Nam
818 4747 975 4802 sicut
1004 4747 1271 4801 Socrates
1298 4762 1331 4800 a
1362 4746 1598 4801 Platone
1629 4746 1771 4802 nihil
1812 4748 1937 4820 qui-

265 4842 411 4896 dem
450 4837 783 4894 secundum
806 4837 997 4909 ipsam
1024 4834 1409 4890 humanitatis
1432 4835 1682 4905 speciem
1713 4836 1933 4892 discre-

269 4935 399 5001 pat,
436 4926 565 4983 sola
588 4931 785 4982 tamen
811 4925 1059 4997 proprias
1085 4939 1341 4995 personas
1357 4922 1632 4993 qualitate
1656 4925 1932 4995 disjuncti

266 5024 444 5085 sunt,
469 5017 554 5071 ita
566 5014 1127 5087 quoquedispositio
1143 5017 1312 5083 atque
1332 5012 1593 5081 habitus,
1620 5030 1722 5069 nec
1740 5016 1933 5085 potius

268 5109 384 5165 hoc
405 5107 588 5162 modo
606 5106 858 5173 distant;
879 5104 980 5160 sed
1003 5102 1501 5175 quemadmodum
1532 5102 1657 5173 ipse
1669 5103 1933 5161 Socrates

267 5200 420 5254 dum
456 5199 618 5251 esset
650 5193 954 5267 parvulus,
990 5198 1125 5265 post
1158 5208 1293 5246 vero
1319 5191 1646 5262 pubescens
1676 5210 1709 5247 a
1740 5194 1933 5264 seipse

268 5286 565 5352 distabat,
585 5284 790 5341 eodem
816 5298 1048 5355 quoque
1066 5281 1235 5336 modo
1250 5280 1489 5334 habitus
1520 5281 1930 5353 etdispositio:

269 5390 539 5445 namque
572 5372 813 5428 habitus
830 5372 999 5426 ﬁrma
1029 5374 1116 5425 est
1145 5368 1475 5440 dispositio,
1506 5368 1732 5424 affectio
1766 5371 1932 5426 infir-

273 5481 416 5521 mus
435 5463 808 5528 esthabitus,
833 5458 1409 5533 utquemadmodum
1433 5458 1614 5513 distat
1640 5457 1811 5515 albus
1837 5479 1930 5517 co-

272 5554 369 5610 lor
397 5554 472 5609 ab
498 5553 631 5609 albo
662 5553 876 5621 colore,
909 5550 957 5605 si
983 5550 1041 5604 in
1070 5549 1298 5620 pictura
1335 5547 1423 5602 hic
1442 5547 1675 5617 quidem
1701 5565 1930 5621 perma-

275 5648 442 5715 neat,
474 5642 574 5699 ille
604 5659 740 5699 vero
764 5640 966 5698 statim
991 5637 1288 5712 periturus
1316 5636 1413 5705 sit,
1437 5636 1546 5692 nisi
1578 5638 1733 5709 quod
1765 5638 1814 5693 is
1829 5639 1931 5712 qui

2034 506 2335 578 periturus
2362 509 2470 572 est,
2502 505 2561 559 in
2607 506 2933 575 affectione,
2970 509 3048 563 ita
3080 509 3225 565 nihil
3258 510 3417 566 aliud
3449 512 3692 571 interest

2033 596 2186 650 inter
2217 594 2482 648 habitum
2526 601 2699 665 atque
2729 596 3199 667 dispositionem.
3234 599 3377 655 Nam
3418 602 3686 670 quamvis

2036 686 2470 761 permanentior
2502 686 2577 739 sit
2612 686 2867 755 habitus,
2895 688 3059 744 facile
3075 706 3204 745 vero
3230 691 3462 747 mobilis
3496 692 3686 765 dispo-

2035 780 2190 843 sitio,
2208 795 2320 833 non
2341 778 2451 833 nisi
2484 782 2715 832 tantum
2740 779 3126 836 diuturnitate
3149 782 3427 837 differunt
3454 802 3682 855 perma-

2036 868 2233 924 nendi.
2266 866 2506 923 Undeﬁt
2541 870 2602 921 ut
2624 884 2835 938 genere
2867 870 3129 939 etspecie
3158 870 3449 927 habituaa
3482 874 3679 945 dispo-

2037 958 2247 1013 sitione
2278 973 2391 1011 non
2425 955 2735 1027 discrepet.
2770 957 3051 1020 Quocirca
3080 965 3234 1015 recte
3264 977 3392 1031 quae
3438 980 3683 1020 numero

2038 1046 2160 1103 solo
2193 1045 2511 1111 distabant,
2540 1060 2653 1099 non
2674 1045 2864 1115 specie
2888 1046 2996 1100 sub
3021 1048 3194 1103 unius
3215 1050 3425 1120 speciei
3462 1069 3685 1107 nuncu-

2038 1134 2271 1207 patione
2317 1138 2565 1205 utraque
2596 1139 2735 1189 sunt
2766 1133 2837 1188 ab
2879 1134 3187 1191 Aristotele
3220 1138 3538 1208 proposita,
3581 1141 3682 1196 sed

2038 1228 2127 1279 est
2156 1223 2363 1278 horum
2387 1223 2622 1293 propria
2648 1222 2997 1293 differentia,
3023 1226 3177 1295 quod
3212 1225 3449 1283 habitus
3482 1228 3687 1285 diutis-

2039 1313 2187 1368 sime
2212 1316 2622 1383 permanentes
2646 1311 3062 1383 dispositiones
3079 1318 3237 1369 sunt.
3254 1315 3573 1387 Dispositio
3588 1335 3686 1373 au-

2039 1406 2158 1458 tem
2190 1401 2357 1457 facile
2399 1401 2638 1457 mobilis
2669 1400 2929 1470 habitus,
2963 1404 3065 1457 sed
3099 1403 3150 1459 si
3185 1404 3390 1460 horum
3420 1409 3684 1479 exempla

2041 1507 2396 1563 quaeramus,
2421 1491 2541 1545 haec
2566 1494 2831 1562 poterunt
2850 1491 3118 1547 inveniri.
3146 1494 3531 1551 Ilabitudines
3546 1502 3682 1552 sunt

2041 1584 2106 1635 ut
2138 1584 2314 1648 artes,
2348 1580 2696 1651 disciplinas,
2732 1580 2998 1636 virtutes.
3042 1581 3187 1637 Nam
3236 1600 3330 1638 ars
3364 1602 3477 1640 non
3515 1585 3683 1643 facile

2042 1670 2276 1725 mobilis
2291 1669 2583 1725 videturet
2596 1670 2928 1725 diutissime
2943 1677 3264 1743 permanet.
3286 1673 3401 1730 Hoc
3414 1674 3564 1729 enim
3587 1693 3684 1732 ars

2041 1761 2169 1833 ipsa
2202 1758 2517 1813 meditatur
2549 1763 2612 1813 ut
2645 1776 2752 1815 usu
2787 1765 2963 1831 atque
2994 1763 3405 1819 exercitatione
3448 1781 3557 1819 non
3592 1782 3685 1836 pe-

2044 1854 2185 1904 reat.
2220 1848 2361 1913 Quis
2390 1847 2545 1902 enim
2578 1852 2667 1902 est
2698 1848 2799 1919 qui
2832 1848 3020 1904 sciens
3052 1855 3205 1905 recte
3235 1853 3683 1923 grammaticam

2043 1936 2205 1993 nulla
2233 1938 2286 1991 vi
2328 1936 2747 1993 interveniente
2765 1937 3067 1994 validioris
3102 1941 3394 2010 passionis
3426 1942 3627 1998 amisit
3657 1943 3685 1998 7

2043 2027 2249 2083 Fertur
2278 2026 2431 2081 enim
2461 2026 2702 2097 quidam
2728 2043 2999 2083 summus
3023 2032 3218 2084 orator
3244 2030 3591 2102 aegritudine
3614 2033 3689 2087 fe-

2042 2115 2362 2186 bribusque
2375 2115 2668 2182 decoctus,
2683 2132 2774 2170 om
2788 2132 2917 2170 nem
2936 2116 3264 2174 litterarum
3286 2119 3557 2176 amisisse
3580 2122 3687 2177 do-

2040 2205 2315 2271 ctrinam,
2350 2205 2407 2258 in
2440 2203 2570 2259 aliis
2601 2221 2734 2259 vero
2766 2206 2941 2261 rebus
2957 2223 3139 2262 sanus
3164 2224 3229 2263 ac
3263 2208 3371 2263 sibi
3407 2215 3685 2267 constans

2040 2299 2097 2350 et
2125 2296 2183 2350 in
2217 2294 2375 2349 omni
2402 2311 2460 2349 re
2490 2298 2733 2365 vegetus
2758 2296 3173 2366 permansisse.
3210 2298 3525 2369 Disciplina
3550 2317 3687 2370 quo-

2041 2401 2153 2456 que
2184 2384 2360 2438 etiam
2393 2384 2522 2455 ipsa
2550 2389 2641 2439 est
2671 2384 2725 2438 in
2762 2387 3193 2455 permutatione
3231 2387 3506 2442 dilficilis.
3542 2389 3682 2452 Quis

2040 2473 2192 2529 enim
2211 2472 2839 2544 scienstriangulum,d
2852 2475 3039 2529 uobus
3053 2475 3288 2529 directis
3301 2478 3681 2546 angulis.tres

2040 2563 2346 2617 interiores
2377 2562 2601 2617 similes
2633 2562 2847 2617 habere
2881 2566 3151 2635 angulos,
3187 2563 3338 2619 hanc
3369 2566 3678 2622 scientiam

2042 2664 2246 2731 praeter
2276 2661 2389 2715 vim
2424 2660 2513 2731 (ut
2542 2661 2763 2715 dictum
2796 2666 2905 2731 est)
2927 2662 3183 2717 fortioris
3216 2664 3508 2733 passionis
3534 2664 3684 2719 ami-

2041 2752 2119 2805 sit
2134 2750 2160 2805 ?
2178 2751 2435 2806 Virtutes
2458 2767 2690 2821 quoque
2705 2752 2761 2805 in
2785 2753 2983 2806 eodem
3002 2768 3212 2823 genere
3228 2755 3504 2823 ponenda:
3521 2772 3585 2809 su
3598 2760 3680 2808 nt.

2039 2839 2242 2895 Virtus
2272 2840 2427 2895 enim
2463 2838 2575 2894 nisi
2607 2838 2846 2893 difficile
2876 2839 3172 2895 mutabilis
3202 2856 3317 2895 non
3354 2847 3461 2908 est,
3497 2858 3684 2913 neque

2041 2928 2196 2984 enim
2230 2928 2384 2998 quod
2410 2926 3216 2997 semeljustejudicatjustus
3231 2934 3340 2995 est,
3367 2945 3553 3000 neque
3576 2929 3676 2999 qui

2041 3017 2220 3074 semel
2253 3015 2605 3071 adulterium
2642 3016 2799 3081 facit,
2842 3019 2933 3070 est
2968 3016 3215 3081 adulter,
3257 3018 3357 3071 sed
3402 3034 3538 3072 cum
3572 3018 3684 3073 ista

2039 3108 2311 3161 voluntas
2332 3105 2721 3175 cogitatioque
2743 3104 3494 3175 permanserit.Aristoteles
3525 3106 3681 3162 enim

2041 3196 2283 3249 virtutes
2300 3210 2412 3248 non
2432 3198 2590 3264 putat
2610 3192 2908 3259 scientias,
2925 3198 2989 3246 ut
3020 3193 3306 3261 Socrates,
3328 3195 3426 3248 sed
3447 3194 3684 3251 habitus

2040 3284 2098 3338 in
2130 3282 2349 3337 Ethicis
2374 3281 2499 3336 suis
2530 3298 2655 3336 esse
2680 3280 2953 3335 declarat.
2980 3280 3263 3344 Quocirca
3293 3286 3523 3338 constat
3554 3300 3682 3339 esse

2041 3372 2278 3427 habitus
2308 3370 2596 3425 stabiliter
2633 3374 3063 3441 permanentes,
3099 3369 3454 3443 difﬁcileque
3484 3377 3680 3427 muta-

2039 3462 2208 3526 biles,
2242 3460 2349 3515 hoc
2380 3464 2606 3514 tantum
2659 3464 2919 3528 excepto,
2954 3463 3019 3513 ut
3058 3475 3169 3513 non
3216 3476 3314 3514 eas
3354 3460 3441 3515 vis
3481 3460 3681 3530 aliqua

2039 3551 2226 3618 major
2257 3550 2506 3617 alicujus
2532 3547 2975 3619 permutationis
3009 3548 3272 3618 impellat
3302 3554 3359 3603 et
3392 3549 3675 3607 destruat.

2041 3639 2376 3694 Affectionis
2389 3655 2520 3693 vero
2536 3637 2759 3708 species
2775 3641 2933 3701 sunt,
2956 3641 3019 3690 ut
3039 3636 3338 3691 calefactio
3362 3642 3538 3709 atque
3556 3655 3679 3707 per-

2040 3730 2251 3793 frictio,
2284 3735 2340 3783 et
2370 3727 2655 3797 wgritudo
2683 3731 2858 3796 atque
2884 3725 3278 3791 sanitas,cum
3305 3727 3375 3780 ad
3404 3743 3504 3781 eas
3535 3744 3681 3797 quo-

2040 3818 2356 3874 dammodo
2377 3818 2453 3870 sit
2479 3817 2647 3869 homo
2671 3814 2995 3885 dispositus
3015 3820 3189 3886 atque
3204 3815 3587 3879 allectus,non
3607 3822 3687 3871 ta-

2042 3924 2174 3961 men
2189 3902 2978 3960 immutabiliterautcaloris
2998 3902 3339 3973 qualitatem
3358 3903 3687 3961 habeataut

2041 3995 2296 4067 frigoris,
2332 3994 2486 4049 sicut
2523 4009 2627 4048 nec
2661 3996 2938 4063 perpetuo
2972 3991 3244 4047 sanitatis
3275 3997 3371 4047 aut
3403 3999 3684 4065 perpetuo

2041 4084 2429 4156 aegritudinis.
2455 4082 2603 4149 Quin
2638 4082 2810 4135 etiam
2844 4081 2891 4136 si
2926 4097 3044 4152 qua
3073 4085 3213 4136 sunt
3240 4096 3366 4151 quae
3394 4098 3497 4153 per
3527 4082 3683 4155 longi

2040 4174 2320 4245 temporis
2342 4171 2748 4245 aegritudinem
2764 4171 3105 4242 corporibus
3129 4172 3580 4227 immutabiliter
3600 4174 3687 4229 in-

2041 4265 2350 4324 durantur.
2383 4266 2536 4316 utea
2559 4263 2682 4331 jam
2709 4261 2766 4313 in
2795 4263 3063 4313 naturam
3096 4259 3532 4330 quodammodo
3565 4278 3687 4317 cor-

2042 4354 2200 4426 poris
2233 4352 2521 4421 cujusque
2551 4349 2909 4413 transierint,
2936 4352 3001 4402 ut
3027 4346 3076 4401 si
3109 4348 3243 4418 quis
3266 4365 3585 4419 percussus
3608 4352 3685 4406 ci-

2043 4443 2315 4498 catricem
2345 4440 2517 4494 faciat
2548 4436 2963 4503 insanabilem,
2997 4435 3081 4490 illi
3114 4452 3182 4491 ex
3212 4437 3600 4509 dispositione
3630 4446 3687 4496 et

1967 4520 2013 4585 Β
2045 4528 2344 4584 affectione
2361 4526 2601 4596 quidam
2628 4524 2816 4579 factus
2829 4528 2920 4578 est
2941 4522 3201 4579 habitus.
3228 4526 3511 4588 Quocirca
3533 4532 3687 4584 recte

2044 4617 2267 4671 dictum
2292 4621 2380 4670 est
2397 4612 2811 4683 dispositiones
2837 4611 3188 4667 inveteratas
3213 4612 3448 4669 habitus
3476 4616 3685 4673 facere.

2042 4704 2184 4761 Nam
2208 4719 2341 4760 cum
2373 4702 2643 4774 quaslibet
2667 4700 2974 4772 dispositio
3003 4716 3356 4771 permanens
3371 4707 3427 4757 et
3448 4702 3686 4761 difficile

2045 4794 2277 4849 mobilis
2307 4793 2460 4847 facta
2485 4791 2582 4858 sit,
2600 4789 2833 4860 illajam
2858 4806 2971 4844 non
2987 4788 3297 4861 dispositio
3316 4792 3683 4859 autaffectio,

2044 4886 2142 4939 sed
2177 4884 2417 4938 habitus
2438 4882 2736 4937 vocandus
2766 4884 2875 4935 est.

2113 4992 2475 5060 Manifestum
2486 4993 2563 5043 est
2582 4990 2765 5043 autem
2788 4985 3047 5059 quoniam
3066 4986 3185 5043 haec
3203 4987 3390 5044 volunt
3407 4989 3688 5049 habitudi-

2042 5096 2136 5136 nes
2156 5081 2581 5151 nominari,quz
2592 5084 2718 5131 sunt
2732 5076 3093 5131 diuturniora
3112 5085 3165 5131 et
3186 5076 3417 5148 di/ﬁcile
3436 5080 3687 5140 mobilia.

2042 5171 2286 5241 Namque
2306 5170 2363 5222 in
2396 5167 2701 5237 disciplinis
2713 5182 2825 5220 non
2851 5165 3085 5220 multum
3101 5164 3401 5223 retinentes
3413 5170 3508 5225 sed
3520 5171 3691 5241 facile

2042 5260 2405 5323 mobiles,non
2429 5258 2691 5312 dicuntur
2711 5255 2957 5309 habitum
2980 5255 3461 5327 habere,quamvis
3482 5262 3689 5318 sintad

2044 5348 2373 5418 disciplinas
2394 5347 2546 5418 pejus
2572 5347 2649 5401 vel
2670 5345 2864 5400 melius
2889 5344 3157 5415 dispositi.
3176 5346 3554 5420 Quarediﬂ‘ert
3577 5350 3685 5407 ha-

2048 5441 2187 5494 bitus
2207 5456 2243 5492 a
2267 5435 2786 5508 dispositione,quod
2806 5435 2904 5489 hoc
2924 5434 3143 5506 quidem
3172 5437 3338 5506 facile
3356 5440 3556 5495 mobile
3580 5446 3684 5508 est,

2046 5528 2194 5583 illud
2226 5543 2350 5582 vero
2379 5526 2699 5582 diuturnius
2727 5532 2775 5580 et
2796 5524 3031 5596 difﬁcile
3054 5526 3272 5581 mobile.

2115 5635 2359 5693 Habitus
2382 5652 2506 5692 esse
2527 5635 2837 5707 qualitates
2862 5632 3103 5690 difficile
3118 5634 3363 5691 mobiles
3385 5637 3685 5698 etdiutur-

3904 6102 3963 6141 ἦ.-
