4094 6176
217 275 328 331 273

1240 288 1319 342 IN
1353 287 1817 347 CATEGORIAS
1854 294 2320 355 ARISTOTELIS
2356 300 2491 354 LIB.
2534 303 2630 354 IV.

3543 314 3653 371 274

214 405 335 473 pst,
368 402 505 457 duae
533 407 672 458 sunt
692 404 1056 476 differentiis,
1083 425 1209 481 quis
1228 410 1447 481 juncta;
1472 414 1873 484 superioribus
1905 421 1956 486 Α
2055 422 2211 488 Quod
2234 433 2418 477 autem
2442 441 2615 496 neque
2632 429 2692 479 ut
2712 430 2998 483 contraria
3023 441 3380 501 opponuntur
3404 452 3490 503 ea,
3523 456 3651 510 quae

214 490 484 563 quinque
507 493 839 563 perficiunt.
862 496 1083 552 Idcirco
1106 499 1263 553 enim
1296 502 1436 572 quid
1459 502 1702 558 distaret
1722 505 1884 560 habi-

214 584 311 636 tus
344 588 526 653 atque
560 583 830 653 privatio,
862 602 931 640 ea
960 588 1325 658 oppositione
1363 607 1489 661 quae
1523 592 1761 647 relative
1791 601 1880 649 est

217 670 738 742 pratermisimus,
762 677 1038 744 quoniam
1064 678 1222 747 prius
1255 682 1713 738 monstravimus
1733 687 1873 756 quid

215 759 467 815 relativa
490 764 781 831 oppositio
804 765 879 818 ab
902 766 1099 821 habitu
1126 767 1565 842 privationeque
1588 774 1876 845 differret;

217 865 331 904 nou
368 854 460 904 est
482 850 639 906 enim
673 851 919 908 dubium
944 871 1171 926 aequam
1198 859 1409 914 essein
1436 861 1703 933 utrisque
1726 864 1882 919 diffe-

210 940 497 1001 rentiam,
531 956 667 995 cum
695 958 813 997 una
833 944 905 998 ab
928 944 1043 999 alia
1072 946 1509 1018 discrepaverit.
1547 951 1744 1007 Restat
1763 971 1879 1009 una

211 1027 339 1082 sola
363 1027 724 1094 differentia,
750 1046 879 1101 qua:
901 1038 988 1087 est
1005 1037 1432 1092 contrariorum
1457 1041 1527 1093 ad
1544 1042 1881 1098 afﬁrmatio-

208 1131 342 1170 nem
368 1115 672 1173 scilicetet
693 1121 1083 1190 negationem;
1106 1128 1501 1195 praetermissa
1515 1146 1767 1201 namque
1790 1137 1878 1187 est

210 1205 656 1261 contrariorum
691 1206 1034 1279 differentia,
1067 1213 1139 1268 de
1179 1213 1418 1271 relativa
1448 1216 1670 1273 scilicet
1697 1224 1754 1275 et
1784 1238 1877 1276 se-

211 1294 481 1349 cundum
507 1295 778 1351 habitum
808 1298 1309 1374 privationemque
1329 1306 1873 1379 oppositione,quid

206 1381 327 1438 haec
360 1384 648 1454 superius
676 1402 709 1440 a
735 1388 1146 1446 contrarietate
1175 1394 1442 1460 distaret,
1476 1403 1872 1453 monstratum

206 1478 313 1527 est.
346 1474 545 1536 Quare
577 1476 857 1545 quoniam
902 1486 1041 1549 quot
1090 1486 1228 1536 sunt
1275 1482 1484 1539 borum
1531 1486 1871 1543 differentiae

203 1559 516 1631 cognitum
531 1566 645 1628 est,
659 1566 728 1617 ad
743 1566 1042 1634 sequentis
1056 1568 1247 1638 operis
1262 1571 1527 1628 ordinem
1543 1575 1868 1633 veniamus.

476 1852 499 1873 λ
610 1776 627 1816 ι
754 1724 909 1887 λ’ςῖχ
1031 1804 1050 1843 ¹¹
1442 1813 1461 1857 4

871 1883 1023 2075 ἡ
1285 1990 1323 2032 ι

499 2028 1296 2165 \\\./\_

612 2167 922 2337 χχ
999 2184 1035 2240 ε

268 2432 441 2501 Quod
465 2436 647 2485 autem
665 2428 904 2499 privatio
932 2434 987 2482 et
1012 2425 1233 2481 habitus
1263 2441 1378 2479 non
1410 2425 1493 2478 sic
1520 2426 1870 2493 opponuntur

191 2526 255 2575 at
286 2522 379 2575 ad
394 2518 637 2590 aliquid,
659 2516 1013 2586 manifestum
1029 2517 1104 2571 est
1123 2532 1145 2577 ;
1175 2530 1353 2586 neque
1372 2515 1521 2568 enim
1541 2512 1751 2567 dicitur
1771 2510 1869 2565 hoc

189 2610 390 2680 ipsum
420 2608 566 2680 quod
594 2610 673 2662 est
703 2605 957 2676 oppositi,
990 2607 1141 2660 visus
1180 2605 1328 2658 enim
1356 2618 1467 2657 non
1497 2605 1573 2657 est
1602 2601 1867 2658 caecitatis

188 2702 376 2765 visus,
409 2713 512 2753 nec
540 2698 655 2751 alio
685 2697 839 2751 nullo
860 2694 1016 2749 modo
1039 2693 1109 2747 ad
1132 2692 1313 2763 ipsum
1333 2691 1556 2747 dicitur.
1592 2690 1867 2746 Similiter

187 2799 392 2845 autem
422 2802 598 2859 neque
626 2787 867 2850 caecitas,
895 2783 987 2839 sed
1015 2785 1254 2854 privatio
1284 2780 1684 2852 quidem'vz'sus
1703 2778 1862 2836 caeci-

188 2888 280 2935 tas
314 2876 546 2941 dicitur,
566 2876 787 2931 excitus
817 2889 942 2929 vero
965 2876 1110 2927 visus
1127 2887 1235 2927 non
1265 2869 1489 2925 dicitur.
1526 2868 1775 2939 Amplius
1794 2867 1865 2922 ad

190 2965 422 3039 aliquid
454 2965 669 3026 omnia,
692 2963 973 3031 reciproce
994 2962 1276 3026 dicuntur,
1300 2974 1471 3029 quare
1495 2962 1544 3013 et
1565 2956 1784 3013 caecitas
1812 2956 1865 3012 si

188 3059 338 3112 esset
360 3070 554 3110 eorum
584 3067 710 3123 quw
731 3051 801 3105 ad
825 3048 1041 3122 aliquid
1064 3054 1212 3117 sunt,
1245 3049 1431 3119 utique
1451 3049 1863 3102 converteretur

190 3145 264 3201 ad
296 3142 445 3199 illud
474 3141 547 3197 ad
575 3139 717 3213 quod
744 3139 978 3206 dicitur,
1009 3137 1101 3193 sed
1135 3154 1244 3193 non
1296 3138 1655 3205 convertitur,
1687 3151 1859 3208 neque
1887 3164 1930 3231 ρ

188 3234 340 3291 enim
371 3247 526 3288 visus
557 3229 765 3285 dicitur
787 3229 1055 3285 ciuitatis
1088 3228 1258 3282 visus.

261 3324 333 3379 Et
363 3325 581 3377 caetera
608 3318 846 3391 quidem
871 3333 996 3388 quae
1028 3321 1168 3372 sunt
1197 3315 1524 3371 differentia
1552 3315 1857 3386 perspicue

188 3412 471 3484 superius
491 3409 555 3464 in
578 3406 1008 3463 contrariorum
1032 3404 1362 3461 differentia
1384 3403 1861 3474 relativaOpposi-

188 3504 347 3557 tione
377 3504 519 3555 ante
546 3496 849 3569 pramissa
879 3499 1037 3550 sunt.
1071 3493 1255 3549 Unam
1296 3508 1551 3564 namque
1582 3492 1856 3547 differen-

189 3592 332 3647 tiam
356 3587 804 3644 contrariorum
832 3583 1339 3654 relativorumque
1360 3581 1504 3636 dixit
1524 3598 1672 3651 esse,
1699 3581 1857 3652 quod

190 3676 488 3736 contraria
523 3692 642 3730 non
675 3674 755 3729 ita
785 3677 935 3728 utea
968 3690 1097 3744 quas
1117 3677 1259 3727 sunt
1279 3672 1349 3726 ad
1377 3670 1599 3743 aliquid
1625 3686 1862 3725 conver.

191 3774 473 3825 terentur.
505 3763 708 3837 Neque
733 3762 891 3819 enim
925 3762 1060 3834 quis
1091 3761 1432 3834 pronuntiat
1455 3760 1740 3815 malitiam
1766 3759 1861 3815 bo-

194 3858 392 3914 nitatis
418 3871 555 3911 esse
580 3852 888 3917 malitiam,
917 3868 1107 3923 neque
1129 3850 1451 3905 bonitatem
1476 3848 1713 3905 malitiae
1730 3865 1858 3904 esse

194 3948 548 4008 bonitatem,
572 3942 733 3998 velut
754 3940 940 3995 ﬁlium
963 3940 1147 4012 patris
1165 3955 1293 3995 esse
1313 3938 1522 4007 filium,
1541 3954 1857 4007 rursusque

195 4041 422 4109 patrem
460 4032 569 4087 filii
617 4034 864 4103 patrem.
898 4030 1113 4083 Eadem
1147 4043 1380 4099 quoque
1420 4032 1477 4081 et
1515 4027 1573 4081 in
1608 4027 1699 4081 bis
1731 4043 1857 4097 quae

193 4125 411 4182 secund
424 4139 527 4177 um
554 4120 943 4193 privationem
959 4117 1339 4185 habitumque
1359 4116 1649 4171 redduntu
1662 4134 1704 4183 r,
1723 4115 1863 4171 dici-

189 4219 279 4269 tur
317 4210 681 4269 differentia.
724 4208 870 4263 Nam
919 4206 1071 4262 sicut
1099 4222 1167 4261 ea
1197 4221 1324 4275 quas
1356 4209 1494 4260 sunt
1523 4205 1591 4260 ad
1637 4204 1856 4277 aliquid

190 4302 482 4377 opposita,
519 4300 832 4355 adversum
865 4296 1183 4368 semetipsa
1205 4295 1557 4357 redduntur,
1590 4298 1645 4349 et
1662 4296 1861 4350 omnia

192 4395 257 4448 ad
291 4391 575 4463 opposita
606 4388 1022 4461 praedicantur,
1056 4401 1171 4440 non
1205 4384 1405 4439 eodem
1442 4384 1613 4438 modo
1645 4382 1703 4437 in
1746 4384 1858 4439 ha-

192 4483 310 4538 bitu
337 4486 525 4552 atque
548 4476 872 4550 privatione
894 4480 999 4530 est.
1020 4472 1230 4529 Nullus
1246 4472 1401 4528 enim
1418 4471 1561 4527 dicit
1584 4471 1858 4528 caecitatis

1985 512 2282 565 secuntum
2325 514 2694 582 privationem
2724 526 2775 571 et
2806 517 3054 573 habitum
3101 522 3384 591 dicuntur,
3442 546 3517 583 ea:
3565 531 3649 591 his

1990 600 2345 666 manifestum
2376 612 2470 656 est.
2507 605 2750 670 Quorum
2771 610 2920 660 enim
2949 612 3359 667 contrariorum
3388 618 3547 672 nihil
3566 629 3643 674 est

1985 690 2248 755 medium,
2280 708 2492 746 necesse
2519 702 2595 747 est
2632 696 2688 747 in
2723 698 2917 764 quibus
2948 704 3078 753 nata
3109 707 3234 754 sunt
3267 703 3413 774 ﬁeri,
3446 714 3546 761 aut
3578 709 3642 763 de

1988 779 2183 846 quibus
2213 783 2612 849 pradicantur,
2654 791 2890 839 alterum
2924 790 3166 858 ipsorum
3197 794 3373 849 inesse
3399 812 3637 869 semper,

1987 866 2179 922 horum
2209 872 2356 924 enim
2386 873 2532 925 nihil
2562 884 2683 927 erat
2704 877 2966 939 medium,
3003 896 3234 950 quorum
3266 866 3637 945 alterumue-

1985 961 2283 1013 eessarium
2312 965 2429 1015 erat
2460 963 2634 1017 inesse
2658 968 3019 1035 susceptibili,
3056 974 3114 1023 ut
3142 972 3463 1042 languorem
3484 982 3534 1031 et
3554 995 3642 1034 sa-

1984 1049 2235 1113 nitatem,
2271 1054 2321 1103 et
2355 1052 2535 1119 impar
2572 1061 2625 1106 et
2670 1069 2790 1122 par.
2827 1059 3073 1123 Quorum
3122 1077 3249 1116 vero
3296 1064 3520 1134 aliquod
3562 1074 3639 1122 est

1984 1137 2244 1206 medium,
2301 1156 2587 1210 nunquam
2637 1144 2929 1197 necessitas
2978 1156 3054 1200 est
3099 1153 3258 1205 omni
3296 1155 3642 1223 susceplibili

1986 1227 2162 1281 inesse
2190 1228 2449 1296 alterum,
2476 1246 2651 1302 neque
2676 1234 2824 1286 enim
2849 1251 3064 1290 necesse
3092 1242 3169 1291 est
3199 1254 3356 1295 omne
3375 1247 3641 1309 suscepti-

1988 1315 2102 1369 bile
2119 1316 2414 1371 candidum
2436 1320 2519 1373 vel
2544 1337 2766 1388 nigrum
2790 1340 2924 1389 esse,
2952 1342 3125 1396 neque
3143 1330 3435 1398 frigidum,
3462 1350 3637 1405 neque

1980 1405 2242 1475 calidum,
2279 1406 2477 1461 horum
2507 1408 2657 1463 enim
2690 1410 2933 1466 medium
2963 1414 3179 1484 aliquid
3210 1420 3352 1472 nihil
3380 1423 3634 1491 prohibet

1978 1510 2114 1561 esse,
2146 1495 2343 1550 horum
2363 1500 2533 1551 etiam
2554 1508 2671 1553 erat
2696 1499 2921 1571 aliquid
2954 1504 3218 1569 medium,
3255 1524 3489 1578 quorum
3518 1529 3627 1568 non

1979 1588 2481 1640 eratnecessarium
2493 1588 2730 1642 alterum
2747 1590 3296 1663 inessesusceptibili,
3312 1608 3509 1664 praeter
3520 1600 3631 1657 illa

1979 1674 2525 1743 quibusnaturaliter
2549 1693 2721 1731 unum
2745 1680 2905 1745 inest,
2926 1685 2987 1734 ul
3009 1684 3137 1753 igni
3154 1683 3402 1740 calidum
3428 1703 3559 1753 esse,
3575 1698 3628 1745 et

1903 1806 1950 1869 B
1979 1762 2100 1816 nivi
2128 1762 2447 1818 candidum.
2480 1766 2539 1819 In
2574 1765 2658 1820 his
2688 1766 2838 1820 enim
2869 1768 3226 1826 delerminate
3255 1779 3630 1834 necessarium

1980 1859 2062 1905 est
2092 1852 2327 1906 alterum
2356 1855 2535 1907 inesse
2550 1862 2603 1908 et
2628 1870 2736 1909 non
2759 1857 3120 1928 alterutrum,
3145 1878 3251 1915 non
3279 1866 3432 1917 enim
3452 1868 3629 1935 possi-

1981 1939 2091 1994 bile
2117 1948 2194 1995 est
2223 1943 2404 2011 ignem
2451 1942 2724 2012 frigidum
2753 1961 2888 2011 esse,
2936 1965 3109 2018 neque
3154 1953 3335 2006 nivem
3383 1957 3626 2022 nigram.

1981 2029 2159 2096 Quare
2182 2031 2337 2085 omni
2363 2032 2582 2101 quidem
2611 2035 2955 2105 susceptibili
2992 2054 3101 2092 non
3135 2048 3212 2094 est
3258 2047 3628 2101 necessarium

1976 2118 2216 2172 alterum
2244 2135 2427 2174 eorum
2452 2122 2646 2186 inesse,
2678 2123 2771 2177 sed
2812 2125 2992 2179 solum
3041 2128 3240 2197 quibus
3283 2134 3625 2190 naturaliter

1976 2224 2151 2262 unum
2180 2208 2340 2276 inest,
2366 2208 2451 2263 his
2488 2210 2852 2268 determinate
2898 2231 3092 2285 unum,
3124 2234 3231 2273 non
3282 2220 3623 2280 alterutrum

1976 2298 2153 2352 inesse
2179 2299 2466 2368 contingit.

2044 2420 2437 2478 Prolixitatem
2474 2428 2663 2479 textus
2695 2424 2912 2482 idcirco
2960 2431 3221 2486 contraxi
3282 2436 3433 2506 quod
3469 2443 3521 2491 el
3553 2454 3620 2493 ea

1973 2509 2101 2583 ipsa
2122 2529 2249 2583 quae
2273 2512 2548 2567 dicuntur
2570 2517 2886 2587 suprajam
2904 2520 3058 2573 dicta
3074 2527 3234 2586 sunt,
3264 2541 3367 2579 nec
3395 2527 3623 2598 longior

1970 2602 2111 2656 ordo
2146 2604 2329 2672 possit
2357 2605 2590 2675 aliquod
2623 2622 2815 2661 creare
2845 2609 3168 2681 fastidium,
3195 2618 3347 2685 quod
3377 2633 3481 2671 nos
3516 2618 3622 2672 hac

1968 2694 2157 2745 textus
2183 2692 2466 2747 divisione
2499 2696 2889 2765 sejunximus.
2930 2699 2995 2752 Et
3020 2701 3181 2770 prius
3214 2704 3450 2773 quidem
3488 2724 3620 2776 pro-

1969 2782 2131 2851 ponit
2157 2790 2289 2836 ante
2318 2783 2519 2837 oculos
2551 2799 2755 2838 omnes
2782 2784 2934 2839 inter
2964 2803 3025 2841 se
3060 2792 3484 2847 contrariorum
3510 2795 3621 2848 dif-

1970 2868 2265 2935 ferentias,
2310 2888 2458 2941 quas
2502 2871 2626 2943 ipse
2676 2878 2965 2943 quantum
3020 2882 3221 2944 potero
3274 2880 3622 2939 brevissime

1966 2959 2436 3014 commemorabo
2471 2976 2483 3025 ;
2518 2960 2599 3014 ait
2628 2961 2783 3014 enim
2804 2964 3232 3019 contrariorum
3258 2984 3387 3037 quas
3413 2970 3621 3025 mediis

1966 3049 2165 3101 carent
2194 3064 2424 3117 semper
2464 3048 2713 3103 alterum
2744 3050 2936 3105 inesse
2966 3051 3015 3105 ei
3050 3056 3203 3123 quod
3236 3054 3370 3111 illas
3398 3064 3621 3114 contra-

1967 3135 2202 3190 rietates
2233 3136 2533 3207 suscipere
2566 3141 2774 3208 potest,
2821 3142 2885 3192 ut
2932 3139 3215 3212 aegritudo
3270 3149 3328 3199 et
3371 3147 3618 3217 sanitas,

1969 3225 2242 3294 quoniam
2264 3239 2496 3294 semper
2514 3224 2572 3278 in
2593 3225 2867 3281 animalis
2886 3243 3124 3299 corpore
3146 3233 3454 3303 reperitur,
3473 3240 3530 3291 et
3550 3252 3619 3292 ea

1966 3313 2092 3369 sine
2124 3312 2242 3368 ullo
2274 3318 2363 3368 est
2384 3313 2663 3369 adversus
2694 3332 2869 3370 suum
2894 3319 3253 3376 contrarium
3280 3323 3491 3381 medio.
3527 3325 3616 3381 Id-

1966 3402 2305 3459 circoomne
2327 3419 2542 3475 corpus
2562 3404 2835 3460 animalis
2859 3422 3088 3476 semper
3110 3417 3209 3466 aut
3228 3417 3489 3483 aegrotat,
3513 3420 3617 3471 aut

1967 3508 2176 3547 sanum
2210 3495 2321 3557 est,
2354 3497 2411 3547 et
2451 3509 2682 3562 semper
2731 3493 2977 3550 alterum
3032 3502 3135 3553 aut
3184 3501 3460 3558 sanitatis
3509 3511 3613 3562 aut

1968 3581 2333 3653 aegritudinis
2349 3582 2500 3637 inest
2515 3583 2563 3638 ei
2580 3585 2733 3654 quod
2756 3584 2862 3639 bas
2886 3586 3609 3658 suscipitcontrarietates.

1967 3671 2179 3725 Eorum
2213 3687 2343 3725 vero
2376 3672 2800 3728 contrariorum
2826 3690 2953 3746 quis
2978 3676 3195 3733 habent
3213 3679 3469 3751 aliquam
3490 3699 3612 3738 me-

1969 3760 2263 3827 dietatem,
2299 3778 2411 3816 non
2446 3778 2681 3817 necesse
2704 3766 2793 3818 est
2822 3779 3053 3837 semper
3073 3767 3320 3825 alterum
3349 3772 3541 3829 inesse
3562 3774 3615 3829 ei

1970 3848 2060 3904 cui
2078 3849 2368 3914 accidunt,
2396 3856 2459 3904 ut
2482 3849 2681 3905 album
2697 3857 2871 3923 atque
2889 3854 3147 3926 nigrum,
3175 3873 3302 3913 cum
3320 3861 3442 3916 sint
3464 3868 3617 3919 utra-

1967 3954 2077 4008 que
2091 3938 2402 4007 contraria,
2418 3939 2693 4007 quoniam
2710 3940 3197 4015 habentaliquam
3216 3948 3616 4022 medietatem,

1969 4032 2035 4082 ut
2065 4029 2333 4094 rubrum,
2363 4031 2608 4084 veniunt
2627 4036 2821 4086 autem
2851 4051 3084 4106 semper
3114 4037 3172 4092 in
3205 4055 3466 4111 corpora,
3501 4060 3617 4099 non

1970 4134 2207 4173 necesse
2224 4124 2315 4174 est
2332 4136 2504 4174 omne
2524 4137 2735 4193 corpus
2752 4123 2899 4188 fieri,
2918 4124 3231 4182 autalbum
3248 4131 3614 4202 autnigrum,

1970 4209 2244 4278 quoniam
2277 4213 2469 4280 potest
2500 4211 3167 4284 aliquandocontingere
3192 4223 3256 4271 ut
3278 4217 3379 4273 illa
3411 4236 3611 4277 eorum

1969 4297 2256 4353 medietas
2278 4299 2503 4369 corpori
2528 4299 2767 4354 cuilibet
2801 4302 3044 4359 eveniat.
3069 4307 3259 4376 Atque
3283 4307 3392 4363 hoc
3414 4309 3496 4365 ita
3527 4315 3618 4366 est

1967 4387 2026 4441 in
2056 4386 2127 4441 iis
2162 4403 2285 4458 qua
2322 4387 2510 4443 medio
2542 4405 2653 4444 non
2686 4396 2904 4459 carent,
2930 4407 3052 4460 quis
3085 4394 3213 4465 ipsa
3243 4397 3494 4454 mediata
3516 4417 3616 4456 vo-

1970 4492 2193 4543 camus,
2227 4476 2481 4546 exceptis
2512 4477 2604 4532 bis
2629 4478 2845 4549 quibus
2869 4497 2986 4536 una
3009 4487 3384 4542 contrarietas
3416 4493 3504 4543 est
3529 4490 3619 4544 in-

195 4587 318 4626 esse
346 4541 575 4637 visum;
610 4580 716 4620 nec
752 4580 963 4619 rursus
991 4561 1155 4617 visus
1187 4578 1315 4617 esse
1347 4560 1684 4616 caecitatem.
1719 4563 1865 4627 Quo-
1897 4541 1938 4605 ί)
1972 4564 2086 4620 sita
2117 4580 2218 4635 per
2244 4567 2539 4631 naturam,
2574 4571 2640 4621 ut
2672 4568 2771 4621 nix
2799 4567 2931 4623 alba
2956 4575 3064 4638 est,
3090 4570 3243 4643 ignis
3276 4574 3521 4632 calidus.
3559 4579 3620 4632 In

196 4659 345 4716 circa
375 4659 428 4713 si
461 4673 533 4713 ea
564 4671 693 4727 quas
724 4660 862 4709 sunt
890 4651 1138 4707 relative
1161 4652 1231 4705 ad
1262 4650 1530 4723 opposita
1551 4650 1866 4722 praedican-

196 4757 302 4818 tur,
323 4743 781 4814 conversimque
807 4741 1119 4811 dicuntur(
1140 4757 1272 4795 cum
1290 4741 1443 4795 enim
1459 4741 1535 4795 sit
1556 4741 1863 4811 oppositus

198 4837 307 4894 ﬁlio
338 4841 535 4910 pater,
568 4837 734 4905 pater
764 4829 868 4886 filii
897 4830 1138 4899 dicitur,
1172 4828 1394 4884 scilicet
1408 4831 1477 4884 ad
1501 4830 1858 4901 Oppositum,

198 4939 521 4996 rursusque
536 4920 898 4978 convertitur
920 4922 983 4973 ut
998 4918 1179 4990 patris
1194 4916 1349 4973 filius
1364 4917 1651 4989 appelletn
1663 4920 1706 4989 r)
1719 4936 1857 4990 quo-

199 5018 350 5070 niam
375 5014 493 5069 hoc
522 5013 581 5066 in
606 5010 697 5065 bis
730 5025 859 5080 quae
884 5011 1024 5064 sunt
1045 5007 1370 5063 secundum
1397 5007 1775 5078 privationem
1801 5012 1858 5063 et

200 5102 461 5159 habitum
492 5116 611 5155 non
643 5098 879 5153 dicitur.
904 5096 1104 5168 Neque
1126 5096 1281 5150 enim
1306 5111 1437 5151 cum
1471 5096 1543 5150 sit
1572 5098 1734 5152 visus
1759 5114 1855 5168 0p-

200 5194 425 5265 poaitus
448 5188 723 5255 caecitati,
747 5187 1072 5242 secundum
1097 5184 1476 5256 privationem
1501 5191 1677 5258 atque
1700 5186 1855 5241 babi-

199 5287 318 5338 tum
350 5282 572 5338 dicitur
604 5278 761 5333 visus
787 5275 1090 5343 caecitatis,
1116 5276 1169 5330 id
1198 5279 1287 5331 est
1309 5291 1607 5347 nunquam
1644 5293 1850 5331 secun-

201 5373 337 5427 dum
359 5372 513 5427 banc
538 5367 967 5440 oppositionem
989 5364 1211 5436 aliquid
1235 5366 1483 5435 oppositi
1504 5366 1853 5435 praedicatur

204 5476 384 5533 neque
398 5458 781 5519 convertitur,
804 5472 994 5527 neque
1016 5454 1171 5509 enim
1192 5455 1407 5509 dicitur
1424 5456 1651 5510 caecitas
1665 5456 1847 5526 visus,

206 5558 352 5606 recte
382 5547 635 5622 privatio
659 5550 831 5619 atque
852 5546 1091 5601 habitus
1117 5560 1229 5599 non
1254 5544 1313 5599 in
1337 5546 1539 5599 eadem
1564 5561 1679 5616 qua
1701 5545 1845 5600 rela-

206 5639 336 5709 tiva,
368 5639 471 5695 sed
504 5638 566 5693 in
596 5636 709 5692 alia
736 5635 929 5710 specie
953 5639 1262 5691 numerata
1292 5639 1451 5691 sunt.

1974 4652 2069 4708 his
2116 4652 2272 4707 enim
2325 4670 2505 4709 unam
2558 4671 2792 4726 semper
2823 4673 3059 4714 necesse
3108 4666 3196 4716 est
3242 4663 3473 4720 evenire
3504 4682 3619 4722 non

1974 4742 2171 4811 aliam,
2205 4759 2307 4797 nec
2341 4743 2705 4811 utrumlibet,
2738 4747 2841 4801 sed
2863 4747 3112 4804 difﬁnite
3136 4768 3332 4807 unam.
3369 4754 3430 4808 Id
3459 4757 3617 4813 enim

1971 4848 2086 4887 non
2121 4832 2274 4886 venit
2303 4832 2361 4887 in
2397 4833 2615 4904 ignem,
2651 4839 2715 4889 ut
2741 4834 3056 4906 aliquando
3088 4840 3167 4893 sit
3198 4841 3475 4911 calidum,
3509 4845 3618 4900 ali-

1968 4920 2203 4993 quando
2237 4922 2536 4993 frigidum,
2565 4923 2880 4993 aliquando
2911 4943 3041 4981 vero
3073 4930 3229 4998 quod
3262 4931 3466 4987 borum
3494 4952 3614 4991 me-

1968 5008 2152 5065 dietas
2174 5016 2262 5065 est
2286 5011 2570 5082 tepidum,
2598 5012 2699 5067 sed
2722 5028 2956 5084 semper
2984 5018 3234 5073 naturali
3261 5020 3449 5076 calore
3480 5040 3615 5080 suc-

1965 5100 2271 5169 cenditur;
2306 5116 2409 5154 nec
2445 5104 2541 5154 nix
2574 5100 2889 5171 aliquando
2922 5102 2985 5157 fit
3017 5105 3207 5175 nigra,
3249 5126 3353 5165 nec
3408 5129 3614 5171 rursus

1964 5188 2164 5256 rubea,
2194 5205 2298 5243 nec
2330 5187 2465 5243 ullis
2498 5188 2629 5243 aliis
2658 5190 2951 5245 coloribus
2980 5202 3369 5267 permutatur,
3403 5202 3506 5257 sed
3528 5220 3619 5259 so-

1960 5276 2083 5332 lum
2117 5294 2348 5348 semper
2369 5280 2501 5334 alba
2533 5284 2639 5334 est.
2678 5284 2818 5334 Cum
2856 5281 2973 5336 haec
2994 5283 3069 5337 ita
3094 5286 3233 5355 sint,
3268 5305 3334 5343 ea
3358 5306 3485 5361 quas
3520 5310 3612 5348 se.

1959 5367 2220 5422 cundum
2248 5368 2508 5422 habitum
2535 5370 3033 5442 privationemque
3058 5384 3454 5447 opponuntur,
3481 5383 3611 5438 siet

1959 5458 2031 5512 ab
2064 5456 2155 5511 his
2178 5459 2487 5512 contrariis
2512 5458 2729 5513 distare
2760 5467 3083 5515 monstrata
3110 5466 3229 5519 sint
3252 5483 3377 5535 qua:
3404 5471 3615 5526 mediis

1957 5552 2178 5613 carent,
2204 5549 2352 5601 etab
2379 5549 2469 5603 his
2495 5550 2793 5621 quaeintra
2816 5567 2877 5604 se
2907 5554 3218 5621 quamdam
3240 5558 3609 5615 medietatem

1954 5636 2261 5708 qualitatis
2287 5638 2627 5707 includunt,
2648 5645 2704 5695 et
2721 5641 2790 5695 ab
2815 5640 2908 5695 bis
2932 5657 3163 5714 quoque
3179 5663 3319 5715 quae,
3340 5662 3473 5702 cum
3498 5667 3615 5709 me-
