4094 6176
385 209 494 264 275

1646 233 1768 286 ΔΝ.
1809 233 2026 287 MANL.
2069 237 2231 292 BEV.
2269 241 2509 300 ΒΟΒΤΙΙ

3689 257 3798 310 276

390 333 550 392 diata
574 337 716 448 ‘sin‘t,
748 343 946 397 tamen
980 343 1230 402 difﬁnite
1282 347 1455 406 alicui
1504 352 1728 421 insunt,
1788 357 2037 426 perfecte
2073 358 2124 424 Α
2157 365 2466 422 contrariis
2513 385 2640 440 quae
2689 371 2948 429 mediata
2997 378 3137 430 sunt
3165 374 3318 431 banc
3366 377 3796 448 oppositionem

394 431 784 483 monstratum
813 435 901 486 est
929 447 996 486 ea
1025 450 1149 503 quae
1181 439 1500 494 secundum
1531 441 1793 498 habitum
1827 450 1884 498 et
1916 445 2040 516 pri-

395 514 688 571 vationem
725 524 862 573 sunt
895 537 926 574 a
959 523 1264 580 contrariis
1296 527 1646 601 discrepare.
1681 533 1868 598 Quare
1899 514 2041 605 quid

399 603 619 659 distent
653 606 963 663 Aristotele
994 614 1299 670 teneamus
1331 627 1585 675 auctore.

470 714 534 767 In
563 716 882 785 privatione
911 733 1032 773 vero
1055 727 1109 774 et
1154 721 1346 779 habitu
1375 736 1631 784 neutrum
1679 733 1870 786 horum
1917 747 2041 803 quae

399 800 548 857 dicta
577 806 724 871 sunt,
761 820 948 860 verum
974 817 1073 877 est,
1097 827 1272 881 neque
1293 815 1443 870 enim
1467 834 1682 890 semper
1703 821 2042 892 susceptibili

398 894 777 948 necessarium
800 905 877 949 est
900 897 1133 954 alterum
1152 901 1328 958 inesse
1355 909 1724 976 eorquuod
1742 911 1892 965 enim
1909 927 2043 966 non-

395 977 524 1033 dum
544 985 797 1037 naturam
822 983 979 1040 habet
997 987 1068 1042 ad
1088 989 1401 1062 videndum,
1424 1011 1594 1066 neque
1614 1013 1840 1065 caecum,
1865 1015 2042 1071 neque

396 1067 570 1123 visum
602 1069 804 1126 habens
835 1074 1056 1130 dicitur.
1080 1080 1321 1151 Ideoque
1351 1101 1457 1138 non
1501 1091 1667 1142 erunt
1693 1089 1806 1143 hac
1837 1067 2039 1145 talium

392 1159 824 1228 contrariorum,
859 1179 1091 1234 quorum
1121 1168 1277 1224 nihil
1306 1175 1380 1226 est
1429 1177 1698 1244 medium,
1729 1178 1821 1233 sed
1868 1195 2040 1251 neque

394 1264 627 1319 quorum
654 1256 732 1305 est
763 1252 1024 1324 medium,
1056 1261 1426 1316 necessarium
1455 1267 1601 1318 enim
1654 1274 1734 1321 est
1762 1267 1916 1322 omni
1943 1286 2041 1323 su-

394 1338 669 1408 sceptibili
695 1339 933 1396 alterum
967 1345 1194 1401 istorum
1225 1350 1422 1407 inesse.
1470 1352 1706 1420 Quando
1749 1358 1897 1411 enim
1925 1358 2036 1424 iam

393 1431 588 1482 natum
597 1429 770 1499 fuerit
789 1430 862 1484 ad
881 1433 1191 1491 habendum
1207 1439 1408 1506 visum,
1433 1449 1561 1497 tunc
1576 1458 1610 1498 a
1621 1449 1680 1499 ut
1697 1461 1917 1512 meum,
1937 1463 1972 1499 a
1984 1450 2040 1501 ut

396 1517 601 1571 habens
631 1517 807 1572 visum
837 1520 1072 1591 dicetur,
1103 1529 1154 1580 et
1193 1526 1395 1583 horum
1423 1547 1531 1584 non
1561 1531 1924 1590 determinatc
1953 1536 2040 1590 al-

395 1609 597 1674 terum,
618 1607 710 1661 sed
735 1609 1070 1666 alterutrum
1101 1618 1662 1686 contingit,nonenim
1675 1626 2041 1680 necessarium

2157 449 2386 510 differre
2404 456 2736 517 doceamus.
2761 462 2822 516 In
2849 462 2968 518 illis
2991 463 3147 518 enim
3171 480 3284 520 non
3309 481 3543 536 semper
3563 483 3804 525 necesse

2152 542 2261 596 erit
2293 548 2583 602 contraria
2611 547 2802 606 inesse
2833 553 3118 622 subjecto,
3150 553 3367 609 idcirco
3401 556 3556 626 quod
3592 573 3798 614 eorum

2155 631 2489 689 medietates
2520 637 2744 707 possint
2774 640 3058 708 subjectis
3078 639 3308 696 evenire
3340 641 3711 713 substantiis,
3737 651 3804 700 ut

2151 717 2347 774 album
2375 723 2460 777 vel
2495 725 2724 796 nigrum
2751 728 2908 798 quod
2932 746 3044 782 non
3067 735 3155 784 est
3178 729 3350 784 alicui
3377 747 3480 801 per
3505 738 3800 802 naturam,

2150 809 2252 862 sed
2274 813 2498 867 tantum
2528 816 2854 871 secundum
2879 817 3170 873 accidens.
3195 817 3446 873 Possunt
3464 821 3618 875 enim
3643 827 3805 878 utra-

2150 916 2262 970 que
2296 917 2409 956 non
2441 919 2571 959 esse
2604 905 2661 960 in
2695 909 3058 978 corporibus,
3103 909 3382 980 quoniam
3414 909 3508 966 bis
3555 911 3643 966 vel
3695 930 3802 969 ru-

2151 988 2320 1044 brum
2371 991 2454 1046 vel
2512 993 2819 1064 pallidum,
2872 1014 3004 1065 qua:
3038 1004 3178 1053 sunt
3206 1015 3410 1055 eorum
3454 1000 3803 1059 medietates

2149 1079 2445 1138 eveniunt.
2477 1083 2540 1136 In
2575 1084 2902 1154 privatione
2929 1103 3064 1142 vero
3096 1087 3155 1142 id
3187 1094 3244 1143 et
3293 1088 3500 1144 habitu
3535 1107 3648 1146 non
3683 1095 3799 1148 est.

2149 1171 2390 1236 Quando
2423 1172 2576 1227 enim
2603 1176 2813 1246 poterit
2834 1193 2938 1248 per
2959 1183 3231 1233 naturam
3262 1179 3472 1236 habere
3507 1181 3801 1254 habitum,

2151 1259 2418 1332 utrisque
2436 1279 2565 1332 quas
2583 1280 2649 1318 ea
2671 1265 3026 1338 suscipiunt,
3051 1283 3248 1324 carere
3271 1285 3383 1324 non
3401 1276 3669 1342 possunt.
3691 1272 3804 1327 Ca-

2148 1347 2310 1403 tulus
2371 1352 2528 1405 enim
2560 1368 2690 1408 cum
2726 1371 2828 1424 per
2857 1360 3128 1411 naturam
3161 1357 3356 1413 videre
3387 1359 3662 1430 potuerit,
3695 1366 3804 1416 aut

2151 1436 2414 1492 habiturn
2454 1439 2664 1496 habere
2692 1442 2925 1509 dicitur,
2961 1453 3018 1500 et
3058 1449 3148 1500 est
3192 1446 3416 1513 videns,
3451 1453 3552 1503 aut
3602 1448 3801 1520 priva-

2149 1526 2392 1595 tionem,
2425 1528 2472 1583 si
2507 1531 2678 1586 t‘uerit
2706 1547 2912 1589 caecus.
2944 1537 3030 1590 Ita
3061 1551 3294 1606 semper
3326 1536 3400 1591 ab
3432 1553 3498 1592 eo
3537 1541 3804 1608 tempore

2151 1632 2262 1685 quo
2295 1616 2374 1670 illi
2410 1633 2512 1688 per
2542 1624 2811 1676 naturam
2837 1622 3182 1678 utrumlibet
3211 1624 3424 1680 habere
3446 1641 3801 1683 concessum

395 1704 490 1766 est,
521 1698 606 1751 vel
634 1714 856 1769 caecum,
891 1703 974 1756 vel
1017 1703 1220 1762 habens
1249 1710 1426 1764 visum
1454 1727 1589 1778 βεδε,
1621 1714 1714 1769 sed
1743 1715 1883 1786 quod
1911 1731 2042 1771 εοη-
2072 1729 2118 1793 Β
2151 1710 2259 1771 est,
2283 1707 2622 1764 alterutrum
2651 1711 2945 1782 retinebit,
2969 1713 3130 1769 idest
3150 1715 3646 1786 autprivationem
3665 1716 3810 1773 reti-

394 1786 582 1854 tingzt.
607 1788 671 1841 In
700 1794 1009 1847 contrariis
1038 1805 1222 1850 autem
1255 1799 1449 1868 quibus
1477 1802 1721 1857 medium
1749 1812 1849 1871 est,
1882 1822 2036 1859 nun-

397 1889 560 1943 quam
609 1881 974 1935 necessarium
1033 1885 1145 1952 fuit
1191 1887 1344 1942 omni
1406 1891 1743 1960 susceptibili
1803 1894 2040 1948 alterum

395 1965 591 2033 inesse,
622 1967 717 2022 sed
747 1969 1098 2043 quibusdam,
1129 1983 1179 2030 et
1229 1976 1315 2031 his
1343 1978 1701 2036 delerminate
1732 2000 1926 2050 unum,
1949 1984 2041 2038 sed

394 2069 502 2107 non
530 2055 669 2126 quod
681 2059 970 2130 contingit,
986 2062 1132 2116 unde
1152 2065 1337 2133 palam
1353 2077 1429 2122 est
1447 2070 1587 2140 quod
1606 2072 2044 2129 secundumneu-

396 2149 545 2198 trum
582 2145 798 2199 modum
826 2153 1104 2220 tanquam
1145 2159 1444 2222 contraria,
1473 2161 1714 2229 opposita
1742 2167 1871 2215 sunt
1901 2162 2038 2229 hsce,

396 2247 524 2302 qua
551 2235 853 2290 secundum
887 2240 1272 2308 privationem
1300 2248 1351 2299 et
1381 2245 1637 2302 habitum
1666 2260 2039 2319 opponuntur.

468 2349 578 2404 Dat
607 2349 795 2421 primo
819 2352 1174 2412 ditferentias
1199 2358 1412 2428 quibus
1433 2378 1500 2417 ea
1531 2381 1655 2434 quas
1673 2369 1810 2420 sunt
1841 2383 2045 2422 secun-

399 2439 540 2494 dum
573 2439 842 2498 habitum
875 2447 932 2497 et
963 2445 1345 2514 privationem
1377 2453 1665 2522 opposita,
1709 2455 1780 2509 ab
1813 2455 1882 2511 iis
1915 2472 2045 2527 quas

399 2535 540 2584 sunt
561 2529 904 2585 immediata
924 2536 1232 2590 contrariis
1263 2537 1500 2594 distent.
1528 2542 1585 2595 ln
1615 2542 1707 2597 his
1733 2545 1887 2599 enim
1914 2561 2043 2600 con-

398 2617 598 2672 trariis
619 2636 746 2689 quae
767 2621 1026 2676 medium
1051 2640 1160 2679 non
1187 2624 1426 2696 habent,
1453 2647 1685 2703 semper
1704 2649 1938 2688 necesse
1956 2642 2046 2690 est

398 2705 662 2777 ipsorum
686 2708 933 2764 alterum
960 2711 1152 2769 inesse
1172 2715 1220 2768 ei
1255 2718 1405 2787 quod
1435 2718 1525 2774 bis
1546 2719 1688 2792 ipsis
1711 2723 2042 2792 subiectum

398 2804 506 2855 est.
543 2801 604 2855 In
645 2800 841 2857 habitu
873 2820 1007 2860 vero
1032 2810 1089 2860 et
1119 2807 1440 2878 privatione
1480 2829 1594 2866 non
1642 2812 1722 2869 ita
1779 2821 1887 2870 est.
1923 2821 2041 2871 Non

397 2889 552 2943 enim
596 2906 825 2961 semper
853 2892 1122 2961 quaelibet
1151 2911 1242 2950 res
1275 2905 1369 2951 aut
1403 2898 1671 2956 habitum
1731 2901 1906 2958 habet
1946 2908 2045 2958 aut

398 2978 806 3048 privationem,
834 2981 936 3036 sed
967 2986 1055 3036 est
1076 2986 1310 3055 tempus
1327 2989 1564 3057 quando
1588 2995 1905 3064 utrumque
1929 3010 2042 3048 non

2149 1796 2328 1863 nebit,
2354 1803 2454 1852 aut
2475 1799 3052 1866 habitum.0uocirca
3074 1803 3198 1858 siin
3221 1803 3634 1860 biscontrariis
3667 1823 3801 1878 qum

2148 1885 2336 1941 medio
2370 1903 2482 1941 non
2515 1894 2732 1953 carent,
2757 1895 2947 1961 potest
2975 1892 3096 1947 ﬁeri
3130 1899 3194 1947 ut
3225 1898 3475 1964 utraque
3508 1895 3804 1951 contraria

2149 1976 2208 2029 in
2243 1976 2505 2046 subjecto
2531 1995 2640 2032 non
2669 1981 2805 2047 sint,
2840 1981 2895 2035 in
2924 1982 3243 2052 privatione
3266 2000 3399 2038 vero
3422 1989 3479 2038 et
3501 1984 3704 2039 habitu
3731 1987 3812 2041 ab

2150 2079 2216 2118 eo
2240 2069 2499 2136 tempore
2522 2084 2638 2138 quo
2674 2085 2773 2138 per
2804 2075 3071 2125 naturam
3099 2076 3285 2143 potest
3311 2077 3628 2144 utrumque
3667 2074 3816 2129 reti-

2152 2171 2311 2224 nere,
2337 2155 2458 2209 ﬁeri
2477 2173 2584 2210 non
2613 2163 2806 2228 potest
2829 2159 2942 2213 nisi
2976 2177 3175 2215 eorum
3193 2161 3818 2230 habeatalterum,dis-

2153 2247 2280 2296 tant
2303 2243 2424 2299 hac
2445 2262 2679 2316 quoque
2707 2248 2961 2304 mediata
2985 2249 3055 2304 ab
3078 2250 3170 2305 bis
3188 2267 3316 2321 qua
3339 2251 3665 2306 secundum
3691 2252 3815 2306 vim

2156 2332 2336 2402 prival
2349 2333 2497 2389 ionis
2511 2340 2686 2406 atque
2708 2336 2940 2392 habitus
2957 2345 3354 2410 opponuntur.
3371 2340 3485 2396 Sed
3499 2345 3634 2396 ante
3647 2357 3818 2396 mon-

2157 2426 2407 2476 stralum
2440 2432 2526 2478 est
2556 2429 2615 2479 et
2642 2425 2735 2480 his
2768 2427 3082 2482 contrariis
3113 2445 3238 2497 quae
3271 2445 3372 2500 per
3417 2434 3686 2484 naturam
3715 2445 3812 2485 es-

2155 2515 2306 2579 sent,
2341 2516 2397 2566 et
2419 2513 2489 2568 iis
2513 2529 2640 2584 quae
2674 2514 2862 2570 medio
2887 2521 3171 2583 carerent,
3199 2517 3352 2574 hanc
3373 2518 3810 2589 oppositionem

2154 2617 2282 2655 esse
2315 2601 2681 2657 dissimilem.
2735 2605 2904 2660 Recte
2935 2605 3115 2675 igitur
3167 2609 3421 2678 positum
3475 2613 3564 2662 est
3610 2609 3811 2679 priva-

2155 2689 2330 2744 tionis
2354 2695 2528 2763 atque
2554 2691 2787 2748 habitus
2812 2695 3240 2765 oppositionem
3265 2697 3335 2750 ab
3360 2697 3450 2751 bis
3479 2713 3605 2768 quas
3627 2713 3813 2768 oppo-

2156 2789 2377 2834 nuntur
2407 2785 2470 2834 ut
2505 2783 2815 2851 contraria,
2845 2783 3197 2856 discrepare.

2227 2887 2471 2958 Amplius
2493 2889 2551 2943 in
2579 2891 2874 2946 contrariis
2914 2892 3128 2963 quidem
3151 2894 3418 2948 existente
3441 2893 3812 2964 susceptibili,

2153 2976 2408 3047 possibile
2436 2987 2513 3032 est
2543 2977 2602 3032 in
2627 2979 2956 3034 alterutrum
2977 2981 3104 3051 ﬁeri
3124 2981 3507 3048 mutationem,
3535 2985 3648 3037 nisi
3669 2983 3816 3038 alle-

397 3069 632 3136 δεηθῇ,
666 3074 730 3124 ιη
751 3070 929 3125 catuli
951 3072 1167 3141 quibus
1197 3077 1455 3132 nondum
1483 3095 1583 3148 per
1603 3086 1869 3137 naturam
1893 3082 2045 3138 oculi
2077 3099 2121 3163 C
2159 3081 2283 3119 rum
2301 3065 2828 3122 alicuinaturaliter
2847 3069 3004 3134 insit,
3023 3073 3078 3124 ut
3093 3072 3482 3143 igniculitlum
3495 3087 3605 3127 esse
3626 3087 3819 3126 :nam-

401 3161 621 3228 patent.
658 3156 796 3211 Illos
828 3159 983 3213 enim
1045 3177 1149 3215 nec
1189 3161 1401 3220 habere
1447 3165 1718 3224 habitum
1768 3170 2041 3238 dicimus,

403 3244 680 3315 quoniam
727 3261 842 3299 non
891 3247 1109 3316 vident,
1143 3266 1248 3305 nec
1281 3253 1536 3322 privatos
1568 3255 1712 3325 visu,
1767 3261 2044 3328 quoniam

402 3332 627 3405 parvuli
659 3334 850 3388 adhuc
881 3336 1070 3392 visum
1103 3355 1205 3409 per
1224 3346 1496 3397 naturam
1533 3344 1740 3400 habere
1769 3364 1880 3402 non
1917 3366 2046 3420 pos-

403 3425 542 3476 sunt
593 3422 775 3492 Igitur
799 3421 1004 3477 horum
1027 3441 1151 3496 qua:
1175 3425 1284 3481 sibi
1311 3429 1635 3484 secundum
1665 3432 2046 3502 privationem

405 3510 941 3580 habitumquesunt
967 3514 1374 3584 opposita,non
1399 3533 1628 3589 semper
1641 3519 1885 3576 alterum
1906 3525 2049 3577 sub-

398 3601 554 3671 jecto
597 3601 751 3656 inest
777 3617 997 3656 corum.
1032 3603 1140 3658 Sed
1173 3620 1370 3661 eorum
1400 3623 1529 3678 quae
1573 3613 1710 3664 sunt
1760 3613 2051 3668 contraria

408 3689 765 3757 immediate,
803 3692 856 3744 id
889 3697 978 3746 est
1011 3693 1200 3748 medio
1232 3696 1510 3763 carentia,
1542 3713 1769 3770 semper
1799 3700 2048 3757 alterum

409 3778 770 3848 susceptibili
795 3780 966 3835 inest.
990 3779 1179 3836 Distat
1204 3782 1597 3857 igitureaquaa
1615 3789 1936 3845 secundum
1955 3791 2053 3846 ha-

406 3867 595 3922 bitum
611 3872 665 3922 et
681 3869 1062 3940 privationem
1079 3876 1566 3947 estoppositio,iis
1583 3895 1708 3949 qua:
1725 3882 2049 3938 secundum

408 3958 700 4011 contraria
721 3964 1002 4029 putantur
1031 3964 1265 4032 opponi.
1291 3964 1404 4020 Sed
1431 3967 1706 4038 quoniam
1733 3976 1873 4026 sunt
1897 3989 2050 4042 quae-

405 4047 540 4102 dam
559 4049 846 4104 coutraria
863 4067 990 4121 qua:
1007 4052 1392 4108 insuntalic'ii
1415 4072 1559 4125 perri
1575 4063 1824 4126 aturam,
1851 4066 1912 4115 ut
1934 4061 2053 4115 nivi

408 4137 631 4208 album,
663 4139 784 4210 igni
841 4141 1119 4210 calidum,
1156 4159 1322 4198 eorm
1363 4145 1611 4217 pigrum,
1650 4149 1821 4203 etiam
1856 4151 1926 4204 ab
1960 4150 2052 4205 his

407 4228 702 4301 discrepat
731 4232 1020 4302 oppositio
1046 4232 1374 4304 privationi.~
1415 4241 1468 4289 c'.
1506 4236 1759 4293 habitus.
1797 4241 1869 4294 Ea
1899 4241 2051 4295 enim

407 4334 532 4388 quae
556 4327 935 4389 pernaturam
955 4321 1173 4389 insunt,
1191 4321 1440 4378 dilfinita
1472 4331 1690 4394 sunt,et
1707 4328 1866 4383 nullo
1882 4330 2053 4385 modo

408 4411 838 4477 permutantur,
868 4413 926 4462 ut
965 4414 1050 4464 est
1081 4411 1281 4465 album
1310 4412 1448 4466 nivi.
1477 4413 1600 4470 Non
1632 4417 1786 4471 enim
1817 4417 1914 4472 nix
1956 4425 2057 4474 aut

407 4494 540 4549 alba
571 4501 672 4551 aut
706 4497 870 4568 nigra
903 4505 1010 4567 est,
1047 4501 1150 4554 sed
1174 4507 1398 4556 tantum
1428 4503 1581 4570 alba,
1616 4511 1671 4560 et
1702 4524 1908 4564 corvus
1941 4525 2056 4564 non

406 4590 507 4639 aut
536 4586 704 4642 albus
738 4591 838 4642 aut
871 4587 1054 4659 niger,
1089 4589 1191 4644 sed
1215 4591 1403 4646 solum
1429 4592 1612 4664 niger.
1647 4597 1707 4649 In
1736 4597 2058 4666 privatione

407 4690 539 4729 vero
562 4679 617 4729 et
640 4674 842 4730 habitu
869 4692 983 4732 una
1007 4694 1098 4733 res
1120 4695 1248 4734 esse
1279 4697 1388 4735 non
1420 4686 1610 4752 potest
1631 4683 1904 4751 ditlinita,
1955 4687 2057 4742 sed

409 4781 638 4836 semper
678 4769 780 4822 aut
811 4766 1058 4838 privatio
1084 4769 1392 4840 contingit,
1427 4774 1528 4825 aut
1571 4772 1826 4842 habitus,
1859 4779 1916 4828 et
1947 4775 2057 4832 hoc

409 4857 500 4908 est
515 4854 672 4926 quod
692 4854 791 4925 ait,
811 4859 867 4910 et
893 4856 1102 4911 horum
1131 4875 1245 4912 non
1275 4858 1523 4914 difﬁnite
1549 4860 1818 4930 alterum,
1838 4864 1937 4919 sed
1960 4870 2058 4920 aut

409 4942 540 5013 hoc,
571 4948 670 4998 aut
700 4944 868 5000 illud.
903 4944 1097 5015 Neque
1130 4945 1283 5000 enim
1322 4964 1558 5002 necesse
1590 4954 1680 5003 est
1710 4958 1805 5005 aut
1839 4968 2054 5008 cmcum

407 5049 556 5098 esse,
590 5037 691 5087 aut
721 5033 1029 5088 habentem
1065 5035 1254 5090 visum
1290 5036 1539 5090 difﬁnite
1580 5038 2052 5096 subaudiendum

407 5127 518 5188 est,
539 5122 772 5178 catulus
788 5123 941 5176 enim
963 5123 1063 5194 qui
1086 5129 1464 5194 pcrnaturam
1484 5126 1743 5181 nondum
1757 5129 1934 5195 videt,
1956 5134 2057 5184 aut

407 5211 671 5267 habitum
717 5211 1029 5266 habiturus
1060 5217 1168 5281 est,
1221 5213 1278 5266 id
1311 5218 1399 5267 est
1451 5215 1663 5286 visum,
1707 5221 1806 5271 aut
1835 5235 1899 5272 eo
1935 5219 2049 5290 prio

406 5303 637 5358 vandus
659 5306 766 5369 est,
790 5301 944 5356 utsit
967 5318 1174 5370 caecus,
1201 5302 1303 5356 sed
1330 5320 1440 5357 non
1463 5303 1707 5361 dil'llnite
1729 5324 1930 5375 unum,
1951 5310 2053 5364 sed

410 5400 506 5446 aut
535 5391 642 5445 hoc
673 5395 777 5445 aut
809 5389 950 5445 illud
981 5389 1291 5444 indil‘ﬁnite
1325 5392 1628 5463 contingit.
1663 5395 1852 5451 Distat
1878 5396 2053 5469 igitur

411 5482 533 5537 haec
565 5479 855 5552 oppositio
890 5479 978 5533 bis
1010 5479 1321 5534 contrariis
1349 5497 1476 5550 qua:
1501 5482 1800 5553 aliquibus
1833 5503 1933 5557 per
1957 5504 2050 5542 na-

408 5576 603 5626 turam
635 5566 1086 5622 immutabiliter
1109 5567 1400 5624 accidunt.
1431 5569 1629 5626 Restat
1661 5573 1841 5644 igitur
1873 5580 1936 5630 ut
1957 5575 2048 5632 his

2093 4463 2132 4524 [l

2159 3170 2262 3225 que
2289 3155 2544 3225 possibile
2571 3165 2648 3211 est
2675 3157 2816 3228 quod
2843 3175 3040 3213 sanum
3080 3165 3179 3229 est,
3214 3161 3500 3229 languere,
3533 3165 3585 3215 et
3613 3160 3820 3216 candi-

2154 3244 2307 3311 dum,
2342 3244 2570 3315 nigrum
2611 3247 2754 3316 ﬁeri,
2810 3255 2861 3302 et
2913 3265 2982 3303 ei:
3028 3249 3284 3320 studioso,
3332 3266 3590 3321 pravum,
3642 3259 3698 3305 et
3746 3266 3821 3305 ea:

2153 3350 2345 3404 pravo,
2378 3333 2685 3389 studiosum
2713 3336 2979 3406 possibile
3009 3346 3088 3393 est
3123 3339 3269 3409 ﬁeri.
3324 3341 3534 3395 Pravus
3564 3341 3714 3394 enim
3744 3339 3821 3393 ad

2155 3422 2409 3478 meliores
2439 3424 2856 3479 consuetudines
2883 3426 3161 3498 deductus,
3191 3437 3244 3483 et
3264 3429 3334 3483 ad
3359 3430 3656 3497 doctrinas,
3681 3437 3734 3483 et
3767 3430 3823 3482 si

2155 3511 2425 3566 modicum
2454 3513 2668 3584 aliquid
2696 3516 2948 3585 proﬁciat
2973 3521 3028 3571 ut
3058 3517 3251 3573 melior
3277 3520 3364 3573 sit.
3397 3519 3460 3573 Si
3493 3535 3614 3573 vero
3643 3501 3823 3573 semel

2155 3603 2240 3656 vel
2269 3601 2540 3656 modicum
2561 3613 2895 3659 crementum
2912 3610 3227 3676 sumpserit,
3250 3607 3439 3678 palam
3459 3617 3532 3662 est
3556 3607 3696 3679 quod
3712 3612 3819 3662 aut

2157 3694 2389 3763 perfecte
2408 3693 2732 3761 mutabitur,
2751 3705 2846 3750 aut
2867 3699 3004 3752 satis
3032 3699 3273 3752 multum
3295 3700 3699 3753 incrementum
3719 3715 3818 3752 su-

2158 3785 2284 3835 met.
2322 3780 2538 3844 Semper
2567 3784 2715 3839 enim
2747 3785 2876 3840 bene
2904 3787 3166 3841 mobilior
3186 3790 3258 3842 ad
3287 3789 3544 3843 virtutem
3578 3789 3690 3858 fiet,
3727 3789 3816 3843 vel

2161 3870 2521 3944 quodcunque
2549 3878 2882 3929 crementum
2903 3878 3266 3951 sumpserint:
3299 3893 3356 3948 p7
3369 3879 3594 3948 incipio.
3629 3879 3817 3945 Quare

2163 3961 2463 4016 verisimile
2491 3968 2570 4016 est
2601 3964 2840 4034 amplius
2864 3979 2987 4019 eum
3008 3982 3224 4022 sumere
3248 3975 3600 4032 crementum,
3632 3971 3686 4022 et
3715 3968 3822 4022 hoc

2161 4047 2291 4101 dum
2322 4063 2532 4119 semper
2558 4051 2640 4119 ﬁt,
2671 4053 2902 4120 perfecte
2923 4053 2982 4106 in
3010 4053 3356 4108 contrarium
3377 4053 3625 4108 habitum
3652 4055 3825 4109 resti-

2164 4143 2367 4203 tuetur,
2400 4140 2515 4192 nisi
2542 4140 2684 4208 forte
2723 4147 2961 4210 tempore
2998 4157 3322 4212 suspensum
3369 4141 3461 4197 sit.
3517 4147 3719 4196 Verum
3753 4143 3821 4198 in

2163 4227 2473 4292 privatione
2487 4231 2535 4281 et
2559 4227 2760 4283 habilu
2781 4229 3119 4299 impossibile
3135 4241 3212 4286 est
3226 4234 3585 4287 mutationem
3602 4231 3664 4286 in
3681 4233 3824 4286 ulte

2163 4324 2380 4370 rutrum
2411 4315 2554 4385 ﬁeri,
2587 4318 2680 4371 sed
2708 4334 2784 4372 ex
2810 4318 3009 4373 habitu
3030 4320 3252 4390 quidem
3282 4320 3341 4375 in
3371 4323 3738 4392 privationem
3757 4323 3822 4392 ﬁt

2164 4405 2415 4473 mutatio,
2444 4423 2476 4459 a
2502 4406 2818 4476 privatione
2845 4424 2968 4462 vero
2992 4407 3048 4462 in
3075 4408 3327 4464 habitum
3355 4409 3692 4480 impossibile
3712 4420 3818 4477 est,

2166 4509 2342 4562 neque
2371 4496 2519 4548 enim
2549 4495 2646 4566 qui
2675 4511 2852 4551 caecus
2879 4499 3058 4568 factus
3090 4502 3184 4564 est,
3219 4515 3411 4554 rursus
3454 4500 3606 4565 vidit,
3640 4516 3819 4572 neque

2167 4598 2290 4636 rum
2318 4593 2452 4639 esset
2479 4586 2685 4650 calvus,
2719 4603 2915 4642 rursus
2941 4595 3188 4643 comatus
3217 4598 3294 4644 est
3321 4593 3526 4661 factus,
3559 4607 3659 4646 nec
3686 4608 3817 4646 cum

2168 4682 2302 4726 esset
2331 4674 2450 4727 sine
2478 4673 2753 4742 dentibus,
2787 4675 2974 4729 dentes
3006 4678 3213 4731 iterum
3240 4677 3350 4732 orti
3377 4687 3521 4733 sunt.

2239 4779 2427 4834 Aliam
2449 4798 2656 4836 rursus
2684 4781 3113 4838 contrariorum
3145 4788 3202 4838 et
3223 4783 3401 4855 hujus
3426 4785 3821 4856 appositionis

2167 4887 2296 4940 quae
2314 4869 2637 4924 secundum
2657 4870 2918 4924 habitum
2937 4872 3686 4944 privationemquedicitur,
3701 4876 3824 4933 dis-

2165 4959 2526 5030 crepantiam
2562 4960 2743 5030 ponit.
2798 4959 2874 5013 Ea
2925 4964 3080 5015 enim
3131 4977 3258 5032 quae
3309 4964 3598 5017 contraria
3654 4969 3819 5032 sunt,

2166 5054 2415 5119 possunt
2449 5048 2506 5102 in
2541 5047 2764 5103 alterna
2786 5049 3024 5104 variatis
3043 5051 3270 5105 vicibus
3292 5051 3631 5122 permutari.
3652 5052 3823 5115 Quod

2164 5137 2319 5191 enim
2353 5137 2606 5192 calidum
2639 5143 2728 5193 est
2761 5143 2950 5210 potest
2977 5139 3127 5193 etlici
3156 5140 3454 5211 frigidum,
3489 5158 3822 5214 rursusque

2165 5228 2320 5296 quod
2349 5225 2620 5298 frigidum
2647 5233 2735 5282 est
2759 5233 2948 5298 potest
2972 5229 3025 5282 in
3049 5228 3257 5285 caloris
3284 5231 3425 5285 verti
3449 5230 3814 5302 qualitatem.

2164 5309 2265 5365 llis
2288 5316 2477 5365 tamen
2498 5316 2587 5380 (ut
2607 5311 2825 5366 dictum
2853 5315 2959 5382 est)
2981 5312 3122 5368 solis
3160 5315 3433 5386 exceptis,
3459 5317 3676 5386 quibus
3695 5336 3816 5376 una

2161 5399 2435 5468 quaslibet
2459 5417 2548 5455 res
2582 5401 3006 5456 contrariorum
3029 5403 3376 5460 naturaliter
3406 5405 3581 5461 insita
3603 5413 3716 5476 est,
3749 5409 3812 5465 in

2161 5487 2252 5543 his
2279 5491 2434 5545 enim
2469 5491 2609 5547 solis
2643 5493 2765 5547 ﬁeri
2802 5509 2912 5548 non
2943 5498 3135 5564 potest
3166 5493 3389 5551 alterna
3419 5497 3668 5554 mutatio
3695 5514 3710 5553 :
3749 5501 3810 5555 in

2158 5581 2248 5635 his
2279 5597 2410 5637 vero
2443 5598 2569 5652 quae
2600 5582 2932 5639 accidenter
2971 5588 3028 5639 et
3060 5601 3173 5640 non
3225 5602 3327 5656 per
3357 5591 3630 5644 naturam
3663 5590 3809 5647 sub-
