4094 6176
348 325 456 383 283

1615 330 1733 382 AN.
1773 329 1993 381 MANL.
2037 329 2196 382 BEV.
2237 329 2476 384 ΒΟΕΤῙΙ

3641 323 3750 379 284

354 457 453 509 aut
470 451 683 524 specie,
704 456 872 508 utest
887 468 1098 523 corpus
1120 451 1357 523 quidem
1383 451 1656 507 animalis
1684 468 1866 506 unum
1884 467 1982 505 se-
2017 451 2070 518 Α
2103 450 2375 519 dicimus,
2403 451 2512 506 hoc
2533 454 2622 506 est
2653 450 2886 520 quando
2914 449 3168 521 aliquam
3194 465 3315 504 rem
3339 448 3456 504 alia
3486 465 3574 504 res
3596 453 3746 504 tem-

361 545 615 598 cundum
642 559 846 612 genus,
870 543 1131 597 omnium
1154 542 1306 595 enim
1333 542 1669 596 animalium
1697 559 1876 596 unum
1905 558 1995 612 ge-

359 650 472 687 nus
491 638 600 698 est,
625 637 680 686 et
702 633 852 686 circa
875 631 984 685 hoc
1005 631 1282 700 aegritudo
1315 632 1402 684 vel
1435 631 1655 685 sanitas
1673 630 1989 685 invenitur.

359 720 636 776 Similiter
651 721 869 774 etcirca
887 735 1099 790 corpus
1119 736 1290 774 omne
1305 719 1636 783 indiscrete,
1669 719 1754 773 vel
1770 719 1994 773 anima-

361 811 434 865 lis
457 810 542 864 vel
573 808 901 874 inanimati,
923 808 1125 862 albedo
1149 813 1205 863 et
1254 810 1493 879 uigredo
1516 813 1624 876 est,
1658 811 1809 879 quod
1837 808 1996 862 scili-

360 903 447 953 cet
467 913 856 967 omnecorpus
875 897 1133 967 etipsum
1149 900 1470 951 secundum
1489 903 1997 967 genusest,unum,

360 1002 613 1053 namque
636 985 728 1039 his
747 1001 931 1056 genus
954 991 1042 1040 est
1062 985 1659 1041 substantia.Justitia
1681 1003 1911 1056 quoque
1944 991 2001 1040 et

364 1075 652 1142 injustitia
683 1075 742 1129 in
767 1076 963 1129 anima
982 1082 1087 1129 est.
1113 1075 1314 1129 Omnis
1331 1083 1520 1129 autem
1538 1075 1734 1130 anima
1765 1093 1891 1146 quae
1910 1076 2002 1144 ju-

361 1164 581 1219 stitiam
616 1163 1085 1234 injustiliamque
1115 1163 1691 1235 suscipit,rationa|is
1717 1165 1887 1230 est,id
1913 1167 2002 1217 est

361 1252 618 1308 hominis
643 1271 657 1320 ;
682 1253 778 1306 sed
805 1268 1009 1306 omnes
1035 1252 1297 1306 homines
1329 1253 1481 1306 idem
1517 1258 1654 1307 sunt
1675 1253 1997 1308 secundum

363 1342 848 1411 speciem,omnes
873 1341 1270 1411 igituranimae
1290 1343 1503 1396 eaedem
1530 1343 1852 1396 secundum
1875 1358 2003 1410 spe-

364 1432 508 1485 ciem
537 1435 714 1496 sunt;
765 1429 996 1497 justitia
1026 1445 1162 1500 ergo
1194 1435 1250 1484 et
1273 1430 1560 1500 injustitia
1583 1432 1738 1485 circa
1764 1432 1999 1485 easdem

364 1537 456 1576 res
479 1519 800 1574 secundum
830 1519 1081 1588 speciem
1117 1520 1504 1588 reperiuntur.
1548 1519 1828 1582 Quocirca
1851 1525 2002 1574 recte

357 1610 480 1677 jam
516 1606 858 1661 conclusum
894 1612 1001 1672 est,
1035 1609 1231 1661 omnia
1261 1609 1552 1662 contraria
1582 1611 1735 1663 circa
1765 1611 2001 1664 easdem

366 1713 457 1752 res
503 1695 590 1750 vel
640 1696 964 1750 secundum
1016 1712 1223 1766 genus,
1257 1697 1342 1752 vel
1376 1699 1700 1752 secundum
1751 1699 2004 1770 speciem

358 1784 626 1841 inveniri.

438 1875 815 1930 Necessarium
837 1885 915 1930 est
937 1881 1117 1932 autem
1141 1877 1325 1933 omnia
1348 1879 1626 1932 contraria
1641 1880 1796 1934 velin
1823 1879 2004 1934 eodem

364 1967 722 2036 generefesse,
755 1965 839 2019 rei
869 1965 927 2020 in
956 1967 1251 2021 contrariis
1280 1967 1573 2036 generibus
1620 1983 1738 2022 esse
1765 1968 1854 2022 ret
1883 1968 2006 2038 ipsa.

360 2073 557 2129 genera
579 2074 711 2112 esse.
736 2058 931 2112 Album
951 2059 1099 2112 enim
1121 2063 1168 2112 et
1201 2060 1433 2130 nigrum
1484 2061 1544 2112 in
1591 2059 1778 2113 eodem
1809 2075 2004 2129 genere

360 2147 672 2210 sunt,color
701 2149 854 2202 enim
884 2163 1054 2214 genus
1082 2164 1270 2202 earum
1303 2157 1378 2202 est
1398 2165 1418 2208 ;
1438 2147 1660 2219 justitia
1691 2164 1817 2203 vero
1843 2157 1892 2202 et
1921 2148 2005 2202 in-

357 2237 574 2306 iustitia
594 2236 653 2291 in
679 2239 984 2291 contrariis
1001 2238 1315 2309 generibus,
1344 2237 1498 2291 illius
1519 2239 1668 2291 enim
1691 2238 2000 2301 virtus,nu-

344 2327 440 2394 jus
471 2334 655 2380 autem
685 2328 932 2397 nequitia
972 2343 1141 2392 genus
1169 2333 1268 2380 est.
1305 2332 1513 2382 Bonum
1543 2343 1668 2382 vero
1700 2332 1748 2382 et
1779 2327 2000 2381 malum

359 2430 472 2468 non
492 2414 701 2468 suntin
749 2431 965 2486 genere,
996 2417 1087 2470 sed
1108 2418 1230 2486 ipsa
1259 2425 1387 2470 sunt
1432 2433 1637 2486 genera
1690 2417 2003 2488 aliquorum

355 2505 670 2559 existentta.

444 2593 798 2648 Monstratid
824 2595 974 2664 quod
996 2594 1289 2664 reliquum
1313 2594 1491 2658 est,id
1509 2599 1598 2648 est
1629 2594 1726 2648 ubi
1755 2598 2002 2665 possunt

363 2697 596 2751 semper
627 2683 919 2736 contraria
951 2683 1242 2752 vestigari,
1275 2682 1470 2737 omnia
1495 2684 1647 2737 enim
1688 2699 1816 2752 quae
1864 2687 2003 2736 sunt

362 2771 675 2835 contraria,
709 2777 811 2825 aut
833 2771 944 2825 sub
975 2772 1175 2826 eodem
1202 2788 1411 2842 genere
1435 2773 1830 2831 sunt.autsub
1863 2788 1997 2825 con-

356 2859 552 2914 trariis
575 2860 902 2928 generibus,
936 2866 1038 2914 aut
1067 2859 1195 2931 ipsa
1213 2866 1350 2914 sunt
1379 2877 1611 2932 genera.
1648 2861 1765 2914 Sub
1796 2861 1998 2915 eodem

360 2964 569 3019 genere
591 2954 732 3003 sunt
763 2949 1075 3016 contraria,
1098 2956 1163 3003 ut
1190 2948 1386 3003 album
1413 2955 1468 3005 et
1501 2950 1732 3020 nigrum
1749 2950 1860 3004 sub
1885 2965 2000 3003 uno

362 3053 593 3108 genere,
624 3039 678 3092 id
705 3044 792 3094 est
823 3038 1036 3103 colore,
1060 3038 1218 3093 color
1238 3039 1392 3093 enim
1420 3039 1708 3094 albedinis
1726 3044 1781 3093 et
1803 3040 1999 3108 nigre-

360 3127 516 3181 dinis
538 3137 621 3181 est
651 3127 992 3197 genus.Haec
1013 3127 1191 3193 igitur
1212 3128 1320 3182 sub
1341 3145 1456 3183 uno
1479 3133 1617 3183 sunt
1638 3128 1998 3198 genere.Alia

361 3231 493 3270 vero
515 3215 802 3268 contraria
823 3217 878 3269 in
913 3217 1222 3271 contrariis
1254 3218 1566 3287 generibus
1595 3217 1996 3287 inveniuntur,

361 3308 426 3358 ut
450 3302 685 3371 justitia
706 3305 1088 3372 etinjustitia.
1111 3306 1355 3359 Justitizc
1388 3306 1542 3359 enim
1577 3324 1757 3375 genus
1789 3312 1876 3361 est
1909 3308 2002 3361 bo-

361 3408 526 3458 num,
549 3391 853 3459 injustitias
875 3408 1006 3448 vero
1031 3395 1274 3454 malum,
1300 3394 1521 3448 malum
1541 3411 1672 3448 vero
1697 3395 1846 3450 bono
1871 3412 2002 3450 con-

359 3482 604 3536 trarium
628 3486 735 3549 est,
753 3481 1000 3549 justitias
1019 3498 1152 3552 ergo
1175 3487 1230 3535 et
1253 3483 1542 3551 iujustitia
1557 3484 1665 3537 sub
1691 3485 1998 3539 contrariis

359 3571 672 3642 generibus
696 3574 850 3624 sunt.
877 3569 1103 3624 Rursus
1128 3569 1240 3622 alia
1262 3571 1388 3639 ipsa
1411 3576 1550 3625 sunt
1581 3578 1882 3641 genera,ut
1903 3575 1997 3626 bo-

361 3677 502 3714 num
523 3665 580 3713 et
605 3661 1471 3729 malum,utraquesuntgensra
1496 3661 1606 3714 sub
1630 3677 1691 3714 se
1717 3662 1999 3715 malorum

365 3749 767 3816 bonorumque
783 3748 1312 3816 positorum,etnon
1333 3749 1434 3803 hoc
1451 3766 1605 3802 nunc
1620 3749 1833 3803 dicitur
1846 3751 1996 3820 quod

366 3837 596 3892 bonitas
611 3845 662 3889 et
683 3835 1060 3889 malitianulli
1079 3835 1172 3889 alii
1190 3838 1383 3907 generi
1412 3854 1475 3890 su
1489 3838 2002 3907 bduntur,ponun—

358 3933 459 3980 tur
475 3927 630 3980 enim
656 3926 766 3978 sub
790 3924 1090 3995 qualitate.
1117 3927 1220 3980 Sed
1250 3926 1686 3996 particularium
1714 3927 1999 3982 bonorum

356 4019 413 4069 et
438 4013 721 4068 malorum
748 4031 860 4068 non
887 4031 1012 4069 esse
1030 4015 1144 4068 alia
1160 4032 1393 4086 genera,
1419 4015 1530 4069 nisi
1555 4017 1748 4086 ipsum
1783 4017 2000 4070 bonum

359 4109 416 4158 et
438 4102 655 4157 malum
681 4103 1046 4174 generaliter.
1077 4103 1245 4158 Recte
1264 4104 1440 4175 igitur
1460 4107 1674 4158 bonum
1703 4111 1760 4159 et
1782 4105 1998 4161 malum

359 4192 943 4263 aliorumparticulari
956 4210 984 4245 u
998 4194 1364 4258 mbonorum,
1377 4193 1779 4263 malorumque
1793 4211 2004 4266 genere.

363 4287 502 4338 sunt
533 4281 1052 4344 numerata.0uare
1086 4283 1411 4337 rectissime
1444 4283 1666 4337 dictum
1700 4286 2004 4340 estomnia

365 4371 675 4436 contraria,
709 4375 810 4424 aut
841 4371 948 4424 sub
981 4371 1182 4426 eodem
1215 4387 1343 4426 esse
1375 4387 1605 4442 genere,
1635 4377 1698 4426 ut
1729 4373 1926 4428 album
1951 4383 2002 4428 et

366 4461 597 4528 nigrum
635 4459 741 4514 sub
773 4460 982 4525 colore,
1018 4467 1118 4515 aut
1149 4461 1207 4514 in
1240 4462 1549 4516 contrariis
1579 4464 1915 4533 generibus,
1945 4470 2004 4519 ut

355 4548 587 4617 justitia
607 4548 1085 4618 atqueinjustitia
1117 4553 1224 4602 sub
1257 4551 1406 4605 bono
1437 4556 1492 4605 et
1525 4551 1698 4617 malo,
1741 4557 1841 4606 aut
1871 4552 2000 4623 ipsa
2031 4547 2078 4611 D

359 4656 486 4695 esse
507 4645 811 4711 genera,ut
836 4645 925 4695 est
951 4641 1141 4711 ipsum
1178 4642 1391 4696 bonum
1421 4649 1477 4696 ct
1511 4643 1999 4716 malum,quaege-

360 4746 499 4784 nera
523 4729 768 4800 justitiae
803 4737 977 4801 atque
1011 4730 1312 4800 injustitia:
1345 4739 1652 4789 numerata
1696 4739 1856 4791 sunt.

837 4843 925 4898 DE
958 4846 1176 4900 MODIS
1207 4847 1509 4905 PRIORIS.

428 4945 594 4999 Prius
613 4948 795 4998 autem
828 4945 1070 4999 alterum
1092 4946 1261 5001 altero
1285 4947 1495 5002 dicitur
1523 4947 1961 5018 quadrupliciter
1985 4964 1996 5002 :

356 5036 539 5106 primo
553 5034 775 5104 quidem
805 5042 854 5088 et
882 5036 1125 5090 maxime
1151 5037 1372 5106 proprie
1428 5038 1725 5092 secundum
1765 5045 1997 5108 tempus,

356 5125 656 5180 secundum
679 5125 822 5196 quod
851 5127 1137 5196 antiquius
1159 5125 1397 5180 alterum
1428 5126 1609 5181 altero
1629 5132 1678 5182 et
1708 5127 1892 5182 senius
1915 5128 2000 5181 di-

357 5218 524 5282 citur,
547 5217 607 5270 in
633 5232 695 5270 eo
718 5215 862 5270 enim
888 5217 1027 5286 quod
1042 5225 1246 5287 tempus
1302 5218 1547 5289 amplius
1585 5228 1683 5288 est,
1750 5223 1799 5273 et
1846 5220 1999 5274 anti-

355 5307 536 5376 qui-us,
567 5311 620 5360 et
643 5307 827 5360 senius
856 5304 1078 5360 dicitur.

431 5396 744 5467 Postquam
779 5411 912 5449 vero
935 5395 1003 5448 de
1019 5395 1304 5465 oppositis
1332 5395 1787 5466 disputationem
1817 5414 1998 5468 quan-

361 5488 482 5539 tum
519 5485 588 5539 ad
635 5501 889 5556 praesens
923 5492 1151 5553 tempus
1184 5483 1466 5539 attinebat
1493 5487 1818 5556 explicavit,
1847 5505 2001 5542 nunc

360 5590 486 5645 quae
513 5574 707 5644 priora
730 5573 840 5627 dici
878 5573 1125 5644 possint,
1153 5591 1277 5645 qua:
1305 5575 1623 5646 posteriora
1655 5577 1908 5632 disserit.
1936 5580 2002 5634 Et

357 5662 652 5735 ait,primo
684 5661 921 5733 quidem
954 5666 1009 5718 et
1040 5665 1289 5737 proprie,
1318 5666 1557 5739 et_quod
1593 5666 1649 5722 in
1696 5683 1801 5724 usu
1835 5668 1999 5740 prius

2105 559 2240 613 pore
2264 542 2557 612 praecedit,
2580 545 2636 595 et
2657 545 2918 610 superat,
2936 546 2995 594 et
3020 542 3158 593 dum
3185 539 3415 610 proprie
3443 539 3744 610 loquimur

2105 631 2426 685 secundum
2463 631 2744 702 temporis
2776 627 3408 700 prmcessionem,aliud
3441 630 3742 698 antiquius

2102 720 2374 788 dicimus,
2426 720 2582 774 aliud
2645 718 2866 773 senius.
2925 718 3239 787 Antiquius
3296 718 3532 788 quidem
3581 720 3637 771 in
3672 719 3746 774 iis

2104 827 2230 881 quae
2283 809 2604 863 inanimata
2661 812 2820 872 sunt,
2878 812 2944 861 ut
3004 807 3321 877 Porphyrio
3381 807 3587 877 placet,
3648 825 3744 862 se-

2105 899 2238 952 nius
2296 915 2429 952 vero
2489 899 2546 951 in
2607 897 2678 951 iis
2738 913 2864 967 quae
2924 896 3120 950 anima
3178 913 3292 950 non
3327 901 3665 950 carentzut
3695 897 3744 951 si

2105 988 2236 1059 quis
2285 988 2440 1042 dicat
2496 985 2799 1056 antiquius
2854 985 3030 1038 fuisse
3081 983 3299 1038 bellum
3335 985 3744 1040 Thebanorum

2104 1083 2278 1147 atque
2309 1078 2634 1130 Gracorum
2667 1075 2851 1144 Trojaa
2883 1073 3128 1139 excidio,
3164 1073 3380 1127 idcirco
3416 1076 3566 1144 quod
3599 1079 3746 1129 tem-

2105 1182 2244 1238 pore
2267 1163 2687 1236 praecedat,ﬁlii
2711 1179 2964 1233 namque
2985 1164 3200 1217 ducum
3221 1163 3320 1234 qui
3345 1164 3620 1216 Thebano
3647 1180 3748 1234 pe-

2108 1258 2221 1311 rire
2262 1256 2479 1328 przrlio,
2511 1255 2693 1324 Trojae
2725 1254 2939 1326 praliis
2971 1254 3385 1321 interfuerunt,
3421 1260 3483 1307 ut
3513 1255 3748 1310 Diome-

2106 1349 2208 1402 des
2238 1347 2430 1418 Tydsei
2474 1345 2653 1409 filius,
2688 1349 2743 1399 et
2776 1343 3045 1399 Stenelus
3069 1343 3226 1399 filius
3257 1345 3526 1414 Capanei.
3561 1348 3754 1416 Atque

2108 1438 2215 1492 hoc
2248 1436 2484 1508 quidem
2511 1434 2612 1496 ita.
2637 1433 2914 1504 quoniam
2935 1438 3023 1487 est
3053 1433 3178 1487 etin
3214 1434 3387 1488 rebus
3412 1433 3751 1490 inanimatis

2108 1528 2262 1600 quod
2287 1523 2591 1595 antiquius
2613 1523 3062 1586 dicitur,utcum
3085 1521 3336 1576 dicimus
3359 1523 3747 1592 antiquiorem

2106 1632 2233 1672 esse
2251 1612 2694 1669 dominationem
2722 1627 2923 1681 regum
2949 1612 3005 1665 in
3030 1611 3258 1664 civitate
3281 1611 3751 1683 Romana,quam

2109 1706 2420 1761 consulum
2453 1708 2509 1757 et
2540 1700 3084 1772 magistratuum.ln
3111 1700 3285 1755 rebus
3315 1718 3447 1756 vero
3471 1702 3750 1757 animatis

2039 1811 2085 1874 Β
2115 1794 2315 1853 senius
2363 1808 2659 1847 vocamus.
2711 1789 3009 1844 Seniorem
3056 1806 3306 1860 namque
3361 1791 3612 1846 dicimus
3645 1797 3751 1864 Py-

2117 1883 2416 1953 thagoram
2435 1881 2690 1944 Socrate,
2710 1878 3000 1932 Socratem
3025 1877 3572 1944 Aristotele,idcirco
3593 1882 3752 1951 quod

2113 1992 2174 2032 se
2197 1981 2309 2028 tem
2323 1971 2561 2044 poribus
2576 1967 3098 2038 antecedant.Ergo
3116 1968 3276 2036 prius
3300 1967 3542 2022 alterum
3569 1970 3755 2025 altero

2110 2065 2325 2119 dicitur
2356 2060 2584 2132 proprie
2637 2057 2958 2111 secundum
3007 2061 3261 2126 tempus,
3315 2057 3521 2121 prioris
3552 2064 3754 2114 autem

2111 2155 2364 2223 quatuor
2395 2149 2553 2201 fuere
2585 2142 2895 2208 distantias,
2931 2148 2994 2196 ut
3053 2143 3177 2212 ipse
3208 2143 3544 2197 Aristoteles
3585 2145 3751 2210 dicit,

2111 2257 2242 2294 cum
2269 2241 2349 2292 ait
2366 2232 2816 2290 :Priusalterum
2839 2231 3019 2286 altero
3038 2231 3252 2284 dicitur
3274 2233 3495 2301 quadru
3509 2233 3752 2302 pliciter.

2109 2333 2338 2398 Easque
2383 2322 2682 2396 sigillatim
2705 2321 2955 2376 breviter
2985 2327 3306 2383 enumerat,
3341 2323 3408 2374 ad
3445 2339 3591 2392 quas
3623 2323 3754 2393 ipse

2110 2417 2334 2476 addidit
2355 2415 2642 2485 quintam,
2678 2427 2805 2482 quae
2841 2409 3048 2480 priscis
3081 2409 3442 2480 philosophis
3474 2417 3628 2464 esset
3661 2413 3755 2465 in-

2109 2509 2363 2581 cognita.
2430 2506 2498 2559 Et
2547 2501 2820 2573 quoniam
2855 2503 2924 2554 de
2956 2501 3142 2570 primo
3178 2501 3389 2571 prioris
3422 2502 3593 2556 modo
3625 2503 3758 2558 dic-

2108 2604 2234 2654 tum
2267 2601 2374 2663 est,
2409 2595 2478 2648 de
2507 2592 2762 2646 secundo
2796 2590 3081 2645 dicemus.

2178 2701 2421 2759 Secundo
2479 2711 2659 2755 autem
2717 2696 2856 2768 quod
2902 2713 3012 2750 non
3070 2698 3406 2751 convertitur
3459 2698 3760 2754 secundum

2106 2793 2433 2850 subsistendi
2459 2789 2921 2860 consequentiam,
2957 2796 3016 2841 ut
3038 2804 3209 2840 unum
3241 2787 3447 2843 duobus
3477 2790 3632 2858 prius
3653 2793 3757 2844 est:

2107 2885 2312 2939 duobus
2342 2882 2489 2935 enim
2522 2877 2897 2943 existentibus,
2930 2892 3060 2930 mox
3115 2893 3442 2948 consequens
3470 2884 3549 2931 est
3581 2895 3762 2934 unum

2106 2989 2239 3036 esse,
2274 2986 2382 3023 uno
2443 2972 2626 3022 autem
2686 2967 2975 3026 existente.
3007 2983 3115 3020 non
3147 2968 3222 3020 est
3253 2969 3620 3021 necessarium
3651 2969 3760 3024 duo

2108 3078 2240 3117 esse.
2276 3059 2477 3115 Idcirco
2508 3073 2617 3110 non
2647 3056 2985 3111 convertitur
3008 3057 3075 3109 ab
3106 3072 3215 3110 uno
3245 3057 3658 3127 consequentia,
3687 3063 3753 3113 ut

2028 3177 2072 3238 ρ
2109 3154 2179 3208 sit
2210 3146 2668 3220 reliquum,prius
2686 3157 2869 3200 autem
2903 3145 3120 3200 videtur
3150 3145 3297 3200 illud
3327 3163 3440 3202 esse
3460 3165 3493 3202 a
3522 3163 3623 3218 quo
3645 3165 3760 3204 non

2108 3240 2450 3296 convertitur
2467 3234 2680 3290 essendi
2699 3237 3101 3304 consequentia.

2182 3345 2468 3410 Secunda,
2505 3341 2715 3413 inquit,
2743 3341 3094 3412 significatio
3115 3342 3330 3413 prioris
3353 3346 3460 3408 est,
3482 3359 3607 3413 quae
3633 3360 3753 3399 non

2112 3441 2371 3505 tempore
2423 3430 2793 3503 intelligitur,
2827 3430 2925 3484 sed
2971 3437 3205 3497 natura,
3238 3435 3293 3485 et
3321 3432 3429 3486 hoc
3462 3433 3543 3486 ait
3572 3450 3601 3486 a
3634 3448 3754 3504 quo

2111 3542 2224 3579 non
2261 3523 2618 3578 convertitur
2645 3520 3004 3574 subsistendi
3047 3526 3484 3591 consequentia.
3519 3521 3663 3576 Nam
3700 3523 3752 3578 si

2111 3615 2237 3668 dua:
2260 3629 2348 3666 res
2374 3613 2452 3666 ita
2475 3612 2590 3665 sint
2623 3611 2924 3682 Oppositas,
2959 3616 3018 3664 ut
3051 3611 3098 3664 si
3134 3628 3248 3664 una
3281 3611 3375 3676 sit,
3414 3628 3647 3666 necesse
3677 3612 3759 3668 sit

2112 3719 2238 3758 esse
2259 3702 2456 3768 aliam,
2489 3707 2544 3754 et
2571 3701 2617 3754 si
2644 3699 2755 3753 alia
2779 3699 2876 3763 sit,
2914 3717 3025 3755 non
3055 3717 3285 3756 necesse
3308 3701 3383 3754 sit
3405 3717 3533 3756 esse
3551 3701 3754 3769 aliam,

2112 3796 2209 3850 illa
2243 3795 2399 3865 prior
2429 3798 2517 3846 est
2549 3807 2662 3860 qua
2695 3790 2883 3860 posita
2915 3796 2977 3843 ut
3025 3791 3122 3858 sit,
3157 3807 3268 3844 non
3301 3796 3388 3844 est
3419 3791 3590 3846 aliam
3624 3808 3757 3847 esse

2115 3900 2372 3950 necesse,
2406 3886 2462 3936 et
2507 3879 2614 3934 hoc
2661 3879 2892 3949 quidem
2954 3878 3359 3934 universaliter
3387 3879 3608 3934 dictum
3642 3887 3754 3936 est.

2113 3973 2350 4028 Planius
2381 3986 2511 4023 vero
2536 3968 2627 4021 his
2646 3968 2743 4022 ﬁet
2764 3968 3346 4039 exemplis.Binarius
3367 3969 3524 4024 enim
3552 3986 3762 4024 nume-

2113 4080 2214 4116 rus
2237 4069 2294 4116 et
2329 4059 2522 4114 unitas
2554 4074 2680 4111 eam
2724 4058 2931 4111 retinet
2964 4067 3255 4122 naturam,
3295 4062 3356 4111 ut
3385 4059 3433 4112 si
3469 4060 3602 4129 quis
3635 4061 3754 4116 duo

2112 4167 2239 4207 esse
2273 4151 2576 4220 proponat,
2610 4163 2792 4200 unum
2856 4162 3087 4216 quoque
3132 4163 3260 4200 esse
3317 4148 3759 4216 monstraverit,

2116 4256 2294 4295 unum
2328 4237 2484 4291 enim
2517 4236 2572 4289 in
2597 4235 2740 4304 ipsis
2769 4235 3000 4289 duobus
3021 4235 3526 4302 concluditur,aec
3545 4243 3757 4307 praeter

2114 4330 2263 4384 duas
2283 4327 2536 4382 unitates
2557 4324 2767 4395 poterit
2785 4340 2914 4379 esse
2932 4325 3502 4388 binarius.Quocirca
3533 4327 3582 4380 si
3615 4330 3754 4398 quis

2114 4417 2406 4473 binarium
2424 4430 2728 4469 numerum
2750 4430 2877 4468 esse
2901 4415 3366 4484 posuerit,unum
3384 4432 3609 4485 quoque
3623 4432 3758 4474 esse

2114 4503 2732 4577 consequitur,idcirco
2753 4503 3014 4557 binarius
3056 4508 3118 4556 ut
3151 4503 3222 4558 sit
3251 4504 3473 4576 indiget
3507 4506 3751 4563 unitate.

2109 4603 2327 4651 Atvcro
2347 4595 2389 4650 si
2415 4594 2548 4666 quis
2569 4599 2743 4664 ponat
2767 4609 2894 4648 esse
2919 4595 3492 4661 unitatem,nondum
3517 4612 3756 4653 necesse

2107 4693 2192 4744 est
2209 4703 2334 4742 esse
2355 4684 2669 4740 binarium.
2710 4685 2853 4752 Ergo
2877 4684 2948 4736 ab
2979 4682 3198 4739 unitate
3223 4685 3584 4740 subsistendi
3611 4703 3753 4743 con-

2111 4775 2418 4848 sequentia
2445 4791 2556 4830 non
2583 4773 2956 4828 convertitur.
2994 4773 3189 4828 l’osita
3216 4774 3372 4829 enim
3408 4776 3633 4831 unitate
3654 4794 3754 4834 ne-

2109 4883 2270 4922 cesse
2291 4882 2402 4920 non
2423 4863 2530 4918 fuit
2553 4862 2762 4917 binarii
2789 4862 3014 4917 numeri
3040 4863 3320 4934 subsequi
3338 4869 3755 4937 quantitatem,

2109 4953 2494 5023 idcircoquod
2528 4951 2751 5006 binario
2779 4968 2890 5004 non
2926 4951 3150 5022 indiget
3182 4954 3579 5020 unitas,‘sicut
3607 4958 3760 5012 indi-

2107 5059 2249 5113 gens
2281 5047 2404 5096 crat
2458 5041 2679 5094 unitate
2710 5039 2994 5093 binarius.
3030 5043 3218 5106 Quare
3248 5043 3404 5112 prior
3431 5048 3520 5098 est
3551 5047 3752 5104 unitas

2111 5133 2335 5189 binario
2363 5149 2374 5185 :
2400 5133 2554 5203 quod
2589 5131 2635 5186 si
2659 5131 2735 5184 ita
2760 5134 2868 5195 est,
2893 5136 2948 5186 et
2972 5133 3258 5205 quidquid
3276 5133 3356 5189 ita
3377 5135 3568 5205 fuerit,
3589 5141 3654 5191 ut
3677 5139 3751 5194 ab

2107 5241 2174 5280 eo
2197 5222 2555 5277 subsistendi
2590 5222 3001 5293 consequentia
3033 5239 3147 5277 non
3180 5228 3748 5297 convertatur,prius

2111 5311 2414 5367 Aristotele
2433 5316 2667 5366 auctore
2683 5311 3181 5381 probabitur,utin
3207 5327 3273 5367 eo
3287 5315 3440 5383 quod
3466 5315 3750 5372 esthomo

2109 5405 2168 5457 et
2187 5400 2569 5455 animal.Cum
2587 5400 2715 5454 dico
2729 5400 3048 5469 hominem,
3070 5416 3200 5455 mox
3214 5401 3330 5455 dixi
3347 5402 3564 5458 animal
3582 5423 3595 5470 ;
3613 5421 3754 5462 cum

2109 5490 2330 5545 animal
2358 5489 2574 5555 dixero,
2612 5489 2757 5543 nihil
2791 5490 2981 5544 adhuc
3013 5491 3082 5545 de
3115 5490 3353 5547 homine
3385 5491 3607 5548 dictum
3643 5501 3756 5552 est.

2110 5579 2316 5634 Omnis
2368 5580 2522 5634 enim
2570 5578 2744 5634 homo
2788 5578 3002 5635 animal
3036 5585 3143 5648 est,
3185 5597 3298 5636 non
3333 5597 3502 5636 omne
3534 5584 3766 5642 animal

2111 5667 2306 5724 homo.
