4060 6178
283 343 389 398 289

1297 338 1372 391 IN
1408 329 1870 389 CATEGORIAS
1905 328 2376 389 ARISTOTELIS
2413 335 2548 388 LIB.
2590 339 2686 391 IV.

3583 333 3694 392 290

288 467 690 537 consequitur.
721 465 778 519 Si
810 461 1028 518 animal
1061 463 1276 526 dixero,
1311 460 1382 514 ad
1415 455 1712 512 hominem
1735 451 1935 506 subsi-
1963 452 2018 516 Α
2049 459 2238 510 erunt.
2271 456 2418 511 Illud
2452 474 2684 530 quoque
2709 475 2902 514 verum
2941 465 3030 515 est
3059 461 3166 515 has
3189 475 3316 516 esse
3347 477 3545 517 omnes
3567 478 3694 534 spe-

292 558 515 614 stantia:
544 558 964 625 consequentia
994 569 1107 606 non
1143 550 1517 606 convertitur.
1551 545 1746 600 Potest
1776 541 1931 597 enim

290 664 416 703 esse
437 643 682 710 animal,
707 661 820 698 non
848 649 1040 698 tamen
1072 641 1265 696 homo.
1290 637 1570 700 Quocirca
1588 634 1660 689 ab
1697 627 1933 686 animali

287 737 355 791 ad
381 733 682 789 hominem
731 748 843 785 non
896 728 1250 785 convertitur
1297 722 1694 780 subsistentia)
1726 733 1932 774 conse-

285 822 723 896 quentia.Quod
756 824 803 875 si
837 820 1023 890 posito
1051 817 1280 873 homine
1311 812 1526 870 animal
1560 805 1936 870 constat,ani-

284 912 422 968 mali
454 927 587 966 vero
607 909 905 964 nominato
929 925 1042 962 non
1075 911 1165 962 est
1198 919 1433 959 necesse
1455 901 1750 956 hominem
1783 912 1932 960 esse,

289 1001 510 1058 animal
541 1006 630 1055 est
652 999 813 1069 prius
845 996 1105 1052 homine.
1141 995 1243 1050 Illa
1273 1009 1502 1064 quoque
1535 990 1796 1061 priorum
1834 987 1934 1039 de-

288 1091 530 1162 scriptio
548 1088 821 1159 est,quod
837 1103 906 1142 ea
921 1103 1047 1156 qua:
1069 1089 1208 1140 sunt
1230 1083 1419 1154 priora
1440 1079 1675 1135 sublata
1697 1075 1933 1146 quidem

287 1177 760 1246 auferunt,illata
777 1175 1182 1231 noninferunt.
1200 1170 1432 1226 Animal
1450 1169 1606 1224 enim
1632 1164 1932 1222 sublatum

284 1287 485 1327 secum
512 1283 742 1339 quoque
761 1267 1058 1320 hominem
1081 1260 1504 1329 tollet,illatum
1527 1274 1662 1312 vero
1683 1259 1745 1308 ut
1775 1253 1933 1308 dica-

283 1365 378 1415 tur
399 1375 532 1414 esse
555 1354 800 1421 animal,
827 1371 941 1409 non
969 1368 1166 1408 secum
1193 1350 1390 1405 statim
1415 1347 1711 1402 hominem
1738 1342 1931 1396 infert.

288 1448 619 1504 Posteriora
645 1462 778 1498 vero
811 1448 867 1497 et
897 1444 1126 1496 diverso
1159 1445 1319 1494 sunt.
1356 1438 1518 1492 lllala
1567 1434 1721 1488 enim
1756 1429 1932 1486 simul

289 1533 812 1598 interunt,sublata
828 1549 940 1586 non
965 1527 1466 1584 auferunt.Dictus
1481 1524 1718 1594 quidem
1739 1521 1936 1584 homo,

290 1625 467 1682 simul
500 1640 699 1680 secum
748 1619 963 1675 animal
997 1620 1188 1686 infert,
1241 1617 1432 1672 omnis
1467 1627 1716 1682 namque
1762 1611 1935 1664 homo

293 1714 511 1772 animal
535 1711 821 1775 est.Quod
850 1711 900 1764 si
926 1710 1098 1764 homo
1129 1702 1595 1761 substantialiter
1616 1700 1933 1763 auferatur,

2043 544 2160 599 cies
2194 552 2408 614 motus,
2435 548 2594 603 nullo
2620 567 2873 621 namque
2896 551 3008 606 sibi
3045 550 3534 622 participant,nisi
3567 553 3689 607 solo

2043 637 2272 705 generis
2298 639 2551 705 nomine,
2586 641 2738 709 quod
2777 648 2969 696 motus
3004 641 3298 695 dicuntur:
3331 658 3464 696 nam
3501 659 3689 714 neque

2043 727 2338 795 generatio
2363 727 2515 783 idem
2532 737 2619 785 est
2637 732 2789 800 quod
2807 731 3382 804 corruptio,namque
3396 735 3693 804 generatio

2043 819 2130 867 est
2159 815 2218 868 in
2253 817 2584 874 substantia
2615 819 2939 891 ingressus,
2974 822 3274 893 corruptio
3302 840 3432 878 vero
3466 840 3532 878 ex
3553 825 3693 879 sub-

2043 904 2261 958 stantia
2282 923 2570 976 egressus.
2596 909 2709 963 Nec
2732 910 3047 966 diminutio
3069 910 3220 965 idem
3248 913 3404 982 quod
3431 929 3696 967 cremen-

2044 995 2188 1056 tum,
2217 1010 2318 1048 nec
2341 996 2667 1051 secundum
2693 997 2886 1052 locum
2911 998 3219 1054 translatio
3244 999 3416 1055 alicui
3441 1002 3699 1071 superio—

2045 1097 2174 1135 rum
2208 1083 2532 1140 consimilis
2557 1091 2665 1141 est.
2692 1088 3084 1143 Commutatio
3110 1093 3305 1143 autem
3340 1089 3516 1144 habet
3551 1091 3692 1145 forte

2044 1169 2302 1241 aliquam
2336 1173 2789 1243 dubitationem,
2823 1177 2977 1247 quod
3025 1195 3138 1232 non
3167 1177 3433 1233 videatur
3463 1196 3495 1234 a
3527 1195 3694 1251 supe-

2043 1259 2297 1316 rioribus
2329 1262 2677 1335 discrepare,
2713 1282 2890 1337 quam
2949 1267 3331 1336 quaestionem
3368 1268 3449 1324 ita
3491 1284 3696 1340 propo-

2045 1349 2183 1403 suit.

2115 1442 2177 1492 In
2209 1441 2536 1496 alteratione
2568 1460 2693 1498 vero
2724 1446 2882 1499 habet
2911 1445 3203 1515 quamdam
3230 1446 3691 1517 qumstionemme

2042 1531 2182 1597 forte
2208 1533 2571 1587 necessarium
2604 1537 2673 1588 sit
2713 1537 2772 1588 id
2803 1535 2943 1605 quod
2992 1535 3284 1601 alteratur,
3322 1553 3425 1605 per
3447 1537 3693 1608 aliquam

2045 1618 2387 1687 reliquarum
2436 1621 2743 1677 motionum
2782 1626 3056 1681 alterari:
3092 1629 3195 1680 hoc
3243 1629 3425 1680 autem
3465 1643 3571 1680 non
3614 1635 3696 1683 est

2043 1722 2257 1761 verum.
2284 1710 2420 1763 Nam
2453 1727 2587 1779 pene
2614 1713 2911 1767 secundum
2933 1730 3123 1769 omnes
3144 1717 3427 1784 passiones
3457 1719 3552 1769 aut
3574 1717 3698 1784 plu-

291 1823 401 1860 ηοη
437 1809 531 1859 θεῖ
563 1818 805 1856 necesse
835 1798 1050 1854 animal
1084 1811 1317 1867 quoque
1364 1791 1603 1854 δυῗθῐτίν
1637 1787 1787 1861 (ξυοά
1824 1786 1933 1884 δίζε
1967 1820 2014 1884 Β
2045 1811 2151 1864 res,
2176 1798 2412 1852 alterari
2431 1800 2656 1865 accidit,
2685 1802 2844 1856 nulla
2868 1803 3109 1857 aliarum
3136 1806 3697 1860 motionumcommu-

288 1912 496 1950 nomen
523 1891 802 1947 animalis
834 1890 892 1943 in
919 1886 1182 1958 pluribus
1205 1883 1509 1954 speciebus
1536 1878 1688 1934 valet
1719 1878 1928 1948 aptari.

292 1983 448 2050 Quod
485 1985 536 2036 si
571 1982 646 2035 ita
683 1976 988 2046 contingit,
1022 1973 1253 2030 subluto
1286 1969 1523 2025 homine
1573 1964 1938 2038 permanebit

299 2069 537 2128 animal.
562 2069 844 2134 Quocirca
863 2065 1162 2122 concludit
1184 2068 1301 2117 tres
1333 2077 1460 2114 esse
1488 2057 1710 2128 species
1737 2069 1937 2109 eorum

297 2180 422 2234 quas
445 2159 627 2216 simul
651 2163 790 2213 sunt
812 2156 1134 2212 secundum
1163 2147 1750 2222 tempus,secundum
1781 2152 1942 2198 natu-

300 2230 418 2307 ram
437 2266 578 2306 cum
601 2257 848 2318 utraque
868 2246 946 2299 ita
977 2242 1494 2304 convertuntur,ut
1527 2241 1733 2290 neutra
1753 2230 1940 2287 neutri

301 2359 473 2397 causa
492 2337 860 2394 sit.Tertium
886 2337 1170 2404 genusest
1191 2329 1512 2386 secundum
1545 2326 1805 2380 eamdem
1831 2321 1940 2376 sub

297 2417 1469 2498 eodemgeneredivisionem.Quoniamin
1488 2414 1747 2471 faciendo
1770 2417 1943 2482 atque

302 2517 779 2592 patiendoineral
800 2514 1038 2584 quidam
1072 2515 1286 2574 motus,
1313 2510 1498 2562 facere
1539 2511 1730 2558 autem
1755 2510 1806 2556 et
1832 2499 1946 2571 pati

304 2590 772 2682 pradicamentis
797 2599 1391 2673 ad]unxerat,idcirco
1409 2611 1562 2650 nunc
1594 2594 1664 2648 de
1688 2590 1946 2646 motibus

300 2704 529 2765 tractat,
562 2702 620 2751 et
650 2711 749 2750 sex
781 2708 1020 2747 numero
1053 2707 1180 2744 esse
1229 2686 1588 2760 pronuntiat.

698 2811 790 2866 DE
852 2804 1232 2863 SPECIEBUS
1289 2802 1547 2858 MOTUS.

373 2915 546 2968 Motus
569 2917 753 2966 autem
782 2909 984 2978 species
1005 2913 1130 2958 sunt
1153 2919 1253 2956 sex
1285 2919 1297 2956 :
1331 2902 1950 2971 generatio,corruptio,

305 3007 683 3074 augmentum,
714 2993 1036 3055 diminutio,
1058 2993 1342 3055 alteratio,
1367 3000 1419 3044 et
1441 2991 1739 3045 secundum
1775 2992 1954 3044 locum

311 3094 562 3147 mutatio.
583 3088 1088 3160 Aliiitaquemotus
1117 3083 1300 3154 palam
1325 3090 1402 3134 est
1427 3081 1554 3150 quia
1585 3080 1690 3133 alii
1718 3079 1947 3134 abmvi-

2045 1887 2289 1941 nicante.
2322 1888 2502 1959 Neque
2532 1890 2682 1945 enim
2712 1895 2905 1962 augeri
2931 1895 3298 1948 necessarium
3329 1897 3576 1966 est,quod
3596 1914 3697 1967 per

2041 1977 2365 2044 passionem
2397 1989 2662 2049 movetur,
2701 1998 2876 2052 neque
2904 1984 3389 2039 minui.Similiter
3423 1997 3604 2040 autem
3636 1985 3696 2042 in

2047 2065 2198 2118 aliis.
2251 2066 2480 2136 Ideoque
2509 2072 2614 2124 erit
2644 2070 2760 2124 alia
2814 2076 3027 2137 praeter
3056 2074 3178 2127 illos
3208 2079 3384 2128 motus
3413 2075 3693 2131 alteralio.

2048 2154 2186 2208 Nam
2215 2157 2266 2209 si
2294 2157 2488 2212 eadem
2521 2167 2675 2221 esset.
2709 2167 2980 2231 oporteret
3013 2163 3067 2218 id
3098 2165 3238 2235 quod
3269 2165 3537 2220 alteratur
3564 2183 3698 2222 mox

2052 2243 2133 2298 vel
2164 2248 2380 2315 augeri,
2412 2249 2494 2301 vel
2524 2251 2725 2316 minui,
2755 2253 2837 2305 vel
2892 2253 3135 2322 aliquem
3165 2252 3400 2308 aliorum
3447 2259 3694 2310 motuum

2050 2336 2303 2404 consequi
2331 2336 2462 2396 ,‘scd
2521 2353 2629 2392 non
2677 2348 2756 2394 est
2798 2356 3032 2396 necesse.
3096 2341 3372 2398 Similiter
3429 2347 3612 2398 autem
3643 2353 3693 2400 et

2053 2423 2194 2491 quod
2223 2429 2477 2492 augetur,
2508 2431 2602 2481 aut
2631 2427 2747 2483 alia
2772 2430 2960 2499 aliqua
2983 2432 3224 2486 motione
3254 2437 3520 2502 movetur,
3547 2433 3692 2488 alte-

2055 2510 2175 2566 rari
2203 2515 2508 2582 Oportebat.

2125 2602 2185 2655 In
2206 2605 2660 2660 commutatione
2682 2624 2814 2662 vero
2827 2608 3122 2679 estaliqua
3153 2609 3544 2678 dubitatio,ne
3564 2611 3709 2666 forte

2058 2704 2290 2745 necesse
2321 2693 2397 2747 sit
2428 2695 2581 2765 quod
2634 2702 3031 2752 commutatur
3075 2701 3400 2754 secundum
3449 2699 3702 2771 aliquem

2060 2779 2420 2850 reliquorum
2446 2789 2711 2840 motuum
2737 2788 3255 2845 commutari.Nam
3272 2789 3319 2842 si
3346 2805 3518 2844 omne
3556 2791 3704 2859 quod

2061 2878 2478 2939 commutatur,
2511 2880 2608 2928 aut
2640 2881 2974 2944 generatur,
3004 2880 3104 2932 aut
3152 2878 3576 2948 corrumpitur,
3605 2883 3707 2933 aut

2065 2958 2367 3026 minuitur,
2394 2969 2493 3017 aut
2513 2964 2741 3033 crescit,
2758 2970 2858 3020 aut
2882 2966 2934 3019 id
2952 2967 3274 3021 secundum
3299 2966 3488 3021 locum
3513 2970 3708 3022 trans-

2065 3050 2200 3104 ferri
2224 3067 2459 3108 necesse
2483 3059 2590 3119 est,
2615 3054 2859 3109 dubium
2888 3072 3000 3108 non
3034 3061 3120 3108 est
3155 3054 3297 3109 nihil
3333 3073 3365 3110 a
3392 3055 3705 3123 superiori-

311 3199 420 3237 cem
451 3189 606 3235 sunt.
662 3180 781 3233 Non
810 3183 889 3229 est
937 3172 1085 3228 enim
1135 3171 1411 3239 generatio
1458 3169 1753 3237 corruptio,
1788 3182 1950 3238 neque

2069 3140 2178 3195 bus
2205 3143 2427 3197 caeteris
2470 3144 2619 3197 hanc
2662 3144 2862 3199 differe
2892 3146 3168 3215 speciem,
3223 3162 3348 3216 quae
3381 3145 3704 3200 secundum

2073 3232 2579 3253 -__._.--_L_LS-___
2620 3233 2822 3253 J!-:A__,,
2860 3252 2864 3253 ν
2907 3251 2914 3253 Α
2963 3251 3004 3253 ,_
3038 3235 3052 3253 1
3103 3239 3116 3253 Α
3169 3234 3386 3253 ΒνΑικΑ-Ικ
3462 3250 3546 3253 7--
3602 3234 3682 3253 _,!a

318 3277 677 3337 augmentum
708 3263 1030 3324 diminutio,
1062 3273 1235 3327 neque
1263 3255 1565 3310 secundum
1588 3256 1763 3309 locum
1783 3263 1960 3309 muta-

314 3360 404 3414 tio.
434 3357 719 3412 Similiter
747 3361 930 3408 autem
958 3359 1014 3404 et
1045 3352 1105 3402 in
1137 3348 1290 3402 aliis.

385 3450 444 3502 In
467 3445 726 3517 physicis
751 3438 1091 3496 Aristoteles
1118 3442 1314 3490 motus
1346 3434 1569 3506 species
1600 3433 1712 3488 alia
1735 3434 1958 3488 ratione

321 3538 570 3609 partitus
603 3537 712 3588 cst.
751 3529 845 3583 Ait
891 3527 1044 3583 enim
1075 3525 1233 3580 aliud
1267 3541 1391 3579 esse
1444 3522 1958 3594 permutationem,

322 3625 471 3680 aliud
510 3629 764 3684 motum,
796 3624 852 3672 et
885 3614 1335 3687 permutationis
1370 3613 1604 3682 quidem
1656 3613 1804 3666 duas
1834 3627 1962 3666 esse

317 3716 542 3784 species
579 3710 662 3765 ait
691 3706 1126 3779 generationem
1159 3707 1216 3756 et
1265 3700 1722 3770 corruptionem.
1770 3699 1962 3753 Motus

317 3821 444 3859 vero
462 3808 585 3856 tres
607 3797 932 3854 secundum
959 3791 1702 3864 quantitatem,secundum
1725 3789 1966 3858 qualita-

318 3898 450 3953 tem.
477 3888 802 3945 secundum
829 3885 1042 3940 locum.
1074 3881 1274 3954 Igitur,
1302 3879 1575 3949 quoniam
1603 3878 1697 3933 hic
1730 3878 1874 3932 liber
1894 3879 1961 3932 ad

321 3977 811 4036 introductionem
837 3974 1090 4045 quodam
1123 3971 1294 4025 modo
1319 3970 1506 4024 factus
1530 3973 1636 4031 est,
1673 3966 1863 4022 noluit
1885 3967 1968 4020 ni-

323 4072 428 4127 mis
442 4067 751 4125 divisionis
769 4071 1072 4119 attenuare
1097 4061 1481 4124 rationem,ne
1509 4057 1962 4128 ingredientium

323 4163 544 4216 animos
572 4153 864 4212 subtiliori
890 4151 1174 4207 divisione
1195 4148 1598 4203 confunderet:
1634 4146 1968 4216 facitigitur

319 4249 661 4304 divisionem
695 4250 890 4299 motus
923 4241 1030 4295 hoc
1065 4239 1258 4293 modo.
1285 4237 1386 4292 Est
1406 4237 1562 4291 enim
1596 4253 1713 4290 una
1736 4234 1960 4305 species

322 4345 510 4394 motus
528 4335 856 4391 secundum
876 4326 1413 4392 substantiam,alia
1435 4325 1758 4380 secundum
1779 4341 1968 4396 quan-

318 4429 568 4491 titatem,
605 4424 716 4479 alia
747 4420 1070 4475 secundum
1105 4413 1604 4487 qualitatem,alia
1636 4414 1959 4469 secundum

319 4520 534 4574 locum.
561 4519 626 4568 Et
648 4512 972 4568 secundum
1001 4505 1392 4562 substantiam
1423 4504 1657 4574 quidem
1683 4509 1774 4558 est
1796 4521 1966 4574 gene-

2068 3232 2585 3286 commutationem
2611 3233 2826 3287 dicitur
2856 3252 2869 3299 ;
2898 3235 3056 3305 quod
3090 3234 3428 3291 Aristoteles
3461 3234 3705 3305 respuit,

2067 3321 2284 3381 dicens,
2342 3324 2455 3376 Hoc
2506 3327 2700 3377 autem
2751 3341 2863 3379 non
2896 3329 2985 3379 est
3011 3341 3235 3380 verum.
3266 3323 3377 3379 Sed
3427 3324 3708 3394 quoniam

2067 3411 2224 3481 quod
2274 3416 2670 3467 commutatur
2697 3430 2810 3467 non
2856 3413 3095 3468 omnino
3155 3430 3344 3484 neque
3375 3419 3709 3485 generatur,

2070 3517 2258 3570 neque
2279 3502 2696 3573 corrumpitur:
2733 3507 2797 3557 ut
2827 3504 2925 3573 qui
2959 3502 3016 3557 in
3052 3502 3174 3557 sole
3205 3502 3427 3556 diutius
3467 3502 3707 3567 stetit,si

2069 3605 2133 3642 ex
2157 3589 2406 3643 candido
2458 3589 2623 3661 niger
2671 3595 2759 3645 est
2789 3591 3000 3660 factus,
3041 3595 3437 3645 commutatus
3468 3590 3706 3660 quidem

2068 3681 2392 3732 secundum
2439 3679 2689 3734 colorem
2741 3679 2974 3745 dicitur,
3011 3696 3125 3734 non
3176 3684 3368 3733 tamen
3396 3683 3708 3750 generatus

2069 3773 2158 3823 est
2187 3774 2638 3839 autcorruptus,
2667 3785 2769 3824 nec
2795 3787 2928 3825 vero
2951 3768 3035 3823 illi
3067 3767 3301 3839 aliquod
3332 3767 3414 3822 vel
3441 3783 3708 3822 cremen-

2069 3863 2194 3912 tum
2231 3858 2447 3913 factum
2482 3864 2570 3913 est
2603 3859 2688 3912 vel
2723 3859 3058 3924 diminutio,
3095 3859 3197 3914 sed
3238 3875 3342 3913 nec
3373 3857 3482 3913 loci
3515 3865 3709 3912 trans-

2070 3947 2208 4001 latio
2241 3948 2400 4002 nulla
2426 3954 2534 4016 est,
2570 3953 2757 4019 potest
2787 3949 2942 4004 enim
2977 3949 3191 4019 aliquis
3225 3964 3340 4003 uno
3388 3946 3711 4018 eodemque

2070 4039 2195 4096 loco
2227 4042 2575 4109 consistens,
2611 4039 2904 4108 aliquibus
2956 4039 3317 4093 extrinsecus
3344 4037 3711 4092 venientibus

2071 4130 2446 4200 passionibus
2470 4128 2807 4198 permutari,
2836 4134 3025 4198 potest
3044 4143 3278 4198 quoque
3301 4131 3357 4181 et
3381 4128 3712 4180 crescereet

2070 4221 2423 4287 decrescere,
2451 4226 2656 4290 praeter
2677 4217 2978 4289 qualitatis
3001 4213 3712 4284 commutationemzquod

2069 4311 2194 4383 ipse
2226 4308 2563 4364 Aristoteles
2595 4311 2678 4362 ita
2709 4307 3069 4378 pronuntiat.

2141 4400 2246 4453 Sed
2276 4408 2405 4453 sunt
2434 4398 2688 4470 quadam
2716 4398 3014 4452 crescentia
3061 4410 3186 4466 qua
3204 4410 3314 4450 non
3366 4395 3710 4460 alterantur,

2073 4496 2131 4543 ut
2159 4489 2509 4560 quadratum,
2531 4487 2916 4557 circumposita
2943 4502 3229 4558 gnomone,
3269 4486 3440 4540 crevit
3470 4482 3710 4553 quidem,

319 4611 462 4664 ratio
494 4611 554 4661 et
585 4601 905 4672 corruptio,
941 4598 1060 4654 haec
1076 4597 1232 4653 enim
1264 4600 1510 4664 utraque
1535 4592 1593 4647 in
1629 4555 1962 4648 substantia
1990 4555 2036 4618 Β
2070 4580 2361 4634 alleratum
2386 4595 2509 4633 vero
2531 4577 2673 4634 nihil
2703 4579 2911 4647 factum
2928 4583 3006 4632 est
3037 4594 3050 4632 :
3078 4579 3158 4631 sic
3190 4583 3242 4630 et
3270 4573 3331 4629 in
3359 4573 3491 4628 aliis
3510 4572 3714 4641 hujus-

319 4701 484 4754 ﬁunt.
510 4696 655 4751 Nam
679 4697 736 4748 et
762 4689 1086 4747 secundum
1111 4685 1503 4742 substantiam
1528 4689 1840 4752 generatur
1861 4683 1963 4738 ali-

317 4789 475 4860 quid,
499 4791 558 4840 et
578 4782 904 4840 secundum
924 4777 1316 4834 substantiam
1335 4773 1966 4845 corrumpitur.Secun-

317 4880 452 4933 dum
478 4873 870 4946 quantitatem
894 4885 1047 4932 vero,
1074 4874 1135 4922 ut
1157 4869 1522 4920 crementum
1546 4868 1602 4917 et
1624 4862 1960 4919 diminutio.

320 4969 544 5022 Etenim
579 4960 903 5018 secundum
935 4955 1321 5028 quantitatem
1355 4952 1443 5009 vel
1477 4957 1647 5006 aucta
1687 4952 1960 5020 crevisse,

317 5057 403 5114 vel
427 5056 692 5110 detracta
710 5049 1004 5104 diminuta
1024 5059 1150 5100 esse
1170 5041 1805 5098 dicuntur.Secundum
1830 5057 1967 5111 qua-

316 5145 540 5200 litatem
555 5157 692 5195 vero
715 5155 840 5208 quas
856 5134 1070 5190 dicitur
1083 5129 1487 5193 commutatio,
1506 5131 1832 5184 secundum
1854 5128 1963 5183 ali-

318 5251 461 5308 quas
484 5230 711 5287 scilicet
734 5227 1214 5299 passiones,quas
1238 5219 1552 5292 qualitates
1574 5234 1702 5273 esse
1725 5218 1966 5272 manife-

321 5306 477 5381 stum
512 5327 625 5376 est.
651 5316 986 5372 Secundum
1014 5313 1210 5367 locum
1235 5327 1388 5375 vero,
1424 5314 1488 5362 ut
1519 5309 1678 5362 intus
1702 5307 1758 5361 in
1784 5306 1966 5377 longi-

325 5408 706 5474 tudinem,vel
737 5408 796 5461 in
831 5407 1200 5460 curvaturam
1235 5400 1501 5466 ﬂexus;et
1539 5398 1700 5452 intus
1727 5397 1962 5467 quidem

329 5508 382 5561 in
407 5499 840 5573 longitudinem
862 5500 950 5550 est
971 5499 1035 5547 ut
1059 5509 1091 5546 a
1113 5507 1350 5546 sursum
1370 5489 1431 5543 in
1462 5490 1797 5555 deorsum,a
1817 5487 1967 5557 prio-

325 5596 482 5648 ribus
514 5595 897 5653 retrorsum,a
927 5583 1130 5637 dextra
1159 5580 1217 5634 in
1254 5578 1645 5644 sinistram;et
1669 5593 1876 5631 rursus
1914 5575 1963 5631 si

324 5685 442 5741 haec
468 5682 773 5739 convertas
801 5679 857 5731 et
889 5673 949 5730 in
987 5672 1274 5728 directum
1328 5683 1557 5740 pergas,
1589 5665 1744 5722 idem
1771 5675 1966 5723 motus

2067 4668 2236 4723 modi.
2273 4667 2454 4734 Quare
2481 4669 2585 4721 alii
2613 4669 2736 4721 sunt
2767 4671 2946 4723 motus
2976 4684 3008 4721 α
3037 4681 3092 4720 se
3118 4665 3371 4719 invicem.

2143 4757 2305 4823 Quod
2336 4757 2480 4811 dicit
2509 4755 2619 4811 tale
2645 4761 2737 4811 est
2768 4755 2858 4811 :Si
2881 4755 3188 4826 quadrato,
3220 4752 3432 4824 inquit,
3467 4750 3715 4806 addatur

2072 4862 2302 4916 gnomo,
2355 4845 2564 4900 crescit
2615 4845 2848 4916 quidem
2929 4843 3275 4914 quadratus,
3337 4857 3452 4896 non
3513 4844 3712 4895 tamen

2072 4939 2488 4990 commutatur.
2525 4934 2774 5004 Ideoque
2805 4933 3038 4989 sublato
3070 4946 3360 5004 gnomone
3391 4930 3711 5002 quadratus

2073 5026 2555 5090 diminuitur,sed
2581 5041 2693 5079 non
2720 5023 3202 5079 commutatur.Si
3217 5021 3372 5077 enim
3389 5021 3713 5092 quadratus

2073 5135 2102 5171 a
2137 5117 2166 5170 Ι)
2195 5132 2224 5170 c
2247 5115 2304 5183 ά,
2337 5119 2394 5170 et
2424 5115 2674 5170 ducatur
2702 5114 2752 5168 ei
2785 5112 3086 5185 angularia
3141 5115 3171 5167 b
3203 5128 3248 5181 c,
3283 5116 3339 5166 et
3378 5111 3716 5165 dividantur

2073 5210 2326 5277 quatuor
2358 5205 2590 5259 lateraa
2621 5221 2668 5271 c,
2706 5222 2744 5260 α
2778 5205 2828 5270 b,
2863 5206 2891 5259 ὑ
2922 5203 2978 5270 d,
3002 5220 3036 5258 a
3063 5219 3112 5270 c,
3144 5202 3204 5256 in
3238 5200 3486 5272 aequalia
3508 5217 3539 5270 g
3572 5215 3601 5253 e
3630 5198 3716 5267 h/

2075 5296 2329 5369 punctis,
2364 5301 2421 5351 et
2451 5295 2744 5350 ducantur
2771 5312 2802 5364 g
2834 5293 2889 5363 h,
2924 5296 2969 5365 γ’,
3001 5308 3030 5348 e
3057 5292 3244 5348 lineae.
3281 5290 3507 5346 Divisus
3538 5287 3716 5356 igitur

2072 5391 2395 5464 quadratus
2426 5403 2459 5441 a
2488 5387 2521 5440 d
2552 5388 2609 5439 in
2643 5389 2891 5454 quatuor
2921 5383 3234 5454 quadratos
3267 5380 3364 5452 qui
3390 5382 3529 5434 sunt
3557 5393 3586 5431 θ
3613 5377 3716 5445 g,f

2073 5500 2125 5551 g,
2151 5497 2178 5536 e
2194 5481 2251 5546 h,
2284 5479 2317 5532 h
2345 5479 2390 5547 Γ,
2414 5474 2813 5547 quorumlibet
2831 5479 2948 5529 tres
2972 5471 3072 5544 qui
3089 5474 3238 5527 circa
3255 5469 3518 5525 eamdem
3538 5479 3719 5534 angu-

2070 5572 2254 5627 larem
2280 5566 2491 5625 suntsi
2525 5565 3052 5636 demantur,figura
3076 5562 3204 5632 ipsa
3221 5573 3433 5632 gnomo
3455 5557 3716 5609 vocatur.

2076 5667 2140 5718 ut
2168 5661 2218 5717 si
2237 5659 2372 5731 quis
2395 5656 2560 5714 tollat
2575 5655 2682 5712 hos
2714 5659 2853 5722 tres,
2886 5669 2914 5710 e
2935 5670 2990 5724 g,
3021 5669 3052 5723 g
3076 5654 3120 5722 Ι,
3152 5652 3186 5720 f
3206 5649 3262 5719 h,
3285 5644 3651 5702 invenitur-ni
3680 5660 3720 5698 π
