4060 6178
356 276 458 330 291

1633 273 1754 325 ΔΝ.
1793 268 2016 329 MANL,
2059 266 2214 321 SEV.
2256 267 2492 322 ΒΟΕΤΠ

3670 273 3772 328 292

358 417 596 473 gnomo,
619 400 715 472 qui
738 417 790 454 m
821 418 860 454 η
890 415 1102 471 gnomo
1125 400 1433 468 separatur
1463 413 1496 450 a
1527 395 1555 448 b
1585 395 1664 449 eli
1690 392 1996 464 quadrato.
2032 390 2084 456 Α
2115 405 2228 443 non
2263 390 2500 455 moveri,
2535 394 2590 444 et
2622 394 2710 444 est
2744 407 2858 445 non
2907 391 3122 445 moveri
3157 392 3406 463 quidem
3451 397 3773 452 secundum

359 493 544 546 Totus
565 491 801 561 quidem
828 507 862 543 a
891 489 925 542 d
954 488 1276 558 quadratus
1306 486 1657 539 imminutus
1682 489 1788 550 est,
1815 481 1914 552 qui
1939 497 2002 535 ex

360 586 482 636 tam
526 597 736 650 magno
770 580 956 632 factus
987 583 1076 631 est
1111 593 1343 646 parvus,
1377 593 1486 628 non
1516 581 1709 628 tamen
1763 573 2006 625 formam

359 666 639 734 tetragoni
664 665 1233 728 commutavit.Quod
1261 663 1308 716 si
1340 678 1368 717 ε
1394 663 1427 715 h
1467 667 1802 732 tetragonus
1846 657 2010 713 solus

369 759 466 818 sit,
491 760 548 809 et
569 755 618 808 ei
641 755 1118 824 circumponatur
1141 768 1378 823 gnomo,
1412 751 1512 822 qui
1543 756 1633 805 est
1661 767 1710 802 m
1741 766 1799 814 η,
1835 746 2011 801 crevit

363 845 602 916 quidem
637 847 994 910 tetragonus,
1030 847 1087 897 et
1140 843 1327 911 major
1386 841 1575 895 factus
1615 843 1726 903 est,
1757 837 1861 892 sed
1893 853 2006 890 non

369 936 766 988 commutatus
797 937 904 987 est.
957 931 1172 986 Omnes
1204 931 1360 985 enim
1412 927 1695 999 tetragoni
1730 925 1840 981 sibi
1875 929 2012 980 sunt

365 1022 602 1093 propria
631 1021 915 1092 qualitate
947 1020 1301 1076 consimiles.
1339 1020 1497 1084 Quod
1548 1017 1597 1072 si
1633 1013 2012 1072 commutatio

367 1110 709 1181 hujusmodi
733 1115 927 1165 motus
949 1114 1122 1176 esset,
1153 1114 1218 1163 ut
1245 1125 1354 1163 non
1389 1107 1626 1162 omnino
1650 1123 1682 1160 a
1703 1102 2016 1174 superiori-

362 1201 474 1254 bus
497 1184 888 1270 separaretur,
917 1198 1076 1254 nulla
1099 1204 1254 1252 esset
1286 1196 1575 1251 dubitatio
1609 1195 1749 1264 quin
1783 1208 2015 1262 semper

364 1292 656 1358 oporteret
679 1288 962 1357 quidquid
993 1291 1386 1341 commutatur
1407 1283 1731 1340 secundum
1757 1282 2013 1354 aliquem

363 1377 626 1447 priorum
677 1380 941 1429 motuum
1001 1375 1237 1429 modum
1290 1371 1661 1428 commutari.
1698 1371 1785 1424 lta
1817 1376 1880 1424 ut
1918 1374 2017 1424 aut

366 1469 836 1529 nasceretur,aut
857 1469 1352 1533 corrumperetur,
1379 1466 1480 1516 aut
1511 1461 1891 1528 minueretur,
1916 1463 2017 1512 aut

362 1557 664 1612 cresceret.
681 1558 782 1606 aut
808 1552 1064 1606 secundo
1079 1569 1130 1606 m
1156 1552 1347 1606 locum
1377 1553 1536 1604 fieret
1558 1549 1755 1620 aliqua
1782 1564 2020 1618 permu-

370 1643 534 1696 tatio.
560 1641 722 1704 Quod
747 1643 1023 1712 quoniam
1051 1659 1163 1695 non
1189 1647 1302 1708 est,
1328 1640 1399 1694 ab
1424 1635 2023 1707 omnibussuperiori-

2119 478 2310 532 locum
2328 479 2742 550 quies,moveri
2758 496 2887 534 vero
2903 495 3079 535 secun
3094 481 3230 534 dum
3247 481 3444 536 locum
3465 483 3775 540 translatio.

2119 568 2368 621 Maxime
2395 575 2613 632 autem,
2650 569 3198 638 inquit,secundum
3225 569 3422 624 locum
3451 573 3775 641 mutationi,

2121 657 2414 711 contraria
2441 663 2528 711 est
2553 657 2608 712 in
2639 658 2997 711 contrarium
3022 661 3215 712 locum
3248 662 3708 729 permutatio.Ut
3733 664 3775 717 si

2121 763 2234 815 qua
2265 764 2353 800 res
2386 763 2626 800 sursum
2661 746 2735 800 sit
2767 753 2941 817 atque
2977 747 3053 801 ibi
3095 754 3420 815 maneat,et
3460 749 3540 803 sit
3565 752 3775 819 quieta,

2124 841 2325 906 postea
2356 836 2432 889 sit
2459 837 2510 888 ei
2547 841 2741 888 motus
2797 835 2951 901 talis,
3020 841 3079 890 ut
3130 836 3414 891 deorsum
3468 844 3779 909 moveatur,

2123 940 2461 994 quanquam
2494 924 2600 995 ipsi
2627 923 2912 994 superiori
2951 927 3134 980 motui
3163 926 3335 997 quies
3368 929 3662 983 contraria
3685 929 3777 998 sit,

2126 1013 2312 1068 multo
2337 1013 2526 1085 magis
2549 1014 2788 1084 quidem
2814 1014 3159 1084 hujusmodi
3190 1021 3412 1080 motus,
3445 1018 3550 1087 qui
3579 1018 3637 1071 in
3657 1034 3782 1073 con-

2125 1103 2371 1157 trarium
2390 1102 2678 1171 ﬁtlocum,
2703 1102 2784 1157 illi
2809 1104 3095 1174 superiori
3116 1106 3296 1159 motui
3324 1106 3660 1161 contrarius
3678 1114 3778 1164 est.

2125 1196 2311 1263 Atque
2345 1193 2450 1248 hoc
2483 1192 2718 1263 quidem
2753 1197 2808 1248 et
2839 1193 2897 1247 in
2931 1192 3063 1248 aliis
3085 1194 3342 1249 motibus
3387 1195 3622 1249 accidit:
3642 1203 3699 1250 ut
3726 1198 3771 1252 si

2129 1282 2260 1352 quis
2293 1282 2368 1336 sit
2400 1282 2471 1336 ad
2503 1281 2821 1351 dexteram,
2845 1283 2956 1337 siei
2981 1283 3036 1336 in
3063 1283 3364 1338 sinistram
3396 1291 3594 1339 motus
3622 1285 3777 1350 sit,in

2129 1372 2483 1426 contrarium
2518 1371 2708 1426 locum
2746 1373 2936 1428 factus
2970 1373 3186 1427 dicitur
3229 1379 3650 1444 motus.Atque
3683 1376 3780 1429 hoc

2127 1460 2279 1515 idem
2314 1461 2368 1514 id
2405 1460 2534 1515 aliis
2578 1461 2828 1515 motibus
2861 1461 2992 1516 licet
3046 1463 3261 1531 videre;
3296 1465 3402 1518 sed
3447 1464 3777 1520 Aristoteles

2131 1550 2422 1604 dubitatsi
2447 1549 2670 1619 reliquo
2687 1551 2954 1620 motui,id
2976 1557 3064 1605 est
3081 1553 3780 1624 commutationi,a|iquid

2132 1637 2317 1708 possit
2347 1654 2475 1694 esse
2506 1640 2888 1706 contrarium,
2915 1657 3090 1710 quam
3113 1641 3506 1712 qumstionem
3536 1643 3616 1697 ita
3645 1658 3767 1712 pro-

367 1730 480 1784 bus
511 1730 768 1784 motibus
784 1730 901 1784 haec
917 1736 1111 1784 motus
1139 1730 1360 1799 species
1377 1727 1695 1782 distat.Sed
1725 1730 2005 1780 monstra—
2060 1754 2105 1815 Β
2138 1726 2300 1796 ponit
2333 1743 2344 1779 :

366 1825 490 1875 tum
525 1820 796 1890 superius
818 1825 908 1875 est
933 1821 1192 1890 quinque
1206 1819 1536 1890 superiores
1565 1821 1758 1870 motus
1782 1816 2004 1885 species

365 1928 398 1964 a
429 1926 491 1963 se
513 1909 670 1963 omni
705 1911 929 1965 ratione
961 1910 1304 1964 substantiae
1338 1909 1690 1977 discrepare.
1725 1904 2005 1968 Quocirca

366 1999 608 2068 distant,
653 2016 714 2054 se
746 2000 1018 2054 similiter
1071 2000 1128 2053 hi
1160 2015 1260 2054 sex
1319 2003 1536 2064 motus,
1596 2001 1775 2065 atque
1806 1994 1998 2048 divers

368 2092 531 2144 sunt.

1287 2320 1534 2396 Quadra

769 2467 858 2536 (λθ

1541 2763 1658 2804 aun

683 3047 734 3103 Ο

1531 3197 1584 3249 0

986 3327 1042 3368 m

444 3632 537 3685 Est
567 3637 760 3684 autem
803 3624 1134 3694 simpliciter
1164 3622 1381 3694 quidem
1410 3622 1586 3676 motui
1617 3622 1768 3691 quies
1797 3628 2026 3674 contra-

379 3718 807 3786 rium.Singulis
823 3731 942 3768 vero
961 3714 1194 3782 singuli,
1211 3710 1557 3782 generationi
1567 3709 1782 3779 quidem
1803 3724 2028 3778 corrup-

373 3809 470 3871 tio,
504 3801 955 3871 augmentationi
984 3806 1171 3855 autem
1197 3795 1817 3865 diminutio;secundum
1852 3797 2028 3849 locum

375 3910 500 3950 vero
532 3891 855 3956 mutationi,
885 3890 1185 3946 secundum
1239 3890 1418 3943 locum
1449 3889 1621 3958 quies,
1656 3887 1900 3940 maxime
1920 3902 2027 3938 au-

375 3993 489 4039 tem
516 3980 732 4036 videtur
759 3981 1064 4050 appositum
1089 3993 1204 4034 esse
1233 3979 1292 4031 in
1322 3980 1663 4032 contrarium
1695 3976 1873 4029 locum
1901 3990 2026 4028 mu-

375 4071 536 4141 tatio,
570 4074 631 4125 ut
659 4084 783 4142 qua:
815 4077 891 4124 est
940 4067 1179 4139 inferius
1227 4068 1280 4121 ei
1309 4082 1427 4136 quae
1456 4073 1530 4120 est
1585 4063 1855 4135 superius,
1887 4068 1940 4118 et
1966 4078 2029 4118 ea

374 4177 504 4235 qua
534 4170 612 4217 est
642 4161 898 4232 superius
930 4162 983 4215 ei
1013 4175 1132 4230 quae
1162 4162 1236 4212 est
1269 4154 1528 4227 inferius.

447 4251 746 4320 Nuncjam
766 4252 1030 4304 motuum
1049 4246 1493 4302 contrarietates
1507 4241 2027 4313 exsequitur,etip-

376 4340 428 4396 si
460 4339 700 4411 quidem
733 4337 952 4408 generi,
987 4335 1046 4390 id
1079 4341 1168 4391 est
1201 4335 1404 4403 motui,
1439 4333 1582 4388 dicit
1613 4334 1870 4403 quietem
1901 4346 2028 4386 esse

2208 1832 2437 1904 Reliqua
2469 1849 2592 1889 vero
2624 1835 3035 1901 assignatorum
3084 1844 3338 1890 motuum
3367 1852 3481 1891 non
3510 1834 3680 1907 facile
3705 1844 3780 1891 est

2135 1923 2424 1990 assignare
2448 1924 2586 1992 quid
2614 1925 2683 1976 sit
2708 1923 3305 1988 contrarium,videtur
3334 1931 3526 1980 autem
3566 1926 3707 1978 nihil
3732 1927 3782 1979 ei

2133 2011 2477 2065 contrarium
2505 2028 2636 2080 esse,
2668 2014 2781 2066 nisi
2808 2016 2928 2082 quis
2957 2016 3011 2067 ei
3041 2016 3098 2067 in
3140 2014 3237 2069 hoc
3266 2015 3574 2069 secundum
3604 2014 3778 2085 quali-

2134 2104 2298 2154 tatem
2330 2103 2566 2170 quietem
2595 2107 2847 2171 opponat,
2881 2111 2977 2156 aut
3009 2104 3066 2156 in
3097 2106 3448 2158 contrariam
3497 2105 3780 2175 qualitatis

2132 2191 2511 2258 mutationem,
2544 2189 2685 2244 sicut
2711 2199 2760 2244 et
2792 2191 2851 2244 in
2884 2195 3188 2246 mutatione
3233 2194 3550 2248 secundum
3585 2191 3772 2254 locum,

2134 2281 2371 2349 quietem
2400 2279 2696 2334 secundum
2747 2280 2943 2345 locum,
2996 2290 3092 2334 aut
3126 2283 3184 2334 in
3225 2284 3582 2336 contrarium
3612 2282 3776 2335 locum

2134 2367 2517 2423 mutationem.
2549 2370 2640 2422 Est
2669 2371 2820 2422 enim
2865 2369 3068 2424 alterio
3096 2370 3409 2426 secundum
3463 2369 3779 2442 qualitatem

2131 2459 2388 2512 mutatio.

2204 2568 2288 2618 Rx
2318 2563 2706 2619 similitudine
2739 2569 3004 2618 motuum
3055 2566 3508 2621 contrarietates
3557 2579 3778 2636 quoque

2136 2651 2490 2723 colligimus.
2506 2653 2649 2707 Nam
2667 2654 2946 2723 quoniam
2972 2655 3244 2723 superius
3262 2656 3454 2710 motui
3473 2654 3782 2710 secundum

2133 2745 2320 2794 locum
2346 2741 2697 2795 contrariam
2715 2741 3263 2812 reperitsecundum
3296 2743 3495 2798 locum
3515 2743 3781 2814 quietem,

2135 2835 2192 2884 et
2229 2829 2504 2900 quoniam
2534 2830 2726 2884 omnis
2757 2833 3139 2886 commutatio
3174 2848 3300 2902 qua
3337 2833 3660 2888 secundum
3692 2828 3784 2882 ali-

2137 2935 2314 2988 quam
2349 2918 2680 2989 passionem
2717 2919 2779 2971 ﬁt
2805 2920 3128 2974 secundum
3154 2921 3505 2989 qualitatem
3533 2933 3778 2974 commu-

2136 3012 2315 3071 tatur,
2352 3013 2543 3062 motus
2575 3008 2703 3077 ejus
2736 3008 3205 3064 contrarietatem
3231 3011 3436 3080 posuit
3465 3007 3773 3065 secundum

2055 3092 2096 3157 C
2139 3096 2481 3166 qualitatem
2506 3097 2783 3166 quietem:
2819 3102 2882 3151 ut
2912 3098 2959 3151 ei
2994 3097 3143 3168 lapis
3173 3115 3306 3154 curn
3344 3099 3597 3170 frigidus
3623 3094 3774 3163 est,si

2132 3186 2215 3240 ita
2246 3194 2596 3255 permaneat,
2623 3184 2880 3255 qualitas
2903 3185 3003 3240 illa
3035 3187 3253 3241 mansit
3277 3193 3339 3242 et
3362 3186 3599 3258 quievit,
3625 3183 3766 3254 quod

2132 3276 2179 3329 si
2217 3279 2430 3346 tepeat,
2466 3275 2720 3345 qualitas
2771 3273 2871 3329 illa
2901 3280 3222 3330 commutat
3279 3282 3396 3344 est,
3440 3282 3498 3331 et
3529 3282 3617 3330 est
3656 3273 3776 3343 ipsa

2131 3364 2512 3417 commulatio
2535 3363 2849 3427 contraria,
2879 3369 2935 3417 et
2957 3363 3143 3418 lactus
3175 3369 3265 3418 est
3295 3365 3540 3435 quidem
3565 3367 3771 3423 motus,

2132 3457 2188 3507 et
2212 3453 2266 3506 in
2302 3457 2499 3522 tepore
2531 3452 2744 3522 lapidis
2769 3454 3091 3508 secundum
3125 3453 3474 3524 qualitatem
3518 3455 3665 3507 facta
3695 3451 3776 3503 est

2135 3541 2508 3611 permutatio,
2546 3541 2654 3594 fuit
2687 3547 2878 3596 autem
2916 3542 2972 3596 in
3006 3543 3218 3613 frigore
3263 3546 3436 3613 quies
3465 3539 3770 3597 secundum

2132 3628 2397 3682 eamdem
2424 3629 2785 3698 qualitatem.
2813 3631 3094 3694 Quocirca
3116 3630 3248 3685 licet
3272 3630 3650 3687 videaturhic
3672 3641 3779 3680 mo-

2132 3722 2229 3771 tus
2256 3717 2494 3787 quidem
2523 3719 2761 3772 omnino
2777 3719 3134 3774 contrarium
3162 3737 3274 3774 non
3304 3721 3544 3788 habere,
3573 3724 3777 3778 tamen,

2137 3808 2286 3860 sicut
2312 3807 2587 3877 superius
2611 3808 2834 3861 dictum
2863 3815 2948 3862 est
2971 3810 3298 3862 secundum
3330 3810 3526 3864 locum
3554 3803 3779 3861 transla-

2133 3895 2276 3950 tioni
2305 3894 2654 3950 contrariam
2679 3912 2807 3950 esse
2830 3897 3156 3951 secundum
3181 3897 3376 3953 locum
3395 3898 3778 3969 quietem,cur

2138 4001 2248 4038 non
2271 4001 2504 4055 quoque
2525 3985 2849 4039 secundum
2872 3985 3213 4056 qualitatem
3234 3983 3679 4041 commutationi
3702 3977 3776 4033 di-

2136 4079 2304 4128 catur
2334 4073 2502 4142 quies
2535 4075 2862 4128 secundum
2899 4075 3239 4144 qualitatem
3273 4091 3407 4130 esse
3439 4065 3772 4130 contraria?

2133 4163 2404 4220 Deﬁnitio
2439 4180 2693 4235 namque
2720 4165 3201 4220 commutationis
3233 4172 3323 4220 est
3354 4163 3659 4220 translatio
3688 4173 3773 4214 se-

2138 4254 2398 4308 cundum
2415 4252 2916 4323 qualitatem,cum
2937 4256 3089 4308 enim
3107 4255 3364 4326 qualitas
3380 4245 3774 4325 cujuslibetrei

2136 4343 2491 4406 movetur,ﬁt
2505 4342 3064 4406 translatio,scilicet
3077 4344 3402 4399 secundum
3420 4362 3452 4415 q
3466 4343 3773 4400 ualitatem,

382 4425 936 4491 contrariam,habet
969 4424 1126 4479 enim
1161 4429 1352 4480 motus
1377 4423 1630 4494 quietem
1654 4420 2021 4476 contrariam.

2139 4431 2300 4495 Quod
2335 4430 2382 4484 si
2415 4431 2666 4486 maxime
2680 4432 2944 4486 videatur
2968 4434 3293 4488 secundum
3316 4433 3511 4488 locum
3536 4426 3774 4485 transla-

373 4518 634 4590 Singulis
654 4534 785 4572 vero
805 4515 1108 4587 speciebus
1133 4521 1387 4570 motuum
1413 4518 1605 4568 motus
1624 4513 1732 4584 ipsi
1753 4511 2031 4567 contrarii

378 4614 617 4676 sunt,ut
646 4605 1012 4679 generationi
1045 4605 1424 4674 corruptio,et
1456 4620 1588 4658 cum
1621 4602 1919 4673 generatio
1951 4601 2028 4655 sit

379 4703 571 4752 motus
602 4703 776 4766 atque
807 4694 1376 4763 corruptio,utraque
1409 4697 1598 4745 tamen
1631 4690 1867 4744 sibimet
1897 4706 2029 4744 con-

378 4784 558 4839 traria
589 4791 752 4848 sunt,
789 4787 1083 4837 cremento
1113 4796 1347 4851 quoque
1379 4779 1685 4833 diminutio
1735 4779 2027 4832 contraria

377 4881 487 4930 est.
520 4874 708 4936 Quare
740 4873 968 4927 diverso
1002 4873 1172 4926 modo
1206 4871 1290 4924 hae
1323 4869 1547 4941 species
1579 4873 1774 4921 motus
1807 4872 2030 4921 contra-

378 4963 645 5018 rietatem
676 4963 912 5029 habent,
943 4978 1118 5032 quam
1152 4977 1336 5032 genus
1365 4959 1588 5013 dudum
1627 4957 1838 5011 habere
1871 4973 2028 5011 mon-

377 5053 736 5110 stravimus:
774 5057 970 5106 motus
1001 5050 1156 5103 enim
1183 5049 1306 5121 ipse
1329 5049 1505 5103 habet
1529 5048 1783 5117 quietem
1809 5051 2031 5100 contra-

377 5143 550 5197 riam.
582 5140 918 5212 Specierum
956 5157 1087 5194 vero
1122 5139 1376 5192 motibus
1412 5154 1522 5191 non
1573 5136 1740 5206 quies
1773 5141 2025 5202 tantum,

380 5233 480 5288 sed
515 5231 614 5287 alii
649 5236 842 5284 motus
873 5229 1148 5284 contrarii
1183 5233 1342 5292 sunt,
1368 5232 1430 5280 ut
1457 5225 1816 5295 generationi
1839 5243 2032 5280 corru-

382 5322 503 5393 ptio
536 5324 592 5375 et
623 5324 919 5374 cremento
961 5317 1294 5383 diminutio,
1329 5314 1647 5370 secundum
1673 5331 1804 5368 vero
1837 5313 2030 5370 locum

377 5407 786 5466 translationis
801 5408 1180 5462 contrarietas
1220 5405 1428 5461 similis
1454 5411 1538 5460 est
1561 5403 1940 5474 generi.Nam
1979 5410 2035 5459 et

377 5499 508 5570 ipsa
543 5498 718 5554 habet
749 5499 1100 5552 contrariam
1134 5495 1458 5550 secundum
1505 5493 1694 5546 locum
1751 5491 2031 5561 quietem,

379 5588 742 5649 contrarium
781 5601 1035 5657 namque
1057 5591 1145 5641 est
1170 5585 1383 5642 moveri
1414 5583 1485 5640 de
1512 5581 1637 5638 loco
1659 5580 1714 5636 in
1745 5580 1959 5651 locum,
1979 5591 2036 5640 et

2148 4520 2290 4575 tioni
2323 4536 2448 4574 esse
2480 4521 2790 4587 contraria,
2844 4537 2960 4576 non
2994 4520 3188 4576 solum
3243 4523 3567 4577 secundum
3596 4517 3772 4572 locum

2135 4611 2325 4680 quies,
2359 4611 2460 4665 sed
2489 4610 2662 4665 etiam
2719 4611 2778 4664 in
2811 4612 3168 4667 contrarium
3218 4612 3411 4667 locum
3464 4602 3771 4665 translatio.

2137 4698 2461 4753 secundum
2497 4699 2837 4769 qualitatem
2863 4716 3092 4771 quoque
3117 4701 3429 4756 mutationi
3455 4716 3566 4755 non
3593 4693 3766 4750 solum

2137 4788 2246 4842 erit
2276 4787 2570 4842 contraria
2595 4789 2920 4842 secundum
2955 4788 3301 4859 qualitatem
3329 4790 3518 4860 quies,
3543 4785 3638 4840 sed
3668 4793 3774 4835 ma-

2139 4877 2289 4932 xime
2305 4877 2361 4930 in
2379 4877 2722 4930 contrariam
2741 4879 3083 4947 qualitatem
3100 4873 3624 4933 commutatiozutsi
3641 4865 3766 4940 quid

2140 4982 2272 5020 cum
2309 4970 2397 5019 est
2428 4965 2650 5028 album,
2684 4967 2732 5019 si
2779 4967 3021 5020 rubrum
3075 4968 3198 5032 ﬁat,
3233 4968 3413 5037 quieti
3465 4964 3687 5035 quidem
3719 4952 3766 5008 ei

2139 5071 2264 5126 quae
2317 5053 2374 5106 in
2427 5053 2556 5108 albo
2605 5053 2797 5109 colore
2853 5060 3075 5125 poterat
3128 5071 3467 5124 permanere
3497 5042 3768 5107 contraria

2141 5145 2248 5199 fuit
2281 5143 2582 5213 qualitatis
2617 5146 2744 5212 ipsa
2784 5145 3053 5202 mutatio.
3083 5152 3146 5199 ut
3175 5163 3242 5199 ex
3281 5146 3412 5201 albo
3445 5147 3498 5198 in
3535 5140 3761 5196 rubrum

2144 5239 2510 5298 mutaretur;
2546 5235 2594 5285 si
2630 5234 2769 5302 quid
2821 5235 2973 5287 enim
3008 5250 3073 5287 ex
3096 5233 3227 5288 albo
3278 5240 3536 5289 verlatur
3583 5229 3635 5280 in
3687 5221 3767 5275 ni-

2142 5338 2337 5392 grum,
2371 5321 2510 5374 illud
2568 5323 2820 5377 maxime
2876 5329 3262 5392 permutatur,
3321 5331 3377 5378 et
3427 5319 3565 5376 illud
3610 5325 3768 5382 δυρο-

2145 5411 2282 5466 riori
2317 5411 2627 5465 mutationi
2674 5411 3031 5466 contrarium
3072 5418 3178 5476 est,
3234 5413 3504 5482 quoniam
3555 5412 3767 5476 permu-

2145 5506 2332 5556 tatum
2367 5506 2454 5553 est
2485 5500 2543 5554 iu
2565 5502 2920 5556 contrariam
2946 5502 3316 5572 qualitatem.
3350 5505 3532 5570 Atque
3563 5496 3662 5548 hoc
3689 5487 3768 5541 est

2147 5586 2306 5657 quod
2339 5587 2420 5642 ait
2455 5603 2468 5642 :
