4094 6176
0 25 129 6015 Ι

519 331 627 387 303

1801 328 1921 382 AN.
1961 327 2185 382 MANL.
2225 327 2385 381 BEV.
2424 326 2667 383 ΒΟΕἸῚΙ

3801 341 3893 400 304

523 475 556 514 a
584 462 707 514 tota
736 457 1153 527 compositione
1184 454 1565 527 sejuncta,in
1594 470 1712 525 qua
1746 470 1930 508 unum
1963 450 2185 522 aliquid
2215 451 2269 517 Α
2301 450 2401 521 qui
2433 452 2606 506 multi
2640 452 2921 511 illitterati
2953 455 3085 511 soni
3139 457 3490 530 signiﬁcant,
3514 464 3574 514 ut
3592 461 3783 519 sibilus
3808 456 3898 524 ali'

524 547 1025 616 consigniﬁoabat,
1087 545 1230 601 nihil
1264 551 1427 600 extra
1469 544 1784 615 signiﬁcat.
1818 543 1927 598 Dat
1984 547 2179 597 autem

526 637 883 692 differentias
910 633 1265 705 simplicium
1291 633 1599 688 nominum
1618 639 1674 687 et
1693 631 2178 703 compositorum-

590 729 656 782 At
686 742 810 781 vero
839 740 951 779 non
1004 724 1465 795 quemadmodum
1523 724 1584 777 in
1612 721 1962 793 simplicibus
1991 721 2179 776 nomi-

522 818 704 879 nibus,
737 817 818 870 sic
846 829 902 868 se
927 814 1091 869 habet
1121 815 1288 869 etiam
1322 815 1382 867 in
1410 811 1745 882 compositis.
1783 813 1837 865 In
1870 810 2006 865 aliis
2032 810 2182 864 enim

518 908 675 963 nullo
706 905 861 960 modo
890 920 1021 974 pars
1076 903 1452 973 signiﬁcatan
1511 909 1611 965 est,
1644 905 1704 957 in
1730 904 1819 957 his
1848 912 2033 956 autem
2064 899 2182 954 vult

516 997 761 1070 quidem,
793 998 895 1051 sed
925 995 1072 1050 nihil
1102 994 1385 1066 significat
1436 1003 1716 1065 separata,
1749 997 1807 1047 ut
1840 994 1899 1047 in
1955 1006 2017 1046 eo
2042 989 2182 1061 quod

521 1097 617 1157 est,
650 1088 955 1159 equi/erus,
976 1088 1149 1157 ferus.

588 1176 905 1249 Simplicia,
935 1175 1147 1247 inquit,
1208 1174 1465 1230 nominis
1494 1177 1711 1245 partes,
1745 1171 2029 1244 quoniam
2062 1187 2176 1225 non

519 1270 793 1322 constant
823 1281 891 1319 ex
922 1264 1052 1319 aliis
1088 1263 1457 1335 partibus,ne
1488 1262 1906 1335 imaginatione
1939 1260 2177 1330 quidem

522 1354 969 1426 signiﬁcationis
997 1352 1215 1423 aliquid
1242 1356 1588 1423 produnt.ut
1608 1351 1663 1405 in
1688 1367 1753 1405 eo
1778 1350 2009 1405 nomine
2023 1348 2176 1419 quod

521 1449 609 1500 est
643 1444 839 1509 homo,
874 1459 1062 1513 neque
1089 1448 1177 1504 ho,
1220 1457 1407 1511 neque
1444 1456 1552 1506 mo,
1604 1439 1925 1511 quidquam
1956 1437 2176 1507 signiﬁ-

521 1539 676 1601 cant,
713 1549 899 1603 neque
930 1531 1265 1602 signiﬁcare
1298 1535 1602 1601 putantur,
1637 1529 1852 1583 idcirco
1896 1527 2175 1598 quoniam

524 1622 769 1693 simplex
804 1639 1013 1676 nomen
1035 1621 1211 1675 est.in
1238 1620 1328 1674 his
1352 1636 1483 1674 vero
1509 1635 1634 1689 qum
1658 1616 1983 1688 composita
2014 1620 2174 1683 sunt,

522 1713 797 1785 quoniam
832 1726 899 1764 ex
931 1711 1161 1764 duobus
1193 1709 1596 1779 signiﬁcativis
1629 1709 1685 1761 in
1737 1722 1915 1761 unam
1947 1703 2174 1775 signiﬁ-

2292 540 2433 611 quid
2466 541 2761 598 interdum
2794 544 3111 616 signiﬁcat.
3148 546 3422 602 Ferarum
3473 564 3692 621 quoque
3720 561 3894 611 muto-

2290 644 2539 699 rumqne
2571 631 2919 687 animalium
2951 649 3122 689 voces
3155 635 3449 690 interdum
3481 638 3670 709 aliqua
3696 642 3900 713 signiﬁ-

2290 717 2518 773 catione
2543 720 2819 789 praeditas
2850 737 2979 777 esse
3011 724 3421 794 perspicimus.
3455 726 3716 790 Quaedam
3766 732 3900 789 enim

2289 822 2395 860 vox
2426 823 2637 863 canum
2673 809 2819 864 iram
2853 810 3169 882 signiﬁcat,
3200 812 3470 869 hinnitus
3501 831 3723 886 quoque
3751 835 3906 890 equo-

2289 911 2420 949 rum
2454 913 2605 967 saape
2637 901 2880 955 alterius
2902 900 3035 971 equi
3069 902 3552 959 consuetudinem
3584 908 3796 976 quaerit.
3812 910 3905 966 Sed

2288 983 2410 1038 hinc
2441 986 2783 1043 naturaliter
2812 988 3496 1062 signiﬁcant,atqueideo
3522 995 3754 1051 nomina
3771 1005 3912 1069 sunt;

2287 1077 2443 1144 quod
2476 1076 2657 1147 igitur
2687 1076 3033 1134 naturaliter
3074 1079 3393 1151 signiﬁcat,
3429 1098 3640 1139 nomen
3672 1101 3781 1140 non
3815 1092 3910 1144 est.

2286 1164 2474 1235 Atque
2500 1164 2620 1220 haec
2652 1165 3134 1223 hactenus.Nuno
3165 1171 3661 1240 quemadmodum
3687 1175 3827 1230 facta
3846 1177 3914 1234 sit

2286 1251 2551 1308 deﬁnitio
2580 1253 2908 1311 videamus.
2942 1256 3105 1320 Quod
3143 1257 3290 1312 dixit
3320 1275 3531 1314 nomen
3562 1278 3686 1316 esse
3714 1279 3908 1334 vocem,

2285 1342 2460 1395 traxit
2475 1359 2508 1396 a
2520 1358 2732 1413 genere
2753 1344 3340 1410 deﬁnitionem.Quod
3356 1348 3788 1418 signiﬁcativam
3800 1368 3915 1410 esse

2287 1438 2713 1502 consequenter
2743 1434 3263 1505 apposuit,nomen
3296 1436 3367 1491 ab
3403 1454 3519 1493 non
3552 1440 3915 1510 signiﬁcanti-

2286 1518 2398 1575 bus
2431 1521 2669 1576 vocibus
2701 1524 3005 1592 separavit.
3026 1526 3185 1589 Quod
3220 1527 3543 1582 secundum
3579 1528 3858 1599 placitum,
3886 1549 3915 1588 a

2288 1609 2640 1665 naturaliter
2668 1611 3144 1683 signiﬁcantibus
3170 1616 3413 1670 vocibus
3447 1622 3655 1672 natura
3687 1622 3916 1676 nominis

2286 1697 2474 1753 divisa
2507 1702 2784 1765 est.Quod
2820 1701 2945 1756 sine
2978 1704 3336 1774 tempore,ad
3369 1707 3677 1762 verborum
3708 1709 3914 1764 discre-

522 1803 776 1861 cantiam
810 1799 1304 1871 rediguntur,vult
1330 1797 1568 1869 quidem
1602 1795 1933 1868 signiﬁcare
1955 1794 2175 1864 aliquid
2212 1822 2255 1885 Β
2295 1788 2556 1885 pentiam
2586 1790 3007 1885 respicit.Quod
3030 1793 3415 1885 ejusnullam
3443 1800 3666 1854 partem
3696 1803 3845 1853 extra
3860 1799 3922 1856 si-

523 1909 681 1966 pars,
716 1891 814 1946 sed
850 1887 988 1943 nihil
1024 1891 1292 1958 separata
1322 1887 1606 1955 designat.
1638 1886 1700 1939 In
1732 1901 1797 1939 eo
1830 1884 1986 1938 enim
2021 1883 2176 1953 quod

521 1988 610 2040 est
638 1980 954 2052 equiferus,
991 1978 1091 2031 dat
1122 1978 1357 2047 quidem
1402 1974 1883 2046 imaginationem
1924 1972 2183 2043 aliquam

523 2068 994 2143 signiﬁcationis,
1018 2072 1074 2121 et
1102 2069 1346 2136 putatur
1375 2064 1709 2135 signiﬁcare
1740 2063 1921 2116 ferus.
1953 2060 2074 2116 Hoc
2097 2068 2186 2117 est

522 2160 681 2218 enim
706 2159 856 2229 quod
882 2158 1057 2217 dicit:
1086 2154 1209 2209 vult
1239 2154 1499 2225 quidem,
1525 2152 1625 2207 sed
1654 2151 1797 2207 nihil
1821 2156 1985 2206 extra
2018 2165 2182 2220 sepa-

530 2256 841 2313 ratumque
864 2243 1242 2318 signiﬁcat.Si
1270 2243 1425 2297 enim
1451 2242 1775 2314 hocgipsum
1803 2240 1961 2296 ferus
1975 2244 2184 2310 utpars

528 2337 785 2394 nominis
809 2332 1381 2396 dicatur,dimidium
1403 2347 1613 2386 nomen
1646 2330 1861 2385 dicitur
1878 2330 2007 2399 ejus
2030 2328 2186 2399 quod

530 2431 618 2482 est
648 2424 972 2495 equiferus,
1004 2419 1316 2475 dimidium
1381 2426 1572 2473 autem
1607 2436 1821 2474 nomen
1855 2418 1999 2471 nihil
2033 2418 2187 2472 desi-

533 2520 694 2588 gnat.
730 2515 878 2584 Ergo
910 2512 965 2567 id
1002 2512 1155 2582 quod
1191 2510 1443 2564 dicimus
1507 2510 1685 2572 ferus,
1718 2525 1847 2562 cum
1884 2508 1998 2563 alia
2022 2512 2187 2579 parte

532 2604 786 2661 nominis
811 2620 939 2673 quae
969 2607 1060 2656 est
1111 2600 1250 2671 equi
1315 2616 1497 2653 unum
1552 2598 1989 2668 consigniﬁcat,
2022 2598 2080 2651 id
2132 2613 2194 2652 es

530 2694 848 2765 equiferus,
883 2695 1220 2760 separatum
1275 2688 1449 2741 etiam
1512 2686 1657 2740 nihil
1692 2694 1850 2741 extra
1898 2687 2192 2760 designatt

528 2784 689 2848 Quod
717 2782 763 2835 si
790 2796 994 2835 rursus
1021 2779 1212 2849 ipsum
1240 2793 1449 2831 nomen
1474 2775 1988 2839 extrinsecus,non
2015 2777 2071 2829 in
2108 2776 2187 2844 al.

524 2875 711 2929 terius
744 2869 997 2925 nominis
1032 2873 1192 2937 parte
1222 2872 1493 2937 ponatur,
1518 2882 1619 2935 per
1649 2882 1709 2919 se
1742 2865 1852 2918 sibi
1888 2864 2182 2938 signiﬁca.

522 2963 681 3018 velut
716 2976 949 3015 nomen.
988 2957 1130 3028 Ergo
1168 2974 1280 3009 non
1337 2960 1426 3010 est
1466 2954 1678 3009 similis
1712 2955 1768 3008 in
1820 2953 2158 3025 simplicibu

525 3050 866 3108 nominibus
900 3045 1355 3115 compositisque
1389 3042 1641 3113 partium
1692 3042 2192 3113 consigniﬁcatios

524 3141 631 3198 Sed
666 3138 1019 3209 simplicium
1048 3136 1283 3205 quidem
1330 3132 1634 3188 nominum
1670 3138 1862 3203 partes
1896 3148 1999 3187 nec
2031 3133 2189 3203 ipse-

530 3230 999 3301 signiﬁcant,nec
1031 3224 1365 3295 signiﬁcare
1396 3222 2175 3294 putantur,Compositorum

527 3335 662 3374 vero
693 3316 895 3370 volunt
926 3314 1159 3385 quidem
1220 3316 1416 3383 partes
1448 3311 1668 3382 aliquid
1728 3312 2081 3383 signiﬁcare,
2129 3316 2185 3368 et

532 3410 673 3463 dant
705 3401 1149 3475 signiﬁcationis
1208 3399 1708 3469 imaginationem,
1742 3406 1798 3455 et
1854 3400 2185 3471 signiﬁcare

533 3494 753 3565 aliquid
785 3496 1086 3562 putantur,
1112 3489 1210 3543 sed
1247 3487 1444 3543 nullus
1474 3490 1789 3559 separatim
1824 3490 2073 3543 retinent
2104 3490 2183 3544 si-

532 3583 987 3656 gniﬁcationem.
1538 3612 1565 3621 Α

598 3672 915 3729 Secundum
945 3670 1373 3739 placitumivero.
1404 3667 1674 3734 Quoniam
1706 3668 2041 3722 naturaliter
2082 3683 2184 3724 no-

534 3780 658 3817 men
690 3762 909 3815 nullum
940 3758 1136 3823 est,sed
1166 3758 1394 3828 quando
1415 3758 1475 3823 ﬁt
1504 3762 1650 3810 nota.

604 3853 761 3907 Tunc
786 3851 939 3905 enim
966 3848 1259 3917 signiﬁcat
1292 3862 1497 3900 nomen
1527 3846 1850 3900 secundum
1881 3847 2184 3917 placitum,

535 3942 766 4011 quando
792 3940 855 3993 ﬁt
877 3943 1012 3992 nota
1042 3936 1292 4005 alicujus
1325 3933 1428 3998 rei,
1457 3933 1512 3987 id
1548 3939 1635 3987 est
1695 3935 1927 4004 quando
1960 3936 2185 4007 signiﬁ-

537 4034 629 4083 cat
649 4028 907 4099 aliquam
942 4028 1158 4089 rem,ut
1189 4022 1830 4090 scindapsusQuandiu
1863 4023 2018 4077 enim
2054 4023 2189 4078 huic

538 4116 661 4172 voci
687 4115 832 4171 nihil
858 4115 1188 4183 subjectum
1207 4110 1673 4180 est,scindapsus
1696 4127 1910 4166 nomen
1940 4129 2053 4166 non
2078 4118 2185 4167 est.

535 4207 681 4262 Nam
708 4204 962 4261 nominis
988 4208 1077 4257 est
1109 4200 1445 4271 signiﬁcare
1477 4199 2189 4271 subjectum,scindapsus

540 4301 735 4351 autem
769 4294 1103 4362 subjectum
1136 4307 1251 4345 non
1285 4288 1592 4359 signiﬁcat.
1614 4288 1739 4344 Non
1772 4291 1950 4353 igitur
1980 4306 2188 4345 nomen

2286 1876 2565 1947 gniﬁcare
2590 1880 2941 1949 propositum
2956 1880 3285 1947 est,idcirco
3300 1882 3522 1938 dictum
3546 1890 3636 1940 est
3658 1890 3921 1942 utnomen

2292 1974 2364 2027 ab
2390 1975 2755 2030 orationibus
2787 1976 3007 2031 distare
3027 1977 3343 2033 videretur.
3379 1984 3689 2035 Hactenus
3711 1982 3923 2052 quidem

2292 2063 2361 2118 de
2382 2067 2505 2117 tota
2535 2062 2792 2119 nominis
2839 2065 3179 2120 deﬁnitione
3210 2072 3532 2123 tractatum
3590 2076 3698 2139 est,
3730 2075 3783 2125 et
3809 2072 3923 2142 qui-

2292 2151 2404 2206 bus
2434 2150 2778 2207 diﬁ'erentiis
2809 2154 2882 2208 ab
2915 2152 3045 2207 aliis
3067 2154 3308 2211 vocibus
3357 2154 3583 2211 distare
3631 2158 3812 2228 possit
3834 2176 3927 2214 no-

2294 2256 2425 2295 men
2458 2240 2792 2311 explicitum
2815 2241 3093 2298 est.Nunc
3117 2249 3313 2299 autem
3330 2260 3459 2316 quae
3480 2246 3754 2301 videntur
3780 2248 3833 2303 in
3847 2249 3928 2303 de-

2294 2328 2619 2385 ﬁnitionem
2676 2332 2931 2388 nominis
2990 2333 3310 2400 incurrere,
3359 2350 3433 2389 an
3517 2336 3760 2393 nomina
3804 2338 3929 2396 sint.

2293 2418 2633 2491 diligentius
2662 2422 2885 2491 querii.

2366 2511 2479 2565 Non
2512 2510 2667 2565 homo
2692 2526 2812 2566 vero
2842 2526 2949 2565 non
2975 2520 3052 2567 est
3082 2528 3300 2567 nomen.
3328 2518 3399 2568 At
3423 2530 3553 2570 vero
3579 2531 3686 2571 nec
3714 2515 3930 2587 positum

2294 2604 2597 2654 estnomen
2628 2617 2735 2670 quo
2785 2600 2924 2654 illud
2970 2606 3211 2671 oporteat
3266 2601 3580 2672 appellare.
3607 2604 3752 2659 Nam
3775 2621 3935 2675 neque

2295 2687 2493 2752 oratio,
2524 2704 2699 2758 neque
2728 2691 2950 2758 negatio
2976 2694 3074 2756 est,
3106 2691 3205 2744 sed
3258 2699 3332 2745 sit
3373 2708 3584 2747 nomen
3644 2694 3935 2763 inﬁnitum,

2296 2777 2558 2848 quoniam
2587 2778 2850 2833 similiter
2876 2780 2937 2832 in
2967 2780 3205 2850 quolibet
3230 2789 3325 2848 est,
3344 2790 3396 2836 et
3429 2783 3578 2853 quod
3603 2792 3700 2849 est,
3735 2788 3785 2840 et
3813 2782 3939 2855 quod

2295 2881 2404 2920 non
2437 2869 2534 2919 est.

2371 2953 2538 3009 Nunc
2569 2953 2800 3009 disserit
2830 2955 3029 3027 qualia
3071 2974 3199 3013 esse
3232 2958 3511 3015 arbitrari
3539 2966 3786 3032 oportet,
3830 2978 3941 3032 quae

2300 3058 2433 3096 cum
2452 3043 2560 3097 sub
2584 3043 2925 3099 deﬁnitione
2947 3047 3202 3101 nominis
3226 3048 3466 3118 quidem
3488 3051 3943 3121 cadant,integra

2303 3134 2496 3185 tamen
2530 3133 2767 3187 nomina
2797 3149 2911 3188 non
2952 3150 3080 3189 esse
3112 3135 3440 3192 videantur.
3477 3138 3650 3193 Unde
3681 3139 3747 3195 ﬁt
3776 3143 3836 3193 ut
3864 3137 3947 3192 his

2290 3219 2742 3291 diligentissime
2760 3221 3513 3297 distributis,integerrima
3533 3228 3795 3283 hominis
3816 3226 3945 3281 deﬁ-

2291 3309 2433 3363 nitio
2464 3308 2868 3367 concludatur.
2936 3310 3054 3367 Hoc
3101 3313 3258 3368 enim
3314 3317 3477 3385 quod
3547 3316 3807 3372 dicimus
3838 3329 3945 3369 non

2292 3396 2461 3452 homo
2493 3398 2634 3468 quid
2666 3399 3303 3471 sit,ambigitur.0ratio
3334 3406 3499 3459 enim
3538 3421 3658 3461 non
3688 3410 3795 3460 est.
3827 3402 3945 3457 0m-

2291 3486 2383 3541 nis
2413 3488 2564 3542 enim
2597 3489 2781 3544 oratio
2810 3491 3002 3545 verbis
3050 3492 3522 3565 nominibusque
3554 3492 3943 3565 conjungitur.

2291 3575 2409 3631 Hoc
2435 3579 2799 3649 autemquod
2826 3579 3078 3635 dicimus
3111 3597 3224 3636 non
3251 3582 3705 3649 homo,duahus
3727 3582 3945 3655 quidem

2292 3668 2555 3737 partibus
2587 3674 2835 3737 constat,
2895 3670 2999 3725 sed
3046 3688 3233 3726 unum
3261 3672 3336 3741 ,in
3372 3690 3439 3728 se
3472 3675 3699 3729 retinet
3728 3686 3947 3736 nomen,

2290 3758 2529 3810 verbum
2565 3774 2697 3812 vero
2730 3774 2844 3812 non
2879 3759 3071 3814 habet.
3105 3760 3382 3830 Negativa
3409 3764 3581 3818 enim
3647 3759 3943 3834 particula,

2292 3861 2418 3915 quae
2451 3851 2537 3899 est
2569 3862 2901 3918 non,neque
2933 3865 3141 3903 nomen
3175 3856 3265 3904 est
3282 3867 3476 3921 neque
3501 3853 3778 3907 verbum.
3815 3850 3948 3904 Rur-

2293 3950 2397 3989 sus
2429 3934 2659 4006 negatio
2694 3953 2805 3991 non
2841 3937 3160 3993 est.anis
3186 3938 3340 3993 enim
3371 3940 3619 4012 negatio
3642 3936 3953 3995 verumfal-

2296 4041 2501 4079 sumve
2533 4025 2844 4095 signiﬁcat.
2878 4024 3003 4081 Non
3065 4026 3239 4083 homo
3298 4044 3437 4085 vero
3490 4032 3657 4102 quod
3693 4029 3952 4084 dicimus.

2295 4127 2480 4181 neque
2510 4128 2710 4166 verum
2742 4118 2833 4167 est
2864 4130 3051 4185 neque
3082 4115 3454 4172 falsum.Nisi
3474 4119 3645 4173 enim
3680 4120 3769 4189 (ut
3797 4127 3962 4185 supra

2296 4202 2400 4271 ait)
2424 4200 2651 4272 aliquid
2679 4202 2833 4271 quod
2866 4203 2944 4257 sit
2976 4205 3304 4274 proximum
3330 4207 3405 4261 ad
3441 4206 3504 4261 id
3544 4209 3707 4279 quod
3735 4209 3958 4262 estesse

2298 4291 2568 4358 addatur,
2602 4291 2765 4346 nulla
2792 4293 3048 4349 veritatis
3081 4300 3182 4349 aut
3212 4295 3497 4353 falsitatis
3552 4297 3710 4353 ratio
3742 4298 3800 4351 in
3830 4308 3961 4365 qua-

538 4387 731 4440 est.Ac
762 4399 967 4437 rursus
999 4385 1086 4435 est
1117 4380 1295 4450 hujus
1318 4377 1676 4433 constituere
1698 4378 2053 4449 subjectum,
2088 4396 2197 4435 no-
2299 4380 2441 4436 libet
2462 4383 2743 4439 orationis
2774 4383 3028 4455 partium
3079 4387 3515 4456 compositione
3548 4387 3873 4460 perﬁcitur.
3901 4384 3963 4437 At

540 4473 718 4529 minis
742 4476 937 4526 autem
970 4468 1302 4540 signiﬁcare
1362 4467 1691 4536 subjectum
1724 4472 1830 4521 est.
1878 4467 2001 4522 Non
2036 4468 2190 4522 enim

2303 4487 2437 4526 vero
2469 4488 2582 4526 non
2615 4471 2790 4527 homo
2823 4490 3034 4529 nomen
3070 4490 3182 4529 non
3215 4475 3534 4534 est.ane
3568 4477 3734 4534 enim
3766 4486 3961 4531 nomen

538 4578 748 4618 nomen
781 4559 996 4629 aliquid
1030 4538 1343 4621 diceretur,
1381 4556 1492 4610 nisi
1526 4573 1558 4610 a
1615 4556 1861 4626 subjecti
1902 4556 2194 4628 signiﬁca-
2222 4538 2270 4601 Π
2304 4578 2476 4615 unam
2513 4577 2633 4616 rem
2665 4562 2958 4633 signiﬁcat
3010 4564 3333 4629 deﬁnitam,
3388 4571 3462 4621 ut
3523 4585 3670 4623 cum
3726 4566 3964 4621 dicimus

534 4654 693 4709 tione
727 4653 832 4707 hoc
864 4650 1139 4713 traheret,
1199 4647 1487 4719 praecipue
1546 4662 1678 4701 cum
1722 4664 1931 4702 nomen
1967 4648 2190 4703 dicatur

537 4742 705 4813 quasi
739 4744 1031 4795 notamon.
1068 4737 1265 4807 Itaque
1295 4752 1427 4790 cum
1463 4736 1815 4807 scindapsus
1860 4736 2188 4806 subjectum

537 4830 829 4900 signiﬁcat
868 4844 1078 4883 nomen
1103 4825 1471 4881 est.Constat
1500 4824 1679 4896 igitur
1705 4841 1917 4879 nomen
1939 4842 2067 4880 esse
2099 4844 2192 4881 se-

535 4921 793 4976 cundum
826 4918 1129 4988 placitum,
1156 4915 1253 4969 sed
1286 4918 1427 4968 tunc
1459 4914 1694 4983 quando
1728 4913 1791 4967 ﬁt
1820 4918 1978 4981 nota,
2011 4914 2067 4968 id
2100 4919 2191 4970 est

538 5010 771 5082 quando
805 5006 1037 5078 aliquod
1074 5005 1402 5073 subjectum
1438 5002 1747 5074 signiﬁcat.

607 5102 750 5155 Nam
781 5098 1067 5167 designant
1095 5102 1147 5150 et
1178 5093 1463 5149 illitterati
1487 5094 1625 5161 soni,
1658 5096 1719 5146 ut
1751 5093 2017 5161 ferarum,
2052 5110 2183 5165 quo-

534 5206 659 5243 rum
691 5189 878 5243 nullus
906 5196 981 5241 est
1009 5200 1227 5239 nomen.

606 5278 841 5333 Dixerat
872 5272 1145 5345 superius
1179 5271 1235 5325 in
1284 5268 1651 5335 diiﬁnitione,
1683 5286 1891 5324 nomen
1933 5287 2061 5327 esse
2092 5289 2185 5327 se-

532 5369 791 5423 cundum
820 5362 1242 5435 placitum,non
1274 5362 1503 5413 natura.
1538 5357 1655 5412 Hoc
1686 5362 1876 5413 autem
1909 5378 2063 5416 nunc
2094 5361 2181 5416 di-

526 5455 801 5523 ligentius
826 5448 1326 5507 monstratdicens
1353 5446 1499 5501 nihil
1523 5463 1650 5502 esse
1684 5447 1989 5503 nominum
2011 5455 2179 5506 natu-

523 5543 742 5599 raliter.
775 5544 963 5611 Atque
993 5538 1122 5591 ideo
1156 5534 1370 5591 nonilli
1396 5535 1615 5590 sufﬁcit
1644 5536 1714 5590 ad
1767 5537 2177 5596 difﬁnitionem

522 5632 677 5705 quod
705 5635 793 5686 est
818 5626 1207 5699 signiﬁcativa
1235 5625 1483 5693 vox,nisi
1517 5624 1658 5680 illud
1686 5642 1920 5696 quoque
1940 5631 2180 5686 adderet

523 5721 679 5792 quod
703 5719 1029 5774 secundum
1054 5714 1335 5787 placitum
1358 5732 1466 5771 vox
1492 5714 1884 5788 signiﬁcativa
1913 5718 2179 5776 est.Alio-

2301 4647 2892 4713 homo,substantiam
2927 4651 3219 4722 signiﬁcat
3240 4668 3345 4707 nec
3375 4651 3859 4724 quamlibet,sed
3886 4664 3963 4704 ra-

2305 4737 2576 4792 tionalem
2609 4743 2782 4809 atque
2818 4740 3401 4797 mortalem.‘Eodem
3441 4745 3631 4800 modo
3685 4750 3743 4800 et
3772 4745 3965 4799 caetera

2301 4826 2673 4893 nomina.Qui
2697 4844 2830 4883 vero
2862 4828 3002 4883 dicit
3025 4846 3139 4884 non
3177 4830 3705 4900 homo,hominem
3741 4828 3961 4904 quidem

2301 4915 2628 4979 tollit.Quid
2658 4923 2852 4972 autem
2888 4918 2987 4971 illa
3010 4918 3453 4990 signiﬁcatione
3470 4922 3624 4978 velit
3646 4919 3962 4981 ostendere,

2301 5020 2409 5057 non
2446 5005 2665 5072 deﬁnit,
2703 5011 2892 5077 potest
2951 5006 3105 5062 enim
3168 5007 3325 5077 quod
3378 5008 3576 5068 homo
3631 5028 3747 5067 non
3782 5012 3889 5078 est,
3916 5007 3963 5061 ct

2297 5109 2485 5164 equus
2516 5100 2725 5165 esse,et
2756 5097 2937 5165 canis,
2963 5101 3019 5153 et
3047 5096 3250 5169 lapsis,
3271 5104 3326 5153 et
3348 5104 3579 5157 caetera
3612 5109 3965 5174 quaecunque

2297 5183 2471 5240 homo
2504 5203 2616 5241 non
2651 5188 2883 5243 fuerint.
2909 5191 3097 5254 Quare
3119 5191 3403 5260 quoniam
3442 5192 3510 5247 id
3547 5198 3709 5265 quod
3744 5187 3965 5249 deﬁnite

2295 5275 2623 5346 signiﬁcare
2656 5282 2862 5348 potest,
2896 5280 3082 5333 aufert
3108 5279 3165 5333 in
3226 5296 3293 5335 eo
3326 5284 3623 5353 negativa
3672 5278 3968 5356 particula,

2294 5364 2433 5434 quid
2464 5381 2594 5420 vero
2621 5366 2955 5438 signiﬁcare
2987 5367 3215 5435 debeat,
3236 5368 3492 5427 deﬁnite
3525 5389 3651 5428 non
3686 5369 3847 5435 dicit,
3880 5359 3969 5420 sed

2295 5454 2482 5508 multa
2507 5459 2682 5526 atque
2710 5456 2937 5512 inﬁnita
2964 5457 3376 5529 unusquisque
3401 5460 3664 5517 auditor
3685 5454 3967 5528 intelligit-

2291 5542 2549 5613 Dicatur,
2584 5546 2796 5616 inquit,
2831 5563 3042 5602 nomen
3095 5546 3423 5602 inﬁnitum.
3463 5549 3595 5605 Hoc
3631 5550 3795 5605 enim
3827 5540 3968 5616 quod

2292 5631 2544 5690 dicimus
2569 5652 2683 5691 non
2708 5636 3029 5705 homo,tam
3049 5636 3235 5692 multa
3253 5637 3572 5709 signiﬁcat
3593 5658 3778 5713 quam
3798 5635 3966 5694 multa

2294 5726 2433 5777 sunt
2466 5739 2592 5795 quis
2625 5742 2657 5780 a
2689 5724 3028 5783 deﬁnitione
3058 5726 3313 5784 hominis
3344 5727 3828 5803 disjunguntur.
3861 5721 3964 5783 Sed
