4060 6178
452 310 559 369 327

1749 316 1865 369 AN.
1906 312 2129 367 MANL.
2166 312 2324 366 BEV.
2365 313 2603 367 BOETII
3717 317 3804 371 328

455 436 618 492 Plato
642 454 759 493 non
781 437 1137 509 disputat,de
1152 438 1263 494 alio
1286 440 1549 509 subjecto
1584 437 1729 493 idem
1744 435 2099 507 praedicavit,
2132 435 2183 501 Α
2215 433 2333 489 Ηοο
2359 440 2551 489 autem
2587 440 2643 490 et
2672 437 2728 489 in
2764 437 3024 506 subjecto
3052 434 3321 491 convenit
3358 437 3645 503 custodire,
3670 439 3805 495 scili-

455 530 513 580 et
538 530 725 581 sunta
743 542 804 582 se
830 526 1069 581 diversae
1094 528 1609 598 propositiones,et
1635 543 1748 581 non
1793 525 2093 596 oppositae.

456 616 526 669 Et
542 614 651 669 erit
673 615 730 668 id
754 616 906 685 quod
934 616 1014 670 ait
1037 616 1273 686 aliquis,
1307 616 1390 671 vel
1418 617 1487 670 de
1520 614 1632 670 alio
1655 615 1829 669 idem.
1866 614 2025 678 Quod
2050 611 2097 666 si

454 709 704 773 utraque
753 703 874 758 sint
929 704 1180 771 diversa,
1243 705 1425 759 multo
1461 704 1647 775 magis
1680 702 2101 774 propositiones

454 792 692 846 diversas
724 792 893 858 ﬁunt,
951 792 1169 862 quibus
1223 792 1429 864 positis
1472 792 1545 847 ad
1570 793 1864 863 proposita
1894 807 2099 844 rursus

455 879 719 951 exempla
742 880 1064 948 contendit,
1098 887 1153 936 et
1187 883 1286 936 uni
1313 881 1687 936 afﬁrmationi
1722 896 1899 934 unam
1920 895 2102 934 enun-

451 967 746 1023 tiationem
767 969 1755 1041 negationisopponit,angularibus
1773 968 2099 1040 angulares,

453 1057 822 1111 afﬁrmativis
847 1058 1171 1128 negativae,
1205 1059 1662 1130 particularibus
1712 1057 2098 1127 universales,

452 1144 776 1200 indeﬁnitis
806 1145 1138 1201 indeﬁnitas
1170 1163 1471 1219 opponens
1503 1152 1557 1201 et
1588 1163 1959 1218 comparans.

524 1234 663 1288 Huic
692 1243 877 1289 autem
905 1250 1031 1308 quae
1060 1240 1159 1302 est,
1202 1238 1380 1291 omnis
1406 1235 1563 1290 homo
1590 1236 1749 1290 albus
1773 1241 1872 1301 est,
1892 1240 2105 1290 contra-

454 1321 589 1377 dicit
616 1322 720 1377 illa
749 1338 874 1393 qua,v
903 1328 1000 1388 est,
1033 1340 1139 1379 non
1172 1328 1353 1379 omnis
1376 1326 1533 1379 homo
1564 1325 1723 1378 albus
1744 1327 1841 1379 est.
1872 1323 1968 1379 Illi
1997 1340 2102 1378 au-

456 1418 565 1467 tem
586 1428 704 1481 qua:
724 1421 821 1480 est,
836 1412 1047 1482 aliquis
1061 1413 1217 1467 homo
1239 1414 1400 1467 albus
1416 1417 1516 1478 est,
1541 1413 1641 1467 illa
1659 1430 1776 1483 qum
1792 1417 1888 1479 est,
1906 1412 2103 1468 nullus

458 1500 615 1556 homo
646 1503 804 1556 albus
828 1508 928 1556 est.
960 1501 1052 1556 Illi
1076 1510 1259 1557 autem
1289 1519 1408 1574 quae
1433 1506 1531 1568 est,
1583 1502 1739 1557 homo
1793 1502 1949 1557 albus
2001 1508 2099 1571 est,

459 1590 561 1645 illa
592 1606 715 1662 qua:
746 1594 844 1658 est,
873 1591 1029 1646 homo
1060 1591 1215 1646 albus
1246 1608 1354 1646 non
1385 1600 1481 1646 est.

530 1680 595 1733 Et
621 1686 752 1751 post
778 1679 899 1735 haec
926 1680 1220 1735 concludit
1251 1680 1597 1735 sententiam
1628 1679 1828 1735 dicens
1870 1697 1883 1734 :

2206 528 2298 577 eet
2330 529 2393 577 ut
2424 525 2668 595 subjecti
2698 542 2930 597 quoque
2961 526 3210 596 simplex
3249 524 3583 596 signiﬁcatio
3624 534 3801 585 servet.

2208 611 2385 667 Docet
2414 620 2607 670 autem
2648 632 2759 669 non
2796 632 2923 670 esse
2955 632 3131 669 unam
3160 614 3805 688 propositionem,siprn-

2208 700 2469 760 dicatum
2496 703 2581 759 vel
2603 703 2906 775 quodlibet
2937 704 2996 758 in
3028 704 3421 775 propositione
3440 705 3663 760 verbum
3686 706 3806 762 mul-

2209 812 2272 863 ta
2305 794 2593 866 signiﬁcet
2615 793 2720 848 hoc
2755 793 2944 847 modo.

2281 886 2379 941 Sin
2408 900 2536 939 vero
2567 881 2775 937 duobus
2797 898 2971 935 unum
3002 896 3110 935 non
3142 887 3221 935 est
3265 881 3490 951 positum
3535 897 3600 936 ea:
3642 884 3808 954 quibus

2209 991 2317 1029 non
2347 981 2425 1028 est
2456 989 2654 1039 unum,
2686 987 2795 1026 non
2824 976 2905 1025 est
2939 987 3053 1025 una
3078 971 3401 1039 afﬁrmatio,
3422 987 3585 1041 neque
3602 972 3809 1042 negatio.

2281 1068 2428 1117 Sunt
2459 1062 2729 1133 quaedam
2765 1076 2852 1115 res
2874 1076 3000 1129 qua:
3032 1059 3198 1128 plura
3231 1059 3463 1130 quidem
3498 1060 3812 1131 significent,

2212 1166 2280 1207 ex
2311 1150 2526 1220 quibus
2558 1147 2835 1202 omnibus
2877 1145 3105 1216 junctis
3137 1161 3320 1201 unum
3354 1146 3624 1216 quiddam
3654 1146 3816 1202 valeat

2211 1239 2386 1306 efﬁci,
2438 1237 2698 1292 hominis
2738 1235 2975 1307 quidem
3030 1250 3242 1289 nomen
3292 1235 3577 1306 signiﬁcat
3606 1234 3815 1302 animal,

2212 1327 2509 1400 signiﬁcat
2539 1324 2804 1391 mortale,
2838 1323 3121 1381 rationale
3167 1340 3401 1395 quoque
3433 1324 3702 1395 designat,
3730 1322 3819 1378 sed

2211 1417 2555 1488 haecjuncta
2587 1431 2771 1471 unum
2804 1414 3087 1485 quiddam
3119 1413 3402 1483 efﬁciunt,
3431 1415 3580 1485 quod
3609 1417 3691 1468 est
3711 1413 3821 1467 ani-

2215 1506 2330 1561 mal
2355 1504 2635 1560 rationale
2668 1503 2932 1558 mortale.
2976 1503 3105 1557 Haec
3138 1518 3396 1573 namque
3427 1501 3618 1557 omnia
3660 1515 3815 1555 unum

2210 1595 2508 1650 hominem
2537 1592 2848 1664 complent.
2877 1593 3027 1647 Sunt
3055 1608 3287 1662 quoque
3313 1591 3426 1647 alia
3448 1608 3565 1661 qua:
3597 1592 3729 1645 duas
3747 1586 3820 1643 vel

2214 1684 2409 1756 plures
2442 1681 2782 1753 hujusmodi
2817 1697 2908 1736 res
2940 1678 3273 1752 designant,
3310 1697 3379 1736 ex
3408 1677 3822 1751 quibusjunctis

529 1767 679 1835 Quod
709 1770 882 1839 igitur
908 1786 1019 1822 una
1040 1768 1345 1838 afﬁrmatio
1373 1769 1475 1823 uni
1494 1768 1789 1841 negationi
1809 1769 2101 1838 opponitur
2135 1789 2181 1853 B
2213 1789 2396 1827 unum
2447 1769 2671 1842 aliquid
2729 1786 2856 1825 esse
2906 1785 3019 1853 non
3092 1771 3297 1839 possit,
3348 1774 3412 1823 ut
3441 1768 3602 1823 liber.
3633 1765 3825 1853 Dicitur

456 1857 904 1924 contradictorie,
930 1860 979 1910 et
998 1859 1363 1928 quaesunthw,
1387 1858 1591 1913 dictum
1612 1862 1707 1913 est.
1738 1860 1800 1912 Et
1820 1858 1959 1929 quod
1976 1864 2104 1911 sunt

457 1945 592 2002 aliae
610 1947 931 2014 contrariae,
955 1956 1145 2018 etquae
1165 1949 1271 2002 sint
1295 1947 1402 2014 hac,
1417 1948 1627 2003 dictum
1644 1952 1743 2013 est,
1766 1951 1817 2001 et
1833 1948 2102 2018 quodnon

456 2036 634 2092 omnis
666 2052 793 2091 vera
820 2037 905 2091 vel
928 2037 1077 2107 falsa
1095 2036 1470 2104 contradictio,
1492 2047 1545 2092 et
1575 2053 1771 2109 quare,
1801 2044 1852 2093 et
1884 2037 2102 2108 quando

454 2140 605 2190 vera,
640 2125 723 2178 vel
750 2123 927 2194 falsa.

529 2213 784 2268 Revolvit
805 2228 1036 2283 quoque
1054 2213 1322 2279 breviter,
1348 2216 1626 2285 quoniam
1654 2213 1777 2269 alia;
1801 2218 1940 2269 sunt
1959 2229 2104 2268 con-

450 2302 664 2369 trariae,
688 2302 814 2356 alias
840 2303 1324 2368 eontradictorim,
1360 2303 1616 2374 dicitque
1633 2320 1697 2358 se
1718 2320 1845 2374 qua:
1867 2303 1987 2358 sint
2016 2302 2105 2357 hm

456 2390 796 2462 diligentius
829 2391 887 2445 in
929 2390 1217 2462 superiori
1265 2392 1667 2462 disputatione
1727 2398 2103 2447 monstrasse.

457 2478 607 2533 Illud
633 2496 870 2550 quoque
894 2485 1053 2550 patet
1086 2497 1198 2534 non
1233 2497 1463 2535 omnem
1499 2499 1626 2536 esse
1656 2498 1850 2535 veram
1885 2481 1967 2536 vel
1998 2480 2104 2536 fal-

458 2584 582 2622 sam
618 2569 1028 2623 afﬁrmationis
1050 2573 1108 2623 et
1124 2569 1452 2639 negationis
1474 2569 2106 2641 oppositionem,quam

459 2671 614 2710 nunc
637 2656 1031 2712 communiter
1052 2661 1108 2711 et
1130 2657 1449 2728 improprie
1472 2658 1990 2714 contradictionem
2010 2676 2106 2714 vo-

455 2748 564 2798 cat.
596 2744 664 2799 Et
693 2745 929 2815 quando
958 2762 1069 2799 non
1094 2746 1215 2801 sint
1239 2762 1383 2801 versa
1420 2745 1507 2801 vel
1556 2746 1738 2814 falsae,
1771 2746 1856 2801 vel
1889 2764 2012 2814 cur,
2046 2764 2109 2804 se

454 2834 796 2904 exposuisse
822 2841 1262 2890 commemorat.

706 2957 776 2994 DE
806 2957 1227 2996 AFFIRMATIONE
1274 2957 1340 2996 ΕΤ
1370 2958 1684 2997 ΝΕῧΔΤΙΟΝΕ
1716 2960 1853 2998 UNA.

534 3049 648 3104 Una
690 3052 874 3104 autem
902 3048 1201 3117 afﬁrmatio
1231 3054 1283 3104 et
1314 3050 1529 3120 negatio
1558 3056 1655 3115 est,
1680 3066 1807 3121 quae
1836 3068 2009 3105 unum
2039 3049 2106 3105 de

2215 1873 2466 1925 namque
2497 1860 2553 1909 et
2583 1854 2895 1925 Dionysius
2925 1852 3092 1921 liber,
3125 1857 3182 1907 et
3212 1854 3524 1922 ingenuus,
3558 1851 3654 1907 sed
3684 1853 3822 1920 inge-

2213 1963 2368 2001 nuus
2397 1950 2453 2000 et
2484 1943 2795 2014 Dionysius
2819 1942 3035 2012 juncti;
3084 1941 3231 1996 nihil
3276 1942 3558 1998 efﬁciunt.
3588 1940 3755 2003 Quare
3783 1936 3823 1992 si

2213 2035 2352 2107 quid
2386 2034 2499 2088 tale
2550 2033 2645 2098 sit,
2688 2033 2899 2103 inquit,
2951 2037 3051 2086 aut
3082 2032 3415 2102 subjectum
3450 2036 3549 2086 aut
3577 2028 3826 2103 praedica-

2211 2129 2338 2181 tum
2366 2124 2519 2193 quod
2543 2122 2712 2194 plura
2742 2121 3051 2192 signiﬁcet,
3079 2138 3145 2175 ex
3176 2121 3395 2193 quibus
3425 2137 3601 2176 unum
3633 2112 3827 2193 aliquid

2213 2230 2468 2270 essenon
2488 2212 2810 2282 possil,non
2831 2218 2915 2266 est
2938 2209 3039 2265 illa
3062 2227 3174 2265 una
3195 2211 3712 2279 al'ﬁrmatio,neque
3731 2228 3829 2266 una

2216 2301 2467 2374 negatio.
2488 2302 2554 2355 Et
2577 2301 2683 2354 hoc
2714 2299 2903 2355 ﬁctitii
2928 2299 3177 2370 exempli
3209 2302 3438 2356 ratione
3460 2299 3766 2355 conﬁrmat.

2291 2411 2353 2466 Ut
2380 2410 2430 2463 si
2458 2408 2580 2478 quis
2609 2410 2776 2478 ponat
2803 2406 2903 2461 hoc
2928 2421 3133 2460 nomen
3156 2407 3371 2471 tunica,
3399 2407 3611 2461 homini
3631 2411 3681 2460 et
3700 2421 3832 2477 equo,

2213 2508 2265 2555 et
2295 2499 2439 2553 dicat
2466 2499 2661 2551 tunica
2688 2500 2766 2550 est
2795 2495 2946 2555 alba.
2979 2496 3094 2550 haec
3138 2511 3247 2549 non
3278 2503 3361 2551 est
3394 2512 3505 2550 una
3534 2493 3829 2565 afﬁrmatio,

2215 2606 2316 2644 nec
2345 2606 2457 2643 una
2487 2588 2725 2656 negatio.
2759 2586 2917 2640 Nihil
2944 2583 3094 2639 enim
3126 2585 3313 2657 diﬂert
3336 2587 3434 2641 hoc
3462 2602 3622 2655 quam
3650 2585 3828 2650 dicere,

2214 2686 2293 2734 est
2322 2678 2479 2733 homo
2497 2692 2665 2747 equus
2695 2675 2869 2729 albus.
2903 2674 3008 2729 Hoc
3036 2678 3226 2729 autem
3275 2674 3424 2730 nihil
3472 2674 3649 2745 diﬂert
3693 2689 3834 2745 quam

2215 2770 2420 2835 dicere,
2444 2776 2522 2822 est
2544 2766 2700 2820 homo
2730 2764 2917 2829 albus,
2949 2771 3003 2818 et
3031 2767 3111 2817 est
3135 2779 3307 2833 equus
3339 2765 3520 2819 albus.

2290 2874 2524 2929 Dicatur
2566 2871 2745 2932 enim,
2795 2869 3005 2939 inquit,
3030 2884 3219 2939 equus
3248 2874 3308 2924 et
3328 2870 3503 2925 homo
3533 2868 3739 2924 tunica.
3767 2866 3829 2920 Et

2214 2964 2490 3023 habeant,
2521 2958 2679 3014 verbi
2710 2958 2917 3029 gratia,
2951 2956 3060 3011 hoc
3090 2974 3330 3025 nomen,
3352 2958 3553 3029 siquis
3585 2957 3728 3012 enim
3759 2955 3832 3009 di-

2214 3058 2324 3118 cat,
2348 3055 2404 3106 et
2428 3049 2626 3103 tunica
2643 3047 2775 3102 alba
2794 3047 3067 3117 quoniam
3090 3048 3291 3102 tunica
3316 3064 3535 3118 equum
3559 3052 3724 3117 atque
3746 3044 3833 3098 ho-

460 3152 568 3191 uno
592 3137 894 3208 significat,
919 3138 1002 3191 vel
1017 3154 1139 3193 cum
1154 3140 1230 3194 sit
1253 3139 1559 3193 universale
1578 3141 1990 3207 universaliter,
2017 3140 2098 3196 vel
2126 3143 2169 3210 ί]
2212 3141 2427 3197 minem
2443 3136 2965 3208 designat,videtur
2984 3135 3175 3190 dicere
3189 3137 3477 3206 quoniam
3500 3140 3585 3192 est
3605 3149 3775 3205 equus
3791 3136 3837 3186 et

460 3240 571 3277 non
601 3226 883 3280 similiter.

529 3310 674 3375 Quid
697 3312 903 3367 situna
934 3312 1247 3368 afﬁrmatio
1281 3319 1335 3369 et
1366 3332 1547 3387 supra
1581 3317 1705 3384 jam
1740 3316 2017 3382 diximus,
2049 3320 2107 3372 et

458 3416 613 3455 nunc
631 3417 864 3472 quoque
888 3401 1044 3456 idem
1069 3403 1276 3457 docere
1296 3420 1410 3457 non
1437 3404 1767 3474 piget.Cum
1802 3403 1956 3457 idem
1979 3404 2107 3457 Ari-

454 3489 692 3545 stoteles
724 3490 1050 3561 revolverit,
1110 3508 1227 3546 una
1284 3491 1436 3545 enim
1468 3492 1780 3547 afﬁrmatio
1838 3497 1944 3556 est,
1978 3509 2104 3563 quae

456 3597 635 3634 unam
660 3596 780 3635 rem
811 3581 880 3635 de
925 3597 1039 3635 uno
1062 3580 1377 3652 signiﬁcat,
1410 3581 1466 3636 id
1499 3587 1586 3637 est
1618 3600 1743 3652 qua:
1771 3582 2104 3651 hujusmodi

452 3670 629 3725 habet
644 3669 1451 3741 praedicatum,ethujusmodi
1466 3671 1891 3741 subjectum,ut
1906 3675 2117 3725 utrum-

462 3775 577 3830 que
590 3758 823 3829 singula
838 3759 1301 3829 signiﬁcet.Nam
1320 3760 1365 3813 si
1386 3776 1567 3815 unum
1582 3760 1799 3830 aliquid
1818 3760 2109 3831 signiﬁcet

454 3847 1119 3920 prmdicatum.simplex
1136 3855 1312 3919 atque
1327 3866 1509 3903 unum
1535 3851 1811 3914 εει.ουοᾶ
1828 3851 1876 3905 si
1903 3868 2107 3907 rursus

456 3952 642 3991 unum
676 3935 898 4007 aliquid
946 3937 1239 4009 signiﬁcet
1269 3938 1627 4010 subjectum,
1681 3942 1738 3993 et
1770 3956 1881 3994 non
1918 3939 2105 4011 plura,

455 4025 703 4096 simplex
737 4043 942 4083 rursus
974 4032 1063 4083 est
1094 4033 1269 4097 atque
1301 4044 1506 4083 unum.
1544 4027 1827 4094 Quocirca
1853 4028 1901 4082 si
1928 4045 2106 4085 unum

453 4114 831 4186 praedicatum
872 4117 942 4171 de
966 4132 1103 4179 uno
1154 4117 1266 4171 erit
1296 4118 1575 4185 subjecto,
1607 4123 1852 4187 utraque
1876 4118 2109 4189 singula

454 4203 877 4274 signiﬁcabunt
900 4209 956 4259 et
981 4222 1095 4261 non
1124 4204 1313 4277 plura.
1339 4207 1533 4276 quue
1554 4206 1707 4272 tit,ut
1730 4222 1844 4261 non
1870 4205 1944 4260 sit
1967 4207 2107 4263 sim-

453 4291 588 4363 plex
618 4292 1037 4364 propositionis
1068 4293 1441 4365 signiﬁcatio,
1475 4298 1531 4349 et
1560 4310 1685 4364 quae
1717 4309 1898 4347 unum
1927 4294 2107 4366 signi-

454 4382 608 4450 ﬁcet,
663 4400 777 4437 una
809 4384 907 4438 sit.
956 4384 1114 4440 Idem
1158 4390 1353 4441 autem
1405 4390 1634 4456 oportet
1685 4400 1813 4439 esse
1842 4384 2012 4441 etiam
2048 4386 2107 4441 in

2212 3231 2387 3285 homo
2418 3228 2609 3291 albus,
2656 3225 2754 3280 sed
2792 3224 2900 3279 hoc
2962 3223 3073 3280 tale
3104 3231 3213 3291 est,
3246 3230 3537 3298 tanquam
3569 3226 3734 3292 dicat,
3762 3224 3840 3276 est

2209 3334 2398 3389 equus
2430 3315 2621 3382 albus,
2655 3317 2821 3369 etest
2844 3312 3220 3370 homoalbus.
3249 3315 3365 3369 Sed
3390 3316 3479 3370 hae
3505 3314 3629 3369 dua;
3654 3325 3841 3384 propo-

2212 3406 2451 3463 sitiones
2475 3407 2634 3470 sunt,
2657 3408 2845 3457 etnon
2874 3418 2988 3456 una
3011 3420 3023 3468 ;
3049 3401 3263 3474 duplex
3282 3402 3473 3475 igitur
3501 3402 3600 3458 illa
3630 3413 3838 3473 quoque

2212 3491 2529 3567 propositio
2549 3495 2658 3559 est,
2681 3495 2769 3545 est
2794 3489 2966 3544 homo
2996 3494 3053 3544 et
3083 3506 3272 3560 equus
3310 3492 3484 3547 albus
3509 3510 3523 3559 ;
3545 3505 3720 3563 quare
3746 3487 3837 3542 du-

2214 3584 2343 3656 plex
2367 3581 2465 3636 illa
2486 3596 2723 3651 quoque
2753 3596 2879 3650 quae
2904 3578 3064 3645 dicit,
3098 3584 3187 3634 est
3212 3582 3422 3637 tunica
3452 3582 3606 3637 alba.
3638 3576 3837 3633 Etenim

2212 3671 2454 3739 subjecti
2484 3667 2750 3738 hujus,id
2771 3672 2858 3723 est
2880 3668 3109 3737 tunicae,
3130 3668 3350 3739 duplex
3368 3667 3713 3743 signiﬁcatio
3729 3680 3839 3736 pro-

2214 3760 2531 3833 positiones
2564 3756 2696 3812 fecit
2726 3772 2853 3811 esse
2894 3756 3177 3827 duplices.
3211 3758 3382 3821 Quod
3435 3761 3481 3814 si
3536 3757 3675 3829 quid
3703 3755 3841 3809 dicat

2215 3866 2397 3907 unum
2433 3847 2711 3919 quiddam
2737 3845 3093 3916 signiﬁcare,
3112 3851 3199 3901 est
3225 3848 3434 3903 tunica
3461 3843 3753 3917 alba,quia
3771 3840 3840 3896 si-

2212 3940 2468 4013 gniﬁcat,
2515 3940 2603 3991 est
2620 3935 2793 3990 homo
2825 3940 2879 3989 et
2901 3952 3088 4005 equus
3107 3934 3276 3990 albus
3309 3954 3321 4003 ;
3357 3935 3723 4009 impossibile
3750 3934 3843 3987 est.

2216 4030 2411 4100 Neque
2442 4026 2596 4081 enim
2627 4041 2695 4078 ex
2720 4024 2957 4079 homine
2975 4028 3030 4078 et
3060 4041 3208 4095 equo
3236 4027 3531 4095 quiddam
3567 4039 3741 4082 unum
3774 4020 3847 4086 lit,

2214 4124 2275 4172 ut
2298 4117 2416 4171 haec
2440 4112 2760 4183 propositio
2785 4128 2967 4166 unum
2996 4111 3214 4182 aliquid
3231 4112 3509 4186 designet
3534 4127 3742 4186 ;quare
3764 4111 3851 4164 aut

2218 4208 2334 4261 haec
2366 4200 2684 4275 propositio
2716 4199 2901 4255 multa
2932 4200 3247 4271 signiﬁcat,
3283 4209 3388 4259 aut
3421 4204 3472 4258 si
3508 4220 3622 4259 non
3656 4197 3845 4264 multa,

2214 4293 2361 4350 nihil
2384 4290 2619 4348 omnino
2638 4289 2925 4361 designat.
2961 4289 3114 4343 Nihil
3145 4290 3301 4347 enim
3328 4297 3423 4349 est
3448 4293 3626 4348 homo
3657 4303 3845 4361 equus,

2214 4392 2279 4439 ut
2310 4380 2488 4437 simul
2522 4380 2749 4435 dicatur
2799 4384 2972 4449 atque
3004 4378 3392 4452 intelligatur,
3442 4380 3553 4438 hoc
3587 4385 3674 4437 est
3710 4376 3846 4434 enim

453 4468 883 4525 universalibus
906 4472 1308 4529 universaliter
1330 4473 1743 4544 praedicatis,et
1770 4474 1829 4527 in
1854 4475 2106 4544 partieu-
2131 4491 2177 4556 D
2211 4471 2369 4546 quod
2399 4471 2478 4525 ait
2512 4486 2525 4523 :

453 4558 696 4625 laribus,
717 4575 865 4630 quas
888 4560 1318 4617 universalibus
1342 4563 1555 4635 opponi
1579 4574 1815 4618 necesse
1834 4566 2093 4634 est,quo-

454 4664 586 4703 rum
618 4648 795 4703 etiam
832 4648 1029 4704 subdit
1060 4650 1343 4722 exempla.

529 4738 589 4792 Ut
618 4736 797 4791 omnis
829 4737 990 4793 homo
1021 4738 1176 4792 albus
1222 4744 1323 4803 est,
1355 4756 1468 4794 non
1512 4742 1695 4796 omnis
1741 4741 1897 4796 homo
1939 4743 2094 4798 albus

452 4827 547 4891 est,
577 4829 653 4879 est
685 4828 841 4881 homo
866 4827 1044 4891 albus,
1076 4843 1185 4882 non
1215 4834 1295 4882 est
1315 4829 1471 4883 homo
1495 4829 1676 4896 albus,
1706 4830 1902 4884 nullus
1920 4831 2081 4886 homo

452 4912 610 4968 albus
637 4923 735 4984 est,
767 4915 993 4988 quidam
1017 4920 1175 4970 homo
1205 4917 1363 4971 albus
1392 4926 1487 4972 est.

522 5002 672 5057 Dicit
692 5002 847 5059 enim
863 5022 1039 5060 unam
1065 5022 1192 5060 esse
1206 5006 1902 5077 propositionempmnis
1917 5007 2091 5065 homo

450 5091 620 5149 albus
651 5098 758 5163 est,
792 5099 846 5149 et
873 5111 1080 5150 rursus
1110 5095 1160 5149 ei
1194 5096 1519 5167 oppositam
1564 5114 1741 5152 unam
1792 5113 1941 5166 esse,
1976 5115 2090 5154 non

449 5186 541 5236 est
563 5183 755 5237 omnis
786 5183 961 5239 homo
992 5183 1183 5239 albus.

521 5271 582 5327 Si
610 5273 807 5328 album
837 5290 1008 5328 unum
1023 5276 1311 5345 significat.
1346 5274 1445 5329 Sin
1468 5284 1654 5329 autem
1684 5275 1891 5331 duobus
1916 5293 2091 5332 unum

446 5375 640 5416 nomen
672 5364 907 5432 positum
936 5366 1033 5429 est,
1066 5380 1134 5419 ac
1163 5363 1361 5434 quibus
1390 5380 1497 5418 non
1531 5372 1607 5420 est
1646 5381 1841 5435 unum,
1872 5381 1981 5420 non
2012 5374 2090 5422 est

446 5465 559 5504 una
590 5450 911 5519 afﬁrmatio,
946 5468 1115 5523 neque
1146 5469 1255 5507 una
1286 5456 1521 5523 negatio.

518 5539 577 5595 Si
621 5540 843 5608 album,
876 5540 1084 5611 inquit,
1122 5557 1303 5596 unum
1328 5542 1647 5613 signiﬁcat,
1681 5544 1833 5614 quod
1851 5542 2088 5613 siplura

447 5628 717 5700 designat
748 5646 860 5685 non
893 5636 981 5686 est
1015 5647 1131 5685 una
1178 5630 1520 5701 afﬁrmatio,
1551 5647 1657 5687 nec
1689 5648 1806 5687 una
1836 5633 2084 5704 negatio.

2280 4562 2340 4616 Si
2367 4575 2495 4628 ergo
2525 4558 2613 4613 hx
2630 4557 2804 4612 multa
2821 4556 3157 4627 signiﬁcant,
3177 4564 3230 4613 ει
3249 4568 3382 4615 sunt
3399 4561 3613 4630 plures,
3637 4554 3849 4625 manifs—

2202 4657 2346 4709 slum
2376 4654 2453 4705 est
2480 4648 2753 4719 quoniam
2775 4655 2828 4701 et
2856 4648 3039 4715 prima
3070 4648 3245 4702 multa
3274 4648 3363 4704 vel
3395 4649 3549 4705 nihil
3570 4647 3850 4718 signiﬁcat,

2200 4756 2375 4813 neque
2404 4740 2553 4793 enim
2573 4744 2653 4792 est
2683 4737 2893 4807 aliquis
2930 4735 3081 4790 homo
3112 4752 3303 4807 equus.

2271 4831 2328 4886 Si
2355 4844 2489 4899 ergo
2512 4827 2597 4880 ha
2622 4825 2807 4880 multa
2828 4825 3236 4897 signiﬁcantet
3262 4832 3409 4882 sunt
3435 4826 3656 4898 plures,
3680 4820 3852 4880 mani-

2205 4919 2417 4974 festum
2441 4920 2528 4971 est
2546 4916 2694 4984 quod
2721 4914 3010 4984 etprima,
3033 4913 3094 4969 id
3116 4920 3291 4970 estea
3310 4932 3445 4987 quae
3481 4918 3644 4980 dicit,
3676 4915 3854 4968 estta-

2203 5009 2332 5063 nica
2353 5006 2505 5071 alba,
2543 5003 2727 5059 multa
2758 5003 2843 5058 vel
2877 5003 3021 5058 nihil
3048 5003 3743 5075 signiﬁcat.Nihilautem
3773 4997 3851 5054 id-

2202 5096 2352 5151 circo
2367 5091 2643 5163 quoniam
2658 5091 2839 5146 sinon
2857 5090 3040 5146 multa
3062 5093 3327 5163 designet
3346 5092 3676 5164 propositio
3694 5088 3849 5159 cujus

2203 5184 2448 5256 quilibet
2476 5181 2767 5236 terminus
2787 5181 3123 5250 aaquivocus
3147 5187 3259 5247 est,
3293 5198 3435 5236 cum
3473 5182 3577 5237 illa
3599 5196 3725 5253 quae
3757 5192 3851 5232 no-

2201 5273 2357 5327 mine
2378 5269 2673 5343 zequivoco
2694 5269 3318 5340 signiﬁcanturjuncta
3341 5270 3783 5340 fuerint,neque
3802 5264 3853 5317 in

2201 5381 2377 5420 unam
2407 5360 2802 5419 substantiam
2826 5362 3221 5432 convenerint,
3247 5360 3707 5433 talisjunctures
3736 5369 3852 5430 qua!

2201 5472 2293 5510 res
2316 5454 2550 5508 sibimet
2571 5450 2937 5506 incontextas
2960 5449 3384 5521 copulant,non
3406 5453 3525 5507 erit
3549 5450 3747 5507 nullus
3767 5446 3854 5501 in-

2200 5543 2467 5599 tellectus
2493 5557 2505 5594 :
2530 5549 2591 5595 ut
2618 5542 2675 5595 in
2699 5557 2765 5595 ea
2786 5544 3030 5610 quaeest,
3058 5540 3255 5594 tunica
3270 5539 3405 5593 alba
3428 5540 3853 5605 est,aliteresse

2201 5648 2320 5689 una
2350 5647 2463 5686 non
2489 5633 2698 5703 potest,
2732 5629 2782 5685 si
2814 5629 3013 5685 tunica
3034 5643 3249 5699 equum
3300 5627 3734 5701 hominemque
3791 5622 3860 5680 si-
