4060 6178
219 370 319 425 329

1023 377 1098 429 IN
1135 375 1408 430 LIBRUM
1444 377 1544 430 DE
1580 368 2264 429 INTERPRETATIONE
2302 372 2543 428 EDITIO
2579 374 2829 427 PRIMA.

3526 378 3633 434 330

218 499 468 568 gniﬁcat,
491 498 606 553 nisi
633 514 826 569 equus
848 504 1023 571 atque
1044 502 1416 570 homojuncti
1439 519 1621 557 unum
1642 497 1865 570 aliquid
1898 497 1952 562 Α
1982 498 2219 553 deﬁnite
2248 515 2380 554 vera
2412 506 2520 565 est,
2555 516 2787 570 semper
2816 499 2998 553 altera
3041 498 3189 555 falsa
3218 500 3475 569 deﬁnite,
3510 502 3633 559 sive

216 588 469 643 alliciant
485 608 498 654 ;
516 589 619 643 sed
641 590 697 644 hi
716 591 951 644 termini
968 591 1110 646 tales
1125 598 1284 657 sunt,
1305 599 1367 647 ut
1382 608 1614 647 necesse
1630 592 1703 645 sit
1723 591 1872 644 hanc

219 679 680 747 propositionem
714 682 796 733 vel
834 680 1221 750 multiplicem
1241 698 1393 748 esse,
1417 681 1504 736 vel
1530 682 1672 735 nihil
1699 680 1876 750 signi-

218 765 425 820 ﬁcare:
463 783 599 821 nam
625 768 673 821 si
703 768 1035 838 jungantur
1070 771 1241 825 homo
1272 776 1328 825 et
1358 787 1569 841 equus,
1604 772 1665 823 ﬁt
1700 768 1869 824 nihil.

213 854 368 908 Nihil
401 856 566 909 enim
593 862 683 911 est
708 857 879 912 homo
907 874 1119 930 equus,
1144 860 1300 929 quod
1337 876 1436 929 per
1460 860 1567 914 hoc
1592 864 1876 913 monstra-

214 945 311 1009 vit,
344 945 503 1014 quod
532 945 616 999 ait
646 962 658 998 :
689 945 888 1017 Neque
911 947 1066 1002 enim
1099 954 1188 1003 est
1217 948 1436 1019 aliquid
1466 950 1638 1003 homo
1661 964 1869 1017 equus,

209 1032 314 1086 hoc
335 1039 539 1087 autem
564 1050 670 1089 cur
693 1051 851 1090 nunc
876 1036 949 1089 ab
967 1036 1094 1106 ipso
1120 1037 1487 1107 propositum
1512 1038 1614 1100 sit,
1635 1036 1874 1091 lucidis-

207 1122 352 1174 sime
366 1123 794 1177 demonstravit
816 1139 981 1189 ;cum
998 1124 1155 1179 enim
1170 1127 1238 1178 de
1256 1124 1345 1179 his
1374 1124 1872 1195 propositionibus

207 1212 551 1280 loqueretur
572 1228 699 1281 quas
715 1213 1163 1267 veruminterse
1179 1212 1510 1283 falsumque
1528 1213 1868 1278 dividerent,

208 1298 313 1352 hoc
336 1300 591 1365 addidit,
616 1303 768 1368 quod
793 1301 972 1356 etiam
998 1300 1083 1355 hae
1106 1318 1234 1372 quae
1254 1302 1471 1356 habent
1492 1302 1578 1356 vel
1605 1301 1873 1370 praedica-

208 1393 331 1441 tum
366 1389 757 1459 mquivocum,
789 1390 875 1446 vel
903 1391 1262 1460 subjectum,
1296 1406 1497 1445 verum
1533 1390 1871 1460 falsumque

206 1494 321 1532 non
356 1480 648 1548 dividunt,
684 1487 946 1551 utrasque
977 1482 1135 1536 enim
1169 1496 1299 1535 esse
1330 1497 1476 1535 versa
1510 1485 1773 1550 possunt,
1804 1479 1871 1532 ut

206 1566 329 1621 haec
364 1583 493 1638 quas
519 1568 747 1633 dicunt,
772 1574 862 1623 est
893 1567 1042 1624 liber
1064 1569 1237 1624 homo
1271 1569 1321 1623 si
1349 1569 1420 1623 ad
1446 1568 1871 1639 ingenuitatem

202 1655 449 1721 referas,
485 1660 543 1711 et
574 1674 690 1713 non
723 1663 813 1713 est
859 1657 1008 1713 liber
1054 1658 1253 1725 homo,
1305 1657 1353 1712 si
1387 1659 1456 1712 ad
1502 1657 1867 1727 Dionysium.

199 1750 383 1800 Recte
413 1746 597 1817 igitur
630 1746 855 1801 dictum
888 1752 978 1802 est
1015 1764 1027 1800 :

1984 587 2331 643 universalis
2354 591 2429 643 sit
2454 608 2588 659 una,
2610 589 2791 644 altera
2810 588 3200 659 particularis.
3224 592 3384 655 Quod
3410 608 3512 661 per
3529 592 3633 648 hoc

1983 682 2367 740 monstratur,
2390 679 2539 745 quod
2564 680 2644 733 ait
2670 697 2680 733 :
2702 684 2761 732 In
2787 677 3219 733 universalibus
3244 681 3482 748 quidem
3507 681 3637 735 uni-

1980 765 2297 835 versaliter,
2332 784 2562 837 semper
2594 768 2742 821 hanc
2773 784 2900 821 esse
2934 784 3154 833 veram,
3180 766 3339 823 illam
3374 785 3506 823 vero
3531 771 3634 825 fal-

1980 870 2126 919 sam,
2154 855 2273 909 sive
2298 855 2353 908 in
2374 855 2776 925 singularibus
2802 861 2977 925 atque
3001 854 3319 910 individuis
3346 857 3624 925 praedica-

1980 942 2216 998 mentis.
2242 944 2407 1005 Quod
2441 960 2541 1012 per
2567 943 2673 997 hoc
2703 943 2969 1015 designat
3000 948 3151 1015 quod
3176 944 3437 999 addidit:
3472 952 3537 999 Et
3566 946 3624 1002 in

1981 1032 2069 1086 bis
2100 1050 2222 1101 quae
2257 1039 2393 1087 sunt
2420 1033 2761 1103 singularia,
2796 1050 2913 1089 una
2937 1051 3069 1088 vera
3089 1039 3197 1103 est,
3223 1035 3405 1090 altera
3435 1036 3621 1106 falsa;

1978 1122 2077 1175 sed
2102 1130 2409 1192 postquam
2436 1122 2578 1175 dixit
2600 1123 2667 1177 de
2687 1122 3427 1194 contradictoriis,adjecit,
3445 1124 3503 1178 in
3528 1124 3621 1179 his

1978 1216 2171 1266 autem
2203 1230 2327 1283 quas
2356 1212 2667 1267 indeﬁnitaa
2702 1216 2857 1281 sunt,
2884 1230 2999 1267 non
3024 1230 3257 1268 necesse
3280 1218 3367 1268 est
3393 1230 3624 1283 semper

1978 1300 2121 1355 hanc
2142 1302 2379 1371 quidem
2403 1319 2619 1368 veram,
2641 1301 2802 1357 illam
2827 1319 2958 1356 vero
2976 1318 3103 1357 esse
3124 1304 3484 1357 mendacem.
3510 1305 3623 1359 Hoc

1978 1390 2202 1445 scilicet
2229 1391 2544 1463 designans
2568 1390 2724 1461 quod
2746 1391 2860 1445 ait:
2898 1391 2963 1445 In
2987 1391 3079 1446 his
3103 1408 3230 1446 vero
3258 1409 3382 1463 quae
3416 1392 3474 1446 in
3498 1392 3624 1447 uni-

1978 1480 2305 1534 versalibus
2339 1497 2452 1534 non
2487 1478 2896 1534 universaliter
2934 1480 3227 1547 dicuntur,
3264 1498 3379 1534 non
3412 1485 3499 1535 est
3532 1497 3627 1537 ne-

1978 1583 2140 1622 cesse
2168 1568 2226 1622 in
2260 1567 2351 1623 his
2385 1585 2561 1623 unam
2597 1583 2813 1634 veram,
2849 1567 3088 1623 alteram
3113 1567 3318 1622 falsam
3355 1570 3621 1639 proponi,

1976 1661 2166 1727 potest
2197 1657 2354 1712 enim
2390 1657 2513 1712 ﬁeri
2551 1662 2610 1713 ut
2645 1662 2906 1728 utrasque
2937 1656 3055 1713 sint
3082 1673 3228 1711 vera:
3253 1674 3377 1728 quas
3411 1658 3627 1713 fuerint

1975 1746 2316 1801 indeﬁnite.

276 1834 469 1901 Quare
498 1852 598 1891 nec
628 1838 689 1890 in
718 1837 804 1890 his
833 1852 1044 1892 necesse
1074 1846 1149 1893 est
1178 1836 1322 1891 hanc
1350 1835 1571 1907 quidem
1596 1834 1870 1891 contradi-

2046 1846 2107 1899 In
2137 1844 2514 1915 singularibus
2544 1861 2691 1910 vero,
2724 1854 2775 1899 et
2804 1846 3014 1914 futuris
3043 1860 3151 1899 non
3177 1844 3460 1899 similiter.

199 1925 445 1978 ctionem
476 1941 668 1979 veram
692 1941 824 1990 esse,
858 1926 1014 1981 illam
1044 1943 1170 1980 vero
1200 1927 1419 1997 /alsam.

272 2012 423 2067 Cum
443 2013 602 2068 enim
633 2015 816 2069 multa
839 2015 1155 2087 signiﬁcat,
1189 2014 1490 2083 multiplex
1512 2014 1864 2084 signiﬁcatio

195 2100 256 2155 in
284 2104 604 2170 negatione
618 2108 794 2174 atque
813 2104 1205 2159 afﬁrmatione
1220 2122 1279 2158 se
1304 2104 1550 2158 invicem
1579 2120 1691 2157 non
1720 2102 1865 2172 peri-

196 2192 331 2259 mit,
370 2196 530 2263 quod
559 2195 607 2250 si
643 2213 757 2249 una
783 2195 861 2250 sit
892 2196 1203 2251 afﬁrmatio
1228 2200 1286 2251 et
1318 2212 1434 2249 una
1454 2195 1704 2265 negatio,
1731 2209 1870 2262 quo-

197 2283 366 2336 niam
396 2288 660 2354 utrasque
686 2285 744 2339 in
769 2284 973 2339 eodem
994 2300 1123 2339 esse
1153 2301 1266 2339 non
1289 2294 1557 2355 possunt,
1584 2298 1758 2337 unam
1783 2298 1871 2336 ve-

193 2388 324 2427 ram
363 2388 623 2443 semper,
654 2373 861 2429 falsam
895 2374 1139 2429 alteram
1172 2390 1301 2429 esse
1336 2389 1573 2428 necesse
1600 2378 1707 2427 est.

468 2517 563 2572 DE
604 2518 912 2575 FUTURIS
954 2516 1600 2575 CONTINGENTIBUS.

273 2652 344 2704 In
379 2645 469 2699 his
485 2660 617 2714 ergo
634 2661 757 2717 qua
776 2650 928 2711 sunt,
952 2649 1002 2699 el
1022 2646 1179 2713 facta
1200 2650 1349 2708 sunt,
1370 2659 1587 2698 necesse
1608 2651 1687 2697 est
1722 2642 1873 2710 afﬁr-

194 2738 532 2802 mationem,
553 2734 639 2789 vel
660 2737 1033 2802 negationem,
1048 2750 1228 2789 veram
1248 2750 1361 2789 esse
1376 2734 1455 2788 vel
1474 2733 1695 2801 falsam.
1726 2734 1795 2785 Ac
1815 2734 1869 2786 in

190 2828 301 2881 uni
308 2824 621 2881 venalibus
638 2825 854 2895 quidem
870 2826 1151 2879 universal
1159 2826 1262 2879 iter
1280 2840 1391 2879 sem
1397 2827 1652 2893 perhanc
1664 2838 1871 2888 veram,

192 2914 368 2970 illam
404 2929 537 2967 vero
568 2915 772 2979 lalsam
794 2929 929 2977 esse,
959 2923 1010 2968 et
1042 2912 1103 2967 in
1123 2914 1209 2967 his
1229 2930 1348 2983 qua:
1378 2917 1505 2965 sunt
1528 2911 1869 2981 singularia,

191 3001 669 3075 quemadmodum
700 3002 909 3056 dictum
939 3004 1033 3055 est.
1068 3003 1129 3056 In
1156 3002 1239 3055 his
1264 3018 1389 3056 vero
1412 3015 1537 3072 quae
1575 3002 1634 3054 in
1656 3000 1876 3054 univer-

190 3092 420 3147 salibus
447 3104 557 3143 non
582 3090 979 3144 universaliter
999 3088 1284 3156 dicuntur,
1310 3104 1418 3144 non
1437 3093 1516 3143 est
1534 3104 1772 3155 necesse,
1791 3088 1876 3143 di-

199 3186 357 3235 ctum
391 3188 474 3233 est
502 3188 696 3233 autem
725 3186 779 3233 el
802 3178 867 3231 de
898 3179 1002 3232 his.

283 3274 345 3322 In
369 3266 760 3338 praesentibus
784 3268 958 3322 rebus
979 3272 1035 3321 et
1058 3268 1112 3321 in
1132 3267 1438 3338 praeteritis
1455 3268 1633 3322 factas
1648 3272 1873 3322 contra-

202 3358 501 3412 dictorias
534 3356 967 3411 enuntiationes
994 3355 1130 3410 dicit
1164 3357 1421 3425 definite,
1449 3372 1623 3411 unam
1649 3372 1880 3427 semper

204 3464 441 3508 veram,
476 3445 722 3500 alterum
755 3445 992 3499 definite
1026 3460 1259 3515 semper
1280 3462 1409 3500 esse
1433 3447 1794 3511 mendacem,
1819 3462 1880 3515 ut

198 3538 254 3593 si
278 3536 417 3607 quis
440 3536 638 3589 dicat:
667 3535 885 3589 Omnes
900 3535 1056 3589 Fabii
1078 3535 1397 3606 perierunt,
1422 3536 1519 3605 qui
1538 3536 1604 3589 ad
1626 3549 1878 3605 pugnam

200 3632 421 3682 contra
441 3624 707 3679 Veientes
722 3624 944 3695 privata
958 3624 1394 3695 conspiratione
1411 3626 1699 3694 progressi
1719 3629 1878 3679 sunt.

202 3720 331 3769 Hoc
364 3714 416 3768 si
440 3720 687 3784 negetur
711 3713 820 3777 sic,
856 3729 969 3767 non
993 3730 1197 3767 omnes
1234 3713 1391 3767 Fabii
1428 3714 1746 3784 perierunt,
1778 3712 1878 3783 qui

205 3805 289 3861 ad
306 3820 563 3875 pugnam
574 3807 779 3857 contra
794 3802 1062 3857 Veientes
1076 3804 1296 3871 privata
1311 3804 1743 3873 conspiratione
1758 3819 1886 3873 pro-

210 3893 417 3966 gressi
432 3909 498 3946 su
511 3896 593 3957 ut,
611 3908 847 3947 necesse
861 3895 950 3946 est
963 3892 1200 3962 quidem
1220 3909 1396 3946 unam
1411 3909 1624 3959 veram,
1641 3891 1879 3947 alteram

210 3999 353 4038 esse
375 3980 612 4051 falsam,
636 3981 736 4035 sed
760 3981 997 4035 deﬁnite
1017 3997 1151 4036 vera
1177 3981 1488 4036 afﬁrmatio
1511 3985 1619 4050 est,
1649 3980 1883 4035 deﬁnite

213 4072 395 4135 falsa,
429 4071 681 4141 negatio.
705 4074 848 4125 Cum
874 4071 1032 4125 enim
1055 4071 1113 4125 id
1136 4072 1292 4142 quod
1318 4071 1534 4126 factum
1559 4076 1648 4126 est
1671 4071 1885 4126 dicitur

214 4163 475 4225 factum,
506 4160 748 4215 deﬁnite
779 4177 981 4215 verum
1014 4165 1124 4225 est,
1153 4162 1309 4231 quod
1342 4160 1391 4215 si
1423 4160 1483 4214 id
1510 4162 1727 4216 factum
1756 4174 1884 4217 esse

211 4251 563 4321 denegatur,
590 4249 806 4303 falsum
822 4254 912 4304 est
925 4249 1160 4304 definite
1184 4268 1198 4317 ;
1224 4250 1343 4303 sive
1358 4266 1494 4321 ergo
1516 4250 1574 4303 in
1594 4252 1888 4311 universa-

212 4342 381 4395 libus
408 4338 817 4393 universaliter
832 4338 1163 4407 praedicatis
1181 4340 1569 4393 contradictio
1594 4356 1695 4409 per
1717 4356 1895 4410 cppo-

215 4431 501 4486 sitionem
526 4426 1011 4499 particularitatis
1029 4430 1148 4494 fiat,
1165 4429 1285 4483 sive
1303 4428 1360 4482 in
1383 4428 1807 4498 singularibus,
1828 4433 1892 4485 ut

214 4521 284 4574 in
308 4523 548 4575 Socrate
566 4522 625 4572 et
644 4517 703 4572 in
727 4518 947 4572 caeteris
973 4517 1314 4584 individuis,
1335 4517 1394 4572 in
1413 4517 1501 4572 his
1517 4534 1749 4590 quoque
1765 4537 1892 4591 quas

2046 1916 2513 1988 Propositionum
2540 1916 2663 1970 aliis
2682 1920 3064 1971 sunttantum
3087 1917 3275 1970 inesse
3290 1916 3624 1987 signiﬁcan-

1975 2018 2081 2081 tes,
2111 2016 2244 2070 utsi
2272 2015 2403 2086 quis
2420 2019 2652 2069 Socrate
2675 2015 2797 2068 vivo
2818 2014 3059 2069 dixissct
3089 2030 3100 2066 :
3126 2014 3393 2068 Socrates
3423 2013 3620 2072 calvus

1975 2107 2085 2171 cst,
2111 2104 2260 2159 alius
2284 2108 2538 2176 negaret,
2563 2109 2825 2159 Socrates
2845 2103 3042 2158 calvus
3068 2120 3179 2157 non
3202 2108 3309 2157 est.
3333 2102 3433 2157 Illa
3455 2103 3613 2159 enim

1976 2192 2167 2247 inesse
2203 2194 2394 2263 posuit
2423 2194 2641 2248 Socrati
2674 2192 2985 2258 calvitiem,
3018 2191 3118 2247 illa
3139 2192 3426 2247 calvitiem
3460 2211 3493 2247 a
3522 2194 3619 2247 So-

1976 2286 2134 2336 crate
2152 2282 2451 2351 disjunxit.
2476 2282 2615 2337 Aliae
2634 2299 2763 2337 vero
2786 2286 2925 2337 sunt
2947 2281 3303 2349 neceSsariaa,
3331 2286 3393 2336 ut
3415 2282 3460 2336 si
3488 2282 3621 2352 quis

1980 2371 2152 2440 dicat,
2185 2372 2428 2427 Necesse
2449 2376 2537 2426 est
2567 2371 2746 2425 solem
2774 2370 2943 2425 annis
2976 2370 3253 2425 omnibus
3284 2370 3339 2423 in
3367 2371 3619 2427 Arietem

1981 2477 2187 2514 rursus
2220 2460 2425 2514 redire.
2460 2466 2601 2515 Rem
2636 2475 2886 2528 namque
2916 2459 3306 2514 necessariam
3337 2464 3395 2513 et
3424 2477 3492 2513 ex
3524 2476 3626 2515 ne-

1980 2549 2249 2604 cessitate
2295 2550 2651 2604 evenientem
2720 2549 3067 2619 praedicans,
3117 2552 3291 2602 totam
3342 2548 3475 2602 fecit
3525 2564 3630 2603 ne-

1982 2640 2299 2693 cessariam
2335 2638 2813 2710 pr0positionem.
2854 2638 2986 2692 Aliae
3044 2643 3236 2692 autem
3290 2646 3421 2691 sunt
3478 2653 3627 2693 con-

1982 2728 2298 2798 tingentes,
2334 2744 2459 2798 que:
2492 2743 2619 2781 cum
2666 2744 2780 2781 non
2833 2727 2973 2792 sint,
3026 2741 3124 2780 eas
3175 2730 3369 2780 tamen
3421 2726 3477 2779 in
3535 2726 3627 2779 fu-

1982 2820 2178 2871 turum
2214 2817 2441 2871 evenire
2466 2815 2743 2886 possibile
2764 2819 2870 2882 est,
2898 2820 2959 2868 ut
2982 2814 3029 2869 si
3062 2814 3195 2885 quis
3228 2814 3421 2868 dicat:
3450 2814 3635 2869 Hodie

1984 2905 2307 2959 Alexander
2336 2920 2661 2975 pransurus
2709 2909 2817 2967 est,
2871 2903 3043 2958 hodie
3090 2903 3414 2957 Alexander
3456 2919 3634 2973 pran-

1984 3011 2156 3049 surus
2190 3011 2300 3047 non
2355 2998 2461 3048 est.
2512 2992 2737 3047 Etenim
2788 3008 2919 3045 cum
2972 2992 3086 3044 ista
3136 2990 3427 3057 dicantur,
3483 3006 3629 3060 quo-

1985 3082 2140 3137 niam
2174 3081 2257 3134 illi
2292 3081 2483 3135 adhuc
2518 3080 2802 3150 prandere
2835 3096 2946 3134 non
2997 3079 3171 3141 inest,
3205 3078 3396 3132 inesse
3430 3083 3625 3134 tamen

1984 3170 2291 3240 contingit,
2326 3174 2381 3223 et
2412 3172 2599 3238 potest
2630 3168 2752 3222 ﬁeri
2790 3172 2851 3221 ut
2880 3167 3053 3221 hodie
3086 3168 3388 3236 prandeat,
3414 3166 3629 3223 idcirco

1986 3260 2234 3314 dicimus
2256 3274 2355 3312 eas
2376 3256 2801 3324 contingent“,
2827 3254 3111 3326 οοηίίηὶζίί
3133 3255 3287 3309 enim
3316 3256 3465 3319 ﬁeri’
3491 3271 3635 3327 quo—

1986 3353 2141 3407 niam
2158 3350 2346 3405 adhuc
2361 3350 2617 3403 nondum
2636 3349 2785 3402 facta
2800 3351 2887 3401 est
2921 3349 3029 3401 Sed
3050 3347 3135 3400 hze
3154 3364 3265 3401 non
3284 3348 3487 3401 insunt
3506 3348 3632 3417 qui-

1986 3443 2138 3505 dem,
2166 3447 2226 3493 ut
2249 3440 2469 3493 dictum
2489 3442 2594 3493 est.
2621 3438 2770 3492 Sunt
2791 3436 2945 3491 enim
2966 3435 3146 3490 futuri
3168 3437 3471 3506 temporis.
3493 3438 3631 3501 Qua

1987 3537 2177 3586 autem
2216 3547 2329 3583 non
2366 3530 2590 3597 insunt,
2626 3528 2727 3581 sed
2756 3527 2949 3581 inesse
2989 3530 3255 3595 possunt,
3289 3527 3632 3581 necessarias

1989 3638 2101 3675 non
2126 3625 2286 3687 sunt,
2312 3618 2586 3689 quoniam
2614 3613 2956 3684 hujnsmodi
2984 3615 3235 3669 retinent
3260 3622 3550 3680 naturam,
3575 3619 3637 3670 ut

1987 3726 2085 3763 eas
2116 3713 2171 3763 et
2203 3723 2351 3773 esse,
2398 3710 2452 3759 et
2484 3722 2596 3758 non
2630 3720 2757 3758 esse
2799 3701 3073 3773 possibile
3115 3704 3212 3770 sit,
3261 3707 3449 3772 potest
3477 3703 3633 3757 enim

1991 3797 2112 3851 ﬁeri
2150 3800 2211 3850 ut
2242 3795 2412 3850 hodie
2434 3793 2754 3848 Alexander
2781 3792 3083 3863 prandeat,
3116 3800 3169 3846 et
3202 3808 3407 3847 rursus
3428 3791 3548 3848 ﬁeri
3574 3795 3638 3847 ut

1992 3886 2160 3941 hodie
2188 3902 2300 3939 non
2331 3884 2637 3956 prandeat.
2674 3882 2743 3936 Et
2768 3881 2919 3935 hanc
2940 3880 3240 3935 eveniendi
3266 3880 3353 3935 vel
3380 3898 3494 3935 non
3517 3896 3640 3937 eve-

1991 3975 2187 4031 niendi
2204 3972 2667 4046 possibilitatem,
2689 3970 3035 4024 utrumlibet
3049 3986 3344 4024 vocamus.
3362 3972 3421 4025 In
3439 3969 3640 4039 hujus-

1992 4066 2147 4121 modi
2180 4065 2337 4119 enim
2373 4063 2546 4118 rebus
2571 4059 2916 4115 utrumlibet
2940 4060 3244 4129 contingit,
3267 4064 3367 4113 aut
3395 4060 3640 4115 afﬁrma-

1990 4156 2091 4223 tio,
2128 4159 2229 4211 aut
2264 4153 2514 4224 negatio,
2546 4156 2603 4206 et
2631 4167 2745 4205 non
2778 4153 2869 4204 est:
2902 4163 3135 4202 necesse
3167 4152 3265 4202 aut
3293 4147 3640 4203 afﬁrmatio-

1994 4264 2127 4302 nem
2166 4245 2308 4312 ﬁeri,
2343 4247 2442 4297 aut
2474 4239 2864 4312 negationem.
2894 4237 3037 4291 Nam
3071 4252 3200 4291 cum
3228 4253 3343 4292 non
3366 4237 3445 4291 sit
3476 4238 3639 4292 afﬁr-

2000 4336 2175 4390 matio
2209 4331 2557 4396 necessaria,
2606 4345 2720 4383 non
2770 4325 3154 4381 interclusum
3187 4330 3276 4381 est
3304 4325 3644 4398 contingere

1997 4422 2386 4495 negationem.
2412 4426 2638 4476 Rursus
2661 4433 2792 4471 cum
2811 4414 3039 4483 negatio
3055 4414 3392 4469 necessaria
3409 4431 3527 4469 non
3547 4414 3646 4482 sit,

2000 4512 2293 4567 interdum
2316 4508 2546 4571 accidit,
2571 4509 2636 4559 ut
2657 4503 2965 4559 afﬁrmatio
2982 4503 3300 4574 contingat.
3324 4502 3513 4565 Quare
3528 4502 3649 4558 haec

223 4612 375 4665 sunt
421 4607 733 4679 praeterita,
769 4622 1002 4677 semper
1032 4624 1151 4662 una
1178 4623 1314 4662 vera
1350 4612 1460 4676 est,
1511 4607 1693 4663 altera
1724 4608 1889 4675 falsa,
1922 4572 1969 4635 D
2000 4598 2341 4673 huiusmodi
2372 4594 2671 4652 θνθηῖθῐιάῖ
2728 4596 2787 4647 9t
2838 4609 2953 4648 ῐιοῐὶ
3006 4591 3313 4647 eveniendi
3364 4591 3649 4662 Potentia.

219 4704 289 4753 ut
324 4699 385 4753 in
420 4715 484 4753 eo
521 4697 678 4767 quod
710 4701 821 4765 est,
850 4700 1112 4751 Socrates
1144 4712 1363 4752 veneno
1400 4703 1742 4768 peremptus
1780 4702 1888 4753 est.

218 4791 498 4845 Socrates
528 4800 755 4841 veneno
786 4789 1127 4856 peremptus
1164 4802 1277 4839 non
1310 4789 1419 4852 est,
1452 4802 1586 4839 vera
1617 4790 1707 4841 est
1728 4785 1888 4839 afﬁr-

224 4877 411 4933 matio
433 4876 694 4943 deﬁnite,
720 4879 777 4929 et
800 4874 884 4930 ita
905 4891 1113 4930 rursus
1136 4874 1282 4930 falsa
1306 4874 1538 4946 negatio
1561 4879 1648 4929 est
1671 4875 1727 4929 in
1753 4891 1892 4945 pras-

229 4966 506 5022 sentibus
526 4979 761 5036 quoque
784 4963 939 5019 idem
966 4980 1093 5018 esse
1112 4979 1348 5019 necesse
1371 4968 1481 5018 est.
1504 4962 1559 5017 Si
1581 4964 1760 5031 enim,
1780 4965 1895 5019 dis-

226 5062 475 5128 putante
497 5059 759 5121 Socrate,
782 5054 937 5109 dicat
959 5053 1173 5123 aliquis
1201 5071 1212 5108 :
1245 5057 1512 5109 Socrates
1536 5053 1818 5124 disputat,
1836 5058 1892 5109 et

224 5144 335 5201 hoc
370 5143 525 5200 alius
549 5147 740 5215 neget,
764 5142 921 5199 sicut
953 5142 1251 5213 disputare
1277 5144 1568 5197 Socratem
1590 5141 1894 5213 praesentis

228 5234 515 5306 temporis
548 5233 771 5289 ratione
807 5232 1111 5287 definitum
1144 5236 1251 5301 est,
1288 5232 1367 5286 ita
1390 5248 1626 5302 quoque
1656 5232 1897 5286 deﬁnite

233 5322 552 5378 afﬁrmatio
578 5321 789 5378 retinet
809 5322 1206 5381 etveritatem,
1234 5320 1465 5391 negatio
1486 5319 1724 5374 deﬁnite
1744 5335 1901 5374 men-

244 5412 502 5467 dacium.
536 5416 609 5466 Et
639 5411 697 5466 in
734 5409 1167 5465 universalibus
1199 5410 1435 5481 quidem
1470 5411 1555 5463 vel
1592 5409 1900 5464 afﬁrmatis

230 5501 319 5555 Vel
355 5501 662 5573 negativis,
702 5501 759 5555 in
792 5500 1011 5571 quibus
1038 5499 1123 5553 vel
1158 5499 1472 5553 afﬁrmatio
1506 5496 1900 5571 particularis,

232 5590 320 5645 vel
353 5591 583 5662 negatio
613 5588 981 5661 particularis
1005 5588 1323 5659 opponitur
1346 5588 1497 5643 idem
1532 5591 1639 5642 est.
1674 5586 1787 5641 Hoc
1811 5589 1902 5641 est

245 5680 399 5733 enim
420 5681 566 5751 quod
587 5679 667 5734 ait
695 5697 707 5734 :
734 5682 796 5734 In
819 5678 912 5734 his
932 5696 1062 5750 quas
1085 5682 1244 5743 sunt,
1268 5683 1323 5733 et
1345 5695 1473 5749 quas
1493 5678 1639 5732 facta
1664 5681 1823 5743 sunt,
1845 5676 1904 5731 id

252 5774 339 5825 est
370 5770 427 5825 in
457 5771 841 5840 praesentibus
870 5776 1044 5841 atque
1076 5768 1135 5824 in
1170 5768 1501 5840 przsteritis,
1535 5783 1652 5822 una
1674 5781 1905 5838 semper

520 5890 786 5953 Pas-son.
837 5889 1047 5951 LXIV.

2002 4688 2347 4747 utrumlibet
2376 4688 2632 4741 vocatur.
2676 4683 2835 4749 Quod
2872 4682 2930 4736 in
2954 4681 3046 4737 his
3070 4680 3438 4747 utrumlibet,
3472 4683 3528 4737 id
3563 4684 3653 4737 est

1996 4781 2085 4835 vel
2104 4776 2527 4835 atﬁrmationes
2546 4773 2633 4828 vel
2658 4771 3016 4844 negationes,
3035 4770 3265 4825 evenire
3289 4771 3649 4827 conceditur.

2000 4870 2167 4925 Nunc
2197 4883 2332 4939 ergo
2365 4861 2705 4920 Aristoteles
2736 4860 2846 4915 hoc
2875 4859 3240 4915 validissima
3272 4864 3653 4932 argumenta-

1998 4958 2154 5015 tione
2202 4953 2499 5011 contendit
2529 4956 2811 5019 astruere,
2854 4949 3009 5020 quod
3056 4949 3560 5020 quemadmodum
3589 4948 3650 5005 in

2002 5046 2335 5120 praeteritis,
2352 5042 2479 5097 etin
2494 5042 2728 5111 hisquaa
2744 5042 2884 5094 sunt
2904 5038 3242 5109 praesentia,
3263 5055 3379 5094 non
3404 5037 3651 5093 modoin

2004 5134 2395 5193 afﬁrmatione
2417 5136 2473 5186 et
2497 5130 2827 5202 negatione,
2846 5144 3023 5182 unam
3041 5144 3261 5196 veram,
3281 5127 3523 5183 alteram
3551 5127 3657 5183 t‘al-

2004 5244 2125 5282 sam
2156 5241 2283 5279 esse
2314 5237 2549 5277 necesse
2581 5223 2688 5284 est,
2724 5219 2823 5273 sed
2848 5216 3087 5271 deﬁnite
3111 5234 3229 5271 una
3261 5232 3390 5270 vera
3425 5221 3535 5282 est,
3564 5216 3658 5270 de-

2009 5317 2168 5370 ﬁnite
2199 5312 2379 5367 altera
2411 5308 2660 5379 suscipit
2692 5305 3027 5373 falsitatem,
3064 5322 3181 5359 non
3215 5306 3295 5359 ita
3326 5304 3383 5358 in
3418 5305 3510 5359 his
3534 5318 3659 5374 qua

2009 5404 2415 5473 contingentes
2434 5399 2737 5453 vocantur.
2763 5395 3012 5451 Necesse
3028 5394 3183 5449 enim
3198 5398 3287 5449 est
3308 5397 3484 5448 utaut
3504 5392 3659 5447 afﬁr-

2012 5493 2190 5548 matio
2211 5507 2343 5545 vera
2365 5489 2459 5557 sit,
2485 5490 2583 5541 aut
2609 5485 2865 5556 negatio,
2890 5484 2987 5539 sed
3018 5501 3127 5538 non
3160 5488 3223 5537 ut
3253 5483 3492 5537 deﬁnite
3514 5496 3666 5551 quaa-

2011 5583 2153 5637 libet
2174 5596 2373 5635 earum
2398 5593 2532 5631 vera
2555 5575 2651 5635 sit.
2676 5576 2859 5629 altera
2883 5573 3027 5627 falsa
3053 5572 3309 5626 deﬁnite.
3337 5571 3482 5625 Nam
3507 5566 3665 5637 quod

2013 5671 2260 5728 dicimus
2292 5666 2616 5723 Alexander
2655 5662 2941 5717 lavandus
2971 5668 3078 5725 cst,
3115 5661 3167 5714 id
3203 5663 3247 5714 si
3284 5660 3434 5712 alius
3467 5658 3662 5726 neget,

2014 5762 2285 5831 dicatque
2302 5774 2313 5814 :
2330 5751 2952 5813 Alexanderlavandus
2968 5767 3076 5804 non
3094 5753 3199 5816 est,
3218 5752 3403 5802 totum
3420 5744 3658 5816 quidem

3299 5866 3371 5924 11
