4094 6176
522 454 621 509 331

1804 452 1925 503 ΑΝ.
1966 450 2183 502 MANL.
2224 450 2383 503 BEV.
2423 450 2662 502 ΒΟΕΤΙΙ

522 582 637 638 hoc
672 599 908 639 necesse
939 586 1027 638 est
1051 580 1303 645 evenire,
1334 584 1396 633 ut
1418 582 1518 633 aut
1540 577 1784 641 lavetur,
1819 580 1919 628 aut
1947 572 2065 629 non
2099 572 2179 627 la-
2205 575 2253 639 Α
2289 589 2405 627 non
2419 572 3072 642 est,utrasqueverasin
3094 587 3211 626 uno
3226 571 3543 644 eodemque
3557 576 3881 649 contingere?

525 677 715 742 vetur,
750 680 805 728 et
837 688 1073 727 necesse
1104 679 1184 726 est
1215 685 1388 724 unam
1412 684 1541 723 esse
1563 682 1781 735 veram,
1806 664 2050 719 alteram
2078 660 2175 716 fal-

523 780 672 829 sam,
706 769 807 817 aut
838 761 1315 825 afﬁrmationem,
1341 756 1392 812 si
1419 757 1573 812 lotus
1595 755 1789 821 fuerit,
1815 758 1917 807 aut
1948 752 1991 805 si
2017 751 2172 806 lotus

523 869 639 907 non
675 851 866 917 fuerit,
902 850 1293 921 negationem.
1329 847 1440 903 Sed
1471 862 1586 900 non
1619 849 1708 898 est
1736 856 1974 897 necesse
1997 844 2060 893 ut
2081 840 2175 893 de-

527 941 689 995 ﬁnite
713 940 1026 995 afﬁrmatio
1050 955 1190 993 vera
1212 937 1310 1003 sit,
1333 935 1545 990 idcirco
1568 933 1721 1004 quod
1749 934 1805 986 in
1829 928 2173 1000 hujusmodi

527 1029 701 1085 rebus
755 1028 966 1099 poterit
1004 1026 1233 1082 evenire
1302 1023 1551 1093 negatio.
1600 1022 1706 1076 Sed
1761 1036 1862 1074 nec
1913 1032 2168 1087 unquam

526 1118 834 1173 deﬁnitum
867 1122 976 1183 est,
1008 1122 1071 1171 ut
1100 1115 1333 1187 negatio
1365 1131 1499 1169 vera
1522 1112 1621 1177 sit,
1656 1110 1803 1165 falsa
1835 1106 2169 1162 afﬁrmatio.

524 1207 741 1262 idcirco
772 1208 1049 1277 quoniam
1080 1210 1265 1277 potest
1297 1220 1412 1258 non
1442 1201 1670 1258 evenire
1701 1197 1950 1269 negatio.
1985 1195 2172 1259 Quare

521 1296 581 1351 in
607 1301 733 1351 tota
753 1296 1235 1361 contradictione,
1260 1309 1436 1347 unam
1458 1290 1694 1362 quidem
1716 1303 1934 1353 veram,
1963 1285 2169 1339 falsam

517 1387 757 1442 alteram
782 1403 911 1442 esse
935 1402 1172 1440 necesse
1202 1391 1308 1439 est.
1331 1383 1403 1438 Ut
1422 1387 1613 1437 autem
1639 1377 1877 1433 deﬁnite
1898 1393 2017 1431 una
2036 1390 2173 1428 vera

521 1477 617 1542 sit,
649 1476 831 1531 altera
865 1476 1011 1529 falsa
1043 1475 1300 1539 deﬁnite,
1333 1473 1489 1527 sicut
1518 1471 1576 1524 in
1602 1470 1694 1524 his
1717 1485 1843 1539 quae
1869 1470 2009 1521 sunt
2035 1481 2174 1536 prae-

521 1569 691 1623 terita
714 1583 957 1638 quasque
983 1565 1314 1637 praesentia,
1345 1562 1506 1617 nulla
1529 1560 1751 1615 ratione
1778 1574 1968 1612 rerum
1994 1557 2176 1627 possi-

521 1656 636 1713 bile
667 1662 773 1711 est.
806 1656 914 1711 Sed
949 1656 1056 1709 hoc
1089 1655 1251 1725 prius
1301 1648 1646 1707 Aristoteles
1690 1648 1747 1702 in
1782 1644 2170 1715 singularium

521 1747 1106 1819 praedicamentorum
1126 1742 1626 1816 propositionibus
1651 1737 1875 1810 probat.
1909 1735 2045 1791 Post
2068 1752 2171 1789 au-

524 1844 639 1891 tem
664 1836 816 1889 idem
841 1835 1049 1889 debere
1072 1834 1131 1887 in
1156 1829 1589 1887 universalibus
1611 1829 1778 1882 docet
1798 1823 2067 1895 intelligi.
2090 1824 2176 1879 Id-

2288 667 2408 717 Hoc
2436 662 2620 733 igitur
2640 663 2761 716 ﬁeri
2787 679 2900 716 non
2928 667 3154 733 potest;
3182 677 3336 715 unus
3360 676 3494 732 ergo
3509 678 3693 719 eorum
3709 682 3880 725 verum

2284 752 2576 814 dicturus,
2598 758 2687 806 est
2702 751 2853 808 alius
2880 751 3228 806 mentietur:
3256 755 3506 821 ponatur
3525 751 3667 807 enim
3692 770 3795 811 una
3809 773 3887 814 eo-

2283 857 2414 895 rum
2439 840 2677 895 deﬁnite
2697 857 2831 895 vera
2852 855 3003 909 esse,
3028 838 3115 895 vel
3142 839 3309 905 falsa,
3333 839 3382 895 si
3404 856 3537 911 ergo
3563 844 3742 899 omnis
3761 846 3891 901 afﬁr-

2285 930 2462 985 matio
2489 935 2543 984 et
2575 931 2807 1002 negatio
2838 947 2973 986 vera
2993 930 3081 984 vel
3118 929 3265 985 falsa
3295 934 3385 984 est
3409 930 3654 999 deﬁnite,
3686 938 3738 988 et
3762 940 3889 993 uter-

2282 1035 2395 1089 que
2426 1035 2645 1090 negans
2678 1019 3102 1089 afﬁrmansque
3127 1016 3245 1073 veri
3277 1017 3337 1073 in
3370 1019 3890 1080 contradictionibus

2281 1124 2407 1163 esse
2442 1125 2554 1163 non
2589 1113 2857 1180 possunt,
2887 1124 3123 1163 necesse
3157 1112 3245 1163 est
3272 1125 3454 1163 unum
3477 1125 3671 1164 verum
3702 1111 3890 1180 dicere,

2282 1197 2528 1252 alterum
2557 1198 2793 1263 falsum,
2813 1203 2869 1253 et
2883 1214 3065 1253 unum
3082 1197 3319 1252 deﬁnite
3334 1213 3556 1267 verum,
3572 1199 3801 1255 alterum
3816 1202 3899 1259 de-

2282 1287 2445 1341 ﬁnite
2478 1287 2712 1342 falsum.
2747 1288 2865 1342 Hoc
2884 1288 2931 1341 si
2950 1290 3040 1342 est
3057 1286 3116 1341 in
3138 1286 3416 1343 omnibus
3436 1288 3893 1348 afﬁrmationibus

2280 1386 2457 1453 atque
2488 1384 2923 1454 negationibus,
2958 1389 3020 1438 ut
3052 1401 3170 1440 una
3202 1383 3439 1439 deﬁnite
3463 1385 3604 1441 falsa
3620 1387 3712 1456 sit,
3739 1387 3900 1443 altera

2280 1488 2416 1526 vera
2446 1472 2704 1538 definite,
2740 1474 3029 1545 quidquid
3063 1490 3198 1528 vera
3230 1473 3373 1528 dicit
3425 1480 3757 1531 eventurum
3786 1493 3898 1532 eve-

2281 1562 2409 1616 nire
2440 1578 2676 1618 necesse
2724 1567 2834 1634 est,
2894 1562 3180 1634 quidquid
3246 1580 3362 1618 non
3413 1570 3750 1620 eventurum
3799 1583 3901 1623 non

2281 1652 2511 1707 evenire
2542 1669 2779 1708 necesse
2810 1657 2919 1719 est,
2954 1654 3063 1709 hoc
3096 1660 3185 1709 est
3214 1654 3370 1709 enim
3406 1657 3562 1725 quod
3587 1657 3667 1712 ait
3696 1673 3709 1711 :
3743 1658 3904 1713 Mani-

2283 1746 2493 1801 festum
2510 1752 2595 1802 est
2616 1747 2892 1819 quoniam
2914 1764 3149 1803 necesse
3162 1756 3244 1803 est
3260 1763 3461 1803 verum
3479 1748 3665 1804 dicere
3678 1750 3905 1806 alterum

2283 1834 2544 1906 ipsorum
2572 1858 2585 1904 ;
2613 1854 2800 1908 neque
2822 1838 2976 1892 enim
3004 1842 3194 1909 potest
3214 1837 3912 1912 ﬁeriutafﬁrmationega-

524 1925 675 1981 circo
699 1925 855 1980 enim
877 1926 977 1986 ait,
1005 1923 1062 1977 in
1083 1921 1487 1993 singularibus
1505 1934 1635 1973 vero
1657 1920 1713 1971 et
1730 1914 1944 1970 futuris
1965 1930 2077 1967 non
2101 1912 2162 1967 si-

2284 1926 2483 1997 tioque
2504 1927 2875 1982 consentiant
2897 1928 2955 1981 in
2978 1926 3216 1995 talibus,
3250 1926 3309 1982 id
3332 1932 3423 1982 est
3448 1927 3507 1983 in
3532 1930 3909 1985 contradictio-

526 2014 763 2070 militer.
794 2014 850 2067 ld
867 2018 956 2068 est
977 2013 1034 2067 in
1060 2010 1461 2083 singularibus
1477 2004 2005 2079 propositionibus,
2030 2006 2086 2056 et
2107 2001 2178 2054 de

527 2104 743 2177 quibus
765 2103 929 2174 prius
952 2105 1189 2168 tractat,
1231 2103 1287 2155 et
1312 2100 1370 2153 in
1399 2097 1636 2162 futuris,
1660 2095 1717 2149 id
1746 2098 1835 2149 est
1856 2093 1915 2147 in
1943 2090 2180 2147 contin-

525 2194 821 2267 gentibus,
846 2208 960 2246 non
984 2191 1138 2246 idem
1158 2190 1365 2243 modus
1381 2193 1471 2243 est
1488 2200 1754 2240 verarum
1777 2182 2183 2250 falsarumque

523 2281 1017 2355 propositionum,
1039 2279 1136 2350 qui
1159 2281 1248 2333 est
1276 2276 1332 2331 in
1360 2274 1666 2347 praeteritis
1689 2278 1863 2343 atque
1888 2267 2186 2341 praesenti-

521 2372 652 2428 bus.
678 2370 964 2434 Quoniam
989 2369 1048 2424 in
1070 2366 1376 2439 praeteritis
1400 2368 1577 2437 atque
1594 2360 2001 2434 praesentibus,
2021 2361 2078 2412 et
2100 2362 2184 2412 to-

519 2466 646 2518 tum
672 2459 1153 2517 contradictionis
1187 2474 1401 2529 corpus
1424 2457 1480 2509 in
1507 2454 1805 2509 veritatem
1837 2450 2179 2505 falsitatem-

521 2568 636 2622 que
659 2550 1031 2615 dividitur,et
1047 2564 1184 2602 vera
1196 2551 1416 2602 estuna
1433 2542 1691 2610 deﬁnite,
1716 2546 1780 2596 ut
1802 2539 1989 2612 possit
2005 2536 2179 2592 exhis

523 2644 716 2695 certus
749 2636 967 2709 aliquis
998 2654 1063 2693 ac
1096 2637 1292 2691 sciens
1324 2635 1517 2690 dicere
1550 2631 1829 2704 quoniam
1863 2627 2176 2684 afﬁrmatio

518 2745 658 2784 vera
685 2730 782 2796 sit,
806 2728 892 2783 vel
920 2745 1147 2793 rursus,
1175 2724 1454 2797 quoniam
1480 2722 1712 2794 negatio
1737 2742 1751 2789 ;
1779 2719 1863 2774 vel
1889 2718 1938 2773 si
1970 2718 2021 2772 id
2052 2715 2178 2790 nul_

518 2816 612 2873 lus
645 2816 874 2884 dixerit,
898 2816 1189 2886 certajam
1216 2812 1489 2885 praeteriti
1515 2808 1787 2881 temporis
1808 2808 1894 2861 vel
1929 2822 2177 2878 praesen-

518 2908 595 2963 tis
621 2907 948 2962 secundum
982 2905 1071 2961 sui
1104 2908 1373 2959 naturam
1399 2901 1566 2967 ratio,
1600 2904 1913 2967 certusque
1931 2901 2172 2951 eventus

518 3000 627 3063 est,
651 2996 711 3051 in
735 2996 828 3051 his
851 3011 983 3050 vero
1009 2995 1065 3049 in
1092 2995 1308 3066 quibus
1330 2992 1675 3063 contingens
1698 2993 1785 3045 est
1804 2992 1861 3042 et
1882 2987 2169 3055 futurum,

516 3086 578 3141 id
590 3084 965 3141 estvariabile
980 3083 1541 3150 etinstabile,totum
1560 3079 1797 3152 quidem
1813 3094 2024 3147 corpus
2042 3092 2172 3130 con-

513 3175 880 3231 tradictionis
894 3175 1193 3229 veritatem
1210 3172 1643 3242 falsitatemque
1657 3166 2032 3241 partitur,sed
2048 3166 2167 3219 haec

512 3264 723 3317 veritas
755 3267 929 3333 atque
960 3261 1186 3316 falsitas
1207 3261 1524 3316 indiscreta
1549 3264 1635 3314 est
1666 3262 1841 3329 atque
1862 3253 2156 3311 volubilis.
2190 3302 2232 3369 Ο

512 3351 557 3369 ιτ
608 3350 663 3369 I1,
702 3368 715 3369 γ
756 3352 893 3369 n,,:,-_
938 3354 1122 3369 ,,_a_-n
1161 3349 1340 3369 .I:___-
1386 3348 1650 3369 _____.:__.
1684 3346 1989 3369 -l‘ﬂ_.~._L!.‘
2022 3360 2151 3369 -.Λ-Α

509 3350 721 3406 Nullus
747 3352 899 3405 enim
936 3354 1126 3421 potest
1154 3349 1346 3404 dicere
1376 3348 1657 3419 quoniam
1681 3346 1992 3401 afﬁrmatio
2022 3360 2158 3399 vera

507 3444 615 3496 est.
640 3445 761 3496 Non
784 3445 873 3495 est
889 3440 1044 3494 enim
1063 3454 1299 3494 necesse
1321 3453 1518 3493 veram
1536 3452 1663 3491 esse
1685 3434 2153 3499 afﬁrmationem,

506 3529 723 3585 idcirco
754 3528 1033 3600 quoniam
1068 3526 1436 3599 negationem
1458 3526 1584 3580 ﬁeri
1611 3524 1893 3597 possibile
1915 3526 2023 3589 est,
2052 3538 2155 3576 nec

509 3636 719 3675 rursus
752 3617 1145 3690 negationem,
1177 3615 1457 3688 quoniam
1511 3630 1625 3669 non
1677 3618 1766 3668 est
1797 3610 2157 3683 impossibile

509 3708 959 3766 afﬁrmationem
1009 3705 1369 3776 contingere,
1423 3707 1480 3759 et
1530 3706 1825 3774 postremo
1878 3700 2153 3771 quoniam

507 3797 858 3854 utrumlibet
890 3797 1149 3868 ipsorum
1185 3793 1492 3866 contingit,
1532 3792 1751 3847 idcirco
1784 3808 1902 3846 una
1931 3807 2154 3859 earum,

506 3904 645 3943 vera
674 3903 803 3942 esse
847 3886 1083 3941 deﬁnite
1116 3891 1170 3941 et
1202 3888 1378 3950 certa,
1414 3881 1761 3938 naturaliter
1792 3897 1903 3935 non
1948 3885 2152 3951 potest,

512 3976 728 4047 quibus
742 3978 937 4031 autem
956 3974 1013 4028 id
1028 3970 2023 4045 argumentationibusexsequatur,
2040 3985 2158 4023 ma-

512 4066 791 4122 nifestum
823 4065 930 4121 erit
960 4065 1068 4120 hoc
1101 4064 1272 4119 modo
1307 4081 1320 4119 :

577 4175 712 4229 Nam
742 4175 792 4228 si
816 4174 993 4228 omnis
1024 4169 1326 4242 afﬁrmatio
1355 4170 1439 4225 vel
1469 4169 1711 4239 negatio,
1743 4184 1871 4223 vera
1896 4168 1980 4223 vel
2008 4168 2151 4238 falsa

507 4268 607 4330 est,
638 4268 690 4319 et
719 4279 878 4318 omne
896 4277 1114 4316 necesse
1142 4265 1217 4315 est
1246 4260 1329 4315 vel
1357 4276 1469 4314 esse
1500 4259 1583 4314 vel
1612 4274 1720 4312 non
1742 4273 1873 4312 esse.
1911 4260 2088 4323 Quare
2105 4258 2156 4311 si

505 4350 594 4405 hic
613 4351 831 4421 quidem
860 4350 1006 4404 dicat
1033 4352 1287 4419 futurum
1315 4347 1551 4417 aliquid,
1582 4345 1682 4400 ille
1712 4362 1837 4400 vero
1867 4361 1977 4399 non
2009 4344 2153 4400 dicat

503 4438 603 4494 hoc
632 4440 775 4494 idem
808 4441 1007 4510 ipsum,
1040 4440 1399 4509 manifestum
1441 4446 1516 4492 est
1545 4439 1806 4506 quoniam
1838 4451 2043 4489 necesse
2072 4444 2152 4491 est

501 4545 693 4583 verum
714 4528 894 4583 dicere
912 4529 1150 4583 alterum
1172 4527 1438 4597 ipsorum,
1460 4525 1511 4580 si
1533 4525 1711 4580 omnis
1736 4526 2044 4596 afﬁrmatio
2064 4525 2152 4579 vel

501 4619 722 4687 negatio
751 4634 879 4673 vera
909 4618 995 4672 vel
1022 4619 1173 4688 falsa
1196 4624 1291 4672 est.
1325 4616 1571 4689 Utrisque
1587 4615 1737 4671 enim
1752 4631 1861 4671 non
1893 4624 2056 4671 erant
2074 4614 2151 4669 si-

499 4708 618 4761 mul
651 4708 709 4762 in
740 4707 964 4763 talibus.

572 4814 632 4869 Si
664 4814 951 4885 quidquid
984 4814 1041 4867 in
1090 4812 1582 4868 afﬁrmationibus
1613 4811 2145 4883 negationibusque

498 4904 865 4975 proponitur,
889 4919 1092 4958 verum
1113 4902 1199 4958 vel
1221 4901 1436 4957 falsum
1466 4905 1555 4957 est
1578 4901 1837 4970 deﬁnite,
1881 4901 2149 4971 sequitur

495 4996 560 5047 ut
579 4993 735 5064 quod
757 4992 869 5047 illae
883 4992 1224 5065 negationes
1240 4990 1770 5060 afﬁrmationesque
1788 4989 2144 5055 signiﬁcant,

493 5087 597 5137 aut
617 5082 866 5148 evenire,
884 5088 990 5137 aut
1005 5099 1117 5136 non
1146 5081 1377 5136 evenire
1392 5096 1628 5135 necesse
1647 5079 1721 5133 sit
1736 5098 1749 5145 ;
1767 5079 1876 5133 hoc
1889 5084 1978 5134 est
1990 5079 2144 5135 enim

492 5172 646 5242 quod
670 5172 847 5226 dicit:
873 5175 1020 5225 Nam
1044 5171 1094 5225 si
1116 5170 1308 5225 omnis
1326 5168 1640 5225 afﬁrmatio
1654 5168 1740 5223 vel
1763 5168 1990 5235 negatio
2011 5185 2145 5225 vera

488 5260 579 5316 vel
612 5261 760 5316 falsa
793 5266 881 5317 est
912 5262 1147 5316 deﬁnite
1180 5279 1194 5328 ;
1228 5260 1446 5314 idcirco
1469 5260 1623 5315 enim
1650 5259 1813 5314 addit
1834 5259 2049 5314 omnis.
2077 5260 2141 5313 In

490 5347 585 5403 his
607 5350 765 5404 enim
790 5367 914 5420 quas
936 5354 1076 5405 sunt
1101 5351 1295 5404 futura
1317 5347 1404 5403 vel
1434 5348 1855 5418 contingentia,
1875 5365 1986 5402 non
2012 5364 2142 5403 esse

489 5437 912 5494 afﬁrmationes
942 5447 997 5494 et
1028 5437 1372 5508 negationes
1402 5454 1568 5493 veras
1586 5436 1674 5492 vel
1707 5437 1885 5493 falsas
1904 5438 2141 5493 deﬁnite

485 5528 731 5597 probare
768 5527 1086 5583 contendit.
1120 5527 1266 5581 Nam
1292 5528 1339 5581 si
1376 5544 1527 5581 unus
1549 5527 1705 5581 dicat
1734 5526 1955 5598 aliquid
1989 5527 2144 5583 futu-

484 5631 639 5685 rum,
672 5615 821 5671 alius
856 5620 1044 5687 neget,
1081 5620 1146 5669 ut
1172 5619 1416 5686 utraque
1447 5616 1733 5685 eveniant,
1759 5616 1882 5671 ﬁeri
1907 5632 2019 5671 non
2044 5633 2143 5687 po-

483 5706 600 5759 test
632 5721 645 5771 ;
681 5704 814 5774 quis
842 5704 998 5760 enim
1025 5704 1256 5773 dixerit,
1282 5704 1509 5761 dicente
1531 5704 1723 5777 aliquo
1746 5705 2011 5761 Socrates
2033 5722 2141 5763 cce-

489 5796 739 5847 naturus
769 5798 879 5860 est,
913 5794 1145 5866 alioque
1192 5798 1445 5867 negante
1496 5798 1761 5851 Socrates
1807 5801 2138 5852 cenaturus

2290 2017 2382 2072 nis
2399 2017 2919 2088 propositionibus.
2946 2016 3190 2074 Necesse
3207 2022 3295 2073 est
3313 2022 3513 2074 autem
3535 2020 3761 2076 evenire
3780 2037 3916 2093 qua-

2287 2122 2515 2177 cunque
2536 2123 2666 2163 vera
2690 2106 2926 2161 deﬁnite
2950 2106 3265 2161 afﬁrmatio
3292 2106 3580 2178 loquitur,
3602 2114 3785 2164 etnon
3809 2126 3917 2166 eve-

2287 2196 2411 2250 nire
2442 2197 2595 2267 quod
2628 2196 2844 2268 profert
2876 2196 3113 2252 deﬁnite
3149 2212 3282 2252 vera
3334 2198 3597 2270 negatio,
3650 2200 3799 2270 quod
3846 2200 3919 2254 sic

2286 2286 2513 2357 probat.

2356 2394 2501 2448 Nam
2521 2393 2571 2447 si
2590 2408 2779 2447 verum
2799 2401 2876 2447 est
2900 2393 3101 2459 dicere,
3124 2409 3261 2464 quon
3271 2392 3385 2450 iam
3402 2404 3485 2451 est
3509 2397 3700 2451 album
3725 2397 3807 2452 vel
3824 2412 3924 2453 non

2286 2482 2495 2549 album,
2530 2498 2739 2537 necesse
2769 2490 2845 2536 est
2869 2498 2985 2536 esse
3007 2483 3198 2537 albam
3226 2486 3308 2539 vel
3330 2501 3447 2540 non
3470 2486 3685 2541 album.
3709 2488 3773 2541 Bt
3792 2486 3840 2540 si
3856 2494 3925 2541 est

2281 2572 2468 2626 album
2497 2572 2579 2626 vel
2604 2587 2714 2625 non
2736 2570 2942 2637 album,
2977 2588 3167 2626 verum
3188 2581 3265 2627 est
3287 2574 3591 2643 afﬁrmare
3613 2576 3699 2629 vel
3718 2592 3928 2643 negare,

2282 2664 2332 2715 et
2361 2659 2410 2714 si
2439 2676 2549 2716 non
2578 2669 2677 2726 est,
2705 2662 2991 2729 mentitur,
3018 2666 3069 2715 et
3090 2663 3139 2715 si
3155 2663 3457 2731 mentitur,
3495 2680 3612 2719 non
3634 2668 3731 2720 est.
3766 2665 3930 2731 Quare

2278 2765 2489 2804 necesse
2515 2754 2591 2805 est
2621 2754 2715 2803 aut
2746 2748 3199 2820 affirmationem,
3236 2756 3334 2806 aut
3363 2755 3734 2822 negationem
3760 2768 3934 2809 veram

2277 2854 2389 2893 esse
2420 2839 2506 2893 vel
2534 2839 2759 2909 falsam.

2348 2946 2509 3009 Quod
2532 2946 2604 3000 de
2624 2947 2816 3001 futuro
2831 2945 3182 3016 possitessej
3196 2945 3487 3018 udicium,
3502 2967 3539 3005 a
3553 2951 3936 3022 praesentibus

2272 3034 2453 3089 trahit
2480 3034 2810 3106 exemplum
2847 3052 2859 3089 :
2896 3034 2976 3088 ait
2995 3034 3151 3090 enim
3176 3034 3327 3091 hanc
3349 3053 3490 3095 esse
3518 3057 3725 3096 rerum
3749 3054 3939 3096 conse-

2271 3124 2565 3194 quentiam
2577 3166 2590 3190 ,
2607 3132 2802 3179 utrem
2818 3122 3234 3179 subsistentem
3257 3129 3703 3197 propositionis
3717 3131 3941 3189 veritas-

2270 3216 2680 3283 consequatur,
2711 3212 3010 3268 veritatem
3038 3214 3468 3285 propositionis
3506 3218 3615 3289 rei,
3641 3220 3715 3275 de
3739 3238 3852 3292 qua
3872 3220 3942 3276 lo-

2272 3302 2474 3372 quitur
2504 3300 2844 3373 propositio,
2878 3300 3133 3357 essentia
3178 3304 3532 3363 comitetur.
3570 3308 3727 3363 Nam
3778 3309 3827 3364 si
3855 3308 3941 3364 hic

2266 3391 2416 3462 lapis
2447 3390 2533 3446 vel
2567 3389 2869 3463 quodlibet
2891 3390 3048 3447 aliud
3073 3392 3272 3448 album
3293 3399 3413 3465 est,
3432 3412 3656 3453 verum
3682 3403 3773 3453 est
3797 3399 3865 3454 de
3884 3414 3944 3453 eo

2266 3481 2457 3536 dicere
2487 3480 2767 3551 quoniam
2799 3479 2999 3536 album
3022 3485 3132 3549 est,
3160 3486 3215 3536 et
3236 3480 3350 3538 hoc
3374 3487 3787 3542 convertitur.
3809 3487 3945 3543 Nam

2267 3571 2312 3624 si
2352 3585 2553 3625 verum
2585 3574 2674 3625 est
2699 3570 2889 3625 dicere
2921 3572 2990 3625 de
3021 3586 3087 3625 eo
3106 3570 3398 3641 quoniam
3428 3574 3649 3631 album
3687 3582 3802 3645 est,
3826 3577 3943 3632 sine

2266 3659 2445 3714 dubio
2479 3659 2675 3714 album
2707 3664 2816 3729 est,
2853 3663 2909 3714 et
2935 3657 3133 3715 album
3157 3676 3287 3716 esse
3308 3677 3575 3720 necesse
3610 3670 3727 3732 est,
3760 3665 3947 3737 itaque

2264 3750 2331 3803 ﬁt
2358 3754 2421 3803 ut
2450 3766 2541 3803 res
2558 3749 2889 3814 veritatem,
2914 3754 2970 3804 et
2993 3750 3205 3804 veritas
3230 3765 3385 3821 rem,
3411 3754 3496 3809 de
3527 3771 3656 3827 qua
3689 3753 3955 3828 proponi-

2263 3837 2377 3903 tur,
2420 3833 2834 3904 subsequatur.
2863 3838 3089 3889 Rursus
3113 3835 3161 3889 si
3188 3833 3277 3890 hic
3298 3834 3469 3909 lapis
3494 3841 3685 3896 albus
3704 3858 3823 3896 non
3845 3844 3952 3905 est,

2261 3938 2462 3977 verum
2483 3927 2571 3978 est
2600 3923 2670 3978 de
2702 3939 2766 3978 eo
2794 3923 2985 3978 dicere
3004 3924 3280 3994 quoniam
3301 3943 3431 3983 non
3468 3934 3571 3985 est
3603 3929 3809 4001 albus,
3839 3935 3893 3985 et
3908 3927 3955 3984 si

2264 4011 2334 4065 de
2357 4027 2422 4065 eo
2443 4026 2643 4065 verum
2668 4010 2965 4080 estldicere
2986 4011 3262 4083 quoniam
3288 4030 3413 4069 non
3442 4022 3545 4073 est
3570 4017 3777 4083 albus,
3803 4021 3864 4072 ut
3884 4015 3952 4071 sit

2263 4098 2435 4154 albus
2456 4099 2578 4153 ﬁeri
2594 4116 2708 4154 non
2726 4104 2933 4169 potest,
2952 4118 3086 4155 cum
3102 4116 3233 4155 vere
3254 4102 3834 4178 dicaturquoniam
3854 4120 3961 4161 non

2262 4192 2351 4243 est
2365 4186 2723 4243 albus.Idem
2739 4204 2964 4259 quoque
2980 4188 3153 4245 etiam
3170 4191 3229 4245 in
3247 4194 3611 4251 mendaciis
3626 4195 3808 4251 valet.
3824 4195 3960 4250 Nam

2263 4277 2309 4332 si
2343 4277 2482 4347 quid
2517 4294 2630 4332 non
2662 4283 2770 4346 est,
2805 4293 2936 4333 cum
2975 4277 3084 4333 hoc
3136 4278 3359 4350 aliquis
3418 4299 3573 4340 esse
3629 4282 3959 4359 proposuit,

2264 4368 2592 4421 mentietur.
2618 4370 2682 4419 Et
2704 4366 2750 4420 si
2775 4367 2910 4436 quis
2933 4367 3002 4421 de
3024 4366 3138 4422 alio
3163 4370 3539 4442 mentietur,
3570 4373 3737 4431 illud
3763 4377 3836 4430 de
3859 4386 3964 4444 quo

2262 4458 2327 4511 ﬁt
2356 4456 2729 4510 mendacium
2763 4472 2875 4510 non
2909 4461 3018 4523 est,
3053 4460 3118 4510 ut
3146 4456 3197 4511 si
3239 4474 3437 4527 quam
3477 4479 3621 4520 rem
3670 4481 3815 4521 cum
3846 4460 3971 4519 alba

2261 4561 2376 4600 non
2410 4546 2487 4600 sit
2516 4545 2694 4611 dicat,
2732 4544 2947 4615 aliquis
2970 4560 3098 4600 esse
3120 4545 3315 4601 albam
3347 4553 3681 4609 mentitus
3704 4559 3821 4619 est,
3840 4566 3970 4625 quo-

2262 4635 2415 4689 circa
2447 4650 2685 4688 necesse
2713 4638 2801 4688 est
2829 4632 2973 4687 illud
2997 4650 3229 4705 quoque
3252 4653 3377 4692 non
3400 4655 3556 4697 esse
3583 4645 3663 4699 de
3680 4659 3803 4716 quo
3825 4657 3976 4699 men-

2263 4723 2407 4778 titus
2439 4728 2547 4778 est.
2581 4725 2669 4777 Ita
2712 4722 2893 4793 igitur
2919 4722 3136 4779 veritas
3168 4725 3425 4796 quidem
3464 4731 3562 4787 rei
3599 4750 3744 4805 quas
3778 4738 3887 4801 est,
3920 4735 3971 4786 et

2257 4830 2349 4869 res
2394 4830 2519 4881 qua:
2551 4816 2639 4867 est
2666 4813 2914 4881 veritati,
2947 4812 3172 4869 falsitas
3220 4831 3367 4873 vero
3405 4822 3502 4875 rei
3540 4838 3686 4894 quae
3721 4840 3846 4880 non
3876 4824 3976 4889 est,

2257 4908 2313 4958 et
2339 4919 2431 4958 res
2457 4918 2587 4974 quas
2606 4918 2719 4956 non
2744 4906 2852 4971 est,
2878 4901 3120 4958 falsitati
3143 4908 3577 4982 convertitur,
3603 4915 3777 4984 quod
3806 4913 3857 4969 si
3880 4911 3981 4966 hoc

2256 4999 2345 5049 est
2365 4992 2421 5045 in
2448 4991 2726 5047 omnibus
2751 4991 2943 5054 rebus,
2965 4993 3249 5063 quidquid
3276 4995 3535 5055 dicitur
3560 5018 3717 5059 cum
3742 5002 3978 5059 veritate

2255 5080 2345 5137 vel
2369 5080 2647 5148 falsitate,
2671 5080 2741 5135 ad
2767 5097 2889 5135 rem
2915 5098 3042 5152 quae
3068 5087 3157 5137 est
3177 5082 3262 5138 vel
3285 5100 3424 5142 non
3455 5096 3565 5147 est
3586 5093 3981 5149 convertitur.

2256 5169 2376 5225 sive
2399 5169 2632 5240 negatio
2652 5170 2746 5232 sit,
2767 5169 2886 5225 sive
2908 5171 3244 5242 afﬁrmatio,
3264 5178 3327 5228 et
3354 5192 3573 5235 unum
3597 5199 3814 5238 veram
3841 5194 3981 5237 sem-

2256 5274 2378 5328 per,
2403 5257 2649 5312 alteram
2668 5255 2872 5312 falsam
2896 5274 3025 5313 esse
3047 5276 3282 5315 necesse
3302 5268 3419 5318 est
3450 5283 3466 5333 ;
3495 5267 3555 5323 si
3590 5286 3726 5326 una
3747 5269 3983 5327 deﬁnite

2252 5364 2387 5402 vera
2405 5352 2512 5412 est,
2549 5347 2914 5418 impossibile
2937 5348 3215 5421 quiddam
3239 5366 3314 5405 ex
3344 5353 3480 5410 hac
3505 5361 3838 5430 positione
3859 5375 3989 5417 con-

2252 5437 2457 5509 tinget.
2491 5437 2763 5491 Evenient
2796 5454 3054 5507 namque
3104 5438 3335 5508 omnia,
3392 5460 3823 5524 qumcunque
3857 5451 3990 5507 sunt

2250 5525 2336 5581 vel
2360 5527 2592 5580 ﬁuntex
2613 5526 2962 5582 necessitate
2983 5526 3131 5595 ﬁeri,
3156 5526 3397 5586 etnihil
3424 5551 3464 5589 a
3492 5553 3686 5607 casu,
3705 5540 3988 5610 nihilque

2250 5632 2379 5672 esse
2409 5612 2686 5686 possibile
2717 5615 2871 5685 quod
2898 5615 2996 5685 sit,
3021 5622 3078 5673 et
3110 5634 3225 5673 non
3257 5632 3415 5676 esse
3454 5629 3806 5697 possibile.
3831 5624 3985 5686 Nihil

2251 5705 2428 5761 etiam
2452 5702 2511 5757 in
2535 5701 2705 5758 liberi
2726 5704 2955 5759 arbitrii
2976 5707 3399 5766 moderamine
3422 5714 3866 5792 relinquetur,
3890 5714 3990 5773 sed

2252 5799 2441 5852 totum
2457 5791 2567 5849 erit
2588 5806 2659 5848 ex
2678 5794 3048 5854 necessitate.
3072 5797 3390 5868 quidquid
3414 5791 3746 5867 evenerit.
3769 5807 3927 5867 Nam
3946 5802 3995 5863 si
