  <div class='ocr_page' id='page_1' title='image "/cluster/home/n/w/nwhite01/storage/ocr_20150623/64/hvd.32044073505125/182.png"; bbox 0 0 4060 6178; ppageno 0'>
   <div class='ocr_carea' id='block_1_1' title="bbox 256 290 367 346">
    <p class='ocr_par' dir='ltr' id='par_1_1' title="bbox 256 290 367 346">
     <span class='ocr_line' id='line_1_1' title="bbox 256 290 367 346; baseline 0 0"><span class='ocrx_word' id='word_1_1' title='bbox 256 290 367 346; x_wconf 84' lang='grc'>353</span> 
     </span>
    </p>
   </div>
   <div class='ocr_carea' id='block_1_2' title="bbox 259 414 1911 486">
    <p class='ocr_par' dir='ltr' id='par_1_2' title="bbox 259 414 1911 486">
     <span class='ocr_line' id='line_1_2' title="bbox 259 414 1911 486; baseline -0.001 -17"><span class='ocrx_word' id='word_1_2' title='bbox 259 414 385 470; x_wconf 68' lang='lat' dir='ltr'>haec</span> <span class='ocrx_word' id='word_1_3' title='bbox 407 430 544 469; x_wconf 89' lang='lat' dir='ltr'>vero</span> <span class='ocrx_word' id='word_1_4' title='bbox 566 414 826 469; x_wconf 85' lang='lat' dir='ltr'>secunda</span> <span class='ocrx_word' id='word_1_5' title='bbox 844 414 1219 485; x_wconf 72' lang='lat' dir='ltr'>praedicatum</span> <span class='ocrx_word' id='word_1_6' title='bbox 1246 415 1482 486; x_wconf 80' lang='lat' dir='ltr'>quidem</span> <span class='ocrx_word' id='word_1_7' title='bbox 1515 414 1911 481; x_wconf 79' lang='lat' dir='ltr'>ﬁnitum,sub-</span> 
     </span>
    </p>
   </div>
   <div class='ocr_carea' id='block_1_3' title="bbox 252 503 1912 577">
    <p class='ocr_par' dir='ltr' id='par_1_3' title="bbox 252 503 1912 577">
     <span class='ocr_line' id='line_1_3' title="bbox 252 503 1912 577; baseline -0.003 -15"><span class='ocrx_word' id='word_1_8' title='bbox 252 512 478 577; x_wconf 58' lang='lat' dir='ltr'>lectum</span> <span class='ocrx_word' id='word_1_9' title='bbox 509 522 643 560; x_wconf 89' lang='lat' dir='ltr'>vero</span> <span class='ocrx_word' id='word_1_10' title='bbox 672 505 993 573; x_wconf 87' lang='lat' dir='ltr'>inﬁnitum;</span> <span class='ocrx_word' id='word_1_11' title='bbox 1025 512 1082 560; x_wconf 91' lang='lat' dir='ltr'>et</span> <span class='ocrx_word' id='word_1_12' title='bbox 1106 506 1205 560; x_wconf 88' lang='lat' dir='ltr'>illa</span> <span class='ocrx_word' id='word_1_13' title='bbox 1232 507 1465 575; x_wconf 84' lang='lat' dir='ltr'>quidem</span> <span class='ocrx_word' id='word_1_14' title='bbox 1481 510 1571 560; x_wconf 88' lang='lat' dir='ltr'>est</span> <span class='ocrx_word' id='word_1_15' title='bbox 1600 503 1912 559; x_wconf 85' lang='lat' dir='ltr'>afﬁrmatio</span> 
     </span>
    </p>
   </div>
   <div class='ocr_carea' id='block_1_4' title="bbox 265 594 1927 665">
    <p class='ocr_par' dir='ltr' id='par_1_4' title="bbox 265 594 1927 665">
     <span class='ocr_line' id='line_1_4' title="bbox 265 594 1927 665; baseline -0.002 -16"><span class='ocrx_word' id='word_1_16' title='bbox 265 612 335 649; x_wconf 83' lang='lat' dir='ltr'>ex</span> <span class='ocrx_word' id='word_1_17' title='bbox 370 596 607 648; x_wconf 87' lang='lat' dir='ltr'>duobus</span> <span class='ocrx_word' id='word_1_18' title='bbox 635 594 905 662; x_wconf 87' lang='lat' dir='ltr'>inﬁnitis,</span> <span class='ocrx_word' id='word_1_19' title='bbox 940 594 1056 649; x_wconf 64' lang='lat' dir='ltr'>haec</span> <span class='ocrx_word' id='word_1_20' title='bbox 1086 611 1218 650; x_wconf 91' lang='lat' dir='ltr'>vero</span> <span class='ocrx_word' id='word_1_21' title='bbox 1250 612 1317 649; x_wconf 88' lang='lat' dir='ltr'>ex</span> <span class='ocrx_word' id='word_1_22' title='bbox 1350 594 1513 649; x_wconf 91' lang='lat' dir='ltr'>ﬁnito</span> <span class='ocrx_word' id='word_1_23' title='bbox 1539 594 1847 665; x_wconf 69' lang='lat' dir='ltr'>przedicato</span> <span class='ocrx_word' id='word_1_24' title='bbox 1870 596 1927 645; x_wconf 90' lang='lat' dir='ltr'>et</span> 
     </span>
    </p>
   </div>
   <div class='ocr_carea' id='block_1_5' title="bbox 278 682 1470 754">
    <p class='ocr_par' dir='ltr' id='par_1_5' title="bbox 278 682 1470 754">
     <span class='ocr_line' id='line_1_5' title="bbox 278 682 1470 754; baseline -0.002 -15"><span class='ocrx_word' id='word_1_25' title='bbox 278 684 551 754; x_wconf 87' lang='lat' dir='ltr'>subjecto</span> <span class='ocrx_word' id='word_1_26' title='bbox 581 682 814 737; x_wconf 89' lang='lat' dir='ltr'>inﬁnito</span> <span class='ocrx_word' id='word_1_27' title='bbox 839 684 1067 754; x_wconf 86' lang='lat' dir='ltr'>negatio</span> <span class='ocrx_word' id='word_1_28' title='bbox 1100 683 1470 739; x_wconf 80' lang='lat' dir='ltr'>universalis.</span> 
     </span>
    </p>
   </div>
   <div class='ocr_carea' id='block_1_6' title="bbox 334 816 1925 888">
    <p class='ocr_par' dir='ltr' id='par_1_6' title="bbox 334 816 1925 888">
     <span class='ocr_line' id='line_1_6' title="bbox 334 816 1925 888; baseline -0.004 -16"><span class='ocrx_word' id='word_1_29' title='bbox 334 818 692 887; x_wconf 79' lang='lat' dir='ltr'>Transposita</span> <span class='ocrx_word' id='word_1_30' title='bbox 711 832 837 871; x_wconf 87' lang='lat' dir='ltr'>vero</span> <span class='ocrx_word' id='word_1_31' title='bbox 856 816 1081 872; x_wconf 82' lang='lat' dir='ltr'>nomina</span> <span class='ocrx_word' id='word_1_32' title='bbox 1101 826 1151 873; x_wconf 88' lang='grc' dir='ltr'>ει</span> <span class='ocrx_word' id='word_1_33' title='bbox 1168 818 1330 873; x_wconf 87' lang='lat' dir='ltr'>verba</span> <span class='ocrx_word' id='word_1_34' title='bbox 1354 819 1498 873; x_wconf 86' lang='lat' dir='ltr'>idem</span> <span class='ocrx_word' id='word_1_35' title='bbox 1516 816 1925 888; x_wconf 77' lang='lat' dir='ltr'>signiﬁcant,ut</span> 
     </span>
    </p>
   </div>
   <div class='ocr_carea' id='block_1_7' title="bbox 257 907 1923 974">
    <p class='ocr_par' dir='ltr' id='par_1_7' title="bbox 257 907 1923 974">
     <span class='ocr_line' id='line_1_7' title="bbox 257 907 1923 974; baseline -0.002 -11"><span class='ocrx_word' id='word_1_36' title='bbox 257 911 337 963; x_wconf 77' lang='lat' dir='ltr'>est</span> <span class='ocrx_word' id='word_1_37' title='bbox 370 909 545 962; x_wconf 85' lang='lat' dir='ltr'>albus</span> <span class='ocrx_word' id='word_1_38' title='bbox 579 907 765 974; x_wconf 90' lang='lat' dir='ltr'>homo,</span> <span class='ocrx_word' id='word_1_39' title='bbox 798 916 875 963; x_wconf 80' lang='lat' dir='ltr'>est</span> <span class='ocrx_word' id='word_1_40' title='bbox 901 908 1060 964; x_wconf 84' lang='lat' dir='ltr'>homo</span> <span class='ocrx_word' id='word_1_41' title='bbox 1090 908 1267 964; x_wconf 86' lang='lat' dir='ltr'>albus.</span> <span class='ocrx_word' id='word_1_42' title='bbox 1300 910 1444 964; x_wconf 86' lang='lat' dir='ltr'>Nam</span> <span class='ocrx_word' id='word_1_43' title='bbox 1476 908 1525 963; x_wconf 87' lang='lat' dir='ltr'>si</span> <span class='ocrx_word' id='word_1_44' title='bbox 1556 907 1653 963; x_wconf 86' lang='lat' dir='ltr'>hoc</span> <span class='ocrx_word' id='word_1_45' title='bbox 1683 922 1791 961; x_wconf 88' lang='lat' dir='ltr'>non</span> <span class='ocrx_word' id='word_1_46' title='bbox 1821 914 1923 970; x_wconf 83' lang='lat' dir='ltr'>est,</span> 
     </span>
    </p>
   </div>
   <div class='ocr_carea' id='block_1_8' title="bbox 260 994 1927 1069">
    <p class='ocr_par' dir='ltr' id='par_1_8' title="bbox 260 994 1927 1069">
     <span class='ocr_line' id='line_1_8' title="bbox 260 994 1927 1069; baseline -0.001 -18"><span class='ocrx_word' id='word_1_47' title='bbox 260 997 519 1069; x_wconf 76' lang='lat' dir='ltr'>ejusdem</span> <span class='ocrx_word' id='word_1_48' title='bbox 534 997 731 1053; x_wconf 65' lang='lat' dir='ltr'>multae</span> <span class='ocrx_word' id='word_1_49' title='bbox 750 1002 909 1051; x_wconf 80' lang='lat' dir='ltr'>erunt</span> <span class='ocrx_word' id='word_1_50' title='bbox 926 1000 1377 1068; x_wconf 82' lang='lat' dir='ltr'>negationes.Sed</span> <span class='ocrx_word' id='word_1_51' title='bbox 1396 1003 1669 1053; x_wconf 84' lang='lat' dir='ltr'>ostensum</span> <span class='ocrx_word' id='word_1_52' title='bbox 1687 1006 1767 1051; x_wconf 81' lang='lat' dir='ltr'>est</span> <span class='ocrx_word' id='word_1_53' title='bbox 1788 994 1927 1066; x_wconf 87' lang='lat' dir='ltr'>quod</span> 
     </span>
    </p>
   </div>
   <div class='ocr_carea' id='block_1_9' title="bbox 258 1086 1929 1157">
    <p class='ocr_par' dir='ltr' id='par_1_9' title="bbox 258 1086 1929 1157">
     <span class='ocr_line' id='line_1_9' title="bbox 258 1086 1929 1157; baseline -0.002 -16"><span class='ocrx_word' id='word_1_54' title='bbox 258 1104 368 1141; x_wconf 81' lang='lat' dir='ltr'>una</span> <span class='ocrx_word' id='word_1_55' title='bbox 403 1086 580 1141; x_wconf 72' lang='lat' dir='ltr'>unius</span> <span class='ocrx_word' id='word_1_56' title='bbox 607 1090 702 1141; x_wconf 87' lang='lat' dir='ltr'>est.</span> <span class='ocrx_word' id='word_1_57' title='bbox 741 1088 873 1156; x_wconf 82' lang='lat' dir='ltr'>Ejus</span> <span class='ocrx_word' id='word_1_58' title='bbox 903 1086 1054 1141; x_wconf 84' lang='lat' dir='ltr'>enim</span> <span class='ocrx_word' id='word_1_59' title='bbox 1084 1102 1208 1157; x_wconf 76' lang='lat' dir='ltr'>quae</span> <span class='ocrx_word' id='word_1_60' title='bbox 1237 1092 1334 1154; x_wconf 87' lang='lat' dir='ltr'>est,</span> <span class='ocrx_word' id='word_1_61' title='bbox 1366 1097 1443 1142; x_wconf 87' lang='grc' dir='ltr'>εει</span> <span class='ocrx_word' id='word_1_62' title='bbox 1466 1088 1622 1141; x_wconf 85' lang='lat' dir='ltr'>albus</span> <span class='ocrx_word' id='word_1_63' title='bbox 1651 1087 1929 1150; x_wconf 86' lang='lat' dir='ltr'>homo,ne-</span> 
     </span>
    </p>
   </div>
   <div class='ocr_carea' id='block_1_10' title="bbox 255 1176 1928 1249">
    <p class='ocr_par' dir='ltr' id='par_1_10' title="bbox 255 1176 1928 1249">
     <span class='ocr_line' id='line_1_10' title="bbox 255 1176 1928 1249; baseline -0.002 -18"><span class='ocrx_word' id='word_1_64' title='bbox 255 1176 413 1246; x_wconf 80' lang='lat' dir='ltr'>galia</span> <span class='ocrx_word' id='word_1_65' title='bbox 445 1186 549 1243; x_wconf 88' lang='grc' dir='ltr'><em>εει,</em></span> <span class='ocrx_word' id='word_1_66' title='bbox 579 1194 689 1231; x_wconf 82' lang='lat' dir='ltr'>non</span> <span class='ocrx_word' id='word_1_67' title='bbox 719 1183 802 1232; x_wconf 80' lang='lat' dir='ltr'>est</span> <span class='ocrx_word' id='word_1_68' title='bbox 833 1178 993 1232; x_wconf 83' lang='lat' dir='ltr'>albus</span> <span class='ocrx_word' id='word_1_69' title='bbox 1022 1178 1202 1244; x_wconf 91' lang='lat' dir='ltr'>homo,</span> <span class='ocrx_word' id='word_1_70' title='bbox 1237 1179 1358 1248; x_wconf 75' lang='lat' dir='ltr'>ejus</span> <span class='ocrx_word' id='word_1_71' title='bbox 1388 1194 1514 1233; x_wconf 84' lang='lat' dir='ltr'>vero</span> <span class='ocrx_word' id='word_1_72' title='bbox 1546 1192 1672 1249; x_wconf 76' lang='lat' dir='ltr'>quae</span> <span class='ocrx_word' id='word_1_73' title='bbox 1717 1180 1817 1238; x_wconf 86' lang='lat' dir='ltr'>est,</span> <span class='ocrx_word' id='word_1_74' title='bbox 1849 1190 1928 1243; x_wconf 80' lang='grc' dir='ltr'>εει</span> 
     </span>
    </p>
   </div>
   <div class='ocr_carea' id='block_1_11' title="bbox 260 1264 1927 1338">
    <p class='ocr_par' dir='ltr' id='par_1_11' title="bbox 260 1264 1927 1338">
     <span class='ocr_line' id='line_1_11' title="bbox 260 1264 1927 1338; baseline -0.002 -18"><span class='ocrx_word' id='word_1_75' title='bbox 260 1268 425 1321; x_wconf 86' lang='lat' dir='ltr'>homo</span> <span class='ocrx_word' id='word_1_76' title='bbox 457 1265 695 1331; x_wconf 84' lang='lat' dir='ltr'>albus,si</span> <span class='ocrx_word' id='word_1_77' title='bbox 742 1281 850 1320; x_wconf 80' lang='lat' dir='ltr'>non</span> <span class='ocrx_word' id='word_1_78' title='bbox 882 1267 1083 1321; x_wconf 81' lang='lat' dir='ltr'>eadem</span> <span class='ocrx_word' id='word_1_79' title='bbox 1138 1270 1215 1321; x_wconf 83' lang='lat' dir='ltr'>est</span> <span class='ocrx_word' id='word_1_80' title='bbox 1244 1268 1301 1323; x_wconf 85' lang='lat' dir='ltr'>ei</span> <span class='ocrx_word' id='word_1_81' title='bbox 1327 1282 1453 1338; x_wconf 67' lang='lat' dir='ltr'>quae</span> <span class='ocrx_word' id='word_1_82' title='bbox 1506 1276 1610 1331; x_wconf 83' lang='lat' dir='ltr'>est,</span> <span class='ocrx_word' id='word_1_83' title='bbox 1643 1276 1719 1320; x_wconf 83' lang='lat' dir='ltr'>est</span> <span class='ocrx_word' id='word_1_84' title='bbox 1767 1264 1927 1319; x_wconf 84' lang='lat' dir='ltr'>albus</span> 
     </span>
    </p>
   </div>
   <div class='ocr_carea' id='block_1_12' title="bbox 259 1356 1926 1427">
    <p class='ocr_par' dir='ltr' id='par_1_12' title="bbox 259 1356 1926 1427">
     <span class='ocr_line' id='line_1_12' title="bbox 259 1356 1926 1427; baseline -0.002 -16"><span class='ocrx_word' id='word_1_85' title='bbox 259 1356 446 1422; x_wconf 85' lang='lat' dir='ltr'>homo,</span> <span class='ocrx_word' id='word_1_86' title='bbox 483 1357 591 1410; x_wconf 80' lang='lat' dir='ltr'>erit</span> <span class='ocrx_word' id='word_1_87' title='bbox 619 1357 840 1424; x_wconf 80' lang='lat' dir='ltr'>negatio</span> <span class='ocrx_word' id='word_1_88' title='bbox 869 1356 953 1411; x_wconf 89' lang='lat' dir='ltr'>vel</span> <span class='ocrx_word' id='word_1_89' title='bbox 982 1372 1043 1411; x_wconf 89' lang='lat' dir='ltr'>ea</span> <span class='ocrx_word' id='word_1_90' title='bbox 1070 1372 1197 1427; x_wconf 69' lang='lat' dir='ltr'>qua?</span> <span class='ocrx_word' id='word_1_91' title='bbox 1225 1361 1324 1423; x_wconf 83' lang='lat' dir='ltr'>est,</span> <span class='ocrx_word' id='word_1_92' title='bbox 1374 1374 1483 1411; x_wconf 85' lang='lat' dir='ltr'>non</span> <span class='ocrx_word' id='word_1_93' title='bbox 1514 1366 1593 1412; x_wconf 80' lang='lat' dir='ltr'>est</span> <span class='ocrx_word' id='word_1_94' title='bbox 1623 1372 1733 1411; x_wconf 84' lang='lat' dir='ltr'>non</span> <span class='ocrx_word' id='word_1_95' title='bbox 1766 1356 1926 1409; x_wconf 87' lang='lat' dir='ltr'>homo</span> 
     </span>
    </p>
   </div>
   <div class='ocr_carea' id='block_1_13' title="bbox 260 1446 1925 1517">
    <p class='ocr_par' dir='ltr' id='par_1_13' title="bbox 260 1446 1925 1517">
     <span class='ocr_line' id='line_1_13' title="bbox 260 1446 1925 1517; baseline -0.002 -15"><span class='ocrx_word' id='word_1_96' title='bbox 260 1448 447 1514; x_wconf 79' lang='lat' dir='ltr'>albus,</span> <span class='ocrx_word' id='word_1_97' title='bbox 485 1447 568 1501; x_wconf 86' lang='lat' dir='ltr'>vel</span> <span class='ocrx_word' id='word_1_98' title='bbox 594 1463 657 1501; x_wconf 90' lang='lat' dir='ltr'>ea</span> <span class='ocrx_word' id='word_1_99' title='bbox 688 1462 813 1517; x_wconf 71' lang='lat' dir='ltr'>quae</span> <span class='ocrx_word' id='word_1_100' title='bbox 841 1456 939 1513; x_wconf 80' lang='lat' dir='ltr'>est,</span> <span class='ocrx_word' id='word_1_101' title='bbox 975 1464 1083 1502; x_wconf 84' lang='lat' dir='ltr'>non</span> <span class='ocrx_word' id='word_1_102' title='bbox 1114 1456 1193 1503; x_wconf 87' lang='grc' dir='ltr'>εει</span> <span class='ocrx_word' id='word_1_103' title='bbox 1214 1448 1371 1504; x_wconf 85' lang='lat' dir='ltr'>homo</span> <span class='ocrx_word' id='word_1_104' title='bbox 1401 1449 1580 1502; x_wconf 82' lang='lat' dir='ltr'>albus.</span> <span class='ocrx_word' id='word_1_105' title='bbox 1614 1446 1716 1501; x_wconf 78' lang='lat' dir='ltr'>Sed</span> <span class='ocrx_word' id='word_1_106' title='bbox 1741 1448 1925 1500; x_wconf 75' lang='lat' dir='ltr'>altera</span> 
     </span>
    </p>
   </div>
   <div class='ocr_carea' id='block_1_14' title="bbox 261 1536 1921 1607">
    <p class='ocr_par' dir='ltr' id='par_1_14' title="bbox 261 1536 1921 1607">
     <span class='ocr_line' id='line_1_14' title="bbox 261 1536 1921 1607; baseline 0 -18"><span class='ocrx_word' id='word_1_107' title='bbox 261 1536 493 1606; x_wconf 76' lang='lat' dir='ltr'>quidem</span> <span class='ocrx_word' id='word_1_108' title='bbox 519 1540 597 1590; x_wconf 87' lang='lat' dir='ltr'>est</span> <span class='ocrx_word' id='word_1_109' title='bbox 629 1538 851 1607; x_wconf 84' lang='lat' dir='ltr'>negatio</span> <span class='ocrx_word' id='word_1_110' title='bbox 883 1537 1003 1607; x_wconf 84' lang='lat' dir='ltr'>ejus</span> <span class='ocrx_word' id='word_1_111' title='bbox 1032 1551 1155 1607; x_wconf 66' lang='lat' dir='ltr'>qua:</span> <span class='ocrx_word' id='word_1_112' title='bbox 1186 1541 1284 1603; x_wconf 80' lang='lat' dir='ltr'>est,</span> <span class='ocrx_word' id='word_1_113' title='bbox 1314 1542 1393 1591; x_wconf 86' lang='lat' dir='ltr'>est</span> <span class='ocrx_word' id='word_1_114' title='bbox 1426 1554 1536 1593; x_wconf 86' lang='lat' dir='ltr'>non</span> <span class='ocrx_word' id='word_1_115' title='bbox 1567 1536 1723 1591; x_wconf 89' lang='lat' dir='ltr'>homo</span> <span class='ocrx_word' id='word_1_116' title='bbox 1739 1536 1921 1604; x_wconf 81' lang='lat' dir='ltr'>albus,</span> 
     </span>
    </p>
   </div>
   <div class='ocr_carea' id='block_1_15' title="bbox 260 1626 1927 1695">
    <p class='ocr_par' dir='ltr' id='par_1_15' title="bbox 260 1626 1927 1695">
     <span class='ocr_line' id='line_1_15' title="bbox 260 1626 1927 1695; baseline -0.001 -16"><span class='ocrx_word' id='word_1_117' title='bbox 260 1627 440 1680; x_wconf 76' lang='lat' dir='ltr'>altera</span> <span class='ocrx_word' id='word_1_118' title='bbox 462 1640 592 1681; x_wconf 85' lang='lat' dir='ltr'>vero</span> <span class='ocrx_word' id='word_1_119' title='bbox 623 1626 738 1694; x_wconf 77' lang='lat' dir='ltr'>eius</span> <span class='ocrx_word' id='word_1_120' title='bbox 757 1640 881 1695; x_wconf 61' lang='lat' dir='ltr'>quzc</span> <span class='ocrx_word' id='word_1_121' title='bbox 910 1631 1012 1693; x_wconf 81' lang='lat' dir='ltr'>est,</span> <span class='ocrx_word' id='word_1_122' title='bbox 1042 1630 1119 1681; x_wconf 84' lang='lat' dir='ltr'>est</span> <span class='ocrx_word' id='word_1_123' title='bbox 1148 1626 1305 1681; x_wconf 88' lang='lat' dir='ltr'>albus</span> <span class='ocrx_word' id='word_1_124' title='bbox 1333 1627 1509 1681; x_wconf 90' lang='lat' dir='ltr'>homo.</span> <span class='ocrx_word' id='word_1_125' title='bbox 1541 1626 1720 1693; x_wconf 86' lang='lat' dir='ltr'>Quare</span> <span class='ocrx_word' id='word_1_126' title='bbox 1763 1632 1927 1679; x_wconf 81' lang='lat' dir='ltr'>erunt</span> 
     </span>
    </p>
   </div>
   <div class='ocr_carea' id='block_1_16' title="bbox 264 1714 1925 1787">
    <p class='ocr_par' dir='ltr' id='par_1_16' title="bbox 264 1714 1925 1787">
     <span class='ocr_line' id='line_1_16' title="bbox 264 1714 1925 1787; baseline -0.002 -18"><span class='ocrx_word' id='word_1_127' title='bbox 264 1716 415 1780; x_wconf 73' lang='lat' dir='ltr'>dua’,</span> <span class='ocrx_word' id='word_1_128' title='bbox 450 1714 639 1769; x_wconf 85' lang='lat' dir='ltr'>unius.</span> <span class='ocrx_word' id='word_1_129' title='bbox 685 1714 958 1782; x_wconf 81' lang='lat' dir='ltr'>Quoniam</span> <span class='ocrx_word' id='word_1_130' title='bbox 1006 1714 1181 1785; x_wconf 79' lang='lat' dir='ltr'>igitur</span> <span class='ocrx_word' id='word_1_131' title='bbox 1228 1715 1562 1787; x_wconf 76' lang='lat' dir='ltr'>lransposita</span> <span class='ocrx_word' id='word_1_132' title='bbox 1610 1716 1833 1769; x_wconf 80' lang='lat' dir='ltr'>nomine</span> <span class='ocrx_word' id='word_1_133' title='bbox 1870 1716 1925 1767; x_wconf 83' lang='lat' dir='ltr'>et</span> 
     </span>
    </p>
   </div>
   <div class='ocr_carea' id='block_1_17' title="bbox 263 1805 1999 1900">
    <p class='ocr_par' dir='ltr' id='par_1_17' title="bbox 263 1805 1999 1900">
     <span class='ocr_line' id='line_1_17' title="bbox 263 1805 1999 1900; baseline -0.002 -40"><span class='ocrx_word' id='word_1_134' title='bbox 263 1806 426 1861; x_wconf 77' lang='lat' dir='ltr'>verbo</span> <span class='ocrx_word' id='word_1_135' title='bbox 458 1805 648 1860; x_wconf 83' lang='lat' dir='ltr'>eadem</span> <span class='ocrx_word' id='word_1_136' title='bbox 678 1805 738 1873; x_wconf 82' lang='lat' dir='ltr'>ﬁt</span> <span class='ocrx_word' id='word_1_137' title='bbox 768 1806 1076 1875; x_wconf 84' lang='lat' dir='ltr'>afﬁrmatio</span> <span class='ocrx_word' id='word_1_138' title='bbox 1094 1810 1142 1861; x_wconf 85' lang='lat' dir='ltr'>et</span> <span class='ocrx_word' id='word_1_139' title='bbox 1174 1806 1415 1875; x_wconf 78' lang='lat' dir='ltr'>negatio,</span> <span class='ocrx_word' id='word_1_140' title='bbox 1445 1805 1803 1875; x_wconf 81' lang='lat' dir='ltr'>manifestum</span> <span class='ocrx_word' id='word_1_141' title='bbox 1822 1806 1919 1858; x_wconf 84' lang='lat' dir='ltr'>est.</span> <span class='ocrx_word' id='word_1_142' title='bbox 1953 1835 1999 1900; x_wconf 78' lang='grc' dir='ltr'><strong>Β</strong></span> 
     </span>
    </p>
   </div>
   <div class='ocr_carea' id='block_1_18' title="bbox 340 1940 1896 2012">
    <p class='ocr_par' dir='ltr' id='par_1_18' title="bbox 340 1940 1896 2012">
     <span class='ocr_line' id='line_1_18' title="bbox 340 1940 1896 2012; baseline -0.003 -17"><span class='ocrx_word' id='word_1_143' title='bbox 340 1940 608 2005; x_wconf 86' lang='lat' dir='ltr'>Quoties,</span> <span class='ocrx_word' id='word_1_144' title='bbox 631 1940 846 2011; x_wconf 80' lang='lat' dir='ltr'>inquit,</span> <span class='ocrx_word' id='word_1_145' title='bbox 861 1941 1100 1996; x_wconf 90' lang='lat' dir='ltr'>nomina</span> <span class='ocrx_word' id='word_1_146' title='bbox 1114 1945 1525 2012; x_wconf 80' lang='lat' dir='ltr'>permutantur</span> <span class='ocrx_word' id='word_1_147' title='bbox 1545 1946 1603 1997; x_wconf 88' lang='lat' dir='ltr'>et</span> <span class='ocrx_word' id='word_1_148' title='bbox 1615 1940 1896 2004; x_wconf 76' lang='lat' dir='ltr'>verbo,e:e</span> 
     </span>
    </p>
   </div>
   <div class='ocr_carea' id='block_1_19' title="bbox 268 2029 1922 2101">
    <p class='ocr_par' dir='ltr' id='par_1_19' title="bbox 268 2029 1922 2101">
     <span class='ocr_line' id='line_1_19' title="bbox 268 2029 1922 2101; baseline -0.002 -17"><span class='ocrx_word' id='word_1_149' title='bbox 268 2030 404 2084; x_wconf 90' lang='lat' dir='ltr'>dem</span> <span class='ocrx_word' id='word_1_150' title='bbox 426 2029 892 2100; x_wconf 75' lang='lat' dir='ltr'>propositionum</span> <span class='ocrx_word' id='word_1_151' title='bbox 911 2029 1366 2101; x_wconf 91' lang='lat' dir='ltr'>signiﬁcationes</span> <span class='ocrx_word' id='word_1_152' title='bbox 1397 2034 1922 2101; x_wconf 80' lang='lat' dir='ltr'>permanent.Quo-</span> 
     </span>
    </p>
   </div>
   <div class='ocr_carea' id='block_1_20' title="bbox 273 2114 1920 2189">
    <p class='ocr_par' dir='ltr' id='par_1_20' title="bbox 273 2114 1920 2189">
     <span class='ocr_line' id='line_1_20' title="bbox 273 2114 1920 2189; baseline -0.002 -16"><span class='ocrx_word' id='word_1_153' title='bbox 273 2119 382 2173; x_wconf 88' lang='lat' dir='ltr'>ties</span> <span class='ocrx_word' id='word_1_154' title='bbox 416 2123 620 2173; x_wconf 86' lang='lat' dir='ltr'>autem</span> <span class='ocrx_word' id='word_1_155' title='bbox 643 2118 872 2188; x_wconf 88' lang='lat' dir='ltr'>negatio</span> <span class='ocrx_word' id='word_1_156' title='bbox 895 2123 1286 2189; x_wconf 89' lang='lat' dir='ltr'>permutatur,</span> <span class='ocrx_word' id='word_1_157' title='bbox 1319 2136 1433 2174; x_wconf 92' lang='lat' dir='ltr'>non</span> <span class='ocrx_word' id='word_1_158' title='bbox 1466 2120 1844 2183; x_wconf 68' lang='lat' dir='ltr'>eaedem,nam</span> <span class='ocrx_word' id='word_1_159' title='bbox 1871 2114 1920 2171; x_wconf 89' lang='lat' dir='ltr'>si</span> 
     </span>
    </p>
   </div>
   <div class='ocr_carea' id='block_1_21' title="bbox 282 2206 1925 2277">
    <p class='ocr_par' dir='ltr' id='par_1_21' title="bbox 282 2206 1925 2277">
     <span class='ocr_line' id='line_1_21' title="bbox 282 2206 1925 2277; baseline 0.001 -19"><span class='ocrx_word' id='word_1_160' title='bbox 282 2207 419 2277; x_wconf 85' lang='lat' dir='ltr'>quis</span> <span class='ocrx_word' id='word_1_161' title='bbox 452 2206 611 2261; x_wconf 81' lang='lat' dir='ltr'>dicat</span> <span class='ocrx_word' id='word_1_162' title='bbox 641 2223 656 2261; x_wconf 88' lang='lat'><strong>:</strong></span> <span class='ocrx_word' id='word_1_163' title='bbox 692 2207 920 2261; x_wconf 91' lang='lat' dir='ltr'>Estnon</span> <span class='ocrx_word' id='word_1_164' title='bbox 955 2206 1127 2261; x_wconf 89' lang='lat' dir='ltr'>homo</span> <span class='ocrx_word' id='word_1_165' title='bbox 1161 2207 1351 2275; x_wconf 90' lang='lat' dir='ltr'>albus,</span> <span class='ocrx_word' id='word_1_166' title='bbox 1385 2212 1440 2263; x_wconf 86' lang='lat' dir='ltr'>et</span> <span class='ocrx_word' id='word_1_167' title='bbox 1471 2224 1585 2262; x_wconf 90' lang='lat' dir='ltr'>non</span> <span class='ocrx_word' id='word_1_168' title='bbox 1617 2212 1705 2263; x_wconf 92' lang='lat' dir='ltr'>est</span> <span class='ocrx_word' id='word_1_169' title='bbox 1750 2207 1925 2261; x_wconf 93' lang='lat' dir='ltr'>homo</span> 
     </span>
    </p>
   </div>
   <div class='ocr_carea' id='block_1_22' title="bbox 282 2294 1929 2366">
    <p class='ocr_par' dir='ltr' id='par_1_22' title="bbox 282 2294 1929 2366">
     <span class='ocr_line' id='line_1_22' title="bbox 282 2294 1929 2366; baseline 0 -15"><span class='ocrx_word' id='word_1_170' title='bbox 282 2296 603 2361; x_wconf 85' lang='lat' dir='ltr'>albus,non</span> <span class='ocrx_word' id='word_1_171' title='bbox 617 2294 771 2350; x_wconf 91' lang='lat' dir='ltr'>idem</span> <span class='ocrx_word' id='word_1_172' title='bbox 788 2295 1081 2366; x_wconf 85' lang='lat' dir='ltr'>signiﬁcat</span> <span class='ocrx_word' id='word_1_173' title='bbox 1094 2301 1420 2366; x_wconf 89' lang='lat' dir='ltr'>permutata</span> <span class='ocrx_word' id='word_1_174' title='bbox 1434 2296 1723 2352; x_wconf 87' lang='lat' dir='ltr'>scilicetet</span> <span class='ocrx_word' id='word_1_175' title='bbox 1746 2306 1929 2351; x_wconf 75' lang='lat' dir='ltr'>trans-</span> 
     </span>
    </p>
   </div>
   <div class='ocr_carea' id='block_1_23' title="bbox 281 2384 1927 2456">
    <p class='ocr_par' dir='ltr' id='par_1_23' title="bbox 281 2384 1927 2456">
     <span class='ocr_line' id='line_1_23' title="bbox 281 2384 1927 2456; baseline -0.001 -16"><span class='ocrx_word' id='word_1_176' title='bbox 281 2386 474 2456; x_wconf 85' lang='lat' dir='ltr'>posita</span> <span class='ocrx_word' id='word_1_177' title='bbox 506 2385 834 2456; x_wconf 81' lang='lat' dir='ltr'>negatione.</span> <span class='ocrx_word' id='word_1_178' title='bbox 866 2385 1102 2450; x_wconf 88' lang='lat' dir='ltr'>Quoties</span> <span class='ocrx_word' id='word_1_179' title='bbox 1143 2390 1334 2440; x_wconf 84' lang='lat' dir='ltr'>autem</span> <span class='ocrx_word' id='word_1_180' title='bbox 1378 2386 1611 2452; x_wconf 84' lang='lat' dir='ltr'>dicitur,</span> <span class='ocrx_word' id='word_1_181' title='bbox 1641 2390 1726 2441; x_wconf 87' lang='lat' dir='ltr'>est</span> <span class='ocrx_word' id='word_1_182' title='bbox 1759 2384 1927 2439; x_wconf 88' lang='lat' dir='ltr'>albus</span> 
     </span>
    </p>
   </div>
   <div class='ocr_carea' id='block_1_24' title="bbox 279 2472 1929 2544">
    <p class='ocr_par' dir='ltr' id='par_1_24' title="bbox 279 2472 1929 2544">
     <span class='ocr_line' id='line_1_24' title="bbox 279 2472 1929 2544; baseline -0.001 -17"><span class='ocrx_word' id='word_1_183' title='bbox 279 2472 482 2540; x_wconf 91' lang='lat' dir='ltr'>homo,</span> <span class='ocrx_word' id='word_1_184' title='bbox 514 2477 573 2527; x_wconf 91' lang='lat' dir='ltr'>et</span> <span class='ocrx_word' id='word_1_185' title='bbox 605 2487 808 2527; x_wconf 82' lang='lat' dir='ltr'>rursus</span> <span class='ocrx_word' id='word_1_186' title='bbox 837 2478 924 2527; x_wconf 88' lang='lat' dir='ltr'>est</span> <span class='ocrx_word' id='word_1_187' title='bbox 956 2472 1129 2527; x_wconf 92' lang='lat' dir='ltr'>homo</span> <span class='ocrx_word' id='word_1_188' title='bbox 1160 2472 1349 2542; x_wconf 87' lang='lat' dir='ltr'>albus,</span> <span class='ocrx_word' id='word_1_189' title='bbox 1381 2473 1533 2528; x_wconf 89' lang='lat' dir='ltr'>idem</span> <span class='ocrx_word' id='word_1_190' title='bbox 1571 2472 1929 2544; x_wconf 89' lang='lat' dir='ltr'>transposita</span> 
     </span>
    </p>
   </div>
   <div class='ocr_carea' id='block_1_25' title="bbox 274 2560 1931 2632">
    <p class='ocr_par' dir='ltr' id='par_1_25' title="bbox 274 2560 1931 2632">
     <span class='ocr_line' id='line_1_25' title="bbox 274 2560 1931 2632; baseline -0.001 -16"><span class='ocrx_word' id='word_1_191' title='bbox 274 2563 455 2616; x_wconf 83' lang='lat' dir='ltr'>verba</span> <span class='ocrx_word' id='word_1_192' title='bbox 489 2560 845 2632; x_wconf 83' lang='lat' dir='ltr'>nominaque</span> <span class='ocrx_word' id='word_1_193' title='bbox 876 2560 1234 2631; x_wconf 82' lang='lat' dir='ltr'>signiﬁcant,</span> <span class='ocrx_word' id='word_1_194' title='bbox 1258 2566 1315 2617; x_wconf 90' lang='lat' dir='ltr'>et</span> <span class='ocrx_word' id='word_1_195' title='bbox 1344 2563 1749 2618; x_wconf 73' lang='lat' dir='ltr'>erunteaedem</span> <span class='ocrx_word' id='word_1_196' title='bbox 1777 2562 1931 2616; x_wconf 79' lang='lat' dir='ltr'>afﬁr-</span> 
     </span>
    </p>
   </div>
   <div class='ocr_carea' id='block_1_26' title="bbox 276 2650 1929 2723">
    <p class='ocr_par' dir='ltr' id='par_1_26' title="bbox 276 2650 1929 2723">
     <span class='ocr_line' id='line_1_26' title="bbox 276 2650 1929 2723; baseline 0 -18"><span class='ocrx_word' id='word_1_197' title='bbox 276 2651 593 2705; x_wconf 87' lang='lat' dir='ltr'>mationes:</span> <span class='ocrx_word' id='word_1_198' title='bbox 615 2666 747 2705; x_wconf 89' lang='lat' dir='ltr'>nam</span> <span class='ocrx_word' id='word_1_199' title='bbox 764 2650 814 2704; x_wconf 90' lang='lat' dir='ltr'>si</span> <span class='ocrx_word' id='word_1_200' title='bbox 846 2650 979 2719; x_wconf 88' lang='lat' dir='ltr'>quis</span> <span class='ocrx_word' id='word_1_201' title='bbox 1005 2650 1110 2705; x_wconf 87' lang='lat' dir='ltr'>hoc</span> <span class='ocrx_word' id='word_1_202' title='bbox 1136 2650 1632 2723; x_wconf 88' lang='lat' dir='ltr'>negat,contingit</span> <span class='ocrx_word' id='word_1_203' title='bbox 1663 2655 1728 2705; x_wconf 92' lang='lat' dir='ltr'>ut</span> <span class='ocrx_word' id='word_1_204' title='bbox 1750 2650 1929 2705; x_wconf 89' lang='lat' dir='ltr'>unius</span> 
     </span>
    </p>
   </div>
   <div class='ocr_carea' id='block_1_27' title="bbox 278 2738 1933 2809">
    <p class='ocr_par' dir='ltr' id='par_1_27' title="bbox 278 2738 1933 2809">
     <span class='ocr_line' id='line_1_27' title="bbox 278 2738 1933 2809; baseline -0.001 -14"><span class='ocrx_word' id='word_1_205' title='bbox 278 2738 718 2804; x_wconf 79' lang='lat' dir='ltr'>afﬁrmationis,</span> <span class='ocrx_word' id='word_1_206' title='bbox 745 2738 871 2793; x_wconf 67' lang='lat' dir='ltr'>dua:</span> <span class='ocrx_word' id='word_1_207' title='bbox 892 2739 1229 2809; x_wconf 85' lang='lat' dir='ltr'>negationes</span> <span class='ocrx_word' id='word_1_208' title='bbox 1252 2740 1389 2795; x_wconf 91' lang='lat' dir='ltr'>sint.</span> <span class='ocrx_word' id='word_1_209' title='bbox 1414 2739 1531 2795; x_wconf 89' lang='lat' dir='ltr'>Hoc</span> <span class='ocrx_word' id='word_1_210' title='bbox 1552 2744 1749 2795; x_wconf 88' lang='lat' dir='ltr'>autem</span> <span class='ocrx_word' id='word_1_211' title='bbox 1774 2756 1933 2794; x_wconf 91' lang='lat' dir='ltr'>mon-</span> 
     </span>
    </p>
   </div>
   <div class='ocr_carea' id='block_1_28' title="bbox 275 2827 1930 2899">
    <p class='ocr_par' dir='ltr' id='par_1_28' title="bbox 275 2827 1930 2899">
     <span class='ocr_line' id='line_1_28' title="bbox 275 2827 1930 2899; baseline -0.001 -16"><span class='ocrx_word' id='word_1_212' title='bbox 275 2833 514 2883; x_wconf 87' lang='lat' dir='ltr'>stratum</span> <span class='ocrx_word' id='word_1_213' title='bbox 530 2832 621 2881; x_wconf 88' lang='lat' dir='ltr'>est</span> <span class='ocrx_word' id='word_1_214' title='bbox 638 2827 912 2897; x_wconf 83' lang='lat' dir='ltr'>superius</span> <span class='ocrx_word' id='word_1_215' title='bbox 932 2827 1051 2880; x_wconf 79' lang='lat' dir='ltr'>ﬁeri</span> <span class='ocrx_word' id='word_1_216' title='bbox 1068 2843 1181 2882; x_wconf 90' lang='lat' dir='ltr'>non</span> <span class='ocrx_word' id='word_1_217' title='bbox 1199 2828 1493 2896; x_wconf 86' lang='lat' dir='ltr'>posse,sed</span> <span class='ocrx_word' id='word_1_218' title='bbox 1511 2844 1742 2899; x_wconf 85' lang='lat' dir='ltr'>semper</span> <span class='ocrx_word' id='word_1_219' title='bbox 1756 2827 1930 2881; x_wconf 91' lang='lat' dir='ltr'>unius</span> 
     </span>
    </p>
   </div>
   <div class='ocr_carea' id='block_1_29' title="bbox 277 2914 1933 2987">
    <p class='ocr_par' dir='ltr' id='par_1_29' title="bbox 277 2914 1933 2987">
     <span class='ocr_line' id='line_1_29' title="bbox 277 2914 1933 2987; baseline 0 -16"><span class='ocrx_word' id='word_1_220' title='bbox 277 2914 688 2971; x_wconf 79' lang='lat' dir='ltr'>afﬁrmationis</span> <span class='ocrx_word' id='word_1_221' title='bbox 719 2932 895 2969; x_wconf 89' lang='lat' dir='ltr'>unam</span> <span class='ocrx_word' id='word_1_222' title='bbox 929 2932 1057 2970; x_wconf 91' lang='lat' dir='ltr'>esse</span> <span class='ocrx_word' id='word_1_223' title='bbox 1088 2916 1645 2986; x_wconf 85' lang='lat' dir='ltr'>negationem.[llius</span> <span class='ocrx_word' id='word_1_224' title='bbox 1677 2932 1933 2987; x_wconf 89' lang='lat' dir='ltr'>namque</span> 
     </span>
    </p>
   </div>
   <div class='ocr_carea' id='block_1_30' title="bbox 280 3003 1930 3075">
    <p class='ocr_par' dir='ltr' id='par_1_30' title="bbox 280 3003 1930 3075">
     <span class='ocr_line' id='line_1_30' title="bbox 280 3003 1930 3075; baseline -0.001 -15"><span class='ocrx_word' id='word_1_225' title='bbox 280 3004 692 3060; x_wconf 77' lang='lat' dir='ltr'>afﬁrmationis</span> <span class='ocrx_word' id='word_1_226' title='bbox 722 3003 1027 3074; x_wconf 67' lang='lat' dir='ltr'>quaadicit,</span> <span class='ocrx_word' id='word_1_227' title='bbox 1048 3009 1138 3059; x_wconf 89' lang='lat' dir='ltr'>est</span> <span class='ocrx_word' id='word_1_228' title='bbox 1155 3003 1321 3059; x_wconf 89' lang='lat' dir='ltr'>albus</span> <span class='ocrx_word' id='word_1_229' title='bbox 1356 3004 1551 3069; x_wconf 88' lang='lat' dir='ltr'>homo,</span> <span class='ocrx_word' id='word_1_230' title='bbox 1576 3006 1675 3059; x_wconf 90' lang='lat' dir='ltr'>illa</span> <span class='ocrx_word' id='word_1_231' title='bbox 1700 3004 1930 3075; x_wconf 85' lang='lat' dir='ltr'>negatio</span> 
     </span>
    </p>
   </div>
   <div class='ocr_carea' id='block_1_31' title="bbox 281 3092 1931 3164">
    <p class='ocr_par' dir='ltr' id='par_1_31' title="bbox 281 3092 1931 3164">
     <span class='ocr_line' id='line_1_31' title="bbox 281 3092 1931 3164; baseline -0.001 -14"><span class='ocrx_word' id='word_1_232' title='bbox 281 3102 387 3159; x_wconf 88' lang='lat' dir='ltr'>est,</span> <span class='ocrx_word' id='word_1_233' title='bbox 406 3110 537 3164; x_wconf 71' lang='lat' dir='ltr'>quas</span> <span class='ocrx_word' id='word_1_234' title='bbox 559 3093 840 3157; x_wconf 86' lang='lat' dir='ltr'>dicit,non</span> <span class='ocrx_word' id='word_1_235' title='bbox 858 3097 948 3147; x_wconf 86' lang='lat' dir='ltr'>est</span> <span class='ocrx_word' id='word_1_236' title='bbox 969 3092 1139 3147; x_wconf 89' lang='lat' dir='ltr'>albus</span> <span class='ocrx_word' id='word_1_237' title='bbox 1163 3093 1360 3161; x_wconf 90' lang='lat' dir='ltr'>homo;</span> <span class='ocrx_word' id='word_1_238' title='bbox 1386 3093 1547 3149; x_wconf 88' lang='lat' dir='ltr'>illius</span> <span class='ocrx_word' id='word_1_239' title='bbox 1582 3100 1774 3148; x_wconf 89' lang='lat' dir='ltr'>autem</span> <span class='ocrx_word' id='word_1_240' title='bbox 1805 3110 1931 3164; x_wconf 67' lang='lat' dir='ltr'>quis</span> 
     </span>
    </p>
   </div>
   <div class='ocr_carea' id='block_1_32' title="bbox 1064 290 2873 351">
    <p class='ocr_par' dir='ltr' id='par_1_32' title="bbox 1064 290 2873 351">
     <span class='ocr_line' id='line_1_32' title="bbox 1064 290 2873 351; baseline 0.004 -8"><span class='ocrx_word' id='word_1_241' title='bbox 1064 294 1137 347; x_wconf 80' lang='lat' dir='ltr'>IN</span> <span class='ocrx_word' id='word_1_242' title='bbox 1178 294 1451 347; x_wconf 80' lang='lat' dir='ltr'>LIBRUM</span> <span class='ocrx_word' id='word_1_243' title='bbox 1492 293 1585 345; x_wconf 83' lang='lat' dir='ltr'><strong>DE</strong></span> <span class='ocrx_word' id='word_1_244' title='bbox 1621 290 2301 345; x_wconf 76' lang='lat' dir='ltr'>INTERPRETATIONE</span> <span class='ocrx_word' id='word_1_245' title='bbox 2341 294 2587 349; x_wconf 81' lang='lat' dir='ltr'>EDITIO</span> <span class='ocrx_word' id='word_1_246' title='bbox 2624 296 2873 351; x_wconf 80' lang='lat' dir='ltr'>PRIMA.</span> 
     </span>
    </p>
   </div>
   <div class='ocr_carea' id='block_1_33' title="bbox 1945 464 1995 528">
    <p class='ocr_par' dir='ltr' id='par_1_33' title="bbox 1945 464 1995 528">
     <span class='ocr_line' id='line_1_33' title="bbox 1945 464 1995 528; baseline 0 -2"><span class='ocrx_word' id='word_1_247' title='bbox 1945 464 1995 528; x_wconf 78' lang='grc' dir='ltr'><strong>Α</strong></span> 
     </span>
    </p>
   </div>
   <div class='ocr_carea' id='block_1_34' title="bbox 3564 295 3669 350">
    <p class='ocr_par' dir='ltr' id='par_1_34' title="bbox 3564 295 3669 350">
     <span class='ocr_line' id='line_1_34' title="bbox 3564 295 3669 350; baseline 0 0"><span class='ocrx_word' id='word_1_248' title='bbox 3564 295 3669 350; x_wconf 79' lang='grc'>354</span> 
     </span>
    </p>
   </div>
   <div class='ocr_carea' id='block_1_35' title="bbox 2025 414 3672 491">
    <p class='ocr_par' dir='ltr' id='par_1_35' title="bbox 2025 414 3672 491">
     <span class='ocr_line' id='line_1_35' title="bbox 2025 414 3672 491; baseline 0.005 -25"><span class='ocrx_word' id='word_1_249' title='bbox 2025 414 2313 484; x_wconf 83' lang='lat' dir='ltr'>gationem</span> <span class='ocrx_word' id='word_1_250' title='bbox 2347 430 2474 470; x_wconf 86' lang='lat' dir='ltr'>esse</span> <span class='ocrx_word' id='word_1_251' title='bbox 2533 434 2660 488; x_wconf 67' lang='lat' dir='ltr'>qua:</span> <span class='ocrx_word' id='word_1_252' title='bbox 2692 418 2836 472; x_wconf 86' lang='lat' dir='ltr'>dicit</span> <span class='ocrx_word' id='word_1_253' title='bbox 2860 420 2948 472; x_wconf 88' lang='lat' dir='ltr'>est</span> <span class='ocrx_word' id='word_1_254' title='bbox 2978 417 3146 473; x_wconf 89' lang='lat' dir='ltr'>albus</span> <span class='ocrx_word' id='word_1_255' title='bbox 3178 418 3374 482; x_wconf 90' lang='lat' dir='ltr'>homo,</span> <span class='ocrx_word' id='word_1_256' title='bbox 3408 423 3672 491; x_wconf 78' lang='lat' dir='ltr'>utraeque</span> 
     </span>
    </p>
   </div>
   <div class='ocr_carea' id='block_1_36' title="bbox 2042 503 3670 579">
    <p class='ocr_par' dir='ltr' id='par_1_36' title="bbox 2042 503 3670 579">
     <span class='ocr_line' id='line_1_36' title="bbox 2042 503 3670 579; baseline 0.004 -22"><span class='ocrx_word' id='word_1_257' title='bbox 2042 503 2402 559; x_wconf 88' lang='lat' dir='ltr'>enimverum</span> <span class='ocrx_word' id='word_1_258' title='bbox 2420 505 2566 560; x_wconf 88' lang='lat' dir='ltr'>inter</span> <span class='ocrx_word' id='word_1_259' title='bbox 2582 505 3670 579; x_wconf 80' lang='lat' dir='ltr'>sefalsumquedividunt.Nequeenim</span> 
     </span>
    </p>
   </div>
   <div class='ocr_carea' id='block_1_37' title="bbox 2030 592 3671 667">
    <p class='ocr_par' dir='ltr' id='par_1_37' title="bbox 2030 592 3671 667">
     <span class='ocr_line' id='line_1_37' title="bbox 2030 592 3671 667; baseline 0.004 -23"><span class='ocrx_word' id='word_1_260' title='bbox 2030 592 2149 645; x_wconf 89' lang='lat' dir='ltr'>ﬁeri</span> <span class='ocrx_word' id='word_1_261' title='bbox 2188 596 2375 661; x_wconf 90' lang='lat' dir='ltr'>potest</span> <span class='ocrx_word' id='word_1_262' title='bbox 2407 598 2471 647; x_wconf 91' lang='lat' dir='ltr'>ut</span> <span class='ocrx_word' id='word_1_263' title='bbox 2500 594 2547 648; x_wconf 92' lang='lat' dir='ltr'>si</span> <span class='ocrx_word' id='word_1_264' title='bbox 2576 595 2646 649; x_wconf 86' lang='lat' dir='ltr'>de</span> <span class='ocrx_word' id='word_1_265' title='bbox 2677 612 2793 649; x_wconf 93' lang='lat' dir='ltr'>uno</span> <span class='ocrx_word' id='word_1_266' title='bbox 2824 596 3146 667; x_wconf 84' lang='lat' dir='ltr'>eodemque</span> <span class='ocrx_word' id='word_1_267' title='bbox 3167 597 3399 651; x_wconf 84' lang='lat' dir='ltr'>homine</span> <span class='ocrx_word' id='word_1_268' title='bbox 3421 598 3671 665; x_wconf 82' lang='lat' dir='ltr'>dicatur,</span> 
     </span>
    </p>
   </div>
   <div class='ocr_carea' id='block_1_38' title="bbox 2029 680 3672 756">
    <p class='ocr_par' dir='ltr' id='par_1_38' title="bbox 2029 680 3672 756">
     <span class='ocr_line' id='line_1_38' title="bbox 2029 680 3672 756; baseline 0.004 -23"><span class='ocrx_word' id='word_1_269' title='bbox 2029 685 2117 734; x_wconf 88' lang='lat' dir='ltr'>est</span> <span class='ocrx_word' id='word_1_270' title='bbox 2147 680 2314 735; x_wconf 89' lang='lat' dir='ltr'>albus</span> <span class='ocrx_word' id='word_1_271' title='bbox 2336 681 2526 749; x_wconf 89' lang='lat' dir='ltr'>homo,</span> <span class='ocrx_word' id='word_1_272' title='bbox 2552 688 2609 738; x_wconf 89' lang='lat' dir='ltr'>et</span> <span class='ocrx_word' id='word_1_273' title='bbox 2638 700 2750 738; x_wconf 90' lang='lat' dir='ltr'>non</span> <span class='ocrx_word' id='word_1_274' title='bbox 2778 689 2866 738; x_wconf 91' lang='lat' dir='ltr'>est</span> <span class='ocrx_word' id='word_1_275' title='bbox 2896 688 3071 738; x_wconf 86' lang='lat' dir='ltr'>homo</span> <span class='ocrx_word' id='word_1_276' title='bbox 3091 685 3277 747; x_wconf 85' lang='lat' dir='ltr'>albus,</span> <span class='ocrx_word' id='word_1_277' title='bbox 3316 690 3379 739; x_wconf 91' lang='lat' dir='ltr'>ut</span> <span class='ocrx_word' id='word_1_278' title='bbox 3411 692 3672 756; x_wconf 76' lang='lat' dir='ltr'>utrasque</span> 
     </span>
    </p>
   </div>
   <div class='ocr_carea' id='block_1_39' title="bbox 2029 769 3673 846">
    <p class='ocr_par' dir='ltr' id='par_1_39' title="bbox 2029 769 3673 846">
     <span class='ocr_line' id='line_1_39' title="bbox 2029 769 3673 846; baseline 0.005 -24"><span class='ocrx_word' id='word_1_279' title='bbox 2029 769 2145 823; x_wconf 91' lang='lat' dir='ltr'>sint</span> <span class='ocrx_word' id='word_1_280' title='bbox 2167 785 2329 823; x_wconf 74' lang='lat' dir='ltr'>verse:</span> <span class='ocrx_word' id='word_1_281' title='bbox 2356 772 2509 842; x_wconf 90' lang='lat' dir='ltr'>quod</span> <span class='ocrx_word' id='word_1_282' title='bbox 2554 772 2600 827; x_wconf 91' lang='lat' dir='ltr'>si</span> <span class='ocrx_word' id='word_1_283' title='bbox 2626 772 2783 826; x_wconf 87' lang='lat' dir='ltr'>itaut</span> <span class='ocrx_word' id='word_1_284' title='bbox 2814 789 2969 827; x_wconf 92' lang='lat' dir='ltr'>nunc</span> <span class='ocrx_word' id='word_1_285' title='bbox 2998 779 3137 828; x_wconf 90' lang='lat' dir='ltr'>sunt</span> <span class='ocrx_word' id='word_1_286' title='bbox 3169 774 3369 844; x_wconf 67' lang='lat' dir='ltr'>positae</span> <span class='ocrx_word' id='word_1_287' title='bbox 3400 774 3673 846; x_wconf 90' lang='lat' dir='ltr'>aliquan-</span> 
     </span>
    </p>
   </div>
   <div class='ocr_carea' id='block_1_40' title="bbox 2029 858 3671 933">
    <p class='ocr_par' dir='ltr' id='par_1_40' title="bbox 2029 858 3671 933">
     <span class='ocr_line' id='line_1_40' title="bbox 2029 858 3671 933; baseline 0.004 -22"><span class='ocrx_word' id='word_1_288' title='bbox 2029 858 2101 913; x_wconf 94' lang='lat' dir='ltr'>do</span> <span class='ocrx_word' id='word_1_289' title='bbox 2131 858 2187 912; x_wconf 92' lang='lat' dir='ltr'>in</span> <span class='ocrx_word' id='word_1_290' title='bbox 2223 860 2463 915; x_wconf 84' lang='lat' dir='ltr'>veritate</span> <span class='ocrx_word' id='word_1_291' title='bbox 2493 862 2873 926; x_wconf 88' lang='lat' dir='ltr'>concordant,</span> <span class='ocrx_word' id='word_1_292' title='bbox 2906 862 3010 917; x_wconf 92' lang='lat' dir='ltr'>hoc</span> <span class='ocrx_word' id='word_1_293' title='bbox 3044 863 3260 918; x_wconf 89' lang='lat' dir='ltr'>idcirco</span> <span class='ocrx_word' id='word_1_294' title='bbox 3310 864 3500 918; x_wconf 88' lang='lat' dir='ltr'>evenit</span> <span class='ocrx_word' id='word_1_295' title='bbox 3530 863 3671 933; x_wconf 89' lang='lat' dir='ltr'>quia</span> 
     </span>
    </p>
   </div>
   <div class='ocr_carea' id='block_1_41' title="bbox 2030 946 3671 1022">
    <p class='ocr_par' dir='ltr' id='par_1_41' title="bbox 2030 946 3671 1022">
     <span class='ocr_line' id='line_1_41' title="bbox 2030 946 3671 1022; baseline 0.005 -23"><span class='ocrx_word' id='word_1_296' title='bbox 2030 946 2343 1002; x_wconf 56' lang='lat' dir='ltr'>indeﬁnite?</span> <span class='ocrx_word' id='word_1_297' title='bbox 2362 956 2522 1016; x_wconf 90' lang='lat' dir='ltr'>sunt,</span> <span class='ocrx_word' id='word_1_298' title='bbox 2556 967 2669 1004; x_wconf 92' lang='lat' dir='ltr'>non</span> <span class='ocrx_word' id='word_1_299' title='bbox 2695 951 2833 1021; x_wconf 87' lang='lat' dir='ltr'>quia</span> <span class='ocrx_word' id='word_1_300' title='bbox 2858 950 3016 1005; x_wconf 91' lang='lat' dir='ltr'>verbi</span> <span class='ocrx_word' id='word_1_301' title='bbox 3042 955 3189 1005; x_wconf 85' lang='lat' dir='ltr'>ﬁunt</span> <span class='ocrx_word' id='word_1_302' title='bbox 3212 952 3671 1022; x_wconf 84' lang='lat' dir='ltr'>nominibusque</span> 
     </span>
    </p>
   </div>
   <div class='ocr_carea' id='block_1_42' title="bbox 2028 1037 3675 1109">
    <p class='ocr_par' dir='ltr' id='par_1_42' title="bbox 2028 1037 3675 1109">
     <span class='ocr_line' id='line_1_42' title="bbox 2028 1037 3675 1109; baseline 0.002 -20"><span class='ocrx_word' id='word_1_303' title='bbox 2028 1037 2611 1109; x_wconf 77' lang='lat' dir='ltr'>transpositiszquare</span> <span class='ocrx_word' id='word_1_304' title='bbox 2633 1040 2823 1093; x_wconf 89' lang='lat' dir='ltr'>evenit</span> <span class='ocrx_word' id='word_1_305' title='bbox 2851 1043 2915 1093; x_wconf 89' lang='lat' dir='ltr'>ut</span> <span class='ocrx_word' id='word_1_306' title='bbox 2935 1040 3110 1094; x_wconf 89' lang='lat' dir='ltr'>unius</span> <span class='ocrx_word' id='word_1_307' title='bbox 3137 1040 3547 1095; x_wconf 85' lang='lat' dir='ltr'>afﬁrmationis</span> <span class='ocrx_word' id='word_1_308' title='bbox 3570 1043 3675 1094; x_wconf 91' lang='lat' dir='ltr'>du-</span> 
     </span>
    </p>
   </div>
   <div class='ocr_carea' id='block_1_43' title="bbox 2030 1125 3675 1199">
    <p class='ocr_par' dir='ltr' id='par_1_43' title="bbox 2030 1125 3675 1199">
     <span class='ocr_line' id='line_1_43' title="bbox 2030 1125 3675 1199; baseline 0.003 -20"><span class='ocrx_word' id='word_1_309' title='bbox 2030 1125 2157 1196; x_wconf 85' lang='lat' dir='ltr'>plex</span> <span class='ocrx_word' id='word_1_310' title='bbox 2183 1127 2261 1180; x_wconf 90' lang='lat' dir='ltr'>sit</span> <span class='ocrx_word' id='word_1_311' title='bbox 2293 1128 2543 1199; x_wconf 87' lang='lat' dir='ltr'>negatio.</span> <span class='ocrx_word' id='word_1_312' title='bbox 2564 1130 2721 1193; x_wconf 79' lang='lat' dir='ltr'>Quod</span> <span class='ocrx_word' id='word_1_313' title='bbox 2744 1134 2941 1184; x_wconf 87' lang='lat' dir='ltr'>autem</span> <span class='ocrx_word' id='word_1_314' title='bbox 2973 1130 3231 1185; x_wconf 87' lang='lat' dir='ltr'>diximus</span> <span class='ocrx_word' id='word_1_315' title='bbox 3252 1129 3513 1186; x_wconf 77' lang='lat' dir='ltr'>inferiori</span> <span class='ocrx_word' id='word_1_316' title='bbox 3549 1130 3675 1185; x_wconf 91' lang='lat' dir='ltr'>des-</span> 
     </span>
    </p>
   </div>
   <div class='ocr_carea' id='block_1_44' title="bbox 2030 1215 2842 1288">
    <p class='ocr_par' dir='ltr' id='par_1_44' title="bbox 2030 1215 2842 1288">
     <span class='ocr_line' id='line_1_44' title="bbox 2030 1215 2842 1288; baseline 0.004 -18"><span class='ocrx_word' id='word_1_317' title='bbox 2030 1215 2316 1287; x_wconf 83' lang='lat' dir='ltr'>criptione</span> <span class='ocrx_word' id='word_1_318' title='bbox 2358 1218 2544 1288; x_wconf 89' lang='lat' dir='ltr'>magis</span> <span class='ocrx_word' id='word_1_319' title='bbox 2576 1218 2842 1288; x_wconf 89' lang='lat' dir='ltr'>liquebit.</span> 
     </span>
    </p>
   </div>
   <div class='ocr_carea' id='block_1_45' title="bbox 2154 1384 3586 1499">
    <p class='ocr_par' dir='ltr' id='par_1_45' title="bbox 2154 1384 3586 1499">
     <span class='ocr_line' id='line_1_45' title="bbox 2648 1384 3032 1434; baseline 0 -1"><span class='ocrx_word' id='word_1_320' title='bbox 2648 1384 3032 1434; x_wconf 85' lang='lat' dir='ltr'>Contradictio.</span> 
     </span>
     <span class='ocr_line' id='line_1_46' title="bbox 2154 1446 3586 1499; baseline 0.001 -4"><span class='ocrx_word' id='word_1_321' title='bbox 2154 1447 2244 1496; x_wconf 86' lang='lat' dir='ltr'>Est</span> <span class='ocrx_word' id='word_1_322' title='bbox 2271 1446 2423 1495; x_wconf 89' lang='lat' dir='ltr'>albus</span> <span class='ocrx_word' id='word_1_323' title='bbox 2454 1448 2608 1496; x_wconf 87' lang='lat' dir='ltr'>homo</span> <span class='ocrx_word' id='word_1_324' title='bbox 2986 1448 3102 1497; x_wconf 91' lang='lat' dir='ltr'>Non</span> <span class='ocrx_word' id='word_1_325' title='bbox 3134 1453 3214 1498; x_wconf 87' lang='lat' dir='ltr'>est</span> <span class='ocrx_word' id='word_1_326' title='bbox 3242 1449 3397 1499; x_wconf 88' lang='lat' dir='ltr'>albus</span> <span class='ocrx_word' id='word_1_327' title='bbox 3430 1451 3586 1497; x_wconf 91' lang='lat' dir='ltr'>homo</span> 
     </span>
    </p>
   </div>
   <div class='ocr_carea' id='block_1_46' title="bbox 2546 1585 3113 1683">
    <p class='ocr_par' dir='ltr' id='par_1_46' title="bbox 2546 1585 3113 1683">
     <span class='ocr_line' id='line_1_47' title="bbox 2546 1585 3113 1683; baseline -0.004 -49"><span class='ocrx_word' id='word_1_328' title='bbox 2546 1585 2651 1653; x_wconf 68' lang='lat' dir='ltr'>Con</span> <span class='ocrx_word' id='word_1_329' title='bbox 2658 1618 2735 1683; x_wconf 45' lang='lat' dir='ltr'>tta</span> <span class='ocrx_word' id='word_1_330' title='bbox 2956 1586 3113 1671; x_wconf 43' lang='grc' dir='ltr'>διεδ,ιο</span> 
     </span>
    </p>
   </div>
   <div class='ocr_carea' id='block_1_47' title="bbox 2539 1749 3109 1873">
    <p class='ocr_par' dir='ltr' id='par_1_47' title="bbox 2539 1749 3109 1873">
     <span class='ocr_line' id='line_1_48' title="bbox 2539 1749 3109 1873; baseline -0.053 1"><span class='ocrx_word' id='word_1_331' title='bbox 2539 1766 2729 1873; x_wconf 48' lang='lat' dir='ltr'>$09.“ta</span> <span class='ocrx_word' id='word_1_332' title='bbox 2952 1749 3109 1845; x_wconf 52' lang='lat' dir='ltr'>dictio</span> 
     </span>
    </p>
   </div>
   <div class='ocr_carea' id='block_1_48' title="bbox 2153 1952 3616 2006">
    <p class='ocr_par' dir='ltr' id='par_1_48' title="bbox 2153 1952 3616 2006">
     <span class='ocr_line' id='line_1_49' title="bbox 2153 1952 3616 2006; baseline 0.002 -6"><span class='ocrx_word' id='word_1_333' title='bbox 2153 1952 2245 2001; x_wconf 87' lang='lat' dir='ltr'>Est</span> <span class='ocrx_word' id='word_1_334' title='bbox 2276 1953 2434 2003; x_wconf 89' lang='lat' dir='ltr'>bomo</span> <span class='ocrx_word' id='word_1_335' title='bbox 2466 1953 2619 2003; x_wconf 89' lang='lat' dir='ltr'>albus</span> <span class='ocrx_word' id='word_1_336' title='bbox 2996 1957 3113 2005; x_wconf 86' lang='lat' dir='ltr'>Non</span> <span class='ocrx_word' id='word_1_337' title='bbox 3149 1960 3229 2005; x_wconf 90' lang='lat' dir='ltr'>est</span> <span class='ocrx_word' id='word_1_338' title='bbox 3264 1957 3425 2006; x_wconf 90' lang='lat' dir='ltr'>homo</span> <span class='ocrx_word' id='word_1_339' title='bbox 3460 1954 3616 2004; x_wconf 87' lang='lat' dir='ltr'>albus</span> 
     </span>
    </p>
   </div>
   <div class='ocr_carea' id='block_1_49' title="bbox 2650 2017 3033 2068">
    <p class='ocr_par' dir='ltr' id='par_1_49' title="bbox 2650 2017 3033 2068">
     <span class='ocr_line' id='line_1_50' title="bbox 2650 2017 3033 2068; baseline 0.005 -2"><span class='ocrx_word' id='word_1_340' title='bbox 2650 2017 3033 2068; x_wconf 90' lang='lat' dir='ltr'>Contradictio.</span> 
     </span>
    </p>
   </div>
   <div class='ocr_carea' id='block_1_50' title="bbox 2178 2238 3535 2283">
    <p class='ocr_par' dir='ltr' id='par_1_50' title="bbox 2178 2238 3535 2283">
     <span class='ocr_line' id='line_1_51' title="bbox 2178 2238 3535 2283; baseline 0.003 -6"><span class='ocrx_word' id='word_1_341' title='bbox 2178 2238 2248 2277; x_wconf 85' lang='lat' dir='ltr'>DE</span> <span class='ocrx_word' id='word_1_342' title='bbox 2277 2239 2621 2279; x_wconf 77' lang='lat' dir='ltr'>CONJUNCTIS</span> <span class='ocrx_word' id='word_1_343' title='bbox 2650 2240 2716 2279; x_wconf 83' lang='grc' dir='ltr'><strong>ΕΤ</strong></span> <span class='ocrx_word' id='word_1_344' title='bbox 2766 2241 2967 2282; x_wconf 74' lang='grc' dir='ltr'><em>ωνιειε</em></span> <span class='ocrx_word' id='word_1_345' title='bbox 2996 2241 3535 2283; x_wconf 80' lang='lat' dir='ltr'>ENUNTIATIONIBUS.</span> 
     </span>
    </p>
   </div>
   <div class='ocr_carea' id='block_1_51' title="bbox 2094 2377 3677 2451">
    <p class='ocr_par' dir='ltr' id='par_1_51' title="bbox 2094 2377 3677 2451">
     <span class='ocr_line' id='line_1_52' title="bbox 2094 2377 3677 2451; baseline 0.002 -19"><span class='ocrx_word' id='word_1_346' title='bbox 2094 2380 2157 2433; x_wconf 80' lang='lat' dir='ltr'>At</span> <span class='ocrx_word' id='word_1_347' title='bbox 2176 2394 2302 2433; x_wconf 86' lang='lat' dir='ltr'>vero</span> <span class='ocrx_word' id='word_1_348' title='bbox 2316 2394 2489 2433; x_wconf 85' lang='lat' dir='ltr'>unum</span> <span class='ocrx_word' id='word_1_349' title='bbox 2512 2378 2576 2433; x_wconf 87' lang='lat' dir='ltr'>de</span> <span class='ocrx_word' id='word_1_350' title='bbox 2584 2377 2966 2449; x_wconf 87' lang='lat' dir='ltr'>pluribus,vel</span> <span class='ocrx_word' id='word_1_351' title='bbox 2979 2380 3150 2451; x_wconf 86' lang='lat' dir='ltr'>plura</span> <span class='ocrx_word' id='word_1_352' title='bbox 3162 2382 3229 2437; x_wconf 86' lang='lat' dir='ltr'>de</span> <span class='ocrx_word' id='word_1_353' title='bbox 3240 2398 3349 2437; x_wconf 87' lang='lat' dir='ltr'>uno</span> <span class='ocrx_word' id='word_1_354' title='bbox 3368 2382 3677 2451; x_wconf 86' lang='lat' dir='ltr'>afﬁrmare,</span> 
     </span>
    </p>
   </div>
   <div class='ocr_carea' id='block_1_52' title="bbox 2036 2468 3685 2541">
    <p class='ocr_par' dir='ltr' id='par_1_52' title="bbox 2036 2468 3685 2541">
     <span class='ocr_line' id='line_1_53' title="bbox 2036 2468 3685 2541; baseline 0 -18"><span class='ocrx_word' id='word_1_355' title='bbox 2036 2470 2119 2525; x_wconf 84' lang='lat' dir='ltr'>vel</span> <span class='ocrx_word' id='word_1_356' title='bbox 2149 2485 2369 2538; x_wconf 80' lang='lat' dir='ltr'>negare,</span> <span class='ocrx_word' id='word_1_357' title='bbox 2404 2468 2455 2523; x_wconf 79' lang='lat' dir='ltr'>si</span> <span class='ocrx_word' id='word_1_358' title='bbox 2481 2485 2587 2522; x_wconf 84' lang='lat' dir='ltr'>non</span> <span class='ocrx_word' id='word_1_359' title='bbox 2618 2474 2692 2524; x_wconf 85' lang='lat' dir='ltr'>est</span> <span class='ocrx_word' id='word_1_360' title='bbox 2714 2486 2888 2524; x_wconf 85' lang='lat' dir='ltr'>unum</span> <span class='ocrx_word' id='word_1_361' title='bbox 2910 2487 2982 2524; x_wconf 78' lang='lat' dir='ltr'>ea:</span> <span class='ocrx_word' id='word_1_362' title='bbox 3008 2471 3287 2539; x_wconf 83' lang='lat' dir='ltr'>pluribus,</span> <span class='ocrx_word' id='word_1_363' title='bbox 3304 2487 3411 2527; x_wconf 80' lang='lat' dir='ltr'>non</span> <span class='ocrx_word' id='word_1_364' title='bbox 3431 2480 3508 2526; x_wconf 85' lang='grc' dir='ltr'>εει</span> <span class='ocrx_word' id='word_1_365' title='bbox 3529 2471 3685 2541; x_wconf 86' lang='lat' dir='ltr'>afﬁr-</span> 
     </span>
    </p>
   </div>
   <div class='ocr_carea' id='block_1_53' title="bbox 2038 2560 3683 2631">
    <p class='ocr_par' dir='ltr' id='par_1_53' title="bbox 2038 2560 3683 2631">
     <span class='ocr_line' id='line_1_54' title="bbox 2038 2560 3683 2631; baseline 0.001 -19"><span class='ocrx_word' id='word_1_366' title='bbox 2038 2561 2208 2613; x_wconf 85' lang='lat' dir='ltr'>matio</span> <span class='ocrx_word' id='word_1_367' title='bbox 2240 2576 2373 2626; x_wconf 83' lang='lat' dir='ltr'>una,</span> <span class='ocrx_word' id='word_1_368' title='bbox 2406 2574 2579 2631; x_wconf 78' lang='lat' dir='ltr'>neque</span> <span class='ocrx_word' id='word_1_369' title='bbox 2611 2560 2855 2627; x_wconf 84' lang='lat' dir='ltr'>negatio.</span> <span class='ocrx_word' id='word_1_370' title='bbox 2890 2560 3017 2615; x_wconf 87' lang='lat' dir='ltr'>Dico</span> <span class='ocrx_word' id='word_1_371' title='bbox 3047 2569 3235 2616; x_wconf 70' lang='lat' dir='ltr'>autem</span> <span class='ocrx_word' id='word_1_372' title='bbox 3264 2578 3463 2625; x_wconf 86' lang='lat' dir='ltr'>unum,</span> <span class='ocrx_word' id='word_1_373' title='bbox 3494 2576 3605 2616; x_wconf 85' lang='lat' dir='ltr'>non</span> <span class='ocrx_word' id='word_1_374' title='bbox 3633 2575 3683 2614; x_wconf 80' lang='lat' dir='ltr'>si</span> 
     </span>
    </p>
   </div>
   <div class='ocr_carea' id='block_1_54' title="bbox 2039 2646 3681 2717">
    <p class='ocr_par' dir='ltr' id='par_1_54' title="bbox 2039 2646 3681 2717">
     <span class='ocr_line' id='line_1_55' title="bbox 2039 2646 3681 2717; baseline 0 -15"><span class='ocrx_word' id='word_1_375' title='bbox 2039 2664 2211 2702; x_wconf 87' lang='lat' dir='ltr'>unum</span> <span class='ocrx_word' id='word_1_376' title='bbox 2233 2662 2428 2702; x_wconf 79' lang='lat' dir='ltr'>nomen</span> <span class='ocrx_word' id='word_1_377' title='bbox 2442 2646 2680 2717; x_wconf 83' lang='lat' dir='ltr'>positum</span> <span class='ocrx_word' id='word_1_378' title='bbox 2696 2652 2769 2701; x_wconf 77' lang='lat' dir='ltr'>szt</span> <span class='ocrx_word' id='word_1_379' title='bbox 2804 2664 2817 2702; x_wconf 92' lang='lat'><strong>:</strong></span> <span class='ocrx_word' id='word_1_380' title='bbox 2842 2664 2951 2703; x_wconf 84' lang='lat' dir='ltr'>non</span> <span class='ocrx_word' id='word_1_381' title='bbox 2964 2649 3023 2717; x_wconf 88' lang='lat' dir='ltr'>ﬁt</span> <span class='ocrx_word' id='word_1_382' title='bbox 3043 2658 3231 2705; x_wconf 78' lang='lat' dir='ltr'>autem</span> <span class='ocrx_word' id='word_1_383' title='bbox 3242 2666 3418 2705; x_wconf 85' lang='lat' dir='ltr'>unum</span> <span class='ocrx_word' id='word_1_384' title='bbox 3447 2665 3519 2704; x_wconf 72' lang='lat' dir='ltr'>ex</span> <span class='ocrx_word' id='word_1_385' title='bbox 3542 2649 3681 2715; x_wconf 86' lang='lat' dir='ltr'>illis,</span> 
     </span>
    </p>
   </div>
   <div class='ocr_carea' id='block_1_55' title="bbox 2040 2736 3683 2810">
    <p class='ocr_par' dir='ltr' id='par_1_55' title="bbox 2040 2736 3683 2810">
     <span class='ocr_line' id='line_1_56' title="bbox 2040 2736 3683 2810; baseline 0 -19"><span class='ocrx_word' id='word_1_386' title='bbox 2040 2740 2098 2791; x_wconf 87' lang='lat' dir='ltr'>ut</span> <span class='ocrx_word' id='word_1_387' title='bbox 2114 2736 2273 2791; x_wconf 89' lang='lat' dir='ltr'>homo</span> <span class='ocrx_word' id='word_1_388' title='bbox 2285 2738 2599 2803; x_wconf 75' lang='lat' dir='ltr'>estfortasse</span> <span class='ocrx_word' id='word_1_389' title='bbox 2624 2744 2676 2790; x_wconf 83' lang='lat' dir='ltr'>el</span> <span class='ocrx_word' id='word_1_390' title='bbox 2702 2738 2936 2803; x_wconf 86' lang='lat' dir='ltr'>animal,</span> <span class='ocrx_word' id='word_1_391' title='bbox 2967 2746 3016 2791; x_wconf 87' lang='lat' dir='ltr'>et</span> <span class='ocrx_word' id='word_1_392' title='bbox 3050 2738 3217 2810; x_wconf 82' lang='lat' dir='ltr'>bipes,</span> <span class='ocrx_word' id='word_1_393' title='bbox 3239 2748 3291 2793; x_wconf 85' lang='grc' dir='ltr'>ει</span> <span class='ocrx_word' id='word_1_394' title='bbox 3312 2742 3683 2799; x_wconf 82' lang='lat' dir='ltr'>mansuetum;</span> 
     </span>
    </p>
   </div>
   <div class='ocr_carea' id='block_1_56' title="bbox 2038 2824 3684 2894">
    <p class='ocr_par' dir='ltr' id='par_1_56' title="bbox 2038 2824 3684 2894">
     <span class='ocr_line' id='line_1_57' title="bbox 2038 2824 3684 2894; baseline 0 -15"><span class='ocrx_word' id='word_1_395' title='bbox 2038 2826 2133 2879; x_wconf 81' lang='lat' dir='ltr'>sed</span> <span class='ocrx_word' id='word_1_396' title='bbox 2148 2840 2216 2879; x_wconf 76' lang='lat' dir='ltr'>ex</span> <span class='ocrx_word' id='word_1_397' title='bbox 2246 2824 2331 2878; x_wconf 93' lang='lat' dir='ltr'>his</span> <span class='ocrx_word' id='word_1_398' title='bbox 2361 2828 2527 2879; x_wconf 81' lang='lat' dir='ltr'>etiam</span> <span class='ocrx_word' id='word_1_399' title='bbox 2556 2841 2728 2878; x_wconf 83' lang='lat' dir='ltr'>unum</span> <span class='ocrx_word' id='word_1_400' title='bbox 2743 2826 2822 2894; x_wconf 81' lang='lat' dir='ltr'>ﬁt.</span> <span class='ocrx_word' id='word_1_401' title='bbox 2841 2827 2919 2879; x_wconf 75' lang='lat' dir='ltr'>Ex</span> <span class='ocrx_word' id='word_1_402' title='bbox 2946 2826 3338 2881; x_wconf 82' lang='lat' dir='ltr'>alboautemet</span> <span class='ocrx_word' id='word_1_403' title='bbox 3368 2826 3606 2891; x_wconf 84' lang='lat' dir='ltr'>homine,</span> <span class='ocrx_word' id='word_1_404' title='bbox 3633 2827 3684 2880; x_wconf 81' lang='lat' dir='ltr'>et</span> 
     </span>
    </p>
   </div>
   <div class='ocr_carea' id='block_1_57' title="bbox 2039 2913 3685 2985">
    <p class='ocr_par' dir='ltr' id='par_1_57' title="bbox 2039 2913 3685 2985">
     <span class='ocr_line' id='line_1_58' title="bbox 2039 2913 3685 2985; baseline 0.001 -17"><span class='ocrx_word' id='word_1_405' title='bbox 2039 2915 2327 2968; x_wconf 82' lang='lat' dir='ltr'>ambulare</span> <span class='ocrx_word' id='word_1_406' title='bbox 2346 2929 2457 2968; x_wconf 84' lang='lat' dir='ltr'>non</span> <span class='ocrx_word' id='word_1_407' title='bbox 2474 2914 2533 2983; x_wconf 86' lang='lat' dir='ltr'>ﬁt</span> <span class='ocrx_word' id='word_1_408' title='bbox 2547 2928 2737 2967; x_wconf 84' lang='lat' dir='ltr'>unum.</span> <span class='ocrx_word' id='word_1_409' title='bbox 2764 2914 2945 2980; x_wconf 86' lang='lat' dir='ltr'>Quare</span> <span class='ocrx_word' id='word_1_410' title='bbox 2965 2930 3064 2968; x_wconf 80' lang='lat' dir='ltr'>nec</span> <span class='ocrx_word' id='word_1_411' title='bbox 3078 2917 3128 2969; x_wconf 87' lang='lat' dir='ltr'>si</span> <span class='ocrx_word' id='word_1_412' title='bbox 3151 2932 3326 2970; x_wconf 83' lang='lat' dir='ltr'>unum</span> <span class='ocrx_word' id='word_1_413' title='bbox 3356 2913 3581 2985; x_wconf 80' lang='lat' dir='ltr'>aliquid</span> <span class='ocrx_word' id='word_1_414' title='bbox 3618 2914 3685 2969; x_wconf 84' lang='lat' dir='ltr'>de</span> 
     </span>
    </p>
   </div>
   <div class='ocr_carea' id='block_1_58' title="bbox 2043 3004 3687 3079">
    <p class='ocr_par' dir='ltr' id='par_1_58' title="bbox 2043 3004 3687 3079">
     <span class='ocr_line' id='line_1_59' title="bbox 2043 3004 3687 3079; baseline -0.001 -19"><span class='ocrx_word' id='word_1_415' title='bbox 2043 3006 2129 3060; x_wconf 75' lang='lat' dir='ltr'>his</span> <span class='ocrx_word' id='word_1_416' title='bbox 2158 3004 2401 3073; x_wconf 85' lang='lat' dir='ltr'>afﬁrmet</span> <span class='ocrx_word' id='word_1_417' title='bbox 2433 3004 2657 3072; x_wconf 80' lang='lat' dir='ltr'>aliquis,</span> <span class='ocrx_word' id='word_1_418' title='bbox 2689 3006 2793 3057; x_wconf 84' lang='lat' dir='ltr'>erit</span> <span class='ocrx_word' id='word_1_419' title='bbox 2823 3004 3124 3072; x_wconf 88' lang='lat' dir='ltr'>afﬁrmatio</span> <span class='ocrx_word' id='word_1_420' title='bbox 3153 3022 3290 3075; x_wconf 79' lang='lat' dir='ltr'>una,</span> <span class='ocrx_word' id='word_1_421' title='bbox 3321 3008 3425 3061; x_wconf 83' lang='lat' dir='ltr'>sed</span> <span class='ocrx_word' id='word_1_422' title='bbox 3450 3006 3687 3079; x_wconf 72' lang='lat' dir='ltr'>voxqui—</span> 
     </span>
    </p>
   </div>
   <div class='ocr_carea' id='block_1_59' title="bbox 2040 3093 3682 3163">
    <p class='ocr_par' dir='ltr' id='par_1_59' title="bbox 2040 3093 3682 3163">
     <span class='ocr_line' id='line_1_60' title="bbox 2040 3093 3682 3163; baseline 0.002 -15"><span class='ocrx_word' id='word_1_423' title='bbox 2040 3094 2158 3148; x_wconf 85' lang='lat' dir='ltr'>dem</span> <span class='ocrx_word' id='word_1_424' title='bbox 2181 3093 2726 3162; x_wconf 80' lang='lat' dir='ltr'>una,afﬁrmaliones</span> <span class='ocrx_word' id='word_1_425' title='bbox 2747 3107 2872 3147; x_wconf 83' lang='lat' dir='ltr'>vero</span> <span class='ocrx_word' id='word_1_426' title='bbox 2899 3093 3223 3149; x_wconf 64' lang='lat' dir='ltr'>multhVec</span> <span class='ocrx_word' id='word_1_427' title='bbox 3250 3096 3299 3149; x_wconf 88' lang='lat' dir='ltr'>si</span> <span class='ocrx_word' id='word_1_428' title='bbox 3327 3095 3395 3150; x_wconf 86' lang='lat' dir='ltr'>de</span> <span class='ocrx_word' id='word_1_429' title='bbox 3423 3112 3532 3152; x_wconf 84' lang='lat' dir='ltr'>uno</span> <span class='ocrx_word' id='word_1_430' title='bbox 3554 3099 3682 3163; x_wconf 87' lang='lat' dir='ltr'>ista,</span> 
     </span>
    </p>
   </div>
   <div class='ocr_carea' id='block_1_60' title="bbox 282 3181 2664 3265">
    <p class='ocr_par' dir='ltr' id='par_1_60' title="bbox 282 3181 2664 3265">
     <span class='ocr_line' id='line_1_61' title="bbox 282 3181 2664 3265; baseline -0.002 -26"><span class='ocrx_word' id='word_1_431' title='bbox 282 3186 681 3255; x_wconf 86' lang='lat' dir='ltr'>proponit,est</span> <span class='ocrx_word' id='word_1_432' title='bbox 699 3182 876 3237; x_wconf 91' lang='lat' dir='ltr'>homo</span> <span class='ocrx_word' id='word_1_433' title='bbox 899 3181 1090 3250; x_wconf 90' lang='lat' dir='ltr'>albus,</span> <span class='ocrx_word' id='word_1_434' title='bbox 1115 3182 1164 3237; x_wconf 90' lang='lat' dir='ltr'>si</span> <span class='ocrx_word' id='word_1_435' title='bbox 1187 3199 1303 3237; x_wconf 92' lang='lat' dir='ltr'>non</span> <span class='ocrx_word' id='word_1_436' title='bbox 1326 3187 1416 3238; x_wconf 90' lang='lat' dir='ltr'>est</span> <span class='ocrx_word' id='word_1_437' title='bbox 1433 3184 1636 3238; x_wconf 88' lang='lat' dir='ltr'>eadem</span> <span class='ocrx_word' id='word_1_438' title='bbox 1659 3183 1743 3236; x_wconf 82' lang='lat' dir='ltr'>illi</span> <span class='ocrx_word' id='word_1_439' title='bbox 1767 3184 1925 3237; x_wconf 81' lang='lat' dir='ltr'>afﬁr-</span> <span class='ocrx_word' id='word_1_440' title='bbox 1957 3199 1999 3265; x_wconf 72' lang='grc' dir='ltr'><strong>ρ</strong></span> <span class='ocrx_word' id='word_1_441' title='bbox 2038 3186 2132 3239; x_wconf 85' lang='grc' dir='ltr'><em>εεά</em></span> <span class='ocrx_word' id='word_1_442' title='bbox 2161 3183 2429 3237; x_wconf 81' lang='lat' dir='ltr'>similiter</span> <span class='ocrx_word' id='word_1_443' title='bbox 2454 3183 2664 3252; x_wconf 85' lang='lat' dir='ltr'>plures.</span> 
     </span>
    </p>
   </div>
   <div class='ocr_carea' id='block_1_61' title="bbox 286 3270 1923 3341">
    <p class='ocr_par' dir='ltr' id='par_1_61' title="bbox 286 3270 1923 3341">
     <span class='ocr_line' id='line_1_62' title="bbox 286 3270 1923 3341; baseline -0.001 -14"><span class='ocrx_word' id='word_1_444' title='bbox 286 3272 525 3328; x_wconf 88' lang='lat' dir='ltr'>mationi</span> <span class='ocrx_word' id='word_1_445' title='bbox 559 3288 687 3341; x_wconf 68' lang='lat' dir='ltr'>qua:</span> <span class='ocrx_word' id='word_1_446' title='bbox 711 3271 998 3338; x_wconf 86' lang='lat' dir='ltr'>enuntiat,</span> <span class='ocrx_word' id='word_1_447' title='bbox 1018 3275 1108 3326; x_wconf 92' lang='lat' dir='ltr'>est</span> <span class='ocrx_word' id='word_1_448' title='bbox 1136 3270 1305 3326; x_wconf 88' lang='lat' dir='ltr'>albus</span> <span class='ocrx_word' id='word_1_449' title='bbox 1328 3270 1629 3340; x_wconf 89' lang='lat' dir='ltr'>homo,sed</span> <span class='ocrx_word' id='word_1_450' title='bbox 1654 3277 1743 3327; x_wconf 89' lang='lat' dir='ltr'>est</span> <span class='ocrx_word' id='word_1_451' title='bbox 1764 3272 1835 3326; x_wconf 91' lang='lat' dir='ltr'>ab</span> <span class='ocrx_word' id='word_1_452' title='bbox 1858 3288 1923 3326; x_wconf 86' lang='lat' dir='ltr'>ea</span> 
     </span>
    </p>
   </div>
   <div class='ocr_carea' id='block_1_62' title="bbox 284 3360 1922 3431">
    <p class='ocr_par' dir='ltr' id='par_1_62' title="bbox 284 3360 1922 3431">
     <span class='ocr_line' id='line_1_63' title="bbox 284 3360 1922 3431; baseline -0.001 -15"><span class='ocrx_word' id='word_1_453' title='bbox 284 3362 531 3429; x_wconf 78' lang='lat' dir='ltr'>diversa,</span> <span class='ocrx_word' id='word_1_454' title='bbox 566 3362 643 3415; x_wconf 92' lang='lat' dir='ltr'>sit</span> <span class='ocrx_word' id='word_1_455' title='bbox 676 3360 904 3431; x_wconf 90' lang='lat' dir='ltr'>negatio</span> <span class='ocrx_word' id='word_1_456' title='bbox 936 3360 1020 3414; x_wconf 91' lang='lat' dir='ltr'>vel</span> <span class='ocrx_word' id='word_1_457' title='bbox 1054 3377 1121 3415; x_wconf 91' lang='lat' dir='ltr'>ea</span> <span class='ocrx_word' id='word_1_458' title='bbox 1171 3376 1297 3430; x_wconf 64' lang='lat' dir='ltr'>qua;</span> <span class='ocrx_word' id='word_1_459' title='bbox 1329 3361 1485 3428; x_wconf 90' lang='lat' dir='ltr'>dicit,</span> <span class='ocrx_word' id='word_1_460' title='bbox 1540 3378 1651 3415; x_wconf 90' lang='lat' dir='ltr'>non</span> <span class='ocrx_word' id='word_1_461' title='bbox 1687 3367 1776 3417; x_wconf 89' lang='lat' dir='ltr'>est</span> <span class='ocrx_word' id='word_1_462' title='bbox 1808 3378 1922 3415; x_wconf 89' lang='lat' dir='ltr'>non</span> 
     </span>
    </p>
   </div>
   <div class='ocr_carea' id='block_1_63' title="bbox 283 3448 1923 3519">
    <p class='ocr_par' dir='ltr' id='par_1_63' title="bbox 283 3448 1923 3519">
     <span class='ocr_line' id='line_1_64' title="bbox 283 3448 1923 3519; baseline -0.001 -14"><span class='ocrx_word' id='word_1_463' title='bbox 283 3450 452 3505; x_wconf 89' lang='lat' dir='ltr'>homo</span> <span class='ocrx_word' id='word_1_464' title='bbox 486 3449 679 3515; x_wconf 87' lang='lat' dir='ltr'>albus,</span> <span class='ocrx_word' id='word_1_465' title='bbox 712 3449 797 3503; x_wconf 91' lang='lat' dir='ltr'>vel</span> <span class='ocrx_word' id='word_1_466' title='bbox 828 3466 893 3504; x_wconf 88' lang='lat' dir='ltr'>ea</span> <span class='ocrx_word' id='word_1_467' title='bbox 926 3466 1053 3519; x_wconf 67' lang='lat' dir='ltr'>qua:</span> <span class='ocrx_word' id='word_1_468' title='bbox 1081 3448 1243 3515; x_wconf 89' lang='lat' dir='ltr'>dicit,</span> <span class='ocrx_word' id='word_1_469' title='bbox 1278 3466 1393 3504; x_wconf 91' lang='lat' dir='ltr'>non</span> <span class='ocrx_word' id='word_1_470' title='bbox 1424 3455 1513 3504; x_wconf 92' lang='lat' dir='ltr'>est</span> <span class='ocrx_word' id='word_1_471' title='bbox 1542 3449 1709 3505; x_wconf 89' lang='lat' dir='ltr'>homo</span> <span class='ocrx_word' id='word_1_472' title='bbox 1730 3451 1923 3518; x_wconf 84' lang='lat' dir='ltr'>albus;</span> 
     </span>
    </p>
   </div>
   <div class='ocr_carea' id='block_1_64' title="bbox 284 3537 1928 3609">
    <p class='ocr_par' dir='ltr' id='par_1_64' title="bbox 284 3537 1928 3609">
     <span class='ocr_line' id='line_1_65' title="bbox 284 3537 1928 3609; baseline 0 -14"><span class='ocrx_word' id='word_1_473' title='bbox 284 3541 377 3595; x_wconf 86' lang='lat' dir='ltr'>sed</span> <span class='ocrx_word' id='word_1_474' title='bbox 395 3537 497 3593; x_wconf 90' lang='lat' dir='ltr'>illa</span> <span class='ocrx_word' id='word_1_475' title='bbox 511 3555 640 3608; x_wconf 72' lang='lat' dir='ltr'>quae</span> <span class='ocrx_word' id='word_1_476' title='bbox 657 3538 947 3609; x_wconf 84' lang='lat' dir='ltr'>proponit,</span> <span class='ocrx_word' id='word_1_477' title='bbox 973 3554 1086 3593; x_wconf 90' lang='lat' dir='ltr'>non</span> <span class='ocrx_word' id='word_1_478' title='bbox 1102 3542 1190 3592; x_wconf 91' lang='lat' dir='ltr'>est</span> <span class='ocrx_word' id='word_1_479' title='bbox 1202 3554 1316 3592; x_wconf 92' lang='lat' dir='ltr'>non</span> <span class='ocrx_word' id='word_1_480' title='bbox 1332 3538 1508 3593; x_wconf 92' lang='lat' dir='ltr'>homo</span> <span class='ocrx_word' id='word_1_481' title='bbox 1537 3538 1726 3603; x_wconf 90' lang='lat' dir='ltr'>albus,</span> <span class='ocrx_word' id='word_1_482' title='bbox 1753 3539 1928 3595; x_wconf 89' lang='lat' dir='ltr'>habet</span> 
     </span>
    </p>
   </div>
   <div class='ocr_carea' id='block_1_65' title="bbox 284 3625 1929 3697">
    <p class='ocr_par' dir='ltr' id='par_1_65' title="bbox 284 3625 1929 3697">
     <span class='ocr_line' id='line_1_66' title="bbox 284 3625 1929 3697; baseline 0 -15"><span class='ocrx_word' id='word_1_483' title='bbox 284 3645 448 3682; x_wconf 87' lang='lat' dir='ltr'>suam</span> <span class='ocrx_word' id='word_1_484' title='bbox 470 3625 921 3681; x_wconf 79' lang='lat' dir='ltr'>afﬁrmationem</span> <span class='ocrx_word' id='word_1_485' title='bbox 943 3628 1010 3680; x_wconf 90' lang='lat' dir='ltr'>ad</span> <span class='ocrx_word' id='word_1_486' title='bbox 1028 3642 1203 3697; x_wconf 90' lang='lat' dir='ltr'>quam</span> <span class='ocrx_word' id='word_1_487' title='bbox 1228 3628 1427 3682; x_wconf 84' lang='lat' dir='ltr'>referri</span> <span class='ocrx_word' id='word_1_488' title='bbox 1444 3628 1806 3694; x_wconf 87' lang='lat' dir='ltr'>debeat,eam</span> <span class='ocrx_word' id='word_1_489' title='bbox 1821 3628 1929 3682; x_wconf 90' lang='lat' dir='ltr'>sci-</span> 
     </span>
    </p>
   </div>
   <div class='ocr_carea' id='block_1_66' title="bbox 284 3713 1927 3788">
    <p class='ocr_par' dir='ltr' id='par_1_66' title="bbox 284 3713 1927 3788">
     <span class='ocr_line' id='line_1_67' title="bbox 284 3713 1927 3788; baseline 0.002 -21"><span class='ocrx_word' id='word_1_490' title='bbox 284 3713 555 3785; x_wconf 72' lang='lat' dir='ltr'>licetqua:</span> <span class='ocrx_word' id='word_1_491' title='bbox 574 3715 859 3781; x_wconf 81' lang='lat' dir='ltr'>enuntiat,</span> <span class='ocrx_word' id='word_1_492' title='bbox 881 3720 969 3769; x_wconf 88' lang='lat' dir='ltr'>est</span> <span class='ocrx_word' id='word_1_493' title='bbox 991 3731 1103 3768; x_wconf 90' lang='lat' dir='ltr'>non</span> <span class='ocrx_word' id='word_1_494' title='bbox 1128 3715 1301 3771; x_wconf 87' lang='lat' dir='ltr'>homo</span> <span class='ocrx_word' id='word_1_495' title='bbox 1323 3715 1623 3771; x_wconf 88' lang='lat' dir='ltr'>albus.Illa</span> <span class='ocrx_word' id='word_1_496' title='bbox 1645 3733 1779 3771; x_wconf 92' lang='lat' dir='ltr'>vero</span> <span class='ocrx_word' id='word_1_497' title='bbox 1801 3732 1927 3788; x_wconf 69' lang='lat' dir='ltr'>qua:</span> 
     </span>
    </p>
   </div>
   <div class='ocr_carea' id='block_1_67' title="bbox 286 3804 1926 3876">
    <p class='ocr_par' dir='ltr' id='par_1_67' title="bbox 286 3804 1926 3876">
     <span class='ocr_line' id='line_1_68' title="bbox 286 3804 1926 3876; baseline 0.001 -17"><span class='ocrx_word' id='word_1_498' title='bbox 286 3804 440 3873; x_wconf 85' lang='lat' dir='ltr'>dicit,</span> <span class='ocrx_word' id='word_1_499' title='bbox 477 3821 593 3858; x_wconf 89' lang='lat' dir='ltr'>non</span> <span class='ocrx_word' id='word_1_500' title='bbox 619 3807 707 3859; x_wconf 89' lang='lat' dir='ltr'>est</span> <span class='ocrx_word' id='word_1_501' title='bbox 737 3804 911 3858; x_wconf 93' lang='lat' dir='ltr'>homo</span> <span class='ocrx_word' id='word_1_502' title='bbox 932 3805 1124 3870; x_wconf 90' lang='lat' dir='ltr'>albus,</span> <span class='ocrx_word' id='word_1_503' title='bbox 1150 3806 1384 3875; x_wconf 86' lang='lat' dir='ltr'>negatio</span> <span class='ocrx_word' id='word_1_504' title='bbox 1398 3808 1629 3876; x_wconf 88' lang='lat' dir='ltr'>estejus</span> <span class='ocrx_word' id='word_1_505' title='bbox 1648 3822 1926 3876; x_wconf 67' lang='lat' dir='ltr'>quaapro-</span> 
     </span>
    </p>
   </div>
   <div class='ocr_carea' id='block_1_68' title="bbox 286 3894 1928 3965">
    <p class='ocr_par' dir='ltr' id='par_1_68' title="bbox 286 3894 1928 3965">
     <span class='ocr_line' id='line_1_69' title="bbox 286 3894 1928 3965; baseline 0 -16"><span class='ocrx_word' id='word_1_506' title='bbox 286 3895 466 3965; x_wconf 87' lang='lat' dir='ltr'>ponit,</span> <span class='ocrx_word' id='word_1_507' title='bbox 500 3899 590 3949; x_wconf 87' lang='lat' dir='ltr'>est</span> <span class='ocrx_word' id='word_1_508' title='bbox 620 3894 794 3948; x_wconf 90' lang='lat' dir='ltr'>homo</span> <span class='ocrx_word' id='word_1_509' title='bbox 827 3894 1017 3949; x_wconf 89' lang='lat' dir='ltr'>albus.</span> <span class='ocrx_word' id='word_1_510' title='bbox 1050 3896 1153 3949; x_wconf 78' lang='lat' dir='ltr'>Sed</span> <span class='ocrx_word' id='word_1_511' title='bbox 1183 3894 1231 3949; x_wconf 92' lang='lat' dir='ltr'>si</span> <span class='ocrx_word' id='word_1_512' title='bbox 1264 3894 1681 3949; x_wconf 79' lang='lat' dir='ltr'>at‘ﬁrmaliones</span> <span class='ocrx_word' id='word_1_513' title='bbox 1725 3910 1928 3950; x_wconf 81' lang='lat' dir='ltr'>eurum</span> 
     </span>
    </p>
   </div>
   <div class='ocr_carea' id='block_1_69' title="bbox 286 3983 1930 4053">
    <p class='ocr_par' dir='ltr' id='par_1_69' title="bbox 286 3983 1930 4053">
     <span class='ocr_line' id='line_1_70' title="bbox 286 3983 1930 4053; baseline 0 -16"><span class='ocrx_word' id='word_1_514' title='bbox 286 3984 522 4038; x_wconf 65' lang='lat' dir='ltr'>diversa</span> <span class='ocrx_word' id='word_1_515' title='bbox 545 3986 705 4049; x_wconf 85' lang='lat' dir='ltr'>sunt,</span> <span class='ocrx_word' id='word_1_516' title='bbox 721 3983 960 4037; x_wconf 64' lang='lat' dir='ltr'>diversae</span> <span class='ocrx_word' id='word_1_517' title='bbox 984 3988 1155 4037; x_wconf 90' lang='lat' dir='ltr'>erunt</span> <span class='ocrx_word' id='word_1_518' title='bbox 1170 3984 1343 4038; x_wconf 88' lang='lat' dir='ltr'>etiam</span> <span class='ocrx_word' id='word_1_519' title='bbox 1361 3984 1781 4053; x_wconf 59' lang='lat' dir='ltr'>negationesﬁi</span> <span class='ocrx_word' id='word_1_520' title='bbox 1797 3984 1930 4053; x_wconf 91' lang='lat' dir='ltr'>quis</span> 
     </span>
    </p>
   </div>
   <div class='ocr_carea' id='block_1_70' title="bbox 288 4071 1931 4143">
    <p class='ocr_par' dir='ltr' id='par_1_70' title="bbox 288 4071 1931 4143">
     <span class='ocr_line' id='line_1_71' title="bbox 288 4071 1931 4143; baseline 0.001 -17"><span class='ocrx_word' id='word_1_521' title='bbox 288 4088 416 4141; x_wconf 81' lang='lat' dir='ltr'>ergo</span> <span class='ocrx_word' id='word_1_522' title='bbox 449 4071 608 4126; x_wconf 85' lang='lat' dir='ltr'>dicat</span> <span class='ocrx_word' id='word_1_523' title='bbox 658 4071 1089 4127; x_wconf 88' lang='lat' dir='ltr'>aﬁrmationem</span> <span class='ocrx_word' id='word_1_524' title='bbox 1140 4088 1267 4142; x_wconf 67' lang='lat' dir='ltr'>quae</span> <span class='ocrx_word' id='word_1_525' title='bbox 1309 4073 1600 4143; x_wconf 86' lang='lat' dir='ltr'>proponit,</span> <span class='ocrx_word' id='word_1_526' title='bbox 1633 4079 1721 4127; x_wconf 90' lang='lat' dir='ltr'>est</span> <span class='ocrx_word' id='word_1_527' title='bbox 1762 4073 1931 4128; x_wconf 88' lang='lat' dir='ltr'>albus</span> 
     </span>
    </p>
   </div>
   <div class='ocr_carea' id='block_1_71' title="bbox 289 4159 1931 4231">
    <p class='ocr_par' dir='ltr' id='par_1_71' title="bbox 289 4159 1931 4231">
     <span class='ocr_line' id='line_1_72' title="bbox 289 4159 1931 4231; baseline 0 -16"><span class='ocrx_word' id='word_1_528' title='bbox 289 4160 481 4224; x_wconf 89' lang='lat' dir='ltr'>homo,</span> <span class='ocrx_word' id='word_1_529' title='bbox 510 4159 802 4215; x_wconf 85' lang='lat' dir='ltr'>diversam</span> <span class='ocrx_word' id='word_1_530' title='bbox 823 4176 951 4215; x_wconf 90' lang='lat' dir='ltr'>esse</span> <span class='ocrx_word' id='word_1_531' title='bbox 974 4160 1044 4214; x_wconf 86' lang='lat' dir='ltr'>ab</span> <span class='ocrx_word' id='word_1_532' title='bbox 1068 4176 1153 4224; x_wconf 90' lang='lat' dir='ltr'>ea,</span> <span class='ocrx_word' id='word_1_533' title='bbox 1190 4176 1316 4231; x_wconf 63' lang='lat' dir='ltr'>qua:</span> <span class='ocrx_word' id='word_1_534' title='bbox 1335 4160 1624 4226; x_wconf 89' lang='lat' dir='ltr'>enuntiat,</span> <span class='ocrx_word' id='word_1_535' title='bbox 1648 4166 1734 4214; x_wconf 85' lang='lat' dir='ltr'>est</span> <span class='ocrx_word' id='word_1_536' title='bbox 1760 4162 1931 4216; x_wconf 89' lang='lat' dir='ltr'>homo</span> 
     </span>
    </p>
   </div>
   <div class='ocr_carea' id='block_1_72' title="bbox 288 4248 1932 4320">
    <p class='ocr_par' dir='ltr' id='par_1_72' title="bbox 288 4248 1932 4320">
     <span class='ocr_line' id='line_1_73' title="bbox 288 4248 1932 4320; baseline 0 -16"><span class='ocrx_word' id='word_1_537' title='bbox 288 4250 476 4318; x_wconf 87' lang='lat' dir='ltr'>albus,</span> <span class='ocrx_word' id='word_1_538' title='bbox 506 4248 653 4303; x_wconf 91' lang='lat' dir='ltr'>illud</span> <span class='ocrx_word' id='word_1_539' title='bbox 675 4266 910 4318; x_wconf 91' lang='lat' dir='ltr'>quoque</span> <span class='ocrx_word' id='word_1_540' title='bbox 932 4248 1213 4303; x_wconf 86' lang='lat' dir='ltr'>concedat</span> <span class='ocrx_word' id='word_1_541' title='bbox 1236 4264 1474 4303; x_wconf 89' lang='lat' dir='ltr'>necesse</span> <span class='ocrx_word' id='word_1_542' title='bbox 1499 4250 1932 4320; x_wconf 87' lang='lat' dir='ltr'>estutnegatio-</span> 
     </span>
    </p>
   </div>
   <div class='ocr_carea' id='block_1_73' title="bbox 289 4338 1932 4411">
    <p class='ocr_par' dir='ltr' id='par_1_73' title="bbox 289 4338 1932 4411">
     <span class='ocr_line' id='line_1_74' title="bbox 289 4338 1932 4411; baseline -0.001 -18"><span class='ocrx_word' id='word_1_543' title='bbox 289 4356 385 4395; x_wconf 89' lang='lat' dir='ltr'>nes</span> <span class='ocrx_word' id='word_1_544' title='bbox 403 4354 642 4411; x_wconf 88' lang='lat' dir='ltr'>quoque</span> <span class='ocrx_word' id='word_1_545' title='bbox 670 4339 931 4408; x_wconf 85' lang='lat' dir='ltr'>ipsarum</span> <span class='ocrx_word' id='word_1_546' title='bbox 958 4338 1197 4393; x_wconf 74' lang='lat' dir='ltr'>diversae</span> <span class='ocrx_word' id='word_1_547' title='bbox 1221 4338 1453 4401; x_wconf 87' lang='lat' dir='ltr'>sint,est</span> <span class='ocrx_word' id='word_1_548' title='bbox 1474 4344 1669 4391; x_wconf 89' lang='lat' dir='ltr'>autem</span> <span class='ocrx_word' id='word_1_549' title='bbox 1706 4338 1932 4408; x_wconf 87' lang='lat' dir='ltr'>negatio</span> 
     </span>
    </p>
   </div>
   <div class='ocr_carea' id='block_1_74' title="bbox 287 4424 1938 4497">
    <p class='ocr_par' dir='ltr' id='par_1_74' title="bbox 287 4424 1938 4497">
     <span class='ocr_line' id='line_1_75' title="bbox 287 4424 1938 4497; baseline 0.001 -18"><span class='ocrx_word' id='word_1_550' title='bbox 287 4424 440 4481; x_wconf 87' lang='lat' dir='ltr'>illius</span> <span class='ocrx_word' id='word_1_551' title='bbox 462 4443 592 4497; x_wconf 77' lang='lat' dir='ltr'>quae</span> <span class='ocrx_word' id='word_1_552' title='bbox 612 4425 777 4489; x_wconf 89' lang='lat' dir='ltr'>dicit,</span> <span class='ocrx_word' id='word_1_553' title='bbox 796 4430 885 4480; x_wconf 88' lang='lat' dir='ltr'>est</span> <span class='ocrx_word' id='word_1_554' title='bbox 907 4426 1075 4480; x_wconf 89' lang='lat' dir='ltr'>albus</span> <span class='ocrx_word' id='word_1_555' title='bbox 1099 4424 1402 4485; x_wconf 87' lang='lat' dir='ltr'>bomo.illa</span> <span class='ocrx_word' id='word_1_556' title='bbox 1425 4424 1648 4479; x_wconf 90' lang='lat' dir='ltr'>scilicet</span> <span class='ocrx_word' id='word_1_557' title='bbox 1671 4442 1796 4495; x_wconf 63' lang='lat' dir='ltr'>quae</span> <span class='ocrx_word' id='word_1_558' title='bbox 1813 4442 1938 4496; x_wconf 88' lang='lat' dir='ltr'>pro-</span> 
     </span>
    </p>
   </div>
   <div class='ocr_carea' id='block_1_75' title="bbox 287 4513 1940 4586">
    <p class='ocr_par' dir='ltr' id='par_1_75' title="bbox 287 4513 1940 4586">
     <span class='ocr_line' id='line_1_76' title="bbox 287 4513 1940 4586; baseline -0.002 -15"><span class='ocrx_word' id='word_1_559' title='bbox 287 4517 469 4586; x_wconf 90' lang='lat' dir='ltr'>ponit,</span> <span class='ocrx_word' id='word_1_560' title='bbox 502 4532 618 4570; x_wconf 91' lang='lat' dir='ltr'>non</span> <span class='ocrx_word' id='word_1_561' title='bbox 644 4520 733 4570; x_wconf 88' lang='lat' dir='ltr'>est</span> <span class='ocrx_word' id='word_1_562' title='bbox 755 4514 925 4570; x_wconf 89' lang='lat' dir='ltr'>albus</span> <span class='ocrx_word' id='word_1_563' title='bbox 954 4516 1146 4569; x_wconf 88' lang='lat' dir='ltr'>homo.</span> <span class='ocrx_word' id='word_1_564' title='bbox 1175 4515 1404 4569; x_wconf 81' lang='lat' dir='ltr'>Rursus</span> <span class='ocrx_word' id='word_1_565' title='bbox 1425 4513 1586 4568; x_wconf 88' lang='lat' dir='ltr'>illius</span> <span class='ocrx_word' id='word_1_566' title='bbox 1608 4529 1735 4583; x_wconf 75' lang='lat' dir='ltr'>quae</span> <span class='ocrx_word' id='word_1_567' title='bbox 1762 4531 1940 4569; x_wconf 90' lang='lat' dir='ltr'>enun-</span> 
     </span>
    </p>
   </div>
   <div class='ocr_carea' id='block_1_76' title="bbox 290 4603 1935 4674">
    <p class='ocr_par' dir='ltr' id='par_1_76' title="bbox 290 4603 1935 4674">
     <span class='ocr_line' id='line_1_77' title="bbox 290 4603 1935 4674; baseline -0.001 -14"><span class='ocrx_word' id='word_1_568' title='bbox 290 4606 411 4671; x_wconf 84' lang='lat' dir='ltr'>tiat,</span> <span class='ocrx_word' id='word_1_569' title='bbox 433 4610 524 4660; x_wconf 90' lang='lat' dir='ltr'>est</span> <span class='ocrx_word' id='word_1_570' title='bbox 547 4604 721 4659; x_wconf 92' lang='lat' dir='ltr'>homo</span> <span class='ocrx_word' id='word_1_571' title='bbox 744 4605 936 4669; x_wconf 87' lang='lat' dir='ltr'>albus,</span> <span class='ocrx_word' id='word_1_572' title='bbox 962 4603 1726 4674; x_wconf 85' lang='lat' dir='ltr'>estnegatio,nonesthomo</span> <span class='ocrx_word' id='word_1_573' title='bbox 1746 4603 1935 4658; x_wconf 86' lang='lat' dir='ltr'>albus.</span> 
     </span>
    </p>
   </div>
   <div class='ocr_carea' id='block_1_77' title="bbox 285 4692 1926 4764">
    <p class='ocr_par' dir='ltr' id='par_1_77' title="bbox 285 4692 1926 4764">
     <span class='ocr_line' id='line_1_78' title="bbox 285 4692 1926 4764; baseline -0.001 -15"><span class='ocrx_word' id='word_1_574' title='bbox 285 4694 467 4757; x_wconf 87' lang='lat' dir='ltr'>Quare</span> <span class='ocrx_word' id='word_1_575' title='bbox 509 4695 597 4749; x_wconf 73' lang='lat' dir='ltr'>hae</span> <span class='ocrx_word' id='word_1_576' title='bbox 629 4695 755 4749; x_wconf 67' lang='lat' dir='ltr'>dum</span> <span class='ocrx_word' id='word_1_577' title='bbox 790 4693 1145 4764; x_wconf 83' lang='lat' dir='ltr'>negationes,</span> <span class='ocrx_word' id='word_1_578' title='bbox 1182 4709 1294 4746; x_wconf 90' lang='lat' dir='ltr'>non</span> <span class='ocrx_word' id='word_1_579' title='bbox 1327 4698 1417 4748; x_wconf 89' lang='lat' dir='ltr'>est</span> <span class='ocrx_word' id='word_1_580' title='bbox 1447 4692 1620 4747; x_wconf 91' lang='lat' dir='ltr'>homo</span> <span class='ocrx_word' id='word_1_581' title='bbox 1654 4692 1846 4759; x_wconf 89' lang='lat' dir='ltr'>albus,</span> <span class='ocrx_word' id='word_1_582' title='bbox 1869 4697 1926 4747; x_wconf 90' lang='lat' dir='ltr'>et</span> 
     </span>
    </p>
   </div>
   <div class='ocr_carea' id='block_1_78' title="bbox 286 4782 1923 4839">
    <p class='ocr_par' dir='ltr' id='par_1_78' title="bbox 286 4782 1923 4839">
     <span class='ocr_line' id='line_1_79' title="bbox 286 4782 1923 4839; baseline 0 -2"><span class='ocrx_word' id='word_1_583' title='bbox 286 4800 397 4839; x_wconf 91' lang='lat' dir='ltr'>non</span> <span class='ocrx_word' id='word_1_584' title='bbox 432 4789 521 4839; x_wconf 88' lang='lat' dir='ltr'>est</span> <span class='ocrx_word' id='word_1_585' title='bbox 551 4784 721 4839; x_wconf 88' lang='lat' dir='ltr'>albus</span> <span class='ocrx_word' id='word_1_586' title='bbox 754 4784 926 4838; x_wconf 91' lang='lat' dir='ltr'>homo</span> <span class='ocrx_word' id='word_1_587' title='bbox 946 4800 978 4837; x_wconf 88' lang='lat' dir='ltr'>a</span> <span class='ocrx_word' id='word_1_588' title='bbox 1002 4799 1064 4838; x_wconf 92' lang='lat' dir='ltr'>se</span> <span class='ocrx_word' id='word_1_589' title='bbox 1085 4782 1324 4837; x_wconf 71' lang='lat' dir='ltr'>diversae</span> <span class='ocrx_word' id='word_1_590' title='bbox 1342 4786 1501 4837; x_wconf 88' lang='lat' dir='ltr'>sunt.</span> <span class='ocrx_word' id='word_1_591' title='bbox 1538 4782 1764 4837; x_wconf 84' lang='lat' dir='ltr'>Rursus</span> <span class='ocrx_word' id='word_1_592' title='bbox 1786 4798 1923 4838; x_wconf 90' lang='lat' dir='ltr'>cum</span> 
     </span>
    </p>
   </div>
   <div class='ocr_carea' id='block_1_79' title="bbox 289 4869 1925 4941">
    <p class='ocr_par' dir='ltr' id='par_1_79' title="bbox 289 4869 1925 4941">
     <span class='ocr_line' id='line_1_80' title="bbox 289 4869 1925 4941; baseline 0.001 -16"><span class='ocrx_word' id='word_1_593' title='bbox 289 4872 561 4935; x_wconf 91' lang='lat' dir='ltr'>dicimus,</span> <span class='ocrx_word' id='word_1_594' title='bbox 595 4880 682 4927; x_wconf 86' lang='lat' dir='ltr'>est</span> <span class='ocrx_word' id='word_1_595' title='bbox 710 4870 879 4926; x_wconf 86' lang='lat' dir='ltr'>albus</span> <span class='ocrx_word' id='word_1_596' title='bbox 912 4871 1106 4937; x_wconf 91' lang='lat' dir='ltr'>homo,</span> <span class='ocrx_word' id='word_1_597' title='bbox 1140 4878 1193 4925; x_wconf 87' lang='lat' dir='ltr'>et</span> <span class='ocrx_word' id='word_1_598' title='bbox 1216 4874 1464 4941; x_wconf 89' lang='lat' dir='ltr'>negatur</span> <span class='ocrx_word' id='word_1_599' title='bbox 1495 4887 1609 4924; x_wconf 92' lang='lat' dir='ltr'>non</span> <span class='ocrx_word' id='word_1_600' title='bbox 1646 4875 1735 4925; x_wconf 89' lang='lat' dir='ltr'>est</span> <span class='ocrx_word' id='word_1_601' title='bbox 1757 4869 1925 4926; x_wconf 91' lang='lat' dir='ltr'>albus</span> 
     </span>
    </p>
   </div>
   <div class='ocr_carea' id='block_1_80' title="bbox 290 4958 1924 5029">
    <p class='ocr_par' dir='ltr' id='par_1_80' title="bbox 290 4958 1924 5029">
     <span class='ocr_line' id='line_1_81' title="bbox 290 4958 1924 5029; baseline 0.001 -17"><span class='ocrx_word' id='word_1_602' title='bbox 290 4958 485 5027; x_wconf 88' lang='lat' dir='ltr'>homo,</span> <span class='ocrx_word' id='word_1_603' title='bbox 510 4959 559 5015; x_wconf 90' lang='lat' dir='ltr'>si</span> <span class='ocrx_word' id='word_1_604' title='bbox 593 4960 664 5015; x_wconf 91' lang='lat' dir='ltr'>de</span> <span class='ocrx_word' id='word_1_605' title='bbox 683 4961 884 5016; x_wconf 89' lang='lat' dir='ltr'>eodem</span> <span class='ocrx_word' id='word_1_606' title='bbox 909 4960 1145 5015; x_wconf 88' lang='lat' dir='ltr'>homine</span> <span class='ocrx_word' id='word_1_607' title='bbox 1169 4968 1425 5029; x_wconf 69' lang='lat' dir='ltr'>utraeque</span> <span class='ocrx_word' id='word_1_608' title='bbox 1448 4959 1924 5027; x_wconf 87' lang='lat' dir='ltr'>dicantur,unam</span> 
     </span>
    </p>
   </div>
   <div class='ocr_carea' id='block_1_81' title="bbox 289 5047 1928 5115">
    <p class='ocr_par' dir='ltr' id='par_1_81' title="bbox 289 5047 1928 5115">
     <span class='ocr_line' id='line_1_82' title="bbox 289 5047 1928 5115; baseline 0 -13"><span class='ocrx_word' id='word_1_609' title='bbox 289 5064 479 5103; x_wconf 87' lang='lat' dir='ltr'>veram</span> <span class='ocrx_word' id='word_1_610' title='bbox 513 5049 756 5104; x_wconf 88' lang='lat' dir='ltr'>alteram</span> <span class='ocrx_word' id='word_1_611' title='bbox 790 5049 999 5104; x_wconf 84' lang='lat' dir='ltr'>falsam</span> <span class='ocrx_word' id='word_1_612' title='bbox 1033 5065 1161 5104; x_wconf 89' lang='lat' dir='ltr'>esse</span> <span class='ocrx_word' id='word_1_613' title='bbox 1197 5064 1435 5103; x_wconf 91' lang='lat' dir='ltr'>necesse</span> <span class='ocrx_word' id='word_1_614' title='bbox 1456 5051 1639 5115; x_wconf 87' lang='lat' dir='ltr'>est;ut</span> <span class='ocrx_word' id='word_1_615' title='bbox 1663 5048 1712 5102; x_wconf 91' lang='lat' dir='ltr'>si</span> <span class='ocrx_word' id='word_1_616' title='bbox 1737 5047 1806 5102; x_wconf 90' lang='lat' dir='ltr'>de</span> <span class='ocrx_word' id='word_1_617' title='bbox 1830 5047 1928 5102; x_wconf 89' lang='lat' dir='ltr'>So-</span> 
     </span>
    </p>
   </div>
   <div class='ocr_carea' id='block_1_82' title="bbox 291 5136 1925 5206">
    <p class='ocr_par' dir='ltr' id='par_1_82' title="bbox 291 5136 1925 5206">
     <span class='ocr_line' id='line_1_83' title="bbox 291 5136 1925 5206; baseline 0.001 -15"><span class='ocrx_word' id='word_1_618' title='bbox 291 5143 442 5193; x_wconf 88' lang='lat' dir='ltr'>crate</span> <span class='ocrx_word' id='word_1_619' title='bbox 467 5137 715 5204; x_wconf 87' lang='lat' dir='ltr'>dicatur,</span> <span class='ocrx_word' id='word_1_620' title='bbox 737 5142 826 5193; x_wconf 87' lang='lat' dir='ltr'>est</span> <span class='ocrx_word' id='word_1_621' title='bbox 845 5137 1014 5193; x_wconf 89' lang='lat' dir='ltr'>albus</span> <span class='ocrx_word' id='word_1_622' title='bbox 1046 5138 1242 5206; x_wconf 91' lang='lat' dir='ltr'>homo,</span> <span class='ocrx_word' id='word_1_623' title='bbox 1278 5154 1392 5191; x_wconf 91' lang='lat' dir='ltr'>non</span> <span class='ocrx_word' id='word_1_624' title='bbox 1424 5142 1514 5191; x_wconf 88' lang='lat' dir='ltr'>est</span> <span class='ocrx_word' id='word_1_625' title='bbox 1535 5137 1707 5191; x_wconf 89' lang='lat' dir='ltr'>albus</span> <span class='ocrx_word' id='word_1_626' title='bbox 1729 5136 1925 5203; x_wconf 89' lang='lat' dir='ltr'>homo,</span> 
     </span>
    </p>
   </div>
   <div class='ocr_carea' id='block_1_83' title="bbox 292 5225 1926 5296">
    <p class='ocr_par' dir='ltr' id='par_1_83' title="bbox 292 5225 1926 5296">
     <span class='ocr_line' id='line_1_84' title="bbox 292 5225 1926 5296; baseline -0.001 -15"><span class='ocrx_word' id='word_1_627' title='bbox 292 5242 415 5296; x_wconf 66' lang='lat' dir='ltr'>quae</span> <span class='ocrx_word' id='word_1_628' title='bbox 436 5244 571 5282; x_wconf 87' lang='lat' dir='ltr'>cum</span> <span class='ocrx_word' id='word_1_629' title='bbox 608 5228 689 5283; x_wconf 87' lang='lat' dir='ltr'>ita</span> <span class='ocrx_word' id='word_1_630' title='bbox 720 5228 860 5292; x_wconf 88' lang='lat' dir='ltr'>sint,</span> <span class='ocrx_word' id='word_1_631' title='bbox 896 5242 1133 5282; x_wconf 83' lang='lat' dir='ltr'>necesse</span> <span class='ocrx_word' id='word_1_632' title='bbox 1163 5231 1252 5281; x_wconf 90' lang='lat' dir='ltr'>est</span> <span class='ocrx_word' id='word_1_633' title='bbox 1301 5231 1363 5281; x_wconf 91' lang='lat' dir='ltr'>ut</span> <span class='ocrx_word' id='word_1_634' title='bbox 1393 5226 1521 5296; x_wconf 83' lang='lat' dir='ltr'>ejus</span> <span class='ocrx_word' id='word_1_635' title='bbox 1548 5242 1675 5295; x_wconf 70' lang='lat' dir='ltr'>quae</span> <span class='ocrx_word' id='word_1_636' title='bbox 1725 5225 1806 5280; x_wconf 87' lang='lat' dir='ltr'>ait</span> <span class='ocrx_word' id='word_1_637' title='bbox 1837 5229 1926 5280; x_wconf 90' lang='lat' dir='ltr'>est</span> 
     </span>
    </p>
   </div>
   <div class='ocr_carea' id='block_1_84' title="bbox 286 5314 1925 5388">
    <p class='ocr_par' dir='ltr' id='par_1_84' title="bbox 286 5314 1925 5388">
     <span class='ocr_line' id='line_1_85' title="bbox 286 5314 1925 5388; baseline -0.001 -18"><span class='ocrx_word' id='word_1_638' title='bbox 286 5316 449 5371; x_wconf 88' lang='lat' dir='ltr'>albus</span> <span class='ocrx_word' id='word_1_639' title='bbox 479 5317 656 5372; x_wconf 91' lang='lat' dir='ltr'>homo</span> <span class='ocrx_word' id='word_1_640' title='bbox 688 5316 916 5388; x_wconf 85' lang='lat' dir='ltr'>negatio</span> <span class='ocrx_word' id='word_1_641' title='bbox 948 5316 1025 5370; x_wconf 90' lang='lat' dir='ltr'>sit</span> <span class='ocrx_word' id='word_1_642' title='bbox 1049 5331 1117 5371; x_wconf 91' lang='lat' dir='ltr'>ea</span> <span class='ocrx_word' id='word_1_643' title='bbox 1148 5331 1277 5385; x_wconf 64' lang='lat' dir='ltr'>quas</span> <span class='ocrx_word' id='word_1_644' title='bbox 1308 5315 1449 5369; x_wconf 91' lang='lat' dir='ltr'>dicit</span> <span class='ocrx_word' id='word_1_645' title='bbox 1491 5331 1605 5369; x_wconf 89' lang='lat' dir='ltr'>non</span> <span class='ocrx_word' id='word_1_646' title='bbox 1639 5318 1723 5369; x_wconf 89' lang='lat' dir='ltr'>est</span> <span class='ocrx_word' id='word_1_647' title='bbox 1754 5314 1925 5369; x_wconf 86' lang='lat' dir='ltr'>albus</span> 
     </span>
    </p>
   </div>
   <div class='ocr_carea' id='block_1_85' title="bbox 285 5405 1927 5479">
    <p class='ocr_par' dir='ltr' id='par_1_85' title="bbox 285 5405 1927 5479">
     <span class='ocr_line' id='line_1_86' title="bbox 285 5405 1927 5479; baseline -0.002 -17"><span class='ocrx_word' id='word_1_648' title='bbox 285 5406 473 5476; x_wconf 86' lang='lat' dir='ltr'>homo;</span> <span class='ocrx_word' id='word_1_649' title='bbox 503 5409 603 5463; x_wconf 87' lang='lat' dir='ltr'>sed</span> <span class='ocrx_word' id='word_1_650' title='bbox 630 5408 821 5479; x_wconf 89' lang='lat' dir='ltr'>posita</span> <span class='ocrx_word' id='word_1_651' title='bbox 838 5407 1176 5478; x_wconf 87' lang='lat' dir='ltr'>estquidem</span> <span class='ocrx_word' id='word_1_652' title='bbox 1195 5423 1357 5477; x_wconf 82' lang='lat' dir='ltr'>prius</span> <span class='ocrx_word' id='word_1_653' title='bbox 1377 5407 1606 5477; x_wconf 83' lang='lat' dir='ltr'>negatio</span> <span class='ocrx_word' id='word_1_654' title='bbox 1622 5421 1751 5475; x_wconf 75' lang='lat' dir='ltr'>qua:</span> <span class='ocrx_word' id='word_1_655' title='bbox 1785 5405 1927 5459; x_wconf 90' lang='lat' dir='ltr'>dicit</span> 
     </span>
    </p>
   </div>
   <div class='ocr_carea' id='block_1_86' title="bbox 284 5493 1928 5567">
    <p class='ocr_par' dir='ltr' id='par_1_86' title="bbox 284 5493 1928 5567">
     <span class='ocr_line' id='line_1_87' title="bbox 284 5493 1928 5567; baseline -0.001 -17"><span class='ocrx_word' id='word_1_656' title='bbox 284 5514 391 5551; x_wconf 91' lang='lat' dir='ltr'>non</span> <span class='ocrx_word' id='word_1_657' title='bbox 420 5501 508 5552; x_wconf 87' lang='lat' dir='ltr'>est</span> <span class='ocrx_word' id='word_1_658' title='bbox 532 5496 701 5552; x_wconf 88' lang='lat' dir='ltr'>albus</span> <span class='ocrx_word' id='word_1_659' title='bbox 724 5497 898 5551; x_wconf 90' lang='lat' dir='ltr'>homo</span> <span class='ocrx_word' id='word_1_660' title='bbox 927 5494 1627 5567; x_wconf 78' lang='lat' dir='ltr'>ejusat&#39;ﬁrmationisesse</span> <span class='ocrx_word' id='word_1_661' title='bbox 1642 5510 1768 5564; x_wconf 76' lang='lat' dir='ltr'>qua:</span> <span class='ocrx_word' id='word_1_662' title='bbox 1785 5493 1928 5548; x_wconf 90' lang='lat' dir='ltr'>dicit</span> 
     </span>
    </p>
   </div>
   <div class='ocr_carea' id='block_1_87' title="bbox 286 5582 1929 5653">
    <p class='ocr_par' dir='ltr' id='par_1_87' title="bbox 286 5582 1929 5653">
     <span class='ocr_line' id='line_1_88' title="bbox 286 5582 1929 5653; baseline -0.002 -12"><span class='ocrx_word' id='word_1_663' title='bbox 286 5592 368 5641; x_wconf 88' lang='lat' dir='ltr'>est</span> <span class='ocrx_word' id='word_1_664' title='bbox 387 5586 555 5641; x_wconf 88' lang='lat' dir='ltr'>albus</span> <span class='ocrx_word' id='word_1_665' title='bbox 569 5586 939 5641; x_wconf 89' lang='lat' dir='ltr'>homo.Nunc</span> <span class='ocrx_word' id='word_1_666' title='bbox 952 5603 1085 5641; x_wconf 89' lang='lat' dir='ltr'>vero</span> <span class='ocrx_word' id='word_1_667' title='bbox 1100 5590 1499 5640; x_wconf 86' lang='lat' dir='ltr'>monstramus</span> <span class='ocrx_word' id='word_1_668' title='bbox 1518 5582 1675 5638; x_wconf 91' lang='lat' dir='ltr'>illam</span> <span class='ocrx_word' id='word_1_669' title='bbox 1695 5597 1929 5653; x_wconf 90' lang='lat' dir='ltr'>quoque</span> 
     </span>
    </p>
   </div>
   <div class='ocr_carea' id='block_1_88' title="bbox 291 5671 1930 5747">
    <p class='ocr_par' dir='ltr' id='par_1_88' title="bbox 291 5671 1930 5747">
     <span class='ocr_line' id='line_1_89' title="bbox 291 5671 1930 5747; baseline -0.003 -16"><span class='ocrx_word' id='word_1_670' title='bbox 291 5692 415 5747; x_wconf 65' lang='lat' dir='ltr'>quae</span> <span class='ocrx_word' id='word_1_671' title='bbox 432 5676 577 5732; x_wconf 88' lang='lat' dir='ltr'>dicit</span> <span class='ocrx_word' id='word_1_672' title='bbox 607 5692 721 5733; x_wconf 89' lang='lat' dir='ltr'>non</span> <span class='ocrx_word' id='word_1_673' title='bbox 745 5681 833 5734; x_wconf 90' lang='lat' dir='ltr'>est</span> <span class='ocrx_word' id='word_1_674' title='bbox 854 5676 1024 5733; x_wconf 87' lang='lat' dir='ltr'>albus</span> <span class='ocrx_word' id='word_1_675' title='bbox 1052 5674 1226 5732; x_wconf 91' lang='lat' dir='ltr'>homo</span> <span class='ocrx_word' id='word_1_676' title='bbox 1250 5676 1378 5746; x_wconf 90' lang='lat' dir='ltr'>ejus</span> <span class='ocrx_word' id='word_1_677' title='bbox 1401 5671 1812 5730; x_wconf 78' lang='lat' dir='ltr'>alﬁrmationis</span> <span class='ocrx_word' id='word_1_678' title='bbox 1832 5686 1930 5727; x_wconf 90' lang='lat' dir='ltr'>ne-</span> 
     </span>
    </p>
   </div>
   <div class='ocr_carea' id='block_1_89' title="bbox 2094 3271 3687 3345">
    <p class='ocr_par' dir='ltr' id='par_1_89' title="bbox 2094 3271 3687 3345">
     <span class='ocr_line' id='line_1_90' title="bbox 2094 3271 3687 3345; baseline 0.001 -16"><span class='ocrx_word' id='word_1_679' title='bbox 2094 3271 2276 3329; x_wconf 84' lang='lat' dir='ltr'>Multa</span> <span class='ocrx_word' id='word_1_680' title='bbox 2292 3272 2677 3341; x_wconf 85' lang='lat' dir='ltr'>Peripateticis</span> <span class='ocrx_word' id='word_1_681' title='bbox 2691 3271 2763 3326; x_wconf 90' lang='lat' dir='ltr'>de</span> <span class='ocrx_word' id='word_1_682' title='bbox 2775 3272 3178 3328; x_wconf 86' lang='lat' dir='ltr'>discernendis</span> <span class='ocrx_word' id='word_1_683' title='bbox 3193 3275 3687 3345; x_wconf 89' lang='lat' dir='ltr'>propositionibus</span> 
     </span>
    </p>
   </div>
   <div class='ocr_carea' id='block_1_90' title="bbox 2035 3362 3685 3435">
    <p class='ocr_par' dir='ltr' id='par_1_90' title="bbox 2035 3362 3685 3435">
     <span class='ocr_line' id='line_1_91' title="bbox 2035 3362 3685 3435; baseline 0.002 -19"><span class='ocrx_word' id='word_1_684' title='bbox 2035 3380 2159 3434; x_wconf 75' lang='lat' dir='ltr'>quas</span> <span class='ocrx_word' id='word_1_685' title='bbox 2173 3365 2523 3427; x_wconf 87' lang='lat' dir='ltr'>essentuna,</span> <span class='ocrx_word' id='word_1_686' title='bbox 2547 3377 2673 3430; x_wconf 69' lang='lat' dir='ltr'>qum</span> <span class='ocrx_word' id='word_1_687' title='bbox 2690 3362 2913 3426; x_wconf 77' lang='lat' dir='ltr'>multae,</span> <span class='ocrx_word' id='word_1_688' title='bbox 2938 3362 3327 3419; x_wconf 88' lang='lat' dir='ltr'>consideratio</span> <span class='ocrx_word' id='word_1_689' title='bbox 3356 3364 3480 3419; x_wconf 85' lang='lat' dir='ltr'>fuit.</span> <span class='ocrx_word' id='word_1_690' title='bbox 3499 3366 3685 3435; x_wconf 85' lang='lat' dir='ltr'>Atque</span> 
     </span>
    </p>
   </div>
   <div class='ocr_carea' id='block_1_91' title="bbox 2036 3448 3686 3524">
    <p class='ocr_par' dir='ltr' id='par_1_91' title="bbox 2036 3448 3686 3524">
     <span class='ocr_line' id='line_1_92' title="bbox 2036 3448 3686 3524; baseline 0 -18"><span class='ocrx_word' id='word_1_691' title='bbox 2036 3453 2164 3506; x_wconf 88' lang='lat' dir='ltr'>ideo</span> <span class='ocrx_word' id='word_1_692' title='bbox 2198 3465 2355 3504; x_wconf 92' lang='lat' dir='ltr'>nunc</span> <span class='ocrx_word' id='word_1_693' title='bbox 2374 3448 2483 3503; x_wconf 82' lang='lat' dir='ltr'>hoc</span> <span class='ocrx_word' id='word_1_694' title='bbox 2510 3449 2671 3519; x_wconf 87' lang='lat' dir='ltr'>dicit,</span> <span class='ocrx_word' id='word_1_695' title='bbox 2700 3454 2759 3503; x_wconf 91' lang='lat' dir='ltr'>et</span> <span class='ocrx_word' id='word_1_696' title='bbox 2791 3449 2839 3503; x_wconf 92' lang='lat' dir='ltr'>si</span> <span class='ocrx_word' id='word_1_697' title='bbox 2872 3467 2987 3505; x_wconf 90' lang='lat' dir='ltr'>una</span> <span class='ocrx_word' id='word_1_698' title='bbox 3018 3468 3129 3519; x_wconf 89' lang='lat' dir='ltr'>res,</span> <span class='ocrx_word' id='word_1_699' title='bbox 3165 3452 3375 3522; x_wconf 87' lang='lat' dir='ltr'>inquit,</span> <span class='ocrx_word' id='word_1_700' title='bbox 3408 3454 3480 3507; x_wconf 91' lang='lat' dir='ltr'>de</span> <span class='ocrx_word' id='word_1_701' title='bbox 3499 3452 3686 3524; x_wconf 90' lang='lat' dir='ltr'>pluri-</span> 
     </span>
    </p>
   </div>
   <div class='ocr_carea' id='block_1_92' title="bbox 2037 3538 3683 3610">
    <p class='ocr_par' dir='ltr' id='par_1_92' title="bbox 2037 3538 3683 3610">
     <span class='ocr_line' id='line_1_93' title="bbox 2037 3538 3683 3610; baseline 0.002 -17"><span class='ocrx_word' id='word_1_702' title='bbox 2037 3542 2148 3595; x_wconf 89' lang='lat' dir='ltr'>bus</span> <span class='ocrx_word' id='word_1_703' title='bbox 2179 3538 2525 3609; x_wconf 66' lang='lat' dir='ltr'>praedicetur</span> <span class='ocrx_word' id='word_1_704' title='bbox 2550 3539 2605 3591; x_wconf 91' lang='lat' dir='ltr'>in</span> <span class='ocrx_word' id='word_1_705' title='bbox 2643 3539 3150 3609; x_wconf 89' lang='lat' dir='ltr'>propositionibus</span> <span class='ocrx_word' id='word_1_706' title='bbox 3180 3539 3268 3595; x_wconf 90' lang='lat' dir='ltr'>vel</span> <span class='ocrx_word' id='word_1_707' title='bbox 3291 3538 3683 3610; x_wconf 79' lang='lat' dir='ltr'>afﬁrmativis,</span> 
     </span>
    </p>
   </div>
   <div class='ocr_carea' id='block_1_93' title="bbox 2036 3627 3681 3699">
    <p class='ocr_par' dir='ltr' id='par_1_93' title="bbox 2036 3627 3681 3699">
     <span class='ocr_line' id='line_1_94' title="bbox 2036 3627 3681 3699; baseline 0.001 -17"><span class='ocrx_word' id='word_1_708' title='bbox 2036 3630 2123 3684; x_wconf 91' lang='lat' dir='ltr'>vel</span> <span class='ocrx_word' id='word_1_709' title='bbox 2159 3627 2469 3698; x_wconf 87' lang='lat' dir='ltr'>negativis,</span> <span class='ocrx_word' id='word_1_710' title='bbox 2502 3628 2589 3682; x_wconf 91' lang='lat' dir='ltr'>vel</span> <span class='ocrx_word' id='word_1_711' title='bbox 2622 3644 2830 3682; x_wconf 87' lang='lat' dir='ltr'>rursus</span> <span class='ocrx_word' id='word_1_712' title='bbox 2863 3644 2956 3682; x_wconf 88' lang='lat' dir='ltr'>res</span> <span class='ocrx_word' id='word_1_713' title='bbox 2990 3629 3187 3699; x_wconf 91' lang='lat' dir='ltr'>plures</span> <span class='ocrx_word' id='word_1_714' title='bbox 3219 3630 3289 3684; x_wconf 91' lang='lat' dir='ltr'>de</span> <span class='ocrx_word' id='word_1_715' title='bbox 3320 3646 3433 3684; x_wconf 86' lang='lat' dir='ltr'>una</span> <span class='ocrx_word' id='word_1_716' title='bbox 3467 3631 3681 3685; x_wconf 88' lang='lat' dir='ltr'>iterum</span> 
     </span>
    </p>
   </div>
   <div class='ocr_carea' id='block_1_94' title="bbox 2039 3714 3685 3788">
    <p class='ocr_par' dir='ltr' id='par_1_94' title="bbox 2039 3714 3685 3788">
     <span class='ocr_line' id='line_1_95' title="bbox 2039 3714 3685 3788; baseline 0.002 -17"><span class='ocrx_word' id='word_1_717' title='bbox 2039 3716 2452 3788; x_wconf 72' lang='lat' dir='ltr'>praedicentur,</span> <span class='ocrx_word' id='word_1_718' title='bbox 2476 3721 2533 3769; x_wconf 91' lang='lat' dir='ltr'>et</span> <span class='ocrx_word' id='word_1_719' title='bbox 2554 3716 2601 3769; x_wconf 90' lang='lat' dir='ltr'>si</span> <span class='ocrx_word' id='word_1_720' title='bbox 2626 3714 2893 3785; x_wconf 89' lang='lat' dir='ltr'>pluribus</span> <span class='ocrx_word' id='word_1_721' title='bbox 2916 3716 3033 3772; x_wconf 89' lang='lat' dir='ltr'>illis</span> <span class='ocrx_word' id='word_1_722' title='bbox 3064 3718 3238 3772; x_wconf 85' lang='lat' dir='ltr'>rebus</span> <span class='ocrx_word' id='word_1_723' title='bbox 3261 3735 3447 3773; x_wconf 90' lang='lat' dir='ltr'>unum</span> <span class='ocrx_word' id='word_1_724' title='bbox 3469 3734 3685 3774; x_wconf 87' lang='lat' dir='ltr'>nomen</span> 
     </span>
    </p>
   </div>
   <div class='ocr_carea' id='block_1_95' title="bbox 2040 3804 3684 3879">
    <p class='ocr_par' dir='ltr' id='par_1_95' title="bbox 2040 3804 3684 3879">
     <span class='ocr_line' id='line_1_96' title="bbox 2040 3804 3684 3879; baseline 0.001 -19"><span class='ocrx_word' id='word_1_725' title='bbox 2040 3810 2117 3860; x_wconf 87' lang='lat' dir='ltr'>sit</span> <span class='ocrx_word' id='word_1_726' title='bbox 2132 3804 2504 3875; x_wconf 86' lang='lat' dir='ltr'>positum,vel</span> <span class='ocrx_word' id='word_1_727' title='bbox 2528 3821 2643 3858; x_wconf 90' lang='lat' dir='ltr'>una</span> <span class='ocrx_word' id='word_1_728' title='bbox 2661 3821 2752 3858; x_wconf 89' lang='lat' dir='ltr'>res</span> <span class='ocrx_word' id='word_1_729' title='bbox 2774 3805 2843 3858; x_wconf 91' lang='lat' dir='ltr'>de</span> <span class='ocrx_word' id='word_1_730' title='bbox 2863 3822 2979 3859; x_wconf 92' lang='lat' dir='ltr'>uno</span> <span class='ocrx_word' id='word_1_731' title='bbox 3004 3806 3241 3861; x_wconf 89' lang='lat' dir='ltr'>nomine</span> <span class='ocrx_word' id='word_1_732' title='bbox 3268 3807 3434 3877; x_wconf 89' lang='lat' dir='ltr'>plura</span> <span class='ocrx_word' id='word_1_733' title='bbox 3448 3807 3684 3879; x_wconf 88' lang='lat' dir='ltr'>signiﬁ—</span> 
     </span>
    </p>
   </div>
   <div class='ocr_carea' id='block_1_96' title="bbox 2042 3893 3685 3963">
    <p class='ocr_par' dir='ltr' id='par_1_96' title="bbox 2042 3893 3685 3963">
     <span class='ocr_line' id='line_1_97' title="bbox 2042 3893 3685 3963; baseline 0.002 -15"><span class='ocrx_word' id='word_1_734' title='bbox 2042 3895 2195 3948; x_wconf 89' lang='lat' dir='ltr'>canti</span> <span class='ocrx_word' id='word_1_735' title='bbox 2235 3894 2603 3963; x_wconf 70' lang='lat' dir='ltr'>praedicetur,</span> <span class='ocrx_word' id='word_1_736' title='bbox 2637 3894 2685 3947; x_wconf 89' lang='lat' dir='ltr'>si</span> <span class='ocrx_word' id='word_1_737' title='bbox 2716 3909 2785 3947; x_wconf 86' lang='lat' dir='ltr'>ex</span> <span class='ocrx_word' id='word_1_738' title='bbox 2817 3893 2934 3949; x_wconf 89' lang='lat' dir='ltr'>illis</span> <span class='ocrx_word' id='word_1_739' title='bbox 2965 3895 3239 3951; x_wconf 91' lang='lat' dir='ltr'>omnibus</span> <span class='ocrx_word' id='word_1_740' title='bbox 3293 3897 3468 3952; x_wconf 88' lang='lat' dir='ltr'>rebus</span> <span class='ocrx_word' id='word_1_741' title='bbox 3500 3913 3685 3952; x_wconf 91' lang='lat' dir='ltr'>unum</span> 
     </span>
    </p>
   </div>
   <div class='ocr_carea' id='block_1_97' title="bbox 2041 3982 3691 4052">
    <p class='ocr_par' dir='ltr' id='par_1_97' title="bbox 2041 3982 3691 4052">
     <span class='ocr_line' id='line_1_98' title="bbox 2041 3982 3691 4052; baseline 0.003 -16"><span class='ocrx_word' id='word_1_742' title='bbox 2041 3982 2262 4052; x_wconf 88' lang='lat' dir='ltr'>aliquid</span> <span class='ocrx_word' id='word_1_743' title='bbox 2287 3999 2400 4036; x_wconf 93' lang='lat' dir='ltr'>non</span> <span class='ocrx_word' id='word_1_744' title='bbox 2434 3982 2517 4049; x_wconf 79' lang='lat' dir='ltr'>ﬁt,</span> <span class='ocrx_word' id='word_1_745' title='bbox 2540 3996 2653 4035; x_wconf 91' lang='lat' dir='ltr'>non</span> <span class='ocrx_word' id='word_1_746' title='bbox 2681 3986 2771 4036; x_wconf 90' lang='lat' dir='ltr'>est</span> <span class='ocrx_word' id='word_1_747' title='bbox 2802 3998 2919 4037; x_wconf 89' lang='lat' dir='ltr'>una</span> <span class='ocrx_word' id='word_1_748' title='bbox 2947 3983 3285 4050; x_wconf 86' lang='lat' dir='ltr'>afﬁrmatio,</span> <span class='ocrx_word' id='word_1_749' title='bbox 3322 4002 3427 4040; x_wconf 90' lang='lat' dir='ltr'>nec</span> <span class='ocrx_word' id='word_1_750' title='bbox 3458 4002 3575 4040; x_wconf 89' lang='lat' dir='ltr'>una</span> <span class='ocrx_word' id='word_1_751' title='bbox 3597 4002 3691 4041; x_wconf 89' lang='lat' dir='ltr'>ne-</span> 
     </span>
    </p>
   </div>
   <div class='ocr_carea' id='block_1_98' title="bbox 2041 4070 3687 4143">
    <p class='ocr_par' dir='ltr' id='par_1_98' title="bbox 2041 4070 3687 4143">
     <span class='ocr_line' id='line_1_99' title="bbox 2041 4070 3687 4143; baseline 0.002 -18"><span class='ocrx_word' id='word_1_752' title='bbox 2041 4072 2212 4141; x_wconf 84' lang='lat' dir='ltr'>gatio:</span> <span class='ocrx_word' id='word_1_753' title='bbox 2230 4070 2277 4125; x_wconf 90' lang='lat' dir='ltr'>si</span> <span class='ocrx_word' id='word_1_754' title='bbox 2294 4070 2426 4140; x_wconf 88' lang='lat' dir='ltr'>quis</span> <span class='ocrx_word' id='word_1_755' title='bbox 2458 4070 2611 4124; x_wconf 90' lang='lat' dir='ltr'>enim</span> <span class='ocrx_word' id='word_1_756' title='bbox 2630 4070 2784 4124; x_wconf 88' lang='lat' dir='ltr'>dicat</span> <span class='ocrx_word' id='word_1_757' title='bbox 2796 4071 3011 4125; x_wconf 85' lang='lat' dir='ltr'>animal</span> <span class='ocrx_word' id='word_1_758' title='bbox 3035 4074 3320 4127; x_wconf 88' lang='lat' dir='ltr'>rationale</span> <span class='ocrx_word' id='word_1_759' title='bbox 3335 4074 3497 4143; x_wconf 89' lang='lat' dir='ltr'>bipes</span> <span class='ocrx_word' id='word_1_760' title='bbox 3514 4074 3687 4129; x_wconf 90' lang='lat' dir='ltr'>homo</span> 
     </span>
    </p>
   </div>
   <div class='ocr_carea' id='block_1_99' title="bbox 2043 4158 3682 4232">
    <p class='ocr_par' dir='ltr' id='par_1_99' title="bbox 2043 4158 3682 4232">
     <span class='ocr_line' id='line_1_100' title="bbox 2043 4158 3682 4232; baseline 0.001 -17"><span class='ocrx_word' id='word_1_761' title='bbox 2043 4165 2151 4229; x_wconf 90' lang='lat' dir='ltr'>est,</span> <span class='ocrx_word' id='word_1_762' title='bbox 2187 4175 2368 4213; x_wconf 91' lang='lat' dir='ltr'>unum</span> <span class='ocrx_word' id='word_1_763' title='bbox 2401 4158 2698 4213; x_wconf 89' lang='lat' dir='ltr'>hominem</span> <span class='ocrx_word' id='word_1_764' title='bbox 2730 4159 2998 4228; x_wconf 90' lang='lat' dir='ltr'>pluribus</span> <span class='ocrx_word' id='word_1_765' title='bbox 3023 4161 3390 4227; x_wconf 77' lang='lat' dir='ltr'>praedicando</span> <span class='ocrx_word' id='word_1_766' title='bbox 3413 4162 3682 4232; x_wconf 83' lang='lat' dir='ltr'>subjecit:</span> 
     </span>
    </p>
   </div>
   <div class='ocr_carea' id='block_1_100' title="bbox 2043 4246 3685 4319">
    <p class='ocr_par' dir='ltr' id='par_1_100' title="bbox 2043 4246 3685 4319">
     <span class='ocr_line' id='line_1_101' title="bbox 2043 4246 3685 4319; baseline 0.001 -16"><span class='ocrx_word' id='word_1_767' title='bbox 2043 4250 2143 4303; x_wconf 88' lang='lat' dir='ltr'>sed</span> <span class='ocrx_word' id='word_1_768' title='bbox 2177 4248 2298 4302; x_wconf 66' lang='lat' dir='ltr'>haec</span> <span class='ocrx_word' id='word_1_769' title='bbox 2330 4247 2628 4317; x_wconf 83' lang='lat' dir='ltr'>sigillatim</span> <span class='ocrx_word' id='word_1_770' title='bbox 2664 4246 2900 4316; x_wconf 92' lang='lat' dir='ltr'>quidem</span> <span class='ocrx_word' id='word_1_771' title='bbox 2933 4248 3088 4303; x_wconf 88' lang='lat' dir='ltr'>dicta</span> <span class='ocrx_word' id='word_1_772' title='bbox 3130 4250 3298 4319; x_wconf 89' lang='lat' dir='ltr'>plura</span> <span class='ocrx_word' id='word_1_773' title='bbox 3328 4256 3485 4315; x_wconf 85' lang='lat' dir='ltr'>sunt,</span> <span class='ocrx_word' id='word_1_774' title='bbox 3507 4267 3685 4305; x_wconf 89' lang='lat' dir='ltr'>unam</span> 
     </span>
    </p>
   </div>
   <div class='ocr_carea' id='block_1_101' title="bbox 2043 4336 3689 4406">
    <p class='ocr_par' dir='ltr' id='par_1_101' title="bbox 2043 4336 3689 4406">
     <span class='ocr_line' id='line_1_102' title="bbox 2043 4336 3689 4406; baseline 0.002 -15"><span class='ocrx_word' id='word_1_775' title='bbox 2043 4352 2176 4391; x_wconf 91' lang='lat' dir='ltr'>vero</span> <span class='ocrx_word' id='word_1_776' title='bbox 2209 4336 2521 4406; x_wconf 87' lang='lat' dir='ltr'>quamdam</span> <span class='ocrx_word' id='word_1_777' title='bbox 2547 4336 2941 4390; x_wconf 87' lang='lat' dir='ltr'>substantiam</span> <span class='ocrx_word' id='word_1_778' title='bbox 2968 4336 3308 4392; x_wconf 87' lang='lat' dir='ltr'>informant.</span> <span class='ocrx_word' id='word_1_779' title='bbox 3335 4340 3689 4395; x_wconf 89' lang='lat' dir='ltr'>Coeuntibus</span> 
     </span>
    </p>
   </div>
   <div class='ocr_carea' id='block_1_102' title="bbox 2045 4423 3690 4496">
    <p class='ocr_par' dir='ltr' id='par_1_102' title="bbox 2045 4423 3690 4496">
     <span class='ocr_line' id='line_1_103' title="bbox 2045 4423 3690 4496; baseline 0.003 -17"><span class='ocrx_word' id='word_1_780' title='bbox 2045 4441 2301 4495; x_wconf 89' lang='lat' dir='ltr'>namque</span> <span class='ocrx_word' id='word_1_781' title='bbox 2316 4423 2942 4491; x_wconf 85' lang='lat' dir='ltr'>animali,rationali,et</span> <span class='ocrx_word' id='word_1_782' title='bbox 2957 4425 3163 4496; x_wconf 90' lang='lat' dir='ltr'>pibede</span> <span class='ocrx_word' id='word_1_783' title='bbox 3177 4428 3243 4481; x_wconf 89' lang='lat' dir='ltr'>ﬁt</span> <span class='ocrx_word' id='word_1_784' title='bbox 3272 4445 3387 4483; x_wconf 89' lang='lat' dir='ltr'>una</span> <span class='ocrx_word' id='word_1_785' title='bbox 3409 4431 3690 4484; x_wconf 88' lang='lat' dir='ltr'>substan-</span> 
     </span>
    </p>
   </div>
   <div class='ocr_carea' id='block_1_103' title="bbox 2046 4512 3692 4585">
    <p class='ocr_par' dir='ltr' id='par_1_103' title="bbox 2046 4512 3692 4585">
     <span class='ocr_line' id='line_1_104' title="bbox 2046 4512 3692 4585; baseline 0.004 -17"><span class='ocrx_word' id='word_1_786' title='bbox 2046 4514 2127 4568; x_wconf 91' lang='lat' dir='ltr'>tia</span> <span class='ocrx_word' id='word_1_787' title='bbox 2179 4512 2399 4566; x_wconf 89' lang='lat' dir='ltr'>animal</span> <span class='ocrx_word' id='word_1_788' title='bbox 2460 4514 2744 4567; x_wconf 81' lang='lat' dir='ltr'>rationale</span> <span class='ocrx_word' id='word_1_789' title='bbox 2804 4515 2994 4584; x_wconf 88' lang='lat' dir='ltr'>bipes,</span> <span class='ocrx_word' id='word_1_790' title='bbox 3057 4517 3211 4585; x_wconf 90' lang='lat' dir='ltr'>quod</span> <span class='ocrx_word' id='word_1_791' title='bbox 3252 4523 3341 4572; x_wconf 90' lang='lat' dir='ltr'>est</span> <span class='ocrx_word' id='word_1_792' title='bbox 3396 4516 3594 4572; x_wconf 89' lang='lat' dir='ltr'>homo.</span> <span class='ocrx_word' id='word_1_793' title='bbox 3624 4519 3692 4574; x_wconf 91' lang='lat' dir='ltr'>Et</span> 
     </span>
    </p>
   </div>
   <div class='ocr_carea' id='block_1_104' title="bbox 2048 4598 3691 4674">
    <p class='ocr_par' dir='ltr' id='par_1_104' title="bbox 2048 4598 3691 4674">
     <span class='ocr_line' id='line_1_105' title="bbox 2048 4598 3691 4674; baseline 0.004 -19"><span class='ocrx_word' id='word_1_794' title='bbox 2048 4616 2387 4673; x_wconf 91' lang='lat' dir='ltr'>quanquam</span> <span class='ocrx_word' id='word_1_795' title='bbox 2422 4598 2546 4654; x_wconf 69' lang='lat' dir='ltr'>haec</span> <span class='ocrx_word' id='word_1_796' title='bbox 2580 4599 2882 4672; x_wconf 87' lang='lat' dir='ltr'>silligatim</span> <span class='ocrx_word' id='word_1_797' title='bbox 2911 4603 3063 4657; x_wconf 88' lang='lat' dir='ltr'>dicta</span> <span class='ocrx_word' id='word_1_798' title='bbox 3095 4604 3281 4658; x_wconf 86' lang='lat' dir='ltr'>multa</span> <span class='ocrx_word' id='word_1_799' title='bbox 3306 4605 3443 4673; x_wconf 88' lang='lat' dir='ltr'>sint,</span> <span class='ocrx_word' id='word_1_800' title='bbox 3478 4605 3527 4659; x_wconf 89' lang='lat' dir='ltr'>si</span> <span class='ocrx_word' id='word_1_801' title='bbox 3558 4604 3691 4674; x_wconf 92' lang='lat' dir='ltr'>quis</span> 
     </span>
    </p>
   </div>
   <div class='ocr_carea' id='block_1_105' title="bbox 2030 4691 3688 4761">
    <p class='ocr_par' dir='ltr' id='par_1_105' title="bbox 2030 4691 3688 4761">
     <span class='ocr_line' id='line_1_106' title="bbox 2030 4691 3688 4761; baseline 0.001 -13"><span class='ocrx_word' id='word_1_802' title='bbox 2030 4694 2186 4749; x_wconf 89' lang='lat' dir='ltr'>enim</span> <span class='ocrx_word' id='word_1_803' title='bbox 2210 4692 2366 4746; x_wconf 89' lang='lat' dir='ltr'>dicat</span> <span class='ocrx_word' id='word_1_804' title='bbox 2387 4691 2689 4755; x_wconf 84' lang='lat' dir='ltr'>animal,et</span> <span class='ocrx_word' id='word_1_805' title='bbox 2711 4708 2919 4746; x_wconf 88' lang='lat' dir='ltr'>rursus</span> <span class='ocrx_word' id='word_1_806' title='bbox 2945 4693 3246 4761; x_wconf 89' lang='lat' dir='ltr'>rationale,</span> <span class='ocrx_word' id='word_1_807' title='bbox 3272 4699 3328 4749; x_wconf 87' lang='lat' dir='ltr'>et</span> <span class='ocrx_word' id='word_1_808' title='bbox 3350 4694 3688 4750; x_wconf 87' lang='lat' dir='ltr'>intermisso</span> 
     </span>
    </p>
   </div>
   <div class='ocr_carea' id='block_1_106' title="bbox 2033 4779 3687 4854">
    <p class='ocr_par' dir='ltr' id='par_1_106' title="bbox 2033 4779 3687 4854">
     <span class='ocr_line' id='line_1_107' title="bbox 2033 4779 3687 4854; baseline 0.001 -18"><span class='ocrx_word' id='word_1_809' title='bbox 2033 4787 2296 4852; x_wconf 90' lang='lat' dir='ltr'>tempore</span> <span class='ocrx_word' id='word_1_810' title='bbox 2318 4780 2508 4849; x_wconf 87' lang='lat' dir='ltr'>bipes,</span> <span class='ocrx_word' id='word_1_811' title='bbox 2529 4779 2833 4835; x_wconf 89' lang='lat' dir='ltr'>discretim</span> <span class='ocrx_word' id='word_1_812' title='bbox 2856 4782 3042 4837; x_wconf 90' lang='lat' dir='ltr'>multa</span> <span class='ocrx_word' id='word_1_813' title='bbox 3066 4782 3687 4854; x_wconf 85' lang='lat' dir='ltr'>signiﬁcantia,tamen</span> 
     </span>
    </p>
   </div>
   <div class='ocr_carea' id='block_1_107' title="bbox 2025 4869 3691 4941">
    <p class='ocr_par' dir='ltr' id='par_1_107' title="bbox 2025 4869 3691 4941">
     <span class='ocr_line' id='line_1_108' title="bbox 2025 4869 3691 4941; baseline 0.002 -16"><span class='ocrx_word' id='word_1_814' title='bbox 2025 4872 2236 4941; x_wconf 86' lang='lat' dir='ltr'>juncta</span> <span class='ocrx_word' id='word_1_815' title='bbox 2264 4869 2323 4923; x_wconf 91' lang='lat' dir='ltr'>in</span> <span class='ocrx_word' id='word_1_816' title='bbox 2361 4885 2544 4923; x_wconf 90' lang='lat' dir='ltr'>unum</span> <span class='ocrx_word' id='word_1_817' title='bbox 2576 4886 2753 4924; x_wconf 90' lang='lat' dir='ltr'>unam</span> <span class='ocrx_word' id='word_1_818' title='bbox 2787 4870 3014 4926; x_wconf 86' lang='lat' dir='ltr'>faciunt</span> <span class='ocrx_word' id='word_1_819' title='bbox 3043 4877 3344 4939; x_wconf 86' lang='lat' dir='ltr'>naturam,</span> <span class='ocrx_word' id='word_1_820' title='bbox 3382 4877 3441 4927; x_wconf 87' lang='lat' dir='ltr'>et</span> <span class='ocrx_word' id='word_1_821' title='bbox 3470 4873 3579 4928; x_wconf 90' lang='lat' dir='ltr'>hoc</span> <span class='ocrx_word' id='word_1_822' title='bbox 3605 4877 3691 4928; x_wconf 90' lang='lat' dir='ltr'>est</span> 
     </span>
    </p>
   </div>
   <div class='ocr_carea' id='block_1_108' title="bbox 2035 4956 3685 5032">
    <p class='ocr_par' dir='ltr' id='par_1_108' title="bbox 2035 4956 3685 5032">
     <span class='ocr_line' id='line_1_109' title="bbox 2035 4956 3685 5032; baseline 0.002 -19"><span class='ocrx_word' id='word_1_823' title='bbox 2035 4959 2190 5029; x_wconf 90' lang='lat' dir='ltr'>quod</span> <span class='ocrx_word' id='word_1_824' title='bbox 2215 4957 2337 5013; x_wconf 89' lang='lat' dir='ltr'>ait:</span> <span class='ocrx_word' id='word_1_825' title='bbox 2374 4956 2448 5011; x_wconf 94' lang='lat' dir='ltr'>Ut</span> <span class='ocrx_word' id='word_1_826' title='bbox 2492 4956 2669 5012; x_wconf 92' lang='lat' dir='ltr'>homo</span> <span class='ocrx_word' id='word_1_827' title='bbox 2715 4962 2805 5012; x_wconf 88' lang='lat' dir='ltr'>est</span> <span class='ocrx_word' id='word_1_828' title='bbox 2854 4960 3102 5015; x_wconf 86' lang='lat' dir='ltr'>fortasse</span> <span class='ocrx_word' id='word_1_829' title='bbox 3129 4962 3371 5027; x_wconf 87' lang='lat' dir='ltr'>animal,</span> <span class='ocrx_word' id='word_1_830' title='bbox 3405 4968 3463 5015; x_wconf 88' lang='lat' dir='ltr'>et</span> <span class='ocrx_word' id='word_1_831' title='bbox 3500 4962 3685 5032; x_wconf 86' lang='lat' dir='ltr'>bipes,</span> 
     </span>
    </p>
   </div>
   <div class='ocr_carea' id='block_1_109' title="bbox 2034 5047 3692 5119">
    <p class='ocr_par' dir='ltr' id='par_1_109' title="bbox 2034 5047 3692 5119">
     <span class='ocr_line' id='line_1_110' title="bbox 2034 5047 3692 5119; baseline 0.001 -16"><span class='ocrx_word' id='word_1_832' title='bbox 2034 5054 2091 5104; x_wconf 91' lang='lat' dir='ltr'>et</span> <span class='ocrx_word' id='word_1_833' title='bbox 2114 5050 2515 5113; x_wconf 81' lang='lat' dir='ltr'>mansuetum;</span> <span class='ocrx_word' id='word_1_834' title='bbox 2532 5047 2631 5102; x_wconf 89' lang='lat' dir='ltr'>sed</span> <span class='ocrx_word' id='word_1_835' title='bbox 2648 5064 2717 5101; x_wconf 81' lang='lat' dir='ltr'>ex</span> <span class='ocrx_word' id='word_1_836' title='bbox 2739 5047 2832 5103; x_wconf 92' lang='lat' dir='ltr'>his</span> <span class='ocrx_word' id='word_1_837' title='bbox 2863 5065 3045 5103; x_wconf 91' lang='lat' dir='ltr'>unum</span> <span class='ocrx_word' id='word_1_838' title='bbox 3066 5050 3151 5117; x_wconf 86' lang='lat' dir='ltr'>ﬁt,</span> <span class='ocrx_word' id='word_1_839' title='bbox 3171 5054 3452 5119; x_wconf 89' lang='lat' dir='ltr'>tanquam</span> <span class='ocrx_word' id='word_1_840' title='bbox 3472 5049 3520 5104; x_wconf 91' lang='lat' dir='ltr'>si</span> <span class='ocrx_word' id='word_1_841' title='bbox 3540 5050 3692 5105; x_wconf 88' lang='lat' dir='ltr'>dice-</span> 
     </span>
    </p>
   </div>
   <div class='ocr_carea' id='block_1_110' title="bbox 2035 5134 3689 5207">
    <p class='ocr_par' dir='ltr' id='par_1_110' title="bbox 2035 5134 3689 5207">
     <span class='ocr_line' id='line_1_111' title="bbox 2035 5134 3689 5207; baseline -0.001 -16"><span class='ocrx_word' id='word_1_842' title='bbox 2035 5140 2140 5191; x_wconf 89' lang='lat' dir='ltr'>ret:</span> <span class='ocrx_word' id='word_1_843' title='bbox 2177 5140 2362 5190; x_wconf 84' lang='lat' dir='ltr'>Homo</span> <span class='ocrx_word' id='word_1_844' title='bbox 2394 5136 2550 5189; x_wconf 90' lang='lat' dir='ltr'>enim</span> <span class='ocrx_word' id='word_1_845' title='bbox 2580 5134 2750 5206; x_wconf 89' lang='lat' dir='ltr'>plura</span> <span class='ocrx_word' id='word_1_846' title='bbox 2783 5137 3099 5207; x_wconf 84' lang='lat' dir='ltr'>signiﬁcat,</span> <span class='ocrx_word' id='word_1_847' title='bbox 3136 5138 3233 5192; x_wconf 91' lang='lat' dir='ltr'>sed</span> <span class='ocrx_word' id='word_1_848' title='bbox 3263 5137 3365 5203; x_wconf 86' lang='lat' dir='ltr'>ita,</span> <span class='ocrx_word' id='word_1_849' title='bbox 3396 5135 3445 5191; x_wconf 87' lang='lat' dir='ltr'>si</span> <span class='ocrx_word' id='word_1_850' title='bbox 3475 5154 3539 5191; x_wconf 81' lang='lat' dir='ltr'>ea</span> <span class='ocrx_word' id='word_1_851' title='bbox 3564 5153 3689 5206; x_wconf 69' lang='lat' dir='ltr'>quas</span> 
     </span>
    </p>
   </div>
   <div class='ocr_carea' id='block_1_111' title="bbox 2035 5224 3689 5295">
    <p class='ocr_par' dir='ltr' id='par_1_111' title="bbox 2035 5224 3689 5295">
     <span class='ocr_line' id='line_1_112' title="bbox 2035 5224 3689 5295; baseline 0 -15"><span class='ocrx_word' id='word_1_852' title='bbox 2035 5225 2447 5295; x_wconf 82' lang='lat' dir='ltr'>signiﬁcantur</span> <span class='ocrx_word' id='word_1_853' title='bbox 2467 5224 2804 5295; x_wconf 86' lang='lat' dir='ltr'>discerptim</span> <span class='ocrx_word' id='word_1_854' title='bbox 2825 5226 3115 5282; x_wconf 89' lang='lat' dir='ltr'>dicantur.</span> <span class='ocrx_word' id='word_1_855' title='bbox 3141 5226 3287 5281; x_wconf 89' lang='lat' dir='ltr'>Nam</span> <span class='ocrx_word' id='word_1_856' title='bbox 3301 5225 3608 5292; x_wconf 89' lang='lat' dir='ltr'>etanimal,</span> <span class='ocrx_word' id='word_1_857' title='bbox 3633 5231 3689 5280; x_wconf 88' lang='lat' dir='ltr'>et</span> 
     </span>
    </p>
   </div>
   <div class='ocr_carea' id='block_1_112' title="bbox 2035 5314 3691 5385">
    <p class='ocr_par' dir='ltr' id='par_1_112' title="bbox 2035 5314 3691 5385">
     <span class='ocr_line' id='line_1_113' title="bbox 2035 5314 3691 5385; baseline 0 -16"><span class='ocrx_word' id='word_1_858' title='bbox 2035 5315 2225 5384; x_wconf 88' lang='lat' dir='ltr'>bipes,</span> <span class='ocrx_word' id='word_1_859' title='bbox 2256 5317 2311 5368; x_wconf 92' lang='lat' dir='ltr'>et</span> <span class='ocrx_word' id='word_1_860' title='bbox 2336 5317 2712 5368; x_wconf 89' lang='lat' dir='ltr'>mansuetum</span> <span class='ocrx_word' id='word_1_861' title='bbox 2742 5315 3304 5385; x_wconf 87' lang='lat' dir='ltr'>designat.Dicimus</span> <span class='ocrx_word' id='word_1_862' title='bbox 3327 5316 3485 5368; x_wconf 86' lang='lat' dir='ltr'>enim</span> <span class='ocrx_word' id='word_1_863' title='bbox 3511 5314 3691 5369; x_wconf 87' lang='lat' dir='ltr'>homi-</span> 
     </span>
    </p>
   </div>
   <div class='ocr_carea' id='block_1_113' title="bbox 2037 5401 3685 5474">
    <p class='ocr_par' dir='ltr' id='par_1_113' title="bbox 2037 5401 3685 5474">
     <span class='ocr_line' id='line_1_114' title="bbox 2037 5401 3685 5474; baseline -0.002 -16"><span class='ocrx_word' id='word_1_864' title='bbox 2037 5420 2171 5459; x_wconf 89' lang='lat' dir='ltr'>nem</span> <span class='ocrx_word' id='word_1_865' title='bbox 2206 5419 2333 5458; x_wconf 90' lang='lat' dir='ltr'>esse</span> <span class='ocrx_word' id='word_1_866' title='bbox 2364 5401 2609 5469; x_wconf 88' lang='lat' dir='ltr'>animal,</span> <span class='ocrx_word' id='word_1_867' title='bbox 2641 5407 2699 5457; x_wconf 89' lang='lat' dir='ltr'>et</span> <span class='ocrx_word' id='word_1_868' title='bbox 2728 5403 3021 5474; x_wconf 89' lang='lat' dir='ltr'>bipedem,</span> <span class='ocrx_word' id='word_1_869' title='bbox 3054 5409 3110 5459; x_wconf 86' lang='lat' dir='ltr'>et</span> <span class='ocrx_word' id='word_1_870' title='bbox 3140 5409 3549 5469; x_wconf 86' lang='lat' dir='ltr'>mansuetum;</span> <span class='ocrx_word' id='word_1_871' title='bbox 3584 5403 3685 5456; x_wconf 92' lang='lat' dir='ltr'>sed</span> 
     </span>
    </p>
   </div>
   <div class='ocr_carea' id='block_1_114' title="bbox 2039 5489 3685 5561">
    <p class='ocr_par' dir='ltr' id='par_1_114' title="bbox 2039 5489 3685 5561">
     <span class='ocr_line' id='line_1_115' title="bbox 2039 5489 3685 5561; baseline -0.002 -15"><span class='ocrx_word' id='word_1_872' title='bbox 2039 5492 2157 5547; x_wconf 73' lang='lat' dir='ltr'>haec</span> <span class='ocrx_word' id='word_1_873' title='bbox 2179 5490 2464 5561; x_wconf 85' lang='lat' dir='ltr'>junctain</span> <span class='ocrx_word' id='word_1_874' title='bbox 2499 5508 2682 5546; x_wconf 92' lang='lat' dir='ltr'>unum</span> <span class='ocrx_word' id='word_1_875' title='bbox 2716 5508 2930 5561; x_wconf 90' lang='lat' dir='ltr'>corpus</span> <span class='ocrx_word' id='word_1_876' title='bbox 2958 5494 3223 5547; x_wconf 87' lang='lat' dir='ltr'>efﬁciunt</span> <span class='ocrx_word' id='word_1_877' title='bbox 3254 5508 3433 5547; x_wconf 91' lang='lat' dir='ltr'>unum</span> <span class='ocrx_word' id='word_1_878' title='bbox 3468 5489 3685 5546; x_wconf 86' lang='lat' dir='ltr'>animal</span> 
     </span>
    </p>
   </div>
   <div class='ocr_carea' id='block_1_115' title="bbox 2040 5578 3683 5651">
    <p class='ocr_par' dir='ltr' id='par_1_115' title="bbox 2040 5578 3683 5651">
     <span class='ocr_line' id='line_1_116' title="bbox 2040 5578 3683 5651; baseline -0.001 -15"><span class='ocrx_word' id='word_1_879' title='bbox 2040 5585 2414 5636; x_wconf 83' lang='lat' dir='ltr'>mansuetum</span> <span class='ocrx_word' id='word_1_880' title='bbox 2437 5578 2622 5651; x_wconf 90' lang='lat' dir='ltr'>bipes,</span> <span class='ocrx_word' id='word_1_881' title='bbox 2646 5583 2795 5650; x_wconf 87' lang='lat' dir='ltr'>quod</span> <span class='ocrx_word' id='word_1_882' title='bbox 2821 5588 2911 5636; x_wconf 90' lang='lat' dir='ltr'>est</span> <span class='ocrx_word' id='word_1_883' title='bbox 2931 5581 3321 5646; x_wconf 82' lang='lat' dir='ltr'>homo.0uare</span> <span class='ocrx_word' id='word_1_884' title='bbox 3344 5595 3683 5649; x_wconf 88' lang='lat' dir='ltr'>quanquam</span> 
     </span>
    </p>
   </div>
   <div class='ocr_carea' id='block_1_116' title="bbox 2038 5668 3689 5741">
    <p class='ocr_par' dir='ltr' id='par_1_116' title="bbox 2038 5668 3689 5741">
     <span class='ocr_line' id='line_1_117' title="bbox 2038 5668 3689 5741; baseline -0.002 -14"><span class='ocrx_word' id='word_1_885' title='bbox 2038 5672 2106 5727; x_wconf 88' lang='lat' dir='ltr'>de</span> <span class='ocrx_word' id='word_1_886' title='bbox 2126 5688 2155 5726; x_wconf 80' lang='grc' dir='ltr'>υ</span> <span class='ocrx_word' id='word_1_887' title='bbox 2168 5687 2241 5725; x_wconf 91' lang='lat' dir='ltr'>no</span> <span class='ocrx_word' id='word_1_888' title='bbox 2256 5669 2425 5741; x_wconf 87' lang='lat' dir='ltr'>plura</span> <span class='ocrx_word' id='word_1_889' title='bbox 2438 5670 2753 5739; x_wconf 65' lang='lat' dir='ltr'>prmdicata</span> <span class='ocrx_word' id='word_1_890' title='bbox 2766 5670 3104 5740; x_wconf 79' lang='lat' dir='ltr'>sint,tamen</span> <span class='ocrx_word' id='word_1_891' title='bbox 3119 5671 3397 5740; x_wconf 87' lang='lat' dir='ltr'>quoniam</span> <span class='ocrx_word' id='word_1_892' title='bbox 3417 5684 3485 5724; x_wconf 79' lang='lat' dir='ltr'>ex</span> <span class='ocrx_word' id='word_1_893' title='bbox 3502 5668 3689 5725; x_wconf 80' lang='lat' dir='ltr'>omni-</span> 
     </span>
    </p>
   </div>
  </div>
