4060 6178
228 325 318 380 361

1018 333 1093 387 IN
1130 334 1404 388 LIBRUM
1441 335 1537 387 DE
1574 330 2255 386 INTERPRETATIONE
2290 333 2536 386 EDITIO
2575 334 2822 387 PRIMA.

3512 329 3618 384 363

227 450 452 514 ctio,non
482 450 1013 521 verum,sedfalsum
1036 459 1136 519 est,
1175 463 1232 509 ut
1261 455 1535 510 hominem
1556 463 1857 515 mortuum,
1891 454 1942 520 Î‘
1978 452 2211 507 fortasse
2241 454 2467 520 dixerit,
2500 463 2551 509 et
2586 472 2777 510 rursus
2809 455 2900 510 hic
2933 455 3095 509 albus
3119 462 3219 509 est.
3258 458 3370 513 lloc
3403 471 3623 527 quoque

226 538 486 592 hominem
501 538 708 594 dicere.
731 540 964 608 Quando
988 548 1171 598 autem
1192 561 1297 599 non
1314 551 1415 613 est,
1442 561 1632 600 verum
1652 548 1749 598 est.
1764 542 1865 596 Vel

226 629 385 681 etiam
415 630 650 697 quando
679 630 841 697 inest,
874 646 1086 703 semper
1116 649 1227 687 non
1255 649 1445 689 verum
1474 644 1594 695 est;
1652 631 1865 704 quando

228 732 335 771 vero
363 733 475 771 non
508 720 670 782 inest,
706 736 817 774 non
843 736 1054 792 semper
1074 739 1267 778 verum
1286 728 1383 790 est,
1402 727 1462 777 ut
1493 728 1765 777 Ilomcrus
1788 728 1866 775 est

228 808 455 879 aliquid,
489 813 549 863 ut
577 817 755 880 poeta,
784 826 913 880 ergo
944 814 1116 867 etiam
1144 822 1243 879 est,
1276 830 1347 867 an
1377 831 1512 878 non,
1563 811 1865 868 secundum

227 898 465 953 accadens
493 898 643 952 enim
672 899 1016 968 praedicatur
1042 918 1159 957 esse
1203 904 1273 957 de
1321 908 1556 958 Homero
1605 902 1865 973 quoniam

227 990 294 1040 est
315 994 497 1056 poeta,
521 988 611 1042 sed
632 1004 743 1043 non
771 990 1069 1045 secundum
1097 1007 1154 1046 se
1174 991 1526 1063 praedicatur
1548 992 1614 1046 de
1636 992 1866 1045 Homero

229 1077 484 1147 quoniam
525 1081 626 1132 est.

286 1183 415 1245 Quae
449 1189 709 1252 utraque,
744 1183 799 1239 id
831 1188 915 1239 est
946 1193 998 1240 et
1040 1186 1403 1255 praedicatum
1435 1195 1482 1243 et
1519 1188 1664 1258 qned
1704 1186 1866 1241 addi-

224 1276 301 1325 tur
332 1271 665 1340 praedicato,
700 1288 767 1327 ex
798 1273 922 1343 ipsa
953 1275 1309 1343 oppositione
1358 1276 1730 1330 contradictio
1778 1289 1870 1328 co~

221 1360 467 1426 mitatur,
503 1363 565 1414 ut
595 1361 866 1431 quoniam
886 1362 1055 1418 homo
1077 1371 1128 1418 et
1152 1370 1410 1418 mortuus
1432 1364 1693 1434 opposita
1714 1369 1866 1427 sunt,

221 1464 276 1503 ea
303 1450 567 1517 quaedam
595 1450 902 1505 comitatur
932 1461 1099 1521 atque
1132 1452 1500 1521 consequitur
1524 1468 1625 1521 per
1649 1450 1870 1521 opposi-

219 1539 422 1592 tionem
458 1540 857 1594 contradictio.
895 1540 1144 1596 Dicimus
1169 1541 1347 1607 enim,
1377 1542 1472 1611 qui
1496 1541 1665 1596 homo
1684 1544 1769 1595 est
1790 1540 1869 1594 vi-

217 1626 309 1692 vit,
340 1628 437 1695 qui
476 1634 736 1682 mortuus
770 1636 852 1683 est
881 1644 998 1683 non
1025 1629 1158 1683 vivit
1187 1648 1200 1697 ;
1237 1630 1373 1684 vivit
1410 1632 1599 1684 autem
1640 1636 1693 1683 et
1751 1644 1867 1682 non

219 1716 367 1782 vivit,
402 1717 665 1787 quaedam
697 1718 1074 1773 contradictio
1107 1725 1210 1773 est.
1243 1719 1390 1790 Ergo
1436 1718 1495 1773 in
1542 1715 1871 1787 huiusmodi

218 1806 718 1876 pradicationibus
750 1822 867 1861 non
917 1810 1006 1862 est
1051 1823 1246 1862 verum
1300 1822 1479 1862 unum
1529 1805 1870 1876 simpliciter
1900 1823 1947 1889 B

219 1895 530 1964 praedicari.
565 1894 800 1958 Quando
830 1900 1016 1951 autem
1052 1895 1382 1966 hujusmodi
1412 1895 1757 1966 oppositioni
1816 1892 1866 1949 ei

218 1985 359 2055 quod
392 1984 759 2054 praedicatur,
808 2000 926 2043 non
961 1986 1249 2055 jungitur,
1296 1992 1476 2055 potest
1532 1984 1871 2055 simpliciter

218 2089 338 2129 vere
372 2074 697 2142 praedicari,
732 2074 827 2129 sed
864 2088 969 2128 nec
994 2074 1099 2128 hoc
1132 2089 1375 2143 semper,
1409 2074 1697 2143 magisque
1728 2072 1869 2128 illud

215 2163 399 2217 verius
426 2163 663 2230 dicitur,
689 2162 959 2232 quoniam
990 2177 1121 2218 cum
1152 2161 1257 2217 ista
1286 2161 1566 2233 oppositio
1596 2166 1698 2229 est,
1718 2177 1867 2217 nun-

213 2266 379 2321 quam
413 2266 613 2305 verum
650 2258 731 2305 est
760 2266 955 2305 eorum
986 2266 1106 2320 quae
1134 2250 1329 2319 juncta
1373 2266 1497 2306 vere
1546 2250 1867 2321 praedican-

212 2350 317 2408 tur,
352 2338 696 2409 simpliciter
720 2355 849 2395 vere
874 2338 1087 2411 aliquid
1136 2339 1432 2411 appellari.
1486 2340 1628 2395 Cum
1679 2346 1868 2394 autem

211 2429 314 2483 ista
335 2428 626 2498 oppositio
650 2445 765 2484 non
793 2429 963 2495 inest,
997 2444 1112 2484 non
1130 2444 1355 2499 semper
1377 2444 1503 2485 vere
1537 2428 1872 2499 simpliciter

210 2518 512 2588 praedicari
541 2534 739 2572 eorum
760 2518 1003 2589 aliquid,
1037 2533 1159 2588 quas
1191 2518 1260 2573 de
1290 2518 1481 2589 aliquo
1514 2533 1640 2573 vere
1673 2518 1871 2587 juncta

213 2608 508 2662 dicuntur.
532 2606 589 2660 Si
615 2607 738 2677 quis
761 2607 915 2662 enim
935 2607 1017 2662 sic
1039 2608 1188 2663 dicat
1215 2624 1228 2662 :
1264 2608 1538 2662 Homerus
1573 2613 1735 2678 polea
1766 2613 1870 2675 est,

214 2712 411 2751 verum
439 2695 645 2750 dixerit
672 2715 686 2763 ;
712 2696 857 2765 quod
895 2697 944 2751 si
970 2696 1120 2751 dicat
1147 2714 1159 2752 :
1181 2696 1463 2752 Homerus
1483 2699 1570 2751 est
1589 2695 1871 2766 simplici-

216 2793 297 2839 ter
326 2792 533 2855 praeter
565 2792 809 2854 poetam,
839 2784 1042 2839 falsum
1074 2791 1181 2840 est.
1214 2785 1381 2855 Atqui
1415 2801 1540 2841 esse
1572 2789 1629 2841 et
1687 2792 1871 2855 potea,

216 2890 333 2928 non
357 2880 492 2928 sunt
518 2873 800 2943 opposita.
826 2874 970 2942 Ergo
994 2889 1107 2928 non
1123 2890 1345 2944 semper
1380 2875 1609 2944 quando
1640 2874 1876 2943 opposi-

219 2963 296 3017 tio
324 2979 442 3017 non
475 2969 560 3016 est
590 2962 649 3017 in
682 2962 1024 3033 praedicatis,
1056 2978 1251 3017 verum
1281 2969 1365 3017 est
1394 2962 1611 3033 aliquid
1654 2962 1875 3032 simpli-

216 3051 355 3105 citer
388 3050 710 3120 praedicari.
745 3050 886 3106 Cum
919 3057 1111 3105 autem
1144 3049 1623 3122 Oppositioinest,
1656 3065 1876 3120 semper

222 3138 426 3193 falsum
459 3146 544 3193 est
576 3154 756 3193 unum
791 3139 1356 3208 prredicamentorum
1388 3156 1508 3209 quae
1537 3140 1736 3210 juncta
1788 3139 1876 3193 di-

217 3236 448 3297 cuntur,
476 3227 823 3298 simpliciter
853 3235 907 3282 et
937 3235 1139 3299 praeter
1159 3228 1312 3284 aliud
1345 3229 1552 3284 dicere.
1578 3228 1719 3283 Nam
1742 3244 1875 3284 cum

215 3316 280 3371 de
301 3316 549 3372 Homero
572 3316 820 3372 dicimus
845 3316 1115 3385 quoniam
1142 3326 1224 3372 est
1260 3318 1495 3388 aliquid,
1529 3318 1583 3373 id
1625 3326 1707 3372 est
1740 3334 1879 3388 quo-

215 3407 371 3461 niam
398 3405 681 3462 Homerus
712 3414 881 3477 poeta
910 3415 1012 3470 est,
1043 3423 1239 3462 verum
1271 3415 1379 3461 est.
1411 3406 1684 3477 Nunquid
1706 3406 1878 3462 etiam

218 3494 529 3551 dicendum
561 3503 645 3550 est
676 3511 777 3566 per
808 3510 867 3550 se
917 3495 1192 3568 quoniam
1242 3503 1344 3566 est,
1390 3512 1465 3552 an
1510 3497 1705 3567 potius
1761 3512 1882 3552 esse

220 3600 335 3639 non
370 3584 739 3656 simpliciter,
772 3585 873 3639 sed
906 3585 1222 3639 secundum
1256 3584 1523 3640 accidens
1544 3586 1612 3641 de
1635 3585 1881 3640 Homero

225 3675 598 3742 praedicatum
633 3680 736 3728 est.
771 3673 896 3728 Non
929 3673 1083 3729 cnim
1115 3673 1247 3743 quia
1273 3682 1376 3741 est,
1409 3675 1505 3729 sed
1541 3674 1669 3743 quia
1720 3684 1881 3744 poeta

226 3772 326 3829 est,
359 3773 412 3817 et
447 3763 716 3833 quoniam
741 3763 862 3818 eiet
886 3771 1050 3834 poeta
1090 3778 1213 3818 esse
1242 3763 1472 3818 accidit.
1510 3763 1724 3819 Idcirco
1756 3780 1881 3820 esse

226 3868 447 3921 quoque
479 3852 791 3907 Homerum
823 3850 1062 3920 aliquid,
1098 3852 1150 3907 id
1186 3859 1267 3906 est
1298 3860 1543 3921 poetam,
1567 3867 1682 3907 non
1708 3868 1803 3922 per
1821 3867 1880 3907 se

226 3956 343 3995 esse
374 3942 793 4010 praedicamus;
828 3939 1124 3995 concludit
1153 3941 1325 4010 igitur
1359 3942 1465 3996 hoc
1494 3941 1698 3996 modo:

299 4030 486 4096 Quare
519 4032 579 4084 in
610 4030 1023 4100 quibuscunque
1045 4029 1369 4100 prwdicatis
1393 4031 1732 4086 contarietas
1768 4048 1877 4088 non

226 4120 384 4188 inest,
418 4121 470 4173 si
500 4118 847 4175 deï¬nitiones
876 4135 976 4190 pro
1005 4119 1321 4175 nominibus
1360 4120 1638 4192 dicantur,
1688 4130 1738 4177 et
1794 4137 1881 4177 se-

222 4208 471 4261 cundum
498 4222 553 4262 se
578 4207 987 4278 praedicantur,
1020 4210 1071 4262 et
1122 4223 1230 4263 non
1285 4209 1583 4263 secundum
1630 4209 1881 4264 accidens

222 4298 281 4350 in
315 4298 404 4352 liis
434 4299 670 4369 aliquid,
699 4306 749 4353 et
785 4297 1124 4369 simpliciter
1152 4314 1345 4353 verum
1374 4302 1479 4354 erit
1509 4299 1709 4356 dicere.
1730 4300 1881 4367 Quod

223 4396 414 4443 autem
444 4403 555 4442 non
581 4396 681 4453 est,
716 4386 973 4458 quoniam
1004 4386 1284 4459 opinabile
1314 4396 1413 4454 est,
1444 4404 1552 4442 non
1585 4391 1660 4442 est
1691 4404 1879 4443 verum

223 4479 405 4532 dicere
436 4493 552 4532 esse
582 4476 819 4548 aliquid.
853 4476 1110 4547 Opinalio
1142 4478 1291 4531 enim
1317 4480 1439 4545 ejus
1466 4481 1566 4546 est,
1600 4492 1710 4531 non
1749 4492 1878 4547 quo-

224 4566 516 4636 niam'est,
552 4566 644 4621 sed
674 4566 941 4637 quoniam
970 4582 1085 4619 non
1109 4574 1204 4620 est.

291 4676 355 4729 In
392 4673 739 4743 quibusdam
772 4674 925 4730 enim
958 4672 1291 4729 nominibus
1322 4673 1489 4728 dictis
1510 4689 1624 4728 non
1648 4682 1883 4744 apparet

217 4765 538 4834 oppositio:
572 4763 723 4833 quod
750 4763 795 4817 si
816 4762 1182 4829 detiniantur,
1210 4777 1338 4817 mox
1363 4778 1485 4817 sese
1526 4762 1623 4818 illa
1653 4765 1880 4834 opposi-

216 4856 296 4908 tio
320 4854 612 4924 patefacit,
639 4853 783 4907 utin
811 4868 875 4908 eo
902 4853 1054 4924 quod
1077 4858 1159 4907 est
1183 4853 1352 4908 homo
1384 4860 1437 4907 et
1470 4862 1746 4920 mortuus,
1783 4870 1881 4908 no-

216 4942 374 4997 mina
408 4943 644 5012 quidem
675 4943 799 5012 ipsa
829 4943 1089 5011 Opposita
1135 4958 1253 4997 non
1300 4946 1452 5008 sunt,
1507 4943 1601 4998 sed
1652 4943 1885 4998 deï¬nita

216 5032 602 5086 inveniuntur
638 5030 917 5101 Opposita.
944 5033 1009 5085 In
1046 5030 1561 5100 bujusmodiigitur
1580 5032 1884 5103 Oppositio-

214 5122 390 5176 uibus
419 5121 505 5176 vel
530 5121 755 5191 quoties
774 5135 889 5175 non
910 5120 1225 5175 secundum
1247 5120 1513 5177 accidens
1544 5121 1886 5192 praedicatur

212 5210 465 5280 aliquid,
500 5216 559 5264 ut
589 5224 711 5265 esse
744 5210 812 5264 de
846 5212 1094 5264 Homero
1122 5210 1441 5264 secundum
1464 5211 1885 5280 poetam,scili-

212 5307 307 5355 cet
337 5299 492 5370 quod
526 5301 775 5355 Homero
806 5298 1076 5354 accidens
1105 5305 1208 5364 est,
1241 5298 1333 5354 sed
1361 5314 1457 5367 per
1486 5314 1546 5355 se
1575 5306 1627 5354 et
1676 5316 1885 5356 secun-

210 5389 360 5443 dum
414 5388 605 5456 ipsum
664 5386 1009 5457 subjectum,
1060 5387 1427 5443 manifestum
1478 5391 1563 5443 est
1606 5390 1885 5460 quoniam

208 5478 496 5549 quidquid
533 5477 842 5547 conjuncte
873 5493 1003 5532 vere
1023 5478 1137 5533 dici
1163 5483 1363 5548 potest,
1388 5478 1541 5533 idem
1581 5495 1711 5535 vere
1742 5481 1888 5537 dici-

208 5576 311 5622 tur
340 5576 395 5623 et
432 5567 771 5637 simpliciter
795 5567 1186 5637 praedicatum,
1240 5575 1302 5622 ut
1349 5568 1395 5622 si
1444 5569 1576 5640 quis
1634 5570 1787 5625 dicat
1818 5573 1887 5627 de

204 5657 412 5727 aliquo
438 5656 676 5712 homine
706 5655 979 5725 quoniam
1014 5656 1108 5711 hic
1141 5656 1308 5711 homo
1339 5654 1503 5711 albus
1535 5664 1638 5728 est,
1691 5674 1887 5715 verum

554 5776 823 5836 Panos.
870 5772 1079 5837 LXIV.

1975 558 2167 596 verum
2201 550 2282 597 est
2316 544 2523 607 dicere.
2558 545 2770 600 idcirco
2806 546 3077 615 quoniam
3110 546 3177 601 de
3217 562 3282 601 eo
3330 563 3445 601 non
3496 548 3621 601 ideo

1974 630 2165 685 album
2199 632 2536 701 praedicavit,
2571 635 2701 703 quia
2733 635 2876 689 dixit
2926 633 3086 688 illum
3134 651 3258 690 esse
3308 636 3621 701 hominem,

1977 721 2207 776 sicutde
2232 726 2495 787 Homero,
2519 724 2729 779 idcirco
2748 740 2867 779 esse
2909 724 3265 793 praedicatur,
3302 726 3435 794 quia
3462 733 3624 794 poeta

1976 826 2101 865 esse
2131 812 2358 877 dicitur,
2393 813 2489 867 sed
2525 813 2675 882 quod
2711 829 2807 883 per
2838 829 2896 867 se
2927 813 3088 867 albus
3119 822 3198 868 est
3224 833 3236 881 ;
3261 816 3355 868 sed
3382 814 3486 869 hoc
3509 830 3624 868 non

1977 900 2293 955 secundum
2328 902 2592 956 accidens
2625 904 2984 970 prredicatur,
3038 904 3133 957 sed
3187 918 3285 971 per
3324 918 3403 957 se.
3444 905 3626 968 Quare

1978 993 2128 1043 recte
2154 990 2368 1045 dictum
2404 998 2489 1045 est
2521 991 2579 1045 in
2620 991 2828 1063 quibus
2867 992 3081 1061 junctis
3130 992 3627 1061 praedicationibus

1978 1093 2162 1148 neque
2193 1080 2477 1150 oppositio
2509 1081 2761 1150 quaedam
2792 1081 2958 1149 inest,
2992 1096 3099 1137 nec
3148 1080 3274 1150 ipsa
3324 1098 3422 1151 per
3475 1081 3624 1136 acci-

1977 1167 2117 1221 dens
2138 1168 2464 1238 przedicatio
2487 1177 2569 1222 est
2592 1168 2688 1221 illa
2710 1168 3047 1239 simpliciter
3069 1170 3236 1224 etiam
3281 1186 3445 1239 posse
3478 1185 3623 1241 prai-

1978 1255 2174 1310 dicari.
2209 1256 2368 1319 Quod
2398 1264 2585 1313 autem
2622 1274 2733 1313 non
2759 1258 3148 1327 est,quoniam
3182 1257 3474 1327 opinabile
3516 1266 3624 1325 est,

1978 1361 2091 1400 non
2126 1354 2211 1399 est
2242 1362 2441 1400 verum
2475 1347 2662 1401 dicere
2712 1363 2836 1402 esse
2889 1346 3129 1416 aliquid.
3183 1348 3425 1417 Opinato
3468 1346 3622 1403 enim

1978 1450 2095 1489 non
2128 1442 2229 1503 est,
2263 1436 2530 1503 quoniam
2562 1443 2666 1502 est,
2698 1438 2792 1490 sed
2826 1438 3093 1504 quoniam
3121 1452 3234 1491 non
3259 1444 3358 1491 est.
3384 1438 3622 1502 Quidam

1979 1522 2229 1578 volentes
2259 1524 2313 1578 id
2356 1526 2503 1595 quod
2537 1540 2654 1579 non
2686 1532 2786 1591 est,
2836 1525 3026 1594 aliquo
3078 1525 3244 1580 modo
3284 1541 3405 1580 esse
3456 1542 3623 1581 mon-

1979 1617 2178 1678 strare,
2204 1612 2304 1667 tali
2326 1613 2633 1667 utebantur
2650 1613 3002 1684 syllogismo,
3040 1615 3185 1683 quod
3217 1618 3304 1669 est
3335 1613 3626 1684 opinabile

1980 1708 2084 1756 est.
2118 1700 2547 1756 Concludebant
2573 1703 2718 1771 quod
2746 1717 2859 1757 non
2906 1710 2986 1755 est
3018 1702 3189 1770 igitur
3221 1709 3324 1768 est,
3359 1704 3626 1756 docentes

1980 1806 2042 1846 ea
2075 1806 2201 1860 quae
2226 1795 2437 1859 essent,
2471 1790 2694 1845 scibilia
2724 1790 2930 1861 potius,
2968 1806 3081 1846 non
3115 1789 3429 1860 opinabilia
3464 1806 3621 1857 esse;

1978 1884 2124 1952 quod
2176 1890 2365 1937 autem
2411 1898 2525 1937 non
2576 1889 2679 1950 est,
2730 1882 2987 1950 opinioni
3038 1888 3257 1935 tantum
3312 1881 3623 1949 subjacere,

1980 1970 2139 2025 nulla
2170 1971 2339 2026 etiam
2393 1971 2633 2026 scientia
2676 1970 2885 2026 claudi.
2944 1970 3101 2036 Quod
3146 1970 3469 2025 Aristoteles
3517 1969 3626 2025 hoc

1981 2062 2151 2116 modo
2183 2060 2447 2117 discutit:
2479 2061 2557 2115 ait
2588 2061 2765 2129 enim,
2800 2076 2919 2115 non
2957 2060 3169 2114 idcirco
3201 2066 3284 2115 est
3313 2059 3623 2129 opinabile,

1981 2149 2254 2219 quoniam
2290 2156 2392 2216 est,
2426 2150 2521 2204 sed
2555 2149 2766 2204 idcirco
2786 2148 3199 2218 opinabileest,
3220 2147 3488 2219 quoniam
3510 2164 3625 2204 non

1980 2246 2091 2306 est;
2130 2239 2224 2293 sed
2262 2238 2367 2293 hoc
2399 2238 2548 2308 quod
2583 2253 2696 2293 non
2724 2245 2826 2304 est,
2861 2240 2947 2292 est
2977 2236 3207 2305 quidem
3255 2236 3491 2306 aliquid,
3528 2237 3623 2291 sed

1980 2334 2202 2383 estnon
2238 2342 2336 2398 per
2384 2343 2462 2397 se,
2515 2327 2609 2382 sed
2660 2325 2970 2397 Opinabile.
3020 2326 3083 2378 Et
3141 2326 3627 2395 quemadmodum

1979 2420 2257 2472 Homerus
2279 2414 2505 2487 quidem
2538 2422 2621 2470 est
2652 2415 2940 2485 quiddam,
2971 2414 3025 2469 id
3060 2422 3140 2469 est
3174 2422 3357 2485 poeta,
3388 2430 3503 2469 non
3543 2421 3629 2467 ta-

1980 2522 2112 2562 men
2145 2510 2231 2561 est
2260 2522 2363 2576 per
2390 2520 2471 2575 se,
2499 2505 2579 2560 ita
2609 2505 2664 2559 id
2690 2505 2839 2576 quod
2877 2520 2992 2558 non
3025 2511 3127 2570 est,
3163 2508 3245 2559 est
3278 2503 3506 2573 quidem
3525 2503 3629 2557 ali-

1980 2595 2138 2666 quid,
2172 2596 2229 2649 id
2258 2599 2343 2650 ÎµÎµÎ¹
2374 2594 2686 2665 Opinabile,
2720 2592 2807 2648 vel
2835 2592 3174 2663 ignorabile,
3207 2593 3291 2648 vet
3326 2592 3632 2658 nescibile,

1982 2700 2099 2739 non
2129 2688 2321 2739 tamen
2354 2691 2436 2739 est
2466 2684 2679 2753 aliquid
2714 2698 2815 2753 per
2847 2698 2907 2738 se
2940 2682 2998 2737 in
3028 2686 3254 2737 natura.

1983 2806 2053 2845 DE
2088 2805 2576 2846 ENUNâ€™Iâ€˜IATIONIBUS
2614 2805 2908 2855 MODORUM,
2954 2805 3270 2855 POSSIBILIS,
3304 2804 3631 2843 CONTINGENs

2300 2896 2405 2945 Î¤Î¹Îµ,
2448 2895 2819 2947 Î™ÎœÎ¡Î¿ÎµÎµÎ¹Î’á¿Î¹Î¹Îµ,
2860 2894 2926 2931 ET
2980 2893 3307 2931 NECESSARII.

2059 2988 2161 3042 llis
2192 3000 2318 3042 vero
2350 2984 2753 3050 determinetis,
2786 2982 3229 3055 perspiciendum
3258 2991 3338 3038 est
3368 2983 3630 3054 quemad-

1984 3077 2204 3131 modum
2234 3092 2351 3131 sese
2378 3074 2583 3129 habent
2613 3074 3021 3143 afï¬rmationes
3048 3084 3101 3126 et
3130 3074 3453 3141 negationes
3482 3071 3553 3126 ad
3578 3086 3632 3125 se

1906 3180 1949 3246 Ï
1987 3165 2244 3230 invicem,
2274 3165 2361 3219 hic
2391 3163 2601 3218 scilicet
2632 3178 2758 3234 qua:
2786 3167 2914 3217 sunt
2943 3162 3008 3216 de
3036 3161 3287 3231 possibili
3317 3177 3429 3216 esse
3451 3164 3499 3216 ct
3522 3177 3633 3214 non

1983 3253 2262 3327 possibili,
2296 3253 2361 3307 de
2391 3252 2729 3322 contingenti
2756 3261 2806 3307 et
2834 3268 2940 3307 non
2968 3252 3325 3320 contingenti,
3350 3250 3412 3305 de
3430 3250 3633 3320 impos-

1984 3344 2139 3398 sibili
2153 3351 2206 3398 et
2228 3341 2562 3397 necessario.
2588 3342 2803 3395 Habent
2825 3339 2971 3394 enim
2997 3338 3215 3409 aliquas
3242 3338 3631 3393 dubitationes.

2056 3433 2513 3503 Propositionum
2539 3430 2664 3486 aliae
2683 3438 2815 3486 sunt
2839 3446 2960 3500 quae
2982 3429 3316 3500 simpliciter
3335 3429 3633 3498 proferun-

1985 3530 2099 3588 tur,
2130 3523 2257 3577 aliaa
2285 3522 2487 3593 quibus
2517 3521 2724 3590 aliquis
2757 3521 2957 3575 modus
2989 3520 3047 3574 in
3080 3518 3472 3573 enuntiatione
3522 3517 3632 3572 mi-

1985 3621 2190 3667 scetur.
2222 3611 2281 3665 Si
2313 3611 2443 3681 quis
2473 3610 2630 3665 enim
2665 3610 2851 3664 dicat:
2886 3613 3140 3663 Socrates
3174 3606 3439 3676 disputat,
3482 3606 3630 3661 sim-

1984 3702 2191 3774 plicem
2226 3700 2668 3771 propositionem
2706 3698 2873 3765 fecit;
2918 3698 2963 3751 si
3016 3714 3143 3751 vero
3194 3696 3402 3765 aliquis
3449 3695 3628 3750 dicat:

1984 3793 2247 3847 Socrates
2284 3790 2426 3845 bene
2458 3788 2733 3859 disputat,
2766 3788 2999 3841 modum
3034 3785 3414 3856 prepositioni
3465 3798 3631 3854 quam

1984 3876 2638 3947 enuntiabatadjunxit;
2673 3875 2953 3945 quomodo
2988 3876 3140 3928 enim
3174 3875 3483 3943 disputaret
3530 3888 3632 3942 ape

1983 3970 2192 4038 posuit,
2224 3983 2356 4022 cum
2388 3965 2530 4020 dixit
2562 3964 2725 4019 bene.
2760 3968 2923 4018 Nunc
2974 3979 3105 4033 ergo
3156 3962 3264 4017 hoc
3311 3960 3635 4032 speculatur

1985 4056 2460 4127 quemadmodum
2483 4070 2542 4110 se
2566 4054 2776 4109 habent
2797 4052 3208 4108 aiï¬rmationes
3233 4058 3286 4105 et
3309 4051 3637 4119 negationes

1985 4161 2179 4203 earum
2214 4143 2685 4217 pr0positionum,
2713 4157 2833 4211 quae
2866 4156 2995 4197 cum
3029 4140 3197 4194 modo
3230 4140 3419 4208 aliquo
3450 4138 3638 4207 profc-

1986 4243 2211 4300 runtur,
2239 4239 2297 4288 ut
2319 4233 2513 4301 siquis
2534 4230 2706 4299 dicat,
2731 4229 3001 4301 possibile
3024 4237 3108 4283 est
3134 4228 3238 4283 hoc
3260 4228 3407 4292 ï¬eri,
3437 4235 3489 4281 et
3512 4242 3637 4280 rur-

1985 4342 2109 4392 sus,
2136 4339 2248 4378 non
2278 4320 2544 4391 possibile
2565 4327 2645 4373 est
2671 4319 2776 4373 hoc
2816 4317 2966 4386 fieri,
2997 4315 3480 4386 quemadmodum
3516 4331 3641 4369 sese

1985 4415 2045 4469 in
2072 4414 2159 4468 his
2181 4408 2581 4466 affirmationis
2602 4407 2805 4461 habeat
2828 4406 3256 4474 negationisque
3299 4412 3523 4459 natura.
3556 4405 3638 4458 Si-

1990 4502 2205 4558 militer
2235 4506 2420 4554 autem
2454 4505 2507 4551 et
2536 4497 2594 4551 in
2628 4512 2693 4550 eo
2726 4495 2875 4565 quod
2908 4504 2986 4550 est
3016 4494 3371 4565 impossibile
3413 4510 3559 4561 esse,
3591 4500 3644 4547 et

1990 4592 2051 4647 in
2083 4606 2147 4646 eo
2180 4589 2325 4659 quod
2364 4591 2447 4642 est
2480 4600 2713 4639 necesse
2746 4600 2887 4651 esse,
2923 4592 2973 4638 et
3030 4584 3085 4637 in
3133 4599 3198 4637 eo
3238 4583 3385 4651 quod
3437 4581 3645 4636 dicitur

1991 4680 2320 4749 contingere
2367 4691 2512 4741 esse,
2565 4682 2617 4729 et
2666 4690 2780 4728 non
2828 4673 3157 4741 contingere
3205 4687 3346 4726 esse.
3400 4673 3645 4740 Quaeque

1995 4770 2197 4825 horum
2255 4768 2373 4820 sint
2419 4762 2847 4831 atlirmationes,
2899 4777 3093 4832 qumvc
3149 4762 3499 4831 negationes,
3546 4764 3645 4814 aut

1992 4874 2160 4929 quam
2194 4854 2634 4911 afï¬rmationem
2666 4853 2759 4906 cui
2791 4850 3087 4922 negationi
3118 4857 3266 4905 recte
3308 4850 3513 4919 aliquis
3543 4865 3644 4918 op-

1994 4954 2201 5018 ponat:
2235 4944 2314 4999 De
2348 4943 2435 4998 his
2467 4941 2737 4998 omnibus
2770 4940 3249 5011 perspiciendum,
3284 4939 3487 5008 inquit,
3534 4941 3643 5002 est,

1996 5036 2268 5108 quoniam
2293 5049 2355 5088 ea
2374 5047 2497 5102 quae
2517 5031 2587 5085 de
2608 5028 2939 5100 conjunctis
2961 5035 3015 5083 et
3059 5026 3413 5097 simplicibus
3441 5026 3644 5095 [mndi-

1997 5122 2317 5181 cationibus
2351 5120 2592 5177 dicenda
2623 5119 2868 5189 fuerant,
2905 5117 3202 5173 terminata
3234 5123 3386 5171 sunt.
3412 5115 3551 5171 Nam
3577 5116 3647 5170 de

1998 5229 2190 5269 earum
2226 5209 2680 5281 propositionum
2720 5223 2844 5277 qua:
2875 5223 3005 5262 cum
3038 5207 3206 5261 modo
3256 5204 3643 5276 proferuntur.

1995 5298 2473 5372 Opposilionibus,
2506 5295 2681 5352 multa
2713 5296 2968 5351 causatio
2997 5302 3099 5350 est.
3134 5297 3268 5360 Quae
3316 5302 3503 5349 autem
3536 5293 3648 5347 sint

1996 5389 2399 5454 dubitationes,
2432 5386 2517 5441 vel
2550 5386 3033 5455 quemadmodum
3066 5385 3125 5439 in
3150 5384 3237 5439 his
3258 5383 3647 5455 Oppositiones

1995 5476 2357 5535 invenienda:
2381 5481 2533 5544 sunt,
2558 5476 2826 5530 continua
2852 5474 3237 5544 disputatione
3266 5470 3644 5542 persequitur.

2066 5568 2210 5623 Nam
2230 5568 2286 5621 si
2314 5580 2501 5620 eorum
2533 5579 2658 5635 qua?
2674 5564 3114 5635 complectuntur
3140 5561 3259 5617 illa:
3281 5561 3391 5616 sibi
3414 5556 3645 5611 invicem

1996 5658 2256 5731 appositae
2286 5657 2413 5710 sunt
2442 5653 2927 5717 contradictiones,
2963 5666 3307 5724 quwcunque
3346 5645 3647 5703 secundum

3242 5768 3320 5827 12
