  <div class='ocr_page' id='page_1' title='image "/cluster/home/n/w/nwhite01/storage/ocr_20150623/64/hvd.32044073505125/187.png"; bbox 0 0 4090 6184; ppageno 0'>
   <div class='ocr_carea' id='block_1_1' title="bbox 512 357 617 411">
    <p class='ocr_par' dir='ltr' id='par_1_1' title="bbox 512 357 617 411">
     <span class='ocr_line' id='line_1_1' title="bbox 512 357 617 411; baseline -0.01 0"><span class='ocrx_word' id='word_1_1' title='bbox 512 357 617 411; x_wconf 81' lang='lat'><em>363</em></span> 
     </span>
    </p>
   </div>
   <div class='ocr_carea' id='block_1_2' title="bbox 1799 357 2658 412">
    <p class='ocr_par' dir='ltr' id='par_1_2' title="bbox 1799 357 2658 412">
     <span class='ocr_line' id='line_1_2' title="bbox 1799 357 2658 412; baseline 0.003 -4"><span class='ocrx_word' id='word_1_2' title='bbox 1799 358 1918 411; x_wconf 75' lang='lat' dir='ltr'><em>AN.</em></span> <span class='ocrx_word' id='word_1_3' title='bbox 1962 357 2178 411; x_wconf 75' lang='lat' dir='ltr'><strong>MANL.</strong></span> <span class='ocrx_word' id='word_1_4' title='bbox 2218 357 2376 412; x_wconf 81' lang='lat' dir='ltr'><em>BEV.</em></span> <span class='ocrx_word' id='word_1_5' title='bbox 2418 358 2658 411; x_wconf 80' lang='grc' dir='ltr'><em>ΒΟΕἸἩ</em></span> 
     </span>
    </p>
   </div>
   <div class='ocr_carea' id='block_1_3' title="bbox 3788 368 3879 421">
    <p class='ocr_par' dir='ltr' id='par_1_3' title="bbox 3788 368 3879 421">
     <span class='ocr_line' id='line_1_3' title="bbox 3788 368 3879 421; baseline 0.022 -2"><span class='ocrx_word' id='word_1_6' title='bbox 3788 368 3879 421; x_wconf 65' lang='grc'><em>364</em></span> 
     </span>
    </p>
   </div>
   <div class='ocr_carea' id='block_1_4' title="bbox 512 482 3879 556">
    <p class='ocr_par' dir='ltr' id='par_1_4' title="bbox 512 482 3879 556">
     <span class='ocr_line' id='line_1_4' title="bbox 512 482 3879 556; baseline 0.003 -18"><span class='ocrx_word' id='word_1_7' title='bbox 512 500 626 539; x_wconf 82' lang='lat' dir='ltr'><em>esse</em></span> <span class='ocrx_word' id='word_1_8' title='bbox 655 488 707 541; x_wconf 85' lang='lat' dir='ltr'><em>et</em></span> <span class='ocrx_word' id='word_1_9' title='bbox 736 503 848 539; x_wconf 89' lang='lat' dir='ltr'><em>non</em></span> <span class='ocrx_word' id='word_1_10' title='bbox 879 502 990 540; x_wconf 84' lang='lat' dir='ltr'><em>esse</em></span> <span class='ocrx_word' id='word_1_11' title='bbox 1020 485 1407 556; x_wconf 78' lang='lat' dir='ltr'><em>disponuntur,</em></span> <span class='ocrx_word' id='word_1_12' title='bbox 1440 492 1498 539; x_wconf 83' lang='lat' dir='ltr'><em>ut</em></span> <span class='ocrx_word' id='word_1_13' title='bbox 1519 484 1635 555; x_wconf 78' lang='lat' dir='ltr'><em>ejus</em></span> <span class='ocrx_word' id='word_1_14' title='bbox 1662 500 1780 555; x_wconf 66' lang='lat' dir='ltr'><em>qua:</em></span> <span class='ocrx_word' id='word_1_15' title='bbox 1805 488 1904 553; x_wconf 83' lang='lat' dir='ltr'><em>est,</em></span> <span class='ocrx_word' id='word_1_16' title='bbox 1932 498 2043 538; x_wconf 85' lang='lat' dir='ltr'><em>esse</em></span> <span class='ocrx_word' id='word_1_17' title='bbox 2060 484 2162 538; x_wconf 88' lang='lat' dir='ltr'><em>ho-</em></span> <span class='ocrx_word' id='word_1_18' title='bbox 2193 483 2247 548; x_wconf 82' lang='grc' dir='ltr'><strong>Α</strong></span> <span class='ocrx_word' id='word_1_19' title='bbox 2278 498 2516 552; x_wconf 84' lang='lat' dir='ltr'><em>quarum</em></span> <span class='ocrx_word' id='word_1_20' title='bbox 2547 490 2743 536; x_wconf 86' lang='lat' dir='ltr'><em>natura</em></span> <span class='ocrx_word' id='word_1_21' title='bbox 2764 482 2819 537; x_wconf 92' lang='lat' dir='ltr'><em>in</em></span> <span class='ocrx_word' id='word_1_22' title='bbox 2840 482 3238 554; x_wconf 79' lang='lat' dir='ltr'><em>complexione</em></span> <span class='ocrx_word' id='word_1_23' title='bbox 3263 490 3364 550; x_wconf 89' lang='lat' dir='ltr'><em>est,</em></span> <span class='ocrx_word' id='word_1_24' title='bbox 3388 483 3496 539; x_wconf 77' lang='lat' dir='ltr'><em>illze</em></span> <span class='ocrx_word' id='word_1_25' title='bbox 3526 487 3628 541; x_wconf 86' lang='lat' dir='ltr'><em>sibi</em></span> <span class='ocrx_word' id='word_1_26' title='bbox 3664 490 3879 549; x_wconf 82' lang='lat' dir='ltr'><em>invicem</em></span> 
     </span>
    </p>
   </div>
   <div class='ocr_carea' id='block_1_5' title="bbox 510 575 2155 640">
    <p class='ocr_par' dir='ltr' id='par_1_5' title="bbox 510 575 2155 640">
     <span class='ocr_line' id='line_1_5' title="bbox 510 575 2155 640; baseline -0.001 -13"><span class='ocrx_word' id='word_1_27' title='bbox 510 575 741 640; x_wconf 85' lang='lat' dir='ltr'><em>minem,</em></span> <span class='ocrx_word' id='word_1_28' title='bbox 773 576 995 639; x_wconf 76' lang='lat' dir='ltr'><em>negatio</em></span> <span class='ocrx_word' id='word_1_29' title='bbox 1026 581 1121 640; x_wconf 80' lang='lat' dir='ltr'><em>est,</em></span> <span class='ocrx_word' id='word_1_30' title='bbox 1152 590 1263 628; x_wconf 84' lang='lat' dir='ltr'><em>non</em></span> <span class='ocrx_word' id='word_1_31' title='bbox 1293 590 1404 629; x_wconf 85' lang='lat' dir='ltr'><em>esse</em></span> <span class='ocrx_word' id='word_1_32' title='bbox 1431 575 1731 640; x_wconf 76' lang='lat' dir='ltr'><em>hominem,</em></span> <span class='ocrx_word' id='word_1_33' title='bbox 1755 590 1888 640; x_wconf 76' lang='lat' dir='ltr'><em>non,</em></span> <span class='ocrx_word' id='word_1_34' title='bbox 1915 589 2024 627; x_wconf 81' lang='lat' dir='ltr'><em>esse</em></span> <span class='ocrx_word' id='word_1_35' title='bbox 2049 588 2155 627; x_wconf 87' lang='lat' dir='ltr'><em>non</em></span> 
     </span>
    </p>
   </div>
   <div class='ocr_carea' id='block_1_6' title="bbox 508 662 2154 735">
    <p class='ocr_par' dir='ltr' id='par_1_6' title="bbox 508 662 2154 735">
     <span class='ocr_line' id='line_1_6' title="bbox 508 662 2154 735; baseline -0.002 -18"><span class='ocrx_word' id='word_1_36' title='bbox 508 663 803 718; x_wconf 79' lang='lat' dir='ltr'><em>hominem.</em></span> <span class='ocrx_word' id='word_1_37' title='bbox 828 665 889 716; x_wconf 83' lang='lat' dir='ltr'><em>Et</em></span> <span class='ocrx_word' id='word_1_38' title='bbox 910 664 1025 733; x_wconf 90' lang='lat' dir='ltr'><em>ejus</em></span> <span class='ocrx_word' id='word_1_39' title='bbox 1053 680 1168 735; x_wconf 70' lang='lat' dir='ltr'><em>quae</em></span> <span class='ocrx_word' id='word_1_40' title='bbox 1190 671 1289 732; x_wconf 80' lang='lat' dir='ltr'><em>est,</em></span> <span class='ocrx_word' id='word_1_41' title='bbox 1308 679 1419 718; x_wconf 85' lang='lat' dir='ltr'><em>esse</em></span> <span class='ocrx_word' id='word_1_42' title='bbox 1437 664 1627 717; x_wconf 87' lang='lat' dir='ltr'><em>album</em></span> <span class='ocrx_word' id='word_1_43' title='bbox 1651 662 1954 728; x_wconf 80' lang='lat' dir='ltr'><em>hominem,</em></span> <span class='ocrx_word' id='word_1_44' title='bbox 1979 678 2154 733; x_wconf 88' lang='lat' dir='ltr'><em>nega-</em></span> 
     </span>
    </p>
   </div>
   <div class='ocr_carea' id='block_1_7' title="bbox 512 752 2153 822">
    <p class='ocr_par' dir='ltr' id='par_1_7' title="bbox 512 752 2153 822">
     <span class='ocr_line' id='line_1_7' title="bbox 512 752 2153 822; baseline -0.001 -17"><span class='ocrx_word' id='word_1_45' title='bbox 512 753 587 806; x_wconf 83' lang='lat' dir='ltr'><em>tio</em></span> <span class='ocrx_word' id='word_1_46' title='bbox 610 755 689 807; x_wconf 86' lang='lat' dir='ltr'><em>est</em></span> <span class='ocrx_word' id='word_1_47' title='bbox 711 768 773 805; x_wconf 85' lang='lat' dir='ltr'><em>ea</em></span> <span class='ocrx_word' id='word_1_48' title='bbox 796 769 915 822; x_wconf 73' lang='lat' dir='ltr'><em>qua:</em></span> <span class='ocrx_word' id='word_1_49' title='bbox 936 756 1034 819; x_wconf 87' lang='lat' dir='ltr'><em>est,</em></span> <span class='ocrx_word' id='word_1_50' title='bbox 1056 770 1167 807; x_wconf 87' lang='lat' dir='ltr'><em>non</em></span> <span class='ocrx_word' id='word_1_51' title='bbox 1185 769 1301 807; x_wconf 81' lang='lat' dir='ltr'><em>esse</em></span> <span class='ocrx_word' id='word_1_52' title='bbox 1322 754 1507 807; x_wconf 90' lang='lat' dir='ltr'><em>album</em></span> <span class='ocrx_word' id='word_1_53' title='bbox 1552 755 1855 820; x_wconf 78' lang='lat' dir='ltr'><em>hominem,</em></span> <span class='ocrx_word' id='word_1_54' title='bbox 1894 752 1994 806; x_wconf 89' lang='lat' dir='ltr'><em>sed</em></span> <span class='ocrx_word' id='word_1_55' title='bbox 2022 768 2153 815; x_wconf 86' lang='lat' dir='ltr'><em>non,</em></span> 
     </span>
    </p>
   </div>
   <div class='ocr_carea' id='block_1_8' title="bbox 508 839 2153 897">
    <p class='ocr_par' dir='ltr' id='par_1_8' title="bbox 508 839 2153 897">
     <span class='ocr_line' id='line_1_8' title="bbox 508 839 2153 897; baseline -0.001 -3"><span class='ocrx_word' id='word_1_56' title='bbox 508 855 740 895; x_wconf 83' lang='lat' dir='ltr'><em>essenon</em></span> <span class='ocrx_word' id='word_1_57' title='bbox 760 839 957 895; x_wconf 84' lang='lat' dir='ltr'><em>album</em></span> <span class='ocrx_word' id='word_1_58' title='bbox 982 841 1278 897; x_wconf 75' lang='lat' dir='ltr'><em>hominem.</em></span> <span class='ocrx_word' id='word_1_59' title='bbox 1306 842 1366 896; x_wconf 90' lang='lat' dir='ltr'><em>Si</em></span> <span class='ocrx_word' id='word_1_60' title='bbox 1385 844 1533 897; x_wconf 84' lang='lat' dir='ltr'><em>enim</em></span> <span class='ocrx_word' id='word_1_61' title='bbox 1564 842 1627 895; x_wconf 82' lang='lat' dir='ltr'><em>de</em></span> <span class='ocrx_word' id='word_1_62' title='bbox 1644 841 1901 895; x_wconf 87' lang='lat' dir='ltr'><em>omnibus</em></span> <span class='ocrx_word' id='word_1_63' title='bbox 1934 846 2029 894; x_wconf 84' lang='lat' dir='ltr'><em>aut</em></span> <span class='ocrx_word' id='word_1_64' title='bbox 2063 839 2153 894; x_wconf 85' lang='lat' dir='ltr'><em>di-</em></span> 
     </span>
    </p>
   </div>
   <div class='ocr_carea' id='block_1_9' title="bbox 506 929 2152 999">
    <p class='ocr_par' dir='ltr' id='par_1_9' title="bbox 506 929 2152 999">
     <span class='ocr_line' id='line_1_9' title="bbox 506 929 2152 999; baseline -0.001 -16"><span class='ocrx_word' id='word_1_65' title='bbox 506 932 611 984; x_wconf 74' lang='lat' dir='ltr'><em>ctio</em></span> <span class='ocrx_word' id='word_1_66' title='bbox 627 934 724 997; x_wconf 80' lang='lat' dir='ltr'><em>est,</em></span> <span class='ocrx_word' id='word_1_67' title='bbox 750 938 845 983; x_wconf 80' lang='lat' dir='ltr'><em>aut</em></span> <span class='ocrx_word' id='word_1_68' title='bbox 866 932 1106 999; x_wconf 83' lang='lat' dir='ltr'><em>negatio,</em></span> <span class='ocrx_word' id='word_1_69' title='bbox 1132 931 1349 999; x_wconf 79' lang='lat' dir='ltr'><em>lignum</em></span> <span class='ocrx_word' id='word_1_70' title='bbox 1371 931 1478 985; x_wconf 79' lang='lat' dir='ltr'><em>erit</em></span> <span class='ocrx_word' id='word_1_71' title='bbox 1502 948 1687 986; x_wconf 83' lang='lat' dir='ltr'><em>verum</em></span> <span class='ocrx_word' id='word_1_72' title='bbox 1713 929 1894 985; x_wconf 82' lang='lat' dir='ltr'><em>dicere</em></span> <span class='ocrx_word' id='word_1_73' title='bbox 1909 946 2018 984; x_wconf 89' lang='lat' dir='ltr'><em>esse</em></span> <span class='ocrx_word' id='word_1_74' title='bbox 2044 944 2152 983; x_wconf 87' lang='lat' dir='ltr'><em>non</em></span> 
     </span>
    </p>
   </div>
   <div class='ocr_carea' id='block_1_10' title="bbox 506 1017 2155 1091">
    <p class='ocr_par' dir='ltr' id='par_1_10' title="bbox 506 1017 2155 1091">
     <span class='ocr_line' id='line_1_10' title="bbox 506 1017 2155 1091; baseline -0.001 -19"><span class='ocrx_word' id='word_1_75' title='bbox 506 1017 697 1073; x_wconf 86' lang='lat' dir='ltr'><em>album</em></span> <span class='ocrx_word' id='word_1_76' title='bbox 715 1021 1010 1077; x_wconf 81' lang='lat' dir='ltr'><em>hominem.</em></span> <span class='ocrx_word' id='word_1_77' title='bbox 1039 1020 1187 1088; x_wconf 84' lang='lat' dir='ltr'><em>Quod</em></span> <span class='ocrx_word' id='word_1_78' title='bbox 1214 1023 1393 1077; x_wconf 64' lang='lat' dir='ltr'><em>sihmo</em></span> <span class='ocrx_word' id='word_1_79' title='bbox 1414 1022 1511 1075; x_wconf 91' lang='lat' dir='ltr'><em>hoc</em></span> <span class='ocrx_word' id='word_1_80' title='bbox 1530 1022 1710 1087; x_wconf 86' lang='lat' dir='ltr'><em>modo,</em></span> <span class='ocrx_word' id='word_1_81' title='bbox 1733 1027 1783 1074; x_wconf 88' lang='lat' dir='ltr'><em>et</em></span> <span class='ocrx_word' id='word_1_82' title='bbox 1814 1020 2155 1091; x_wconf 84' lang='lat' dir='ltr'><em>quibuscun-</em></span> 
     </span>
    </p>
   </div>
   <div class='ocr_carea' id='block_1_11' title="bbox 510 1107 2153 1181">
    <p class='ocr_par' dir='ltr' id='par_1_11' title="bbox 510 1107 2153 1181">
     <span class='ocr_line' id='line_1_11' title="bbox 510 1107 2153 1181; baseline 0 -20"><span class='ocrx_word' id='word_1_83' title='bbox 510 1124 613 1178; x_wconf 85' lang='lat' dir='ltr'><em>que</em></span> <span class='ocrx_word' id='word_1_84' title='bbox 641 1124 756 1163; x_wconf 85' lang='lat' dir='ltr'><em>esse</em></span> <span class='ocrx_word' id='word_1_85' title='bbox 787 1125 895 1164; x_wconf 88' lang='lat' dir='ltr'><em>non</em></span> <span class='ocrx_word' id='word_1_86' title='bbox 930 1109 1171 1177; x_wconf 81' lang='lat' dir='ltr'><em>additur,</em></span> <span class='ocrx_word' id='word_1_87' title='bbox 1203 1110 1344 1166; x_wconf 79' lang='lat' dir='ltr'><em>idem</em></span> <span class='ocrx_word' id='word_1_88' title='bbox 1372 1112 1536 1181; x_wconf 72' lang='lat' dir='ltr'><em>faciet</em></span> <span class='ocrx_word' id='word_1_89' title='bbox 1568 1110 1623 1164; x_wconf 84' lang='lat' dir='ltr'><em>id</em></span> <span class='ocrx_word' id='word_1_90' title='bbox 1648 1108 1789 1179; x_wconf 79' lang='lat' dir='ltr'><em>quod</em></span> <span class='ocrx_word' id='word_1_91' title='bbox 1805 1124 1903 1179; x_wconf 87' lang='lat' dir='ltr'><em>pro</em></span> <span class='ocrx_word' id='word_1_92' title='bbox 1924 1125 2038 1163; x_wconf 87' lang='lat' dir='ltr'><em>esse</em></span> <span class='ocrx_word' id='word_1_93' title='bbox 2067 1107 2153 1161; x_wconf 87' lang='lat' dir='ltr'><em>di-</em></span> 
     </span>
    </p>
   </div>
   <div class='ocr_carea' id='block_1_12' title="bbox 505 1197 2154 1269">
    <p class='ocr_par' dir='ltr' id='par_1_12' title="bbox 505 1197 2154 1269">
     <span class='ocr_line' id='line_1_12' title="bbox 505 1197 2154 1269; baseline -0.001 -18"><span class='ocrx_word' id='word_1_94' title='bbox 505 1197 673 1267; x_wconf 84' lang='lat' dir='ltr'><em>citur,</em></span> <span class='ocrx_word' id='word_1_95' title='bbox 709 1203 771 1251; x_wconf 82' lang='lat' dir='ltr'><em>ut</em></span> <span class='ocrx_word' id='word_1_96' title='bbox 806 1198 922 1269; x_wconf 85' lang='lat' dir='ltr'><em>ejus</em></span> <span class='ocrx_word' id='word_1_97' title='bbox 937 1216 1057 1268; x_wconf 78' lang='lat' dir='ltr'><em>quae</em></span> <span class='ocrx_word' id='word_1_98' title='bbox 1081 1204 1178 1267; x_wconf 84' lang='lat' dir='ltr'><em>est,</em></span> <span class='ocrx_word' id='word_1_99' title='bbox 1202 1200 1447 1254; x_wconf 79' lang='lat' dir='ltr'><em>ambulat</em></span> <span class='ocrx_word' id='word_1_100' title='bbox 1472 1199 1650 1269; x_wconf 90' lang='lat' dir='ltr'><em>homo,</em></span> <span class='ocrx_word' id='word_1_101' title='bbox 1674 1199 1898 1266; x_wconf 84' lang='lat' dir='ltr'><em>negatio</em></span> <span class='ocrx_word' id='word_1_102' title='bbox 1921 1205 2021 1258; x_wconf 85' lang='lat' dir='ltr'><em>est,</em></span> <span class='ocrx_word' id='word_1_103' title='bbox 2045 1212 2154 1250; x_wconf 89' lang='lat' dir='ltr'><em>non</em></span> 
     </span>
    </p>
   </div>
   <div class='ocr_carea' id='block_1_13' title="bbox 503 1287 2151 1359">
    <p class='ocr_par' dir='ltr' id='par_1_13' title="bbox 503 1287 2151 1359">
     <span class='ocr_line' id='line_1_13' title="bbox 503 1287 2151 1359; baseline -0.002 -18"><span class='ocrx_word' id='word_1_104' title='bbox 503 1302 566 1341; x_wconf 85' lang='lat' dir='ltr'><em>ea</em></span> <span class='ocrx_word' id='word_1_105' title='bbox 594 1302 720 1358; x_wconf 72' lang='lat' dir='ltr'><em>quae</em></span> <span class='ocrx_word' id='word_1_106' title='bbox 752 1297 850 1357; x_wconf 78' lang='lat' dir='ltr'><em>est,</em></span> <span class='ocrx_word' id='word_1_107' title='bbox 884 1288 1131 1342; x_wconf 82' lang='lat' dir='ltr'><em>ambulat</em></span> <span class='ocrx_word' id='word_1_108' title='bbox 1162 1306 1271 1342; x_wconf 79' lang='lat' dir='ltr'><em>non</em></span> <span class='ocrx_word' id='word_1_109' title='bbox 1303 1288 1479 1357; x_wconf 85' lang='lat' dir='ltr'><em>homo,</em></span> <span class='ocrx_word' id='word_1_110' title='bbox 1512 1287 1605 1342; x_wconf 88' lang='lat' dir='ltr'><em>sed</em></span> <span class='ocrx_word' id='word_1_111' title='bbox 1634 1304 1695 1343; x_wconf 91' lang='lat' dir='ltr'><em>ea</em></span> <span class='ocrx_word' id='word_1_112' title='bbox 1728 1302 1853 1359; x_wconf 67' lang='lat' dir='ltr'><em>quae</em></span> <span class='ocrx_word' id='word_1_113' title='bbox 1883 1290 1983 1352; x_wconf 83' lang='lat' dir='ltr'><em>est,</em></span> <span class='ocrx_word' id='word_1_114' title='bbox 2042 1301 2151 1338; x_wconf 90' lang='lat' dir='ltr'><em>non</em></span> 
     </span>
    </p>
   </div>
   <div class='ocr_carea' id='block_1_14' title="bbox 502 1375 2157 1448">
    <p class='ocr_par' dir='ltr' id='par_1_14' title="bbox 502 1375 2157 1448">
     <span class='ocr_line' id='line_1_14' title="bbox 502 1375 2157 1448; baseline -0.001 -18"><span class='ocrx_word' id='word_1_115' title='bbox 502 1376 749 1430; x_wconf 82' lang='lat' dir='ltr'><em>ambulat</em></span> <span class='ocrx_word' id='word_1_116' title='bbox 770 1377 947 1432; x_wconf 88' lang='lat' dir='ltr'><em>homo.</em></span> <span class='ocrx_word' id='word_1_117' title='bbox 973 1376 1128 1431; x_wconf 79' lang='lat' dir='ltr'><em>Mhil</em></span> <span class='ocrx_word' id='word_1_118' title='bbox 1161 1377 1307 1431; x_wconf 86' lang='lat' dir='ltr'><em>enim</em></span> <span class='ocrx_word' id='word_1_119' title='bbox 1328 1377 1515 1448; x_wconf 72' lang='lat' dir='ltr'><em>cli/fert</em></span> <span class='ocrx_word' id='word_1_120' title='bbox 1534 1376 1711 1431; x_wconf 78' lang='lat' dir='ltr'><em>dicere</em></span> <span class='ocrx_word' id='word_1_121' title='bbox 1750 1375 2025 1432; x_wconf 79' lang='lat' dir='ltr'><em>hominem</em></span> <span class='ocrx_word' id='word_1_122' title='bbox 2040 1391 2157 1428; x_wconf 88' lang='lat' dir='ltr'><em>am-</em></span> 
     </span>
    </p>
   </div>
   <div class='ocr_carea' id='block_1_15' title="bbox 506 1462 2155 1533">
    <p class='ocr_par' dir='ltr' id='par_1_15' title="bbox 506 1462 2155 1533">
     <span class='ocr_line' id='line_1_15' title="bbox 506 1462 2155 1533; baseline 0.001 -15"><span class='ocrx_word' id='word_1_123' title='bbox 506 1462 714 1529; x_wconf 81' lang='lat' dir='ltr'><em>bulare,</em></span> <span class='ocrx_word' id='word_1_124' title='bbox 748 1467 833 1520; x_wconf 86' lang='lat' dir='ltr'><em>vel</em></span> <span class='ocrx_word' id='word_1_125' title='bbox 863 1464 1145 1521; x_wconf 84' lang='lat' dir='ltr'><em>hominem</em></span> <span class='ocrx_word' id='word_1_126' title='bbox 1175 1467 1549 1521; x_wconf 79' lang='lat' dir='ltr'><em>ambulantem</em></span> <span class='ocrx_word' id='word_1_127' title='bbox 1580 1482 1709 1521; x_wconf 83' lang='lat' dir='ltr'><em>esse.</em></span> <span class='ocrx_word' id='word_1_128' title='bbox 1746 1468 1928 1533; x_wconf 84' lang='lat' dir='ltr'><em>Quare</em></span> <span class='ocrx_word' id='word_1_129' title='bbox 1954 1465 2010 1519; x_wconf 88' lang='lat' dir='ltr'><em>si</em></span> <span class='ocrx_word' id='word_1_130' title='bbox 2056 1462 2155 1519; x_wconf 86' lang='lat' dir='ltr'><em>hoc</em></span> 
     </span>
    </p>
   </div>
   <div class='ocr_carea' id='block_1_16' title="bbox 504 1553 2153 1627">
    <p class='ocr_par' dir='ltr' id='par_1_16' title="bbox 504 1553 2153 1627">
     <span class='ocr_line' id='line_1_16' title="bbox 504 1553 2153 1627; baseline 0 -22"><span class='ocrx_word' id='word_1_131' title='bbox 504 1553 661 1608; x_wconf 86' lang='lat' dir='ltr'><em>modo</em></span> <span class='ocrx_word' id='word_1_132' title='bbox 685 1556 745 1608; x_wconf 83' lang='lat' dir='ltr'><em>in</em></span> <span class='ocrx_word' id='word_1_133' title='bbox 769 1553 1045 1618; x_wconf 85' lang='lat' dir='ltr'><em>omnibus,</em></span> <span class='ocrx_word' id='word_1_134' title='bbox 1068 1557 1121 1608; x_wconf 84' lang='lat' dir='ltr'><em>et</em></span> <span class='ocrx_word' id='word_1_135' title='bbox 1142 1557 1259 1623; x_wconf 83' lang='lat' dir='ltr'><em>ejus</em></span> <span class='ocrx_word' id='word_1_136' title='bbox 1277 1571 1400 1627; x_wconf 70' lang='lat' dir='ltr'><em>quae</em></span> <span class='ocrx_word' id='word_1_137' title='bbox 1420 1560 1518 1623; x_wconf 82' lang='lat' dir='ltr'><em>est,</em></span> <span class='ocrx_word' id='word_1_138' title='bbox 1540 1554 1803 1625; x_wconf 81' lang='lat' dir='ltr'><em>possibile</em></span> <span class='ocrx_word' id='word_1_139' title='bbox 1819 1558 1897 1607; x_wconf 86' lang='lat' dir='ltr'><em>est</em></span> <span class='ocrx_word' id='word_1_140' title='bbox 1920 1567 2153 1619; x_wconf 89' lang='lat' dir='ltr'><em>esse,ne-</em></span> 
     </span>
    </p>
   </div>
   <div class='ocr_carea' id='block_1_17' title="bbox 502 1642 2154 1714">
    <p class='ocr_par' dir='ltr' id='par_1_17' title="bbox 502 1642 2154 1714">
     <span class='ocr_line' id='line_1_17' title="bbox 502 1642 2154 1714; baseline -0.001 -19"><span class='ocrx_word' id='word_1_141' title='bbox 502 1643 654 1711; x_wconf 83' lang='lat' dir='ltr'><em>gatio</em></span> <span class='ocrx_word' id='word_1_142' title='bbox 671 1649 768 1709; x_wconf 80' lang='lat' dir='ltr'><em>est,</em></span> <span class='ocrx_word' id='word_1_143' title='bbox 792 1642 1049 1714; x_wconf 81' lang='lat' dir='ltr'><em>possibile</em></span> <span class='ocrx_word' id='word_1_144' title='bbox 1063 1652 1140 1698; x_wconf 81' lang='lat' dir='ltr'><em>est</em></span> <span class='ocrx_word' id='word_1_145' title='bbox 1163 1661 1272 1699; x_wconf 87' lang='lat' dir='ltr'><em>non</em></span> <span class='ocrx_word' id='word_1_146' title='bbox 1295 1660 1424 1710; x_wconf 88' lang='lat' dir='ltr'><em>esse,</em></span> <span class='ocrx_word' id='word_1_147' title='bbox 1450 1643 1541 1698; x_wconf 88' lang='lat' dir='ltr'><em>sed</em></span> <span class='ocrx_word' id='word_1_148' title='bbox 1558 1659 1665 1699; x_wconf 87' lang='lat' dir='ltr'><em>non</em></span> <span class='ocrx_word' id='word_1_149' title='bbox 1694 1660 1759 1697; x_wconf 85' lang='lat' dir='ltr'><em>ea</em></span> <span class='ocrx_word' id='word_1_150' title='bbox 1782 1656 1906 1713; x_wconf 56' lang='lat' dir='ltr'><em>qum</em></span> <span class='ocrx_word' id='word_1_151' title='bbox 1918 1649 2015 1706; x_wconf 75' lang='lat' dir='ltr'><em>est,</em></span> <span class='ocrx_word' id='word_1_152' title='bbox 2042 1658 2154 1693; x_wconf 87' lang='lat' dir='ltr'><em>non</em></span> 
     </span>
    </p>
   </div>
   <div class='ocr_carea' id='block_1_18' title="bbox 504 1732 2152 1802">
    <p class='ocr_par' dir='ltr' id='par_1_18' title="bbox 504 1732 2152 1802">
     <span class='ocr_line' id='line_1_18' title="bbox 504 1732 2152 1802; baseline -0.001 -17"><span class='ocrx_word' id='word_1_153' title='bbox 504 1732 765 1801; x_wconf 81' lang='lat' dir='ltr'><em>possibile</em></span> <span class='ocrx_word' id='word_1_154' title='bbox 786 1741 869 1788; x_wconf 82' lang='lat' dir='ltr'><em>est</em></span> <span class='ocrx_word' id='word_1_155' title='bbox 897 1748 1005 1787; x_wconf 88' lang='lat' dir='ltr'><em>esse</em></span> <span class='ocrx_word' id='word_1_156' title='bbox 1024 1749 1044 1793; x_wconf 86' lang='grc'><strong>,·</strong></span> <span class='ocrx_word' id='word_1_157' title='bbox 1074 1733 1288 1787; x_wconf 69' lang='lat' dir='ltr'><em>videtur</em></span> <span class='ocrx_word' id='word_1_158' title='bbox 1317 1738 1501 1787; x_wconf 84' lang='lat' dir='ltr'><em>autem</em></span> <span class='ocrx_word' id='word_1_159' title='bbox 1560 1732 1703 1787; x_wconf 82' lang='lat' dir='ltr'><em>idem</em></span> <span class='ocrx_word' id='word_1_160' title='bbox 1760 1748 1917 1802; x_wconf 84' lang='lat' dir='ltr'><em>posse</em></span> <span class='ocrx_word' id='word_1_161' title='bbox 1958 1746 2073 1785; x_wconf 86' lang='lat' dir='ltr'><em>esse</em></span> <span class='ocrx_word' id='word_1_162' title='bbox 2103 1733 2152 1783; x_wconf 84' lang='lat' dir='ltr'><em>et</em></span> 
     </span>
    </p>
   </div>
   <div class='ocr_carea' id='block_1_19' title="bbox 2263 572 3879 645">
    <p class='ocr_par' dir='ltr' id='par_1_19' title="bbox 2263 572 3879 645">
     <span class='ocr_line' id='line_1_19' title="bbox 2263 572 3879 645; baseline 0.005 -18"><span class='ocrx_word' id='word_1_163' title='bbox 2263 572 2535 641; x_wconf 83' lang='lat' dir='ltr'><em>appositae</em></span> <span class='ocrx_word' id='word_1_164' title='bbox 2558 578 2688 626; x_wconf 90' lang='lat' dir='ltr'><em>sunt</em></span> <span class='ocrx_word' id='word_1_165' title='bbox 2710 573 3217 637; x_wconf 91' lang='lat' dir='ltr'><em>contradictiones,</em></span> <span class='ocrx_word' id='word_1_166' title='bbox 3235 588 3581 645; x_wconf 80' lang='lat' dir='ltr'><em>quaecunque</em></span> <span class='ocrx_word' id='word_1_167' title='bbox 3596 582 3879 637; x_wconf 87' lang='lat' dir='ltr'><em>secundum</em></span> 
     </span>
    </p>
   </div>
   <div class='ocr_carea' id='block_1_20' title="bbox 2264 662 3880 738">
    <p class='ocr_par' dir='ltr' id='par_1_20' title="bbox 2264 662 3880 738">
     <span class='ocr_line' id='line_1_20' title="bbox 2264 662 3880 738; baseline 0.005 -22"><span class='ocrx_word' id='word_1_168' title='bbox 2264 677 2393 717; x_wconf 89' lang='lat' dir='ltr'><em>esse</em></span> <span class='ocrx_word' id='word_1_169' title='bbox 2424 668 2475 716; x_wconf 90' lang='lat' dir='ltr'><em>et</em></span> <span class='ocrx_word' id='word_1_170' title='bbox 2509 677 2624 717; x_wconf 89' lang='lat' dir='ltr'><em>non</em></span> <span class='ocrx_word' id='word_1_171' title='bbox 2651 677 2773 717; x_wconf 89' lang='lat' dir='ltr'><em>esse</em></span> <span class='ocrx_word' id='word_1_172' title='bbox 2803 662 3205 729; x_wconf 87' lang='lat' dir='ltr'><em>disponuntur,</em></span> <span class='ocrx_word' id='word_1_173' title='bbox 3242 670 3300 716; x_wconf 91' lang='lat' dir='ltr'><em>ut</em></span> <span class='ocrx_word' id='word_1_174' title='bbox 3334 662 3417 717; x_wconf 64' lang='lat' dir='ltr'><em>ha)</em></span> <span class='ocrx_word' id='word_1_175' title='bbox 3443 680 3576 733; x_wconf 85' lang='lat' dir='ltr'><em>quas</em></span> <span class='ocrx_word' id='word_1_176' title='bbox 3608 682 3766 738; x_wconf 81' lang='lat' dir='ltr'><em>supra</em></span> <span class='ocrx_word' id='word_1_177' title='bbox 3810 671 3880 725; x_wconf 88' lang='lat' dir='ltr'><em>di-</em></span> 
     </span>
    </p>
   </div>
   <div class='ocr_carea' id='block_1_21' title="bbox 2264 750 3879 826">
    <p class='ocr_par' dir='ltr' id='par_1_21' title="bbox 2264 750 3879 826">
     <span class='ocr_line' id='line_1_21' title="bbox 2264 750 3879 826; baseline 0.005 -21"><span class='ocrx_word' id='word_1_178' title='bbox 2264 752 2565 821; x_wconf 76' lang='lat' dir='ltr'><em>gessimus,</em></span> <span class='ocrx_word' id='word_1_179' title='bbox 2600 767 2951 821; x_wconf 87' lang='lat' dir='ltr'><em>quarumque</em></span> <span class='ocrx_word' id='word_1_180' title='bbox 2976 750 3094 821; x_wconf 89' lang='lat' dir='ltr'><em>ipse</em></span> <span class='ocrx_word' id='word_1_181' title='bbox 3125 750 3381 820; x_wconf 84' lang='lat' dir='ltr'><em>exempla</em></span> <span class='ocrx_word' id='word_1_182' title='bbox 3405 757 3679 824; x_wconf 75' lang='lat' dir='ltr'><em>proponit,</em></span> <span class='ocrx_word' id='word_1_183' title='bbox 3701 764 3755 810; x_wconf 85' lang='lat' dir='ltr'><em>ut</em></span> <span class='ocrx_word' id='word_1_184' title='bbox 3774 760 3879 826; x_wconf 92' lang='lat' dir='ltr'><em>ejus</em></span> 
     </span>
    </p>
   </div>
   <div class='ocr_carea' id='block_1_22' title="bbox 2265 840 3879 913">
    <p class='ocr_par' dir='ltr' id='par_1_22' title="bbox 2265 840 3879 913">
     <span class='ocr_line' id='line_1_22' title="bbox 2265 840 3879 913; baseline 0.005 -19"><span class='ocrx_word' id='word_1_185' title='bbox 2265 857 2392 913; x_wconf 71' lang='lat' dir='ltr'><em>quae</em></span> <span class='ocrx_word' id='word_1_186' title='bbox 2423 848 2530 908; x_wconf 90' lang='lat' dir='ltr'><em>est,</em></span> <span class='ocrx_word' id='word_1_187' title='bbox 2560 856 2684 896; x_wconf 88' lang='lat' dir='ltr'><em>esse</em></span> <span class='ocrx_word' id='word_1_188' title='bbox 2715 840 3024 905; x_wconf 87' lang='lat' dir='ltr'><em>hominem,</em></span> <span class='ocrx_word' id='word_1_189' title='bbox 3055 841 3281 911; x_wconf 80' lang='lat' dir='ltr'><em>negatio</em></span> <span class='ocrx_word' id='word_1_190' title='bbox 3314 849 3414 907; x_wconf 88' lang='lat' dir='ltr'><em>est,</em></span> <span class='ocrx_word' id='word_1_191' title='bbox 3435 858 3547 897; x_wconf 91' lang='lat' dir='ltr'><em>non</em></span> <span class='ocrx_word' id='word_1_192' title='bbox 3578 859 3693 899; x_wconf 88' lang='lat' dir='ltr'><em>esse</em></span> <span class='ocrx_word' id='word_1_193' title='bbox 3718 845 3879 902; x_wconf 89' lang='lat' dir='ltr'><em>homi-</em></span> 
     </span>
    </p>
   </div>
   <div class='ocr_carea' id='block_1_23' title="bbox 2266 928 3879 1005">
    <p class='ocr_par' dir='ltr' id='par_1_23' title="bbox 2266 928 3879 1005">
     <span class='ocr_line' id='line_1_23' title="bbox 2266 928 3879 1005; baseline 0.005 -22"><span class='ocrx_word' id='word_1_194' title='bbox 2266 944 2417 983; x_wconf 88' lang='lat' dir='ltr'><em>nem.</em></span> <span class='ocrx_word' id='word_1_195' title='bbox 2455 932 2584 984; x_wconf 82' lang='lat' dir='ltr'><em>Haec</em></span> <span class='ocrx_word' id='word_1_196' title='bbox 2616 929 2767 983; x_wconf 80' lang='lat' dir='ltr'><em>enim</em></span> <span class='ocrx_word' id='word_1_197' title='bbox 2801 929 2981 999; x_wconf 84' lang='lat' dir='ltr'><em>ipsius</em></span> <span class='ocrx_word' id='word_1_198' title='bbox 3004 928 3407 984; x_wconf 81' lang='lat' dir='ltr'><em>allirmationis</em></span> <span class='ocrx_word' id='word_1_199' title='bbox 3430 934 3729 987; x_wconf 88' lang='lat' dir='ltr'><em>secundum</em></span> <span class='ocrx_word' id='word_1_200' title='bbox 3752 950 3879 1005; x_wconf 82' lang='lat' dir='ltr'><em>esse,</em></span> 
     </span>
    </p>
   </div>
   <div class='ocr_carea' id='block_1_24' title="bbox 2264 1016 3878 1087">
    <p class='ocr_par' dir='ltr' id='par_1_24' title="bbox 2264 1016 3878 1087">
     <span class='ocr_line' id='line_1_24' title="bbox 2264 1016 3878 1087; baseline 0.004 -16"><span class='ocrx_word' id='word_1_201' title='bbox 2264 1024 2319 1071; x_wconf 90' lang='lat' dir='ltr'><em>et</em></span> <span class='ocrx_word' id='word_1_202' title='bbox 2342 1034 2454 1071; x_wconf 85' lang='lat' dir='ltr'><em>non</em></span> <span class='ocrx_word' id='word_1_203' title='bbox 2482 1033 2601 1071; x_wconf 89' lang='lat' dir='ltr'><em>esse</em></span> <span class='ocrx_word' id='word_1_204' title='bbox 2625 1017 2851 1084; x_wconf 69' lang='lat' dir='ltr'><em>negatio</em></span> <span class='ocrx_word' id='word_1_205' title='bbox 2874 1025 2985 1084; x_wconf 81' lang='lat' dir='ltr'><em>est,</em></span> <span class='ocrx_word' id='word_1_206' title='bbox 3010 1024 3061 1071; x_wconf 91' lang='lat' dir='ltr'><em>et</em></span> <span class='ocrx_word' id='word_1_207' title='bbox 3082 1016 3172 1071; x_wconf 90' lang='lat' dir='ltr'><em>hic</em></span> <span class='ocrx_word' id='word_1_208' title='bbox 3193 1017 3641 1072; x_wconf 79' lang='lat' dir='ltr'><em>subaudiendum</em></span> <span class='ocrx_word' id='word_1_209' title='bbox 3661 1028 3755 1087; x_wconf 89' lang='lat' dir='ltr'><em>est,</em></span> <span class='ocrx_word' id='word_1_210' title='bbox 3778 1037 3878 1077; x_wconf 90' lang='lat' dir='ltr'><em>non</em></span> 
     </span>
    </p>
   </div>
   <div class='ocr_carea' id='block_1_25' title="bbox 2266 1104 3878 1176">
    <p class='ocr_par' dir='ltr' id='par_1_25' title="bbox 2266 1104 3878 1176">
     <span class='ocr_line' id='line_1_25' title="bbox 2266 1104 3878 1176; baseline 0.003 -16"><span class='ocrx_word' id='word_1_211' title='bbox 2266 1106 2362 1160; x_wconf 87' lang='lat' dir='ltr'><em>illa</em></span> <span class='ocrx_word' id='word_1_212' title='bbox 2396 1105 2621 1176; x_wconf 81' lang='lat' dir='ltr'><em>negatio</em></span> <span class='ocrx_word' id='word_1_213' title='bbox 2653 1115 2753 1171; x_wconf 88' lang='lat' dir='ltr'><em>est,</em></span> <span class='ocrx_word' id='word_1_214' title='bbox 2791 1122 2885 1175; x_wconf 86' lang='lat' dir='ltr'><em>per</em></span> <span class='ocrx_word' id='word_1_215' title='bbox 2915 1122 3081 1175; x_wconf 92' lang='lat' dir='ltr'><em>quam</em></span> <span class='ocrx_word' id='word_1_216' title='bbox 3118 1104 3259 1159; x_wconf 87' lang='lat' dir='ltr'><em>dicit</em></span> <span class='ocrx_word' id='word_1_217' title='bbox 3290 1121 3409 1161; x_wconf 84' lang='lat' dir='ltr'><em>esse</em></span> <span class='ocrx_word' id='word_1_218' title='bbox 3442 1122 3555 1161; x_wconf 90' lang='lat' dir='ltr'><em>non</em></span> <span class='ocrx_word' id='word_1_219' title='bbox 3596 1106 3878 1175; x_wconf 86' lang='lat' dir='ltr'><em>hominem,</em></span> 
     </span>
    </p>
   </div>
   <div class='ocr_carea' id='block_1_26' title="bbox 2266 1195 3876 1265">
    <p class='ocr_par' dir='ltr' id='par_1_26' title="bbox 2266 1195 3876 1265">
     <span class='ocr_line' id='line_1_26' title="bbox 2266 1195 3876 1265; baseline 0.001 -16"><span class='ocrx_word' id='word_1_220' title='bbox 2266 1203 2325 1249; x_wconf 87' lang='lat' dir='ltr'><em>ut</em></span> <span class='ocrx_word' id='word_1_221' title='bbox 2356 1195 2431 1249; x_wconf 86' lang='lat' dir='ltr'><em>sit</em></span> <span class='ocrx_word' id='word_1_222' title='bbox 2460 1211 2659 1250; x_wconf 84' lang='lat' dir='ltr'><em>sensus</em></span> <span class='ocrx_word' id='word_1_223' title='bbox 2690 1196 3093 1250; x_wconf 85' lang='lat' dir='ltr'><em>aflirmationis</em></span> <span class='ocrx_word' id='word_1_224' title='bbox 3124 1212 3250 1265; x_wconf 78' lang='lat' dir='ltr'><em>quae</em></span> <span class='ocrx_word' id='word_1_225' title='bbox 3299 1202 3379 1249; x_wconf 89' lang='lat' dir='ltr'><em>est</em></span> <span class='ocrx_word' id='word_1_226' title='bbox 3427 1211 3547 1251; x_wconf 82' lang='lat' dir='ltr'><em>esse</em></span> <span class='ocrx_word' id='word_1_227' title='bbox 3589 1195 3876 1263; x_wconf 87' lang='lat' dir='ltr'><em>hominem,</em></span> 
     </span>
    </p>
   </div>
   <div class='ocr_carea' id='block_1_27' title="bbox 2268 1291 3883 1363">
    <p class='ocr_par' dir='ltr' id='par_1_27' title="bbox 2268 1291 3883 1363">
     <span class='ocr_line' id='line_1_27' title="bbox 2268 1291 3883 1363; baseline -0.001 -15"><span class='ocrx_word' id='word_1_228' title='bbox 2268 1293 2488 1361; x_wconf 77' lang='lat' dir='ltr'><em>negatio</em></span> <span class='ocrx_word' id='word_1_229' title='bbox 2522 1299 2603 1347; x_wconf 89' lang='lat' dir='ltr'><em>est</em></span> <span class='ocrx_word' id='word_1_230' title='bbox 2635 1309 2748 1347; x_wconf 91' lang='lat' dir='ltr'><em>non</em></span> <span class='ocrx_word' id='word_1_231' title='bbox 2777 1309 2898 1347; x_wconf 88' lang='lat' dir='ltr'><em>csse</em></span> <span class='ocrx_word' id='word_1_232' title='bbox 2931 1293 3245 1347; x_wconf 89' lang='lat' dir='ltr'><em>hominem.</em></span> <span class='ocrx_word' id='word_1_233' title='bbox 3295 1291 3422 1347; x_wconf 89' lang='lat' dir='ltr'><em>Non</em></span> <span class='ocrx_word' id='word_1_234' title='bbox 3472 1293 3567 1347; x_wconf 88' lang='lat' dir='ltr'><em>illa</em></span> <span class='ocrx_word' id='word_1_235' title='bbox 3614 1309 3727 1363; x_wconf 79' lang='lat' dir='ltr'><em>quze</em></span> <span class='ocrx_word' id='word_1_236' title='bbox 3763 1295 3883 1349; x_wconf 90' lang='lat' dir='ltr'><em>dicit</em></span> 
     </span>
    </p>
   </div>
   <div class='ocr_carea' id='block_1_28' title="bbox 2264 1380 3882 1452">
    <p class='ocr_par' dir='ltr' id='par_1_28' title="bbox 2264 1380 3882 1452">
     <span class='ocr_line' id='line_1_28' title="bbox 2264 1380 3882 1452; baseline 0.002 -15"><span class='ocrx_word' id='word_1_237' title='bbox 2264 1397 2386 1437; x_wconf 86' lang='lat' dir='ltr'><em>esse</em></span> <span class='ocrx_word' id='word_1_238' title='bbox 2416 1399 2531 1437; x_wconf 90' lang='lat' dir='ltr'><em>non</em></span> <span class='ocrx_word' id='word_1_239' title='bbox 2564 1382 2884 1437; x_wconf 87' lang='lat' dir='ltr'><em>hominem.</em></span> <span class='ocrx_word' id='word_1_240' title='bbox 2918 1383 2986 1437; x_wconf 89' lang='lat' dir='ltr'><em>Et</em></span> <span class='ocrx_word' id='word_1_241' title='bbox 3017 1382 3125 1437; x_wconf 91' lang='lat' dir='ltr'><em>hoc</em></span> <span class='ocrx_word' id='word_1_242' title='bbox 3153 1380 3381 1452; x_wconf 86' lang='lat' dir='ltr'><em>quidem</em></span> <span class='ocrx_word' id='word_1_243' title='bbox 3414 1381 3485 1436; x_wconf 92' lang='lat' dir='ltr'><em>de</em></span> <span class='ocrx_word' id='word_1_244' title='bbox 3531 1383 3882 1452; x_wconf 85' lang='lat' dir='ltr'><em>simplicibus.</em></span> 
     </span>
    </p>
   </div>
   <div class='ocr_carea' id='block_1_29' title="bbox 2263 1470 3883 1541">
    <p class='ocr_par' dir='ltr' id='par_1_29' title="bbox 2263 1470 3883 1541">
     <span class='ocr_line' id='line_1_29' title="bbox 2263 1470 3883 1541; baseline 0.001 -16"><span class='ocrx_word' id='word_1_245' title='bbox 2263 1471 2472 1525; x_wconf 83' lang='lat' dir='ltr'><em>Rursus</em></span> <span class='ocrx_word' id='word_1_246' title='bbox 2502 1472 2568 1525; x_wconf 91' lang='lat' dir='ltr'><em>de</em></span> <span class='ocrx_word' id='word_1_247' title='bbox 2593 1471 2679 1526; x_wconf 87' lang='lat' dir='ltr'><em>his</em></span> <span class='ocrx_word' id='word_1_248' title='bbox 2705 1471 2761 1525; x_wconf 91' lang='lat' dir='ltr'><em>in</em></span> <span class='ocrx_word' id='word_1_249' title='bbox 2792 1471 2995 1541; x_wconf 91' lang='lat' dir='ltr'><em>quibus</em></span> <span class='ocrx_word' id='word_1_250' title='bbox 3033 1478 3115 1525; x_wconf 90' lang='lat' dir='ltr'><em>est</em></span> <span class='ocrx_word' id='word_1_251' title='bbox 3138 1470 3365 1525; x_wconf 91' lang='lat' dir='ltr'><em>tertium</em></span> <span class='ocrx_word' id='word_1_252' title='bbox 3394 1470 3743 1541; x_wconf 67' lang='lat' dir='ltr'><em>praedicatur,</em></span> <span class='ocrx_word' id='word_1_253' title='bbox 3775 1473 3883 1541; x_wconf 89' lang='lat' dir='ltr'><em>ejus</em></span> 
     </span>
    </p>
   </div>
   <div class='ocr_carea' id='block_1_30' title="bbox 2262 1556 3883 1629">
    <p class='ocr_par' dir='ltr' id='par_1_30' title="bbox 2262 1556 3883 1629">
     <span class='ocr_line' id='line_1_30' title="bbox 2262 1556 3883 1629; baseline 0 -16"><span class='ocrx_word' id='word_1_254' title='bbox 2262 1574 2383 1629; x_wconf 82' lang='lat' dir='ltr'><em>quae</em></span> <span class='ocrx_word' id='word_1_255' title='bbox 2417 1567 2517 1624; x_wconf 84' lang='lat' dir='ltr'><em>est,</em></span> <span class='ocrx_word' id='word_1_256' title='bbox 2551 1574 2676 1614; x_wconf 87' lang='lat' dir='ltr'><em>esse</em></span> <span class='ocrx_word' id='word_1_257' title='bbox 2707 1558 2900 1613; x_wconf 85' lang='lat' dir='ltr'><em>album</em></span> <span class='ocrx_word' id='word_1_258' title='bbox 2936 1558 3255 1625; x_wconf 86' lang='lat' dir='ltr'><em>hominem,</em></span> <span class='ocrx_word' id='word_1_259' title='bbox 3290 1573 3403 1612; x_wconf 91' lang='lat' dir='ltr'><em>non</em></span> <span class='ocrx_word' id='word_1_260' title='bbox 3436 1557 3528 1612; x_wconf 89' lang='lat' dir='ltr'><em>hic</em></span> <span class='ocrx_word' id='word_1_261' title='bbox 3569 1556 3883 1613; x_wconf 88' lang='lat' dir='ltr'><em>subaudien-</em></span> 
     </span>
    </p>
   </div>
   <div class='ocr_carea' id='block_1_31' title="bbox 2261 1646 3883 1718">
    <p class='ocr_par' dir='ltr' id='par_1_31' title="bbox 2261 1646 3883 1718">
     <span class='ocr_line' id='line_1_31' title="bbox 2261 1646 3883 1718; baseline -0.001 -16"><span class='ocrx_word' id='word_1_262' title='bbox 2261 1650 2395 1702; x_wconf 89' lang='lat' dir='ltr'><em>dum</em></span> <span class='ocrx_word' id='word_1_263' title='bbox 2430 1653 2536 1717; x_wconf 75' lang='lat' dir='ltr'><em>est,</em></span> <span class='ocrx_word' id='word_1_264' title='bbox 2560 1646 2656 1703; x_wconf 88' lang='lat' dir='ltr'><em>illa</em></span> <span class='ocrx_word' id='word_1_265' title='bbox 2682 1657 2763 1702; x_wconf 88' lang='lat' dir='ltr'><em>est</em></span> <span class='ocrx_word' id='word_1_266' title='bbox 2796 1648 3020 1718; x_wconf 81' lang='lat' dir='ltr'><em>negatio</em></span> <span class='ocrx_word' id='word_1_267' title='bbox 3054 1663 3173 1717; x_wconf 73' lang='lat' dir='ltr'><em>quae</em></span> <span class='ocrx_word' id='word_1_268' title='bbox 3206 1647 3367 1713; x_wconf 91' lang='lat' dir='ltr'><em>dicit,</em></span> <span class='ocrx_word' id='word_1_269' title='bbox 3403 1662 3527 1701; x_wconf 85' lang='lat' dir='ltr'><em>esse</em></span> <span class='ocrx_word' id='word_1_270' title='bbox 3558 1662 3669 1701; x_wconf 91' lang='lat' dir='ltr'><em>non</em></span> <span class='ocrx_word' id='word_1_271' title='bbox 3710 1646 3883 1701; x_wconf 87' lang='lat' dir='ltr'><em>album</em></span> 
     </span>
    </p>
   </div>
   <div class='ocr_carea' id='block_1_32' title="bbox 2266 1735 3884 1806">
    <p class='ocr_par' dir='ltr' id='par_1_32' title="bbox 2266 1735 3884 1806">
     <span class='ocr_line' id='line_1_32' title="bbox 2266 1735 3884 1806; baseline -0.002 -14"><span class='ocrx_word' id='word_1_272' title='bbox 2266 1736 2575 1792; x_wconf 87' lang='lat' dir='ltr'><em>hominem.</em></span> <span class='ocrx_word' id='word_1_273' title='bbox 2608 1737 2717 1792; x_wconf 91' lang='lat' dir='ltr'><em>Sed</em></span> <span class='ocrx_word' id='word_1_274' title='bbox 2751 1737 2841 1792; x_wconf 89' lang='lat' dir='ltr'><em>hic</em></span> <span class='ocrx_word' id='word_1_275' title='bbox 2870 1752 3091 1806; x_wconf 84' lang='lat' dir='ltr'><em>quoque</em></span> <span class='ocrx_word' id='word_1_276' title='bbox 3142 1735 3609 1790; x_wconf 79' lang='lat' dir='ltr'><em>subaudiendum</em></span> <span class='ocrx_word' id='word_1_277' title='bbox 3657 1739 3756 1803; x_wconf 85' lang='lat' dir='ltr'><em>est,</em></span> <span class='ocrx_word' id='word_1_278' title='bbox 3802 1735 3884 1789; x_wconf 88' lang='lat' dir='ltr'><em>illa</em></span> 
     </span>
    </p>
   </div>
   <div class='ocr_carea' id='block_1_33' title="bbox 502 1821 3885 1918">
    <p class='ocr_par' dir='ltr' id='par_1_33' title="bbox 502 1821 3885 1918">
     <span class='ocr_line' id='line_1_33' title="bbox 502 1821 3885 1918; baseline 0.001 -43"><span class='ocrx_word' id='word_1_279' title='bbox 502 1838 613 1877; x_wconf 86' lang='lat' dir='ltr'><em>non</em></span> <span class='ocrx_word' id='word_1_280' title='bbox 642 1838 775 1889; x_wconf 86' lang='lat' dir='ltr'><em>esse,</em></span> <span class='ocrx_word' id='word_1_281' title='bbox 809 1838 967 1877; x_wconf 89' lang='lat' dir='ltr'><em>omne</em></span> <span class='ocrx_word' id='word_1_282' title='bbox 994 1825 1141 1878; x_wconf 86' lang='lat' dir='ltr'><em>enim</em></span> <span class='ocrx_word' id='word_1_283' title='bbox 1172 1823 1310 1894; x_wconf 84' lang='lat' dir='ltr'><em>quod</em></span> <span class='ocrx_word' id='word_1_284' title='bbox 1339 1827 1416 1878; x_wconf 84' lang='lat' dir='ltr'><em>est</em></span> <span class='ocrx_word' id='word_1_285' title='bbox 1443 1823 1705 1894; x_wconf 79' lang='lat' dir='ltr'><em>possibile</em></span> <span class='ocrx_word' id='word_1_286' title='bbox 1725 1821 1909 1876; x_wconf 80' lang='lat' dir='ltr'><em>dividi</em></span> <span class='ocrx_word' id='word_1_287' title='bbox 1926 1821 2010 1875; x_wconf 79' lang='lat' dir='ltr'><em>vel</em></span> <span class='ocrx_word' id='word_1_288' title='bbox 2034 1837 2149 1874; x_wconf 85' lang='lat' dir='ltr'><em>am-</em></span> <span class='ocrx_word' id='word_1_289' title='bbox 2181 1848 2227 1918; x_wconf 76' lang='grc' dir='ltr'><strong><em>Β</em></strong></span> <span class='ocrx_word' id='word_1_290' title='bbox 2262 1842 2384 1896; x_wconf 65' lang='lat' dir='ltr'><em>quae</em></span> <span class='ocrx_word' id='word_1_291' title='bbox 2407 1827 2572 1893; x_wconf 83' lang='lat' dir='ltr'><em>dixit,</em></span> <span class='ocrx_word' id='word_1_292' title='bbox 2595 1844 2710 1882; x_wconf 89' lang='lat' dir='ltr'><em>non</em></span> <span class='ocrx_word' id='word_1_293' title='bbox 2736 1843 2857 1882; x_wconf 75' lang='lat' dir='ltr'><em>eSse</em></span> <span class='ocrx_word' id='word_1_294' title='bbox 2885 1826 3081 1881; x_wconf 88' lang='lat' dir='ltr'><em>album</em></span> <span class='ocrx_word' id='word_1_295' title='bbox 3113 1825 3432 1893; x_wconf 89' lang='lat' dir='ltr'><em>hominem,</em></span> <span class='ocrx_word' id='word_1_296' title='bbox 3469 1832 3527 1879; x_wconf 91' lang='lat' dir='ltr'><em>ut</em></span> <span class='ocrx_word' id='word_1_297' title='bbox 3559 1825 3629 1879; x_wconf 91' lang='lat' dir='ltr'><em>sit</em></span> <span class='ocrx_word' id='word_1_298' title='bbox 3663 1825 3748 1880; x_wconf 86' lang='lat' dir='ltr'><em>hic</em></span> <span class='ocrx_word' id='word_1_299' title='bbox 3772 1841 3885 1879; x_wconf 86' lang='lat' dir='ltr'><em>seu-</em></span> 
     </span>
    </p>
   </div>
   <div class='ocr_carea' id='block_1_34' title="bbox 500 1909 2072 1982">
    <p class='ocr_par' dir='ltr' id='par_1_34' title="bbox 500 1909 2072 1982">
     <span class='ocr_line' id='line_1_34' title="bbox 500 1909 2072 1982; baseline 0.001 -19"><span class='ocrx_word' id='word_1_300' title='bbox 500 1909 721 1981; x_wconf 85' lang='lat' dir='ltr'><em>bulare,</em></span> <span class='ocrx_word' id='word_1_301' title='bbox 752 1920 801 1966; x_wconf 81' lang='lat' dir='ltr'><em>el</em></span> <span class='ocrx_word' id='word_1_302' title='bbox 830 1928 937 1967; x_wconf 88' lang='lat' dir='ltr'><em>non</em></span> <span class='ocrx_word' id='word_1_303' title='bbox 965 1909 1259 1967; x_wconf 83' lang='lat' dir='ltr'><em>ambulare</em></span> <span class='ocrx_word' id='word_1_304' title='bbox 1287 1915 1336 1965; x_wconf 79' lang='lat' dir='ltr'><em>et</em></span> <span class='ocrx_word' id='word_1_305' title='bbox 1366 1926 1475 1966; x_wconf 86' lang='lat' dir='ltr'><em>non</em></span> <span class='ocrx_word' id='word_1_306' title='bbox 1506 1910 1956 1982; x_wconf 83' lang='lat' dir='ltr'><em>dividipossibile</em></span> <span class='ocrx_word' id='word_1_307' title='bbox 1976 1918 2072 1965; x_wconf 82' lang='lat' dir='ltr'><em>est.</em></span> 
     </span>
    </p>
   </div>
   <div class='ocr_carea' id='block_1_35' title="bbox 573 2032 2152 2106">
    <p class='ocr_par' dir='ltr' id='par_1_35' title="bbox 573 2032 2152 2106">
     <span class='ocr_line' id='line_1_35' title="bbox 573 2032 2152 2106; baseline -0.001 -17"><span class='ocrx_word' id='word_1_308' title='bbox 573 2034 773 2090; x_wconf 84' lang='lat' dir='ltr'><em>Omnis</em></span> <span class='ocrx_word' id='word_1_309' title='bbox 803 2036 1116 2106; x_wconf 80' lang='lat' dir='ltr'><em>propositio</em></span> <span class='ocrx_word' id='word_1_310' title='bbox 1149 2035 1449 2091; x_wconf 84' lang='lat' dir='ltr'><em>verborum</em></span> <span class='ocrx_word' id='word_1_311' title='bbox 1482 2044 1537 2091; x_wconf 89' lang='lat' dir='ltr'><em>et</em></span> <span class='ocrx_word' id='word_1_312' title='bbox 1569 2035 1868 2091; x_wconf 84' lang='lat' dir='ltr'><em>nominum</em></span> <span class='ocrx_word' id='word_1_313' title='bbox 1902 2032 2152 2103; x_wconf 85' lang='lat' dir='ltr'><em>comple-</em></span> 
     </span>
    </p>
   </div>
   <div class='ocr_carea' id='block_1_36' title="bbox 499 2122 2153 2195">
    <p class='ocr_par' dir='ltr' id='par_1_36' title="bbox 499 2122 2153 2195">
     <span class='ocr_line' id='line_1_36' title="bbox 499 2122 2153 2195; baseline 0 -18"><span class='ocrx_word' id='word_1_314' title='bbox 499 2123 671 2179; x_wconf 78' lang='lat' dir='ltr'><em>xioue</em></span> <span class='ocrx_word' id='word_1_315' title='bbox 685 2123 1131 2194; x_wconf 82' lang='lat' dir='ltr'><em>formatur;ergo</em></span> <span class='ocrx_word' id='word_1_316' title='bbox 1154 2124 1608 2195; x_wconf 79' lang='lat' dir='ltr'><em>propositionum</em></span> <span class='ocrx_word' id='word_1_317' title='bbox 1626 2140 1750 2193; x_wconf 73' lang='lat' dir='ltr'><em>quae</em></span> <span class='ocrx_word' id='word_1_318' title='bbox 1764 2122 2153 2193; x_wconf 85' lang='lat' dir='ltr'><em>complectun-</em></span> 
     </span>
    </p>
   </div>
   <div class='ocr_carea' id='block_1_37' title="bbox 502 2211 2153 2284">
    <p class='ocr_par' dir='ltr' id='par_1_37' title="bbox 502 2211 2153 2284">
     <span class='ocr_line' id='line_1_37' title="bbox 502 2211 2153 2284; baseline 0.001 -19"><span class='ocrx_word' id='word_1_319' title='bbox 502 2219 614 2281; x_wconf 84' lang='lat' dir='ltr'><em>tur,</em></span> <span class='ocrx_word' id='word_1_320' title='bbox 641 2221 693 2269; x_wconf 90' lang='lat' dir='ltr'><em>et</em></span> <span class='ocrx_word' id='word_1_321' title='bbox 716 2229 953 2284; x_wconf 90' lang='lat' dir='ltr'><em>quarum</em></span> <span class='ocrx_word' id='word_1_322' title='bbox 974 2214 1255 2269; x_wconf 86' lang='lat' dir='ltr'><em>naturain</em></span> <span class='ocrx_word' id='word_1_323' title='bbox 1305 2214 1702 2284; x_wconf 83' lang='lat' dir='ltr'><em>complexione</em></span> <span class='ocrx_word' id='word_1_324' title='bbox 1737 2220 1843 2278; x_wconf 87' lang='lat' dir='ltr'><em>est,</em></span> <span class='ocrx_word' id='word_1_325' title='bbox 1879 2211 1988 2267; x_wconf 65' lang='lat' dir='ltr'><em>illm</em></span> <span class='ocrx_word' id='word_1_326' title='bbox 2020 2211 2153 2267; x_wconf 70' lang='lat' dir='ltr'><em>sola:</em></span> 
     </span>
    </p>
   </div>
   <div class='ocr_carea' id='block_1_38' title="bbox 502 2302 2152 2372">
    <p class='ocr_par' dir='ltr' id='par_1_38' title="bbox 502 2302 2152 2372">
     <span class='ocr_line' id='line_1_38' title="bbox 502 2302 2152 2372; baseline 0 -17"><span class='ocrx_word' id='word_1_327' title='bbox 502 2309 657 2369; x_wconf 82' lang='lat' dir='ltr'><em>sunt,</em></span> <span class='ocrx_word' id='word_1_328' title='bbox 683 2303 890 2372; x_wconf 84' lang='lat' dir='ltr'><em>inquit,</em></span> <span class='ocrx_word' id='word_1_329' title='bbox 914 2302 1414 2359; x_wconf 74' lang='lat' dir='ltr'><em>contradictiones.</em></span> <span class='ocrx_word' id='word_1_330' title='bbox 1442 2306 1802 2372; x_wconf 67' lang='lat' dir='ltr'><em>Quaecunque</em></span> <span class='ocrx_word' id='word_1_331' title='bbox 1838 2302 2152 2357; x_wconf 88' lang='lat' dir='ltr'><em>secundum</em></span> 
     </span>
    </p>
   </div>
   <div class='ocr_carea' id='block_1_39' title="bbox 502 2391 2150 2461">
    <p class='ocr_par' dir='ltr' id='par_1_39' title="bbox 502 2391 2150 2461">
     <span class='ocr_line' id='line_1_39' title="bbox 502 2391 2150 2461; baseline -0.001 -17"><span class='ocrx_word' id='word_1_332' title='bbox 502 2405 623 2444; x_wconf 89' lang='lat' dir='ltr'><em>esse</em></span> <span class='ocrx_word' id='word_1_333' title='bbox 640 2396 825 2446; x_wconf 83' lang='lat' dir='ltr'><em>etnon</em></span> <span class='ocrx_word' id='word_1_334' title='bbox 848 2407 973 2446; x_wconf 85' lang='lat' dir='ltr'><em>esse</em></span> <span class='ocrx_word' id='word_1_335' title='bbox 998 2399 1303 2461; x_wconf 90' lang='lat' dir='ltr'><em>ponuntur,</em></span> <span class='ocrx_word' id='word_1_336' title='bbox 1333 2392 1471 2446; x_wconf 89' lang='lat' dir='ltr'><em>utin</em></span> <span class='ocrx_word' id='word_1_337' title='bbox 1494 2408 1557 2447; x_wconf 86' lang='lat' dir='ltr'><em>ea</em></span> <span class='ocrx_word' id='word_1_338' title='bbox 1602 2391 1995 2461; x_wconf 83' lang='lat' dir='ltr'><em>prepositione</em></span> <span class='ocrx_word' id='word_1_339' title='bbox 2026 2404 2150 2460; x_wconf 67' lang='lat' dir='ltr'><em>qua:</em></span> 
     </span>
    </p>
   </div>
   <div class='ocr_carea' id='block_1_40' title="bbox 499 2478 2149 2550">
    <p class='ocr_par' dir='ltr' id='par_1_40' title="bbox 499 2478 2149 2550">
     <span class='ocr_line' id='line_1_40' title="bbox 499 2478 2149 2550; baseline 0.001 -19"><span class='ocrx_word' id='word_1_340' title='bbox 499 2478 663 2541; x_wconf 83' lang='lat' dir='ltr'><em>dicit,</em></span> <span class='ocrx_word' id='word_1_341' title='bbox 695 2486 777 2533; x_wconf 88' lang='lat' dir='ltr'><em>est</em></span> <span class='ocrx_word' id='word_1_342' title='bbox 810 2480 1003 2550; x_wconf 87' lang='lat' dir='ltr'><em>homo,</em></span> <span class='ocrx_word' id='word_1_343' title='bbox 1035 2496 1152 2535; x_wconf 90' lang='lat' dir='ltr'><em>non</em></span> <span class='ocrx_word' id='word_1_344' title='bbox 1184 2487 1268 2534; x_wconf 87' lang='lat' dir='ltr'><em>est</em></span> <span class='ocrx_word' id='word_1_345' title='bbox 1296 2480 1398 2534; x_wconf 87' lang='lat' dir='ltr'><em>illa</em></span> <span class='ocrx_word' id='word_1_346' title='bbox 1431 2480 1653 2550; x_wconf 81' lang='lat' dir='ltr'><em>negatio</em></span> <span class='ocrx_word' id='word_1_347' title='bbox 1689 2479 1858 2548; x_wconf 87' lang='lat' dir='ltr'><em>hujus</em></span> <span class='ocrx_word' id='word_1_348' title='bbox 1896 2478 2149 2533; x_wconf 59' lang='lat' dir='ltr'><em>afﬁrma-</em></span> 
     </span>
    </p>
   </div>
   <div class='ocr_carea' id='block_1_41' title="bbox 498 2565 2151 2638">
    <p class='ocr_par' dir='ltr' id='par_1_41' title="bbox 498 2565 2151 2638">
     <span class='ocr_line' id='line_1_41' title="bbox 498 2565 2151 2638; baseline 0 -18"><span class='ocrx_word' id='word_1_349' title='bbox 498 2565 671 2621; x_wconf 82' lang='lat' dir='ltr'><em>tionis</em></span> <span class='ocrx_word' id='word_1_350' title='bbox 703 2583 826 2637; x_wconf 69' lang='lat' dir='ltr'><em>quae</em></span> <span class='ocrx_word' id='word_1_351' title='bbox 859 2568 1144 2638; x_wconf 89' lang='lat' dir='ltr'><em>proponit,</em></span> <span class='ocrx_word' id='word_1_352' title='bbox 1178 2575 1261 2625; x_wconf 88' lang='lat' dir='ltr'><em>est</em></span> <span class='ocrx_word' id='word_1_353' title='bbox 1293 2584 1408 2623; x_wconf 90' lang='lat' dir='ltr'><em>non</em></span> <span class='ocrx_word' id='word_1_354' title='bbox 1444 2569 1635 2635; x_wconf 90' lang='lat' dir='ltr'><em>homo,</em></span> <span class='ocrx_word' id='word_1_355' title='bbox 1670 2570 1764 2623; x_wconf 82' lang='lat' dir='ltr'><em>sed</em></span> <span class='ocrx_word' id='word_1_356' title='bbox 1814 2567 1915 2621; x_wconf 89' lang='lat' dir='ltr'><em>illa</em></span> <span class='ocrx_word' id='word_1_357' title='bbox 1969 2567 2151 2637; x_wconf 80' lang='lat' dir='ltr'><em>potius</em></span> 
     </span>
    </p>
   </div>
   <div class='ocr_carea' id='block_1_42' title="bbox 497 2656 2149 2725">
    <p class='ocr_par' dir='ltr' id='par_1_42' title="bbox 497 2656 2149 2725">
     <span class='ocr_line' id='line_1_42' title="bbox 497 2656 2149 2725; baseline 0.001 -16"><span class='ocrx_word' id='word_1_358' title='bbox 497 2671 616 2725; x_wconf 72' lang='lat' dir='ltr'><em>qua:</em></span> <span class='ocrx_word' id='word_1_359' title='bbox 649 2657 928 2725; x_wconf 85' lang='lat' dir='ltr'><em>enuntiat,</em></span> <span class='ocrx_word' id='word_1_360' title='bbox 962 2672 1079 2711; x_wconf 89' lang='lat' dir='ltr'><em>non</em></span> <span class='ocrx_word' id='word_1_361' title='bbox 1107 2661 1194 2711; x_wconf 90' lang='lat' dir='ltr'><em>est</em></span> <span class='ocrx_word' id='word_1_362' title='bbox 1226 2656 1415 2725; x_wconf 90' lang='lat' dir='ltr'><em>homo,</em></span> <span class='ocrx_word' id='word_1_363' title='bbox 1443 2663 1499 2711; x_wconf 91' lang='lat' dir='ltr'><em>ut</em></span> <span class='ocrx_word' id='word_1_364' title='bbox 1527 2658 1597 2711; x_wconf 86' lang='lat' dir='ltr'><em>sit</em></span> <span class='ocrx_word' id='word_1_365' title='bbox 1626 2657 1932 2712; x_wconf 83' lang='lat' dir='ltr'><em>afﬁrmatio</em></span> <span class='ocrx_word' id='word_1_366' title='bbox 1963 2663 2015 2711; x_wconf 90' lang='lat' dir='ltr'><em>et</em></span> <span class='ocrx_word' id='word_1_367' title='bbox 2047 2672 2149 2711; x_wconf 86' lang='lat' dir='ltr'><em>ne-</em></span> 
     </span>
    </p>
   </div>
   <div class='ocr_carea' id='block_1_43' title="bbox 496 2744 2147 2815">
    <p class='ocr_par' dir='ltr' id='par_1_43' title="bbox 496 2744 2147 2815">
     <span class='ocr_line' id='line_1_43' title="bbox 496 2744 2147 2815; baseline -0.001 -17"><span class='ocrx_word' id='word_1_368' title='bbox 496 2744 666 2813; x_wconf 79' lang='lat' dir='ltr'><em>gatio,</em></span> <span class='ocrx_word' id='word_1_369' title='bbox 691 2752 773 2800; x_wconf 90' lang='lat' dir='ltr'><em>est</em></span> <span class='ocrx_word' id='word_1_370' title='bbox 798 2744 992 2811; x_wconf 89' lang='lat' dir='ltr'><em>homo,</em></span> <span class='ocrx_word' id='word_1_371' title='bbox 1017 2760 1130 2799; x_wconf 90' lang='lat' dir='ltr'><em>non</em></span> <span class='ocrx_word' id='word_1_372' title='bbox 1173 2753 1255 2801; x_wconf 91' lang='lat' dir='ltr'><em>est</em></span> <span class='ocrx_word' id='word_1_373' title='bbox 1279 2744 1472 2801; x_wconf 88' lang='lat' dir='ltr'><em>homo.</em></span> <span class='ocrx_word' id='word_1_374' title='bbox 1518 2746 1623 2800; x_wconf 89' lang='lat' dir='ltr'><em>Illa</em></span> <span class='ocrx_word' id='word_1_375' title='bbox 1654 2762 1781 2801; x_wconf 82' lang='lat' dir='ltr'><em>vero</em></span> <span class='ocrx_word' id='word_1_376' title='bbox 1832 2762 1954 2815; x_wconf 75' lang='lat' dir='ltr'><em>quae</em></span> <span class='ocrx_word' id='word_1_377' title='bbox 1986 2744 2147 2814; x_wconf 84' lang='lat' dir='ltr'><em>dicit,</em></span> 
     </span>
    </p>
   </div>
   <div class='ocr_carea' id='block_1_44' title="bbox 494 2833 2151 2905">
    <p class='ocr_par' dir='ltr' id='par_1_44' title="bbox 494 2833 2151 2905">
     <span class='ocr_line' id='line_1_44' title="bbox 494 2833 2151 2905; baseline 0.001 -18"><span class='ocrx_word' id='word_1_378' title='bbox 494 2840 577 2888; x_wconf 90' lang='lat' dir='ltr'><em>est</em></span> <span class='ocrx_word' id='word_1_379' title='bbox 603 2849 716 2888; x_wconf 88' lang='lat' dir='ltr'><em>non</em></span> <span class='ocrx_word' id='word_1_380' title='bbox 740 2833 933 2900; x_wconf 89' lang='lat' dir='ltr'><em>homo,</em></span> <span class='ocrx_word' id='word_1_381' title='bbox 951 2850 1064 2889; x_wconf 86' lang='lat' dir='ltr'><em>non</em></span> <span class='ocrx_word' id='word_1_382' title='bbox 1085 2842 1170 2889; x_wconf 88' lang='lat' dir='ltr'><em>est</em></span> <span class='ocrx_word' id='word_1_383' title='bbox 1192 2835 1417 2905; x_wconf 73' lang='lat' dir='ltr'><em>negatio</em></span> <span class='ocrx_word' id='word_1_384' title='bbox 1436 2836 1558 2905; x_wconf 85' lang='lat' dir='ltr'><em>ejus</em></span> <span class='ocrx_word' id='word_1_385' title='bbox 1579 2850 1698 2905; x_wconf 85' lang='lat' dir='ltr'><em>quae</em></span> <span class='ocrx_word' id='word_1_386' title='bbox 1748 2834 2034 2902; x_wconf 85' lang='lat' dir='ltr'><em>enuntiat,</em></span> <span class='ocrx_word' id='word_1_387' title='bbox 2067 2842 2151 2888; x_wconf 89' lang='lat' dir='ltr'><em>est</em></span> 
     </span>
    </p>
   </div>
   <div class='ocr_carea' id='block_1_45' title="bbox 498 2923 2145 2994">
    <p class='ocr_par' dir='ltr' id='par_1_45' title="bbox 498 2923 2145 2994">
     <span class='ocr_line' id='line_1_45' title="bbox 498 2923 2145 2994; baseline 0.001 -19"><span class='ocrx_word' id='word_1_388' title='bbox 498 2923 688 2989; x_wconf 88' lang='lat' dir='ltr'><em>homo,</em></span> <span class='ocrx_word' id='word_1_389' title='bbox 725 2925 818 2978; x_wconf 88' lang='lat' dir='ltr'><em>sed</em></span> <span class='ocrx_word' id='word_1_390' title='bbox 872 2928 961 2979; x_wconf 86' lang='lat' dir='ltr'><em>est</em></span> <span class='ocrx_word' id='word_1_391' title='bbox 1007 2925 1287 2979; x_wconf 82' lang='lat' dir='ltr'><em>aﬁrmatio</em></span> <span class='ocrx_word' id='word_1_392' title='bbox 1330 2924 1450 2993; x_wconf 88' lang='lat' dir='ltr'><em>ejus</em></span> <span class='ocrx_word' id='word_1_393' title='bbox 1500 2924 1817 2993; x_wconf 77' lang='lat' dir='ltr'><em>negationis</em></span> <span class='ocrx_word' id='word_1_394' title='bbox 1869 2939 1989 2994; x_wconf 73' lang='lat' dir='ltr'><em>quae</em></span> <span class='ocrx_word' id='word_1_395' title='bbox 2037 2927 2145 2990; x_wconf 88' lang='lat' dir='ltr'><em>est,</em></span> 
     </span>
    </p>
   </div>
   <div class='ocr_carea' id='block_1_46' title="bbox 497 3014 2149 3082">
    <p class='ocr_par' dir='ltr' id='par_1_46' title="bbox 497 3014 2149 3082">
     <span class='ocr_line' id='line_1_46' title="bbox 497 3014 2149 3082; baseline 0.001 -14"><span class='ocrx_word' id='word_1_396' title='bbox 497 3031 611 3069; x_wconf 90' lang='lat' dir='ltr'><em>non</em></span> <span class='ocrx_word' id='word_1_397' title='bbox 645 3022 729 3069; x_wconf 84' lang='lat' dir='ltr'><em>est</em></span> <span class='ocrx_word' id='word_1_398' title='bbox 762 3030 875 3070; x_wconf 89' lang='lat' dir='ltr'><em>non</em></span> <span class='ocrx_word' id='word_1_399' title='bbox 910 3015 1096 3070; x_wconf 91' lang='lat' dir='ltr'><em>homo.</em></span> <span class='ocrx_word' id='word_1_400' title='bbox 1134 3018 1349 3070; x_wconf 84' lang='lat' dir='ltr'><em>Rursus</em></span> <span class='ocrx_word' id='word_1_401' title='bbox 1378 3031 1508 3070; x_wconf 90' lang='lat' dir='ltr'><em>cum</em></span> <span class='ocrx_word' id='word_1_402' title='bbox 1541 3016 1808 3082; x_wconf 89' lang='lat' dir='ltr'><em>dicimus,</em></span> <span class='ocrx_word' id='word_1_403' title='bbox 1856 3021 1939 3069; x_wconf 90' lang='lat' dir='ltr'><em>est</em></span> <span class='ocrx_word' id='word_1_404' title='bbox 1985 3014 2149 3069; x_wconf 89' lang='lat' dir='ltr'><em>albus</em></span> 
     </span>
    </p>
   </div>
   <div class='ocr_carea' id='block_1_47' title="bbox 498 3103 2147 3175">
    <p class='ocr_par' dir='ltr' id='par_1_47' title="bbox 498 3103 2147 3175">
     <span class='ocr_line' id='line_1_47' title="bbox 498 3103 2147 3175; baseline 0.001 -18"><span class='ocrx_word' id='word_1_405' title='bbox 498 3103 690 3169; x_wconf 90' lang='lat' dir='ltr'><em>homo,</em></span> <span class='ocrx_word' id='word_1_406' title='bbox 722 3120 838 3159; x_wconf 90' lang='lat' dir='ltr'><em>non</em></span> <span class='ocrx_word' id='word_1_407' title='bbox 870 3112 954 3159; x_wconf 81' lang='lat' dir='ltr'><em>est</em></span> <span class='ocrx_word' id='word_1_408' title='bbox 983 3105 1208 3174; x_wconf 73' lang='lat' dir='ltr'><em>negatio</em></span> <span class='ocrx_word' id='word_1_409' title='bbox 1240 3104 1337 3159; x_wconf 86' lang='lat' dir='ltr'><em>illa</em></span> <span class='ocrx_word' id='word_1_410' title='bbox 1369 3104 1541 3175; x_wconf 88' lang='lat' dir='ltr'><em>hujus</em></span> <span class='ocrx_word' id='word_1_411' title='bbox 1572 3104 1973 3159; x_wconf 81' lang='lat' dir='ltr'><em>alﬁrmationis</em></span> <span class='ocrx_word' id='word_1_412' title='bbox 2020 3121 2147 3175; x_wconf 65' lang='lat' dir='ltr'><em>quae</em></span> 
     </span>
    </p>
   </div>
   <div class='ocr_carea' id='block_1_48' title="bbox 497 3192 2219 3294">
    <p class='ocr_par' dir='ltr' id='par_1_48' title="bbox 497 3192 2219 3294">
     <span class='ocr_line' id='line_1_48' title="bbox 497 3192 2219 3294; baseline 0.002 -51"><span class='ocrx_word' id='word_1_413' title='bbox 497 3192 656 3258; x_wconf 88' lang='lat' dir='ltr'><em>dicit,</em></span> <span class='ocrx_word' id='word_1_414' title='bbox 682 3192 1079 3294; x_wconf 45' lang='lat' dir='ltr'><em>estnona-lbus</em></span> <span class='ocrx_word' id='word_1_415' title='bbox 1102 3193 1408 3294; x_wconf 75' lang='lat' dir='ltr'><em>homo,sed</em></span> <span class='ocrx_word' id='word_1_416' title='bbox 1449 3194 1546 3248; x_wconf 84' lang='lat' dir='ltr'><em>illa</em></span> <span class='ocrx_word' id='word_1_417' title='bbox 1588 3195 1772 3294; x_wconf 74' lang='lat' dir='ltr'><em>potius</em></span> <span class='ocrx_word' id='word_1_418' title='bbox 1823 3209 1952 3293; x_wconf 71' lang='lat' dir='ltr'><em>quae</em></span> <span class='ocrx_word' id='word_1_419' title='bbox 1986 3192 2142 3294; x_wconf 71' lang='lat' dir='ltr'><em>dicit,</em></span> <span class='ocrx_word' id='word_1_420' title='bbox 2176 3226 2219 3294; x_wconf 66' lang='grc' dir='ltr'><strong>Ο</strong></span> 
     </span>
    </p>
   </div>
   <div class='ocr_carea' id='block_1_49' title="bbox 494 3280 2145 3351">
    <p class='ocr_par' dir='ltr' id='par_1_49' title="bbox 494 3280 2145 3351">
     <span class='ocr_line' id='line_1_49' title="bbox 494 3280 2145 3351; baseline 0.001 -16"><span class='ocrx_word' id='word_1_421' title='bbox 494 3296 610 3335; x_wconf 90' lang='lat' dir='ltr'><em>non</em></span> <span class='ocrx_word' id='word_1_422' title='bbox 643 3280 910 3335; x_wconf 87' lang='lat' dir='ltr'><em>estalbus</em></span> <span class='ocrx_word' id='word_1_423' title='bbox 944 3281 1142 3349; x_wconf 89' lang='lat' dir='ltr'><em>homo;</em></span> <span class='ocrx_word' id='word_1_424' title='bbox 1178 3282 1287 3337; x_wconf 87' lang='lat' dir='ltr'><em>hoc</em></span> <span class='ocrx_word' id='word_1_425' title='bbox 1317 3291 1506 3337; x_wconf 88' lang='lat' dir='ltr'><em>autem</em></span> <span class='ocrx_word' id='word_1_426' title='bbox 1558 3283 1823 3351; x_wconf 83' lang='lat' dir='ltr'><em>probatur</em></span> <span class='ocrx_word' id='word_1_427' title='bbox 1873 3283 1981 3337; x_wconf 88' lang='lat' dir='ltr'><em>sic:</em></span> <span class='ocrx_word' id='word_1_428' title='bbox 2031 3282 2145 3337; x_wconf 89' lang='lat' dir='ltr'><em>Ne-</em></span> 
     </span>
    </p>
   </div>
   <div class='ocr_carea' id='block_1_50' title="bbox 494 3370 2140 3426">
    <p class='ocr_par' dir='ltr' id='par_1_50' title="bbox 494 3370 2140 3426">
     <span class='ocr_line' id='line_1_50' title="bbox 494 3370 2140 3426; baseline 0.002 -3"><span class='ocrx_word' id='word_1_429' title='bbox 494 3385 649 3423; x_wconf 88' lang='lat' dir='ltr'><em>cesse</em></span> <span class='ocrx_word' id='word_1_430' title='bbox 673 3377 754 3423; x_wconf 88' lang='lat' dir='ltr'><em>est</em></span> <span class='ocrx_word' id='word_1_431' title='bbox 776 3370 930 3424; x_wconf 88' lang='lat' dir='ltr'><em>enim</em></span> <span class='ocrx_word' id='word_1_432' title='bbox 951 3371 1007 3424; x_wconf 90' lang='lat' dir='ltr'><em>in</em></span> <span class='ocrx_word' id='word_1_433' title='bbox 1028 3370 1572 3425; x_wconf 86' lang='lat' dir='ltr'><em>contradictionibus</em></span> <span class='ocrx_word' id='word_1_434' title='bbox 1603 3386 1771 3425; x_wconf 81' lang='lat' dir='ltr'><em>unam</em></span> <span class='ocrx_word' id='word_1_435' title='bbox 1795 3387 1981 3425; x_wconf 88' lang='lat' dir='ltr'><em>veram</em></span> <span class='ocrx_word' id='word_1_436' title='bbox 2016 3386 2140 3426; x_wconf 88' lang='lat' dir='ltr'><em>esse</em></span> 
     </span>
    </p>
   </div>
   <div class='ocr_carea' id='block_1_51' title="bbox 491 3458 2142 3529">
    <p class='ocr_par' dir='ltr' id='par_1_51' title="bbox 491 3458 2142 3529">
     <span class='ocr_line' id='line_1_51' title="bbox 491 3458 2142 3529; baseline 0.001 -16"><span class='ocrx_word' id='word_1_437' title='bbox 491 3475 736 3528; x_wconf 87' lang='lat' dir='ltr'><em>semper,</em></span> <span class='ocrx_word' id='word_1_438' title='bbox 757 3458 991 3513; x_wconf 83' lang='lat' dir='ltr'><em>alteram</em></span> <span class='ocrx_word' id='word_1_439' title='bbox 1016 3474 1237 3528; x_wconf 86' lang='lat' dir='ltr'><em>semper</em></span> <span class='ocrx_word' id='word_1_440' title='bbox 1260 3460 1461 3513; x_wconf 86' lang='lat' dir='ltr'><em>falsam</em></span> <span class='ocrx_word' id='word_1_441' title='bbox 1486 3476 1498 3512; x_wconf 69' lang='grc' dir='ltr'><strong><em>τ</em></strong></span> <span class='ocrx_word' id='word_1_442' title='bbox 1522 3476 1650 3529; x_wconf 84' lang='lat' dir='ltr'><em>ergo</em></span> <span class='ocrx_word' id='word_1_443' title='bbox 1675 3459 1720 3514; x_wconf 91' lang='lat' dir='ltr'><em>si</em></span> <span class='ocrx_word' id='word_1_444' title='bbox 1739 3460 1858 3529; x_wconf 88' lang='lat' dir='ltr'><em>ejus</em></span> <span class='ocrx_word' id='word_1_445' title='bbox 1889 3460 2142 3515; x_wconf 81' lang='lat' dir='ltr'><em>afﬁrma-</em></span> 
     </span>
    </p>
   </div>
   <div class='ocr_carea' id='block_1_52' title="bbox 488 3547 2142 3619">
    <p class='ocr_par' dir='ltr' id='par_1_52' title="bbox 488 3547 2142 3619">
     <span class='ocr_line' id='line_1_52' title="bbox 488 3547 2142 3619; baseline 0.001 -17"><span class='ocrx_word' id='word_1_446' title='bbox 488 3550 664 3605; x_wconf 89' lang='lat' dir='ltr'><em>tionis</em></span> <span class='ocrx_word' id='word_1_447' title='bbox 698 3565 819 3619; x_wconf 68' lang='lat' dir='ltr'><em>quae</em></span> <span class='ocrx_word' id='word_1_448' title='bbox 854 3549 1013 3619; x_wconf 87' lang='lat' dir='ltr'><em>dicit,</em></span> <span class='ocrx_word' id='word_1_449' title='bbox 1048 3556 1132 3603; x_wconf 90' lang='lat' dir='ltr'><em>est</em></span> <span class='ocrx_word' id='word_1_450' title='bbox 1163 3547 1329 3603; x_wconf 87' lang='lat' dir='ltr'><em>albus</em></span> <span class='ocrx_word' id='word_1_451' title='bbox 1366 3548 1557 3617; x_wconf 92' lang='lat' dir='ltr'><em>homo,</em></span> <span class='ocrx_word' id='word_1_452' title='bbox 1591 3548 1817 3619; x_wconf 82' lang='lat' dir='ltr'><em>negatio</em></span> <span class='ocrx_word' id='word_1_453' title='bbox 1850 3554 2020 3616; x_wconf 89' lang='lat' dir='ltr'><em>esset,</em></span> <span class='ocrx_word' id='word_1_454' title='bbox 2059 3556 2142 3603; x_wconf 90' lang='lat' dir='ltr'><em>est</em></span> 
     </span>
    </p>
   </div>
   <div class='ocr_carea' id='block_1_53' title="bbox 489 3637 2137 3709">
    <p class='ocr_par' dir='ltr' id='par_1_53' title="bbox 489 3637 2137 3709">
     <span class='ocr_line' id='line_1_53' title="bbox 489 3637 2137 3709; baseline 0 -16"><span class='ocrx_word' id='word_1_455' title='bbox 489 3654 605 3693; x_wconf 87' lang='lat' dir='ltr'><em>non</em></span> <span class='ocrx_word' id='word_1_456' title='bbox 638 3640 802 3693; x_wconf 88' lang='lat' dir='ltr'><em>albus</em></span> <span class='ocrx_word' id='word_1_457' title='bbox 835 3638 1028 3705; x_wconf 90' lang='lat' dir='ltr'><em>homo,</em></span> <span class='ocrx_word' id='word_1_458' title='bbox 1063 3653 1233 3691; x_wconf 85' lang='lat' dir='ltr'><em>unam</em></span> <span class='ocrx_word' id='word_1_459' title='bbox 1271 3654 1479 3705; x_wconf 80' lang='lat' dir='ltr'><em>verum,</em></span> <span class='ocrx_word' id='word_1_460' title='bbox 1510 3637 1744 3693; x_wconf 86' lang='lat' dir='ltr'><em>alteram</em></span> <span class='ocrx_word' id='word_1_461' title='bbox 1770 3637 1967 3692; x_wconf 79' lang='lat' dir='ltr'><em>falsam</em></span> <span class='ocrx_word' id='word_1_462' title='bbox 1988 3654 2137 3709; x_wconf 88' lang='lat' dir='ltr'><em>esse,</em></span> 
     </span>
    </p>
   </div>
   <div class='ocr_carea' id='block_1_54' title="bbox 486 3726 2141 3797">
    <p class='ocr_par' dir='ltr' id='par_1_54' title="bbox 486 3726 2141 3797">
     <span class='ocr_line' id='line_1_54' title="bbox 486 3726 2141 3797; baseline 0.001 -15"><span class='ocrx_word' id='word_1_463' title='bbox 486 3734 791 3783; x_wconf 78' lang='lat' dir='ltr'><em>constaret.</em></span> <span class='ocrx_word' id='word_1_464' title='bbox 827 3726 991 3783; x_wconf 86' lang='lat' dir='ltr'><em>Nunc</em></span> <span class='ocrx_word' id='word_1_465' title='bbox 1019 3734 1207 3781; x_wconf 88' lang='lat' dir='ltr'><em>autem</em></span> <span class='ocrx_word' id='word_1_466' title='bbox 1238 3727 1447 3796; x_wconf 83' lang='lat' dir='ltr'><em>siquis</em></span> <span class='ocrx_word' id='word_1_467' title='bbox 1499 3727 1568 3782; x_wconf 91' lang='lat' dir='ltr'><em>de</em></span> <span class='ocrx_word' id='word_1_468' title='bbox 1620 3728 1772 3797; x_wconf 81' lang='lat' dir='ltr'><em>ligno</em></span> <span class='ocrx_word' id='word_1_469' title='bbox 1821 3728 1989 3795; x_wconf 87' lang='lat' dir='ltr'><em>dicat,</em></span> <span class='ocrx_word' id='word_1_470' title='bbox 2053 3735 2141 3783; x_wconf 89' lang='lat' dir='ltr'><em>est</em></span> 
     </span>
    </p>
   </div>
   <div class='ocr_carea' id='block_1_55' title="bbox 484 3815 2135 3886">
    <p class='ocr_par' dir='ltr' id='par_1_55' title="bbox 484 3815 2135 3886">
     <span class='ocr_line' id='line_1_55' title="bbox 484 3815 2135 3886; baseline 0.002 -17"><span class='ocrx_word' id='word_1_471' title='bbox 484 3816 649 3870; x_wconf 86' lang='lat' dir='ltr'><em>albus</em></span> <span class='ocrx_word' id='word_1_472' title='bbox 681 3817 873 3882; x_wconf 90' lang='lat' dir='ltr'><em>homo,</em></span> <span class='ocrx_word' id='word_1_473' title='bbox 904 3815 1111 3870; x_wconf 86' lang='lat' dir='ltr'><em>falsum</em></span> <span class='ocrx_word' id='word_1_474' title='bbox 1145 3815 1390 3883; x_wconf 83' lang='lat' dir='ltr'><em>dixerit;</em></span> <span class='ocrx_word' id='word_1_475' title='bbox 1425 3816 1472 3871; x_wconf 88' lang='lat' dir='ltr'><em>si</em></span> <span class='ocrx_word' id='word_1_476' title='bbox 1504 3815 1634 3886; x_wconf 90' lang='lat' dir='ltr'><em>quis</em></span> <span class='ocrx_word' id='word_1_477' title='bbox 1684 3832 1816 3871; x_wconf 87' lang='lat' dir='ltr'><em>vero</em></span> <span class='ocrx_word' id='word_1_478' title='bbox 1862 3818 1930 3871; x_wconf 89' lang='lat' dir='ltr'><em>de</em></span> <span class='ocrx_word' id='word_1_479' title='bbox 1980 3816 2135 3885; x_wconf 86' lang='lat' dir='ltr'><em>ligno</em></span> 
     </span>
    </p>
   </div>
   <div class='ocr_carea' id='block_1_56' title="bbox 483 3904 2133 3977">
    <p class='ocr_par' dir='ltr' id='par_1_56' title="bbox 483 3904 2133 3977">
     <span class='ocr_line' id='line_1_56' title="bbox 483 3904 2133 3977; baseline 0.003 -19"><span class='ocrx_word' id='word_1_480' title='bbox 483 3905 686 3959; x_wconf 87' lang='lat' dir='ltr'><em>eodem</em></span> <span class='ocrx_word' id='word_1_481' title='bbox 720 3909 887 3974; x_wconf 78' lang='lat' dir='ltr'><em>neget</em></span> <span class='ocrx_word' id='word_1_482' title='bbox 919 3905 1137 3971; x_wconf 87' lang='lat' dir='ltr'><em>dicens,</em></span> <span class='ocrx_word' id='word_1_483' title='bbox 1174 3910 1262 3961; x_wconf 88' lang='lat' dir='ltr'><em>est</em></span> <span class='ocrx_word' id='word_1_484' title='bbox 1293 3922 1407 3961; x_wconf 90' lang='lat' dir='ltr'><em>non</em></span> <span class='ocrx_word' id='word_1_485' title='bbox 1438 3906 1601 3960; x_wconf 86' lang='lat' dir='ltr'><em>albus</em></span> <span class='ocrx_word' id='word_1_486' title='bbox 1634 3905 1824 3970; x_wconf 89' lang='lat' dir='ltr'><em>homo,</em></span> <span class='ocrx_word' id='word_1_487' title='bbox 1860 3904 1965 3961; x_wconf 92' lang='lat' dir='ltr'><em>hoc</em></span> <span class='ocrx_word' id='word_1_488' title='bbox 1989 3924 2133 3977; x_wconf 89' lang='lat' dir='ltr'><em>quo-</em></span> 
     </span>
    </p>
   </div>
   <div class='ocr_carea' id='block_1_57' title="bbox 482 3994 2133 4065">
    <p class='ocr_par' dir='ltr' id='par_1_57' title="bbox 482 3994 2133 4065">
     <span class='ocr_line' id='line_1_57' title="bbox 482 3994 2133 4065; baseline 0.001 -17"><span class='ocrx_word' id='word_1_489' title='bbox 482 4010 591 4063; x_wconf 90' lang='lat' dir='ltr'><em>que</em></span> <span class='ocrx_word' id='word_1_490' title='bbox 616 3994 820 4048; x_wconf 80' lang='lat' dir='ltr'><em>falsum</em></span> <span class='ocrx_word' id='word_1_491' title='bbox 848 4002 931 4050; x_wconf 89' lang='lat' dir='ltr'><em>est</em></span> <span class='ocrx_word' id='word_1_492' title='bbox 960 3994 1112 4058; x_wconf 68' lang='lat' dir='ltr'><em>;haec</em></span> <span class='ocrx_word' id='word_1_493' title='bbox 1132 3996 1286 4051; x_wconf 90' lang='lat' dir='ltr'><em>enim</em></span> <span class='ocrx_word' id='word_1_494' title='bbox 1336 3996 1646 4065; x_wconf 87' lang='lat' dir='ltr'><em>propositio</em></span> <span class='ocrx_word' id='word_1_495' title='bbox 1698 4011 1821 4064; x_wconf 69' lang='lat' dir='ltr'><em>qum</em></span> <span class='ocrx_word' id='word_1_496' title='bbox 1858 3996 2017 4065; x_wconf 86' lang='lat' dir='ltr'><em>dicit,</em></span> <span class='ocrx_word' id='word_1_497' title='bbox 2051 4002 2133 4050; x_wconf 88' lang='lat' dir='ltr'><em>est</em></span> 
     </span>
    </p>
   </div>
   <div class='ocr_carea' id='block_1_58' title="bbox 479 4083 2131 4154">
    <p class='ocr_par' dir='ltr' id='par_1_58' title="bbox 479 4083 2131 4154">
     <span class='ocr_line' id='line_1_58' title="bbox 479 4083 2131 4154; baseline 0.001 -17"><span class='ocrx_word' id='word_1_498' title='bbox 479 4098 595 4138; x_wconf 89' lang='lat' dir='ltr'><em>non</em></span> <span class='ocrx_word' id='word_1_499' title='bbox 629 4084 791 4138; x_wconf 78' lang='lat' dir='ltr'><em>albus</em></span> <span class='ocrx_word' id='word_1_500' title='bbox 820 4083 1011 4154; x_wconf 90' lang='lat' dir='ltr'><em>homo,</em></span> <span class='ocrx_word' id='word_1_501' title='bbox 1041 4084 1144 4141; x_wconf 92' lang='lat' dir='ltr'><em>hoc</em></span> <span class='ocrx_word' id='word_1_502' title='bbox 1176 4085 1371 4152; x_wconf 86' lang='lat' dir='ltr'><em>sentit,</em></span> <span class='ocrx_word' id='word_1_503' title='bbox 1404 4084 1692 4140; x_wconf 89' lang='lat' dir='ltr'><em>hominem</em></span> <span class='ocrx_word' id='word_1_504' title='bbox 1726 4083 1955 4154; x_wconf 88' lang='lat' dir='ltr'><em>quidem</em></span> <span class='ocrx_word' id='word_1_505' title='bbox 2009 4099 2131 4139; x_wconf 89' lang='lat' dir='ltr'><em>esse</em></span> 
     </span>
    </p>
   </div>
   <div class='ocr_carea' id='block_1_59' title="bbox 480 4172 2127 4244">
    <p class='ocr_par' dir='ltr' id='par_1_59' title="bbox 480 4172 2127 4244">
     <span class='ocr_line' id='line_1_59' title="bbox 480 4172 2127 4244; baseline -0.001 -17"><span class='ocrx_word' id='word_1_506' title='bbox 480 4188 597 4227; x_wconf 87' lang='lat' dir='ltr'><em>non</em></span> <span class='ocrx_word' id='word_1_507' title='bbox 632 4180 822 4228; x_wconf 77' lang='lat' dir='ltr'><em>tamen</em></span> <span class='ocrx_word' id='word_1_508' title='bbox 854 4172 1071 4243; x_wconf 85' lang='lat' dir='ltr'><em>album,</em></span> <span class='ocrx_word' id='word_1_509' title='bbox 1101 4174 1249 4244; x_wconf 91' lang='lat' dir='ltr'><em>quod</em></span> <span class='ocrx_word' id='word_1_510' title='bbox 1281 4175 1349 4228; x_wconf 92' lang='lat' dir='ltr'><em>de</em></span> <span class='ocrx_word' id='word_1_511' title='bbox 1380 4172 1537 4243; x_wconf 81' lang='lat' dir='ltr'><em>ligno</em></span> <span class='ocrx_word' id='word_1_512' title='bbox 1568 4173 1772 4227; x_wconf 85' lang='lat' dir='ltr'><em>falsum</em></span> <span class='ocrx_word' id='word_1_513' title='bbox 1805 4178 1895 4227; x_wconf 89' lang='lat' dir='ltr'><em>est</em></span> <span class='ocrx_word' id='word_1_514' title='bbox 1921 4172 2127 4242; x_wconf 71' lang='lat' dir='ltr'><em>praedi-</em></span> 
     </span>
    </p>
   </div>
   <div class='ocr_carea' id='block_1_60' title="bbox 477 4265 2123 4336">
    <p class='ocr_par' dir='ltr' id='par_1_60' title="bbox 477 4265 2123 4336">
     <span class='ocr_line' id='line_1_60' title="bbox 477 4265 2123 4336; baseline 0 -18"><span class='ocrx_word' id='word_1_515' title='bbox 477 4279 625 4320; x_wconf 84' lang='lat' dir='ltr'><em>care.</em></span> <span class='ocrx_word' id='word_1_516' title='bbox 660 4266 803 4331; x_wconf 75' lang='lat' dir='ltr'><em>Ergo</em></span> <span class='ocrx_word' id='word_1_517' title='bbox 834 4273 885 4320; x_wconf 83' lang='lat' dir='ltr'><em>et</em></span> <span class='ocrx_word' id='word_1_518' title='bbox 918 4282 985 4320; x_wconf 88' lang='lat' dir='ltr'><em>ea</em></span> <span class='ocrx_word' id='word_1_519' title='bbox 1015 4282 1142 4336; x_wconf 70' lang='lat' dir='ltr'><em>qua:</em></span> <span class='ocrx_word' id='word_1_520' title='bbox 1173 4266 1332 4333; x_wconf 89' lang='lat' dir='ltr'><em>dicit,</em></span> <span class='ocrx_word' id='word_1_521' title='bbox 1367 4274 1448 4320; x_wconf 91' lang='lat' dir='ltr'><em>est</em></span> <span class='ocrx_word' id='word_1_522' title='bbox 1479 4265 1642 4320; x_wconf 90' lang='lat' dir='ltr'><em>albus</em></span> <span class='ocrx_word' id='word_1_523' title='bbox 1674 4266 1866 4332; x_wconf 91' lang='lat' dir='ltr'><em>homo,</em></span> <span class='ocrx_word' id='word_1_524' title='bbox 1925 4273 1979 4321; x_wconf 90' lang='lat' dir='ltr'><em>et</em></span> <span class='ocrx_word' id='word_1_525' title='bbox 2030 4265 2123 4320; x_wconf 84' lang='lat' dir='ltr'><em>illa</em></span> 
     </span>
    </p>
   </div>
   <div class='ocr_carea' id='block_1_61' title="bbox 476 4354 2126 4425">
    <p class='ocr_par' dir='ltr' id='par_1_61' title="bbox 476 4354 2126 4425">
     <span class='ocr_line' id='line_1_61' title="bbox 476 4354 2126 4425; baseline 0.002 -18"><span class='ocrx_word' id='word_1_526' title='bbox 476 4368 598 4422; x_wconf 73' lang='lat' dir='ltr'><em>quae</em></span> <span class='ocrx_word' id='word_1_527' title='bbox 621 4354 906 4423; x_wconf 87' lang='lat' dir='ltr'><em>proponit,</em></span> <span class='ocrx_word' id='word_1_528' title='bbox 926 4362 1142 4409; x_wconf 89' lang='lat' dir='ltr'><em>estnon</em></span> <span class='ocrx_word' id='word_1_529' title='bbox 1164 4356 1328 4410; x_wconf 79' lang='lat' dir='ltr'><em>albus</em></span> <span class='ocrx_word' id='word_1_530' title='bbox 1348 4354 1541 4425; x_wconf 89' lang='lat' dir='ltr'><em>homo,</em></span> <span class='ocrx_word' id='word_1_531' title='bbox 1559 4364 1807 4425; x_wconf 77' lang='lat' dir='ltr'><em>utrzeque</em></span> <span class='ocrx_word' id='word_1_532' title='bbox 1821 4355 2126 4425; x_wconf 88' lang='lat' dir='ltr'><em>aliquando</em></span> 
     </span>
    </p>
   </div>
   <div class='ocr_carea' id='block_1_62' title="bbox 476 4442 2123 4514">
    <p class='ocr_par' dir='ltr' id='par_1_62' title="bbox 476 4442 2123 4514">
     <span class='ocr_line' id='line_1_62' title="bbox 476 4442 2123 4514; baseline 0.002 -20"><span class='ocrx_word' id='word_1_533' title='bbox 476 4442 633 4496; x_wconf 72' lang='lat' dir='ltr'><em>falsae</em></span> <span class='ocrx_word' id='word_1_534' title='bbox 655 4450 809 4507; x_wconf 90' lang='lat' dir='ltr'><em>sunt,</em></span> <span class='ocrx_word' id='word_1_535' title='bbox 837 4450 897 4497; x_wconf 92' lang='lat' dir='ltr'><em>ut</em></span> <span class='ocrx_word' id='word_1_536' title='bbox 919 4444 977 4497; x_wconf 92' lang='lat' dir='ltr'><em>in</em></span> <span class='ocrx_word' id='word_1_537' title='bbox 998 4444 1150 4513; x_wconf 81' lang='lat' dir='ltr'><em>ligno</em></span> <span class='ocrx_word' id='word_1_538' title='bbox 1174 4463 1187 4513; x_wconf 86' lang='lat'><strong>;</strong></span> <span class='ocrx_word' id='word_1_539' title='bbox 1210 4460 1383 4514; x_wconf 87' lang='lat' dir='ltr'><em>quare</em></span> <span class='ocrx_word' id='word_1_540' title='bbox 1404 4460 1521 4500; x_wconf 90' lang='lat' dir='ltr'><em>non</em></span> <span class='ocrx_word' id='word_1_541' title='bbox 1545 4449 1683 4499; x_wconf 88' lang='lat' dir='ltr'><em>sunt</em></span> <span class='ocrx_word' id='word_1_542' title='bbox 1704 4445 1934 4499; x_wconf 88' lang='lat' dir='ltr'><em>sibimet</em></span> <span class='ocrx_word' id='word_1_543' title='bbox 1955 4460 2123 4513; x_wconf 85' lang='lat' dir='ltr'><em>Oppo-</em></span> 
     </span>
    </p>
   </div>
   <div class='ocr_carea' id='block_1_63' title="bbox 472 4530 2117 4602">
    <p class='ocr_par' dir='ltr' id='par_1_63' title="bbox 472 4530 2117 4602">
     <span class='ocr_line' id='line_1_63' title="bbox 472 4530 2117 4602; baseline 0.002 -17"><span class='ocrx_word' id='word_1_544' title='bbox 472 4531 612 4586; x_wconf 82' lang='lat' dir='ltr'><em>sitae.</em></span> <span class='ocrx_word' id='word_1_545' title='bbox 638 4530 813 4601; x_wconf 78' lang='lat' dir='ltr'><em>Igitur</em></span> <span class='ocrx_word' id='word_1_546' title='bbox 837 4549 1020 4588; x_wconf 87' lang='lat' dir='ltr'><em>necea</em></span> <span class='ocrx_word' id='word_1_547' title='bbox 1052 4550 1174 4602; x_wconf 69' lang='lat' dir='ltr'><em>quas</em></span> <span class='ocrx_word' id='word_1_548' title='bbox 1207 4535 1363 4599; x_wconf 90' lang='lat' dir='ltr'><em>dicit,</em></span> <span class='ocrx_word' id='word_1_549' title='bbox 1410 4539 1495 4589; x_wconf 87' lang='lat' dir='ltr'><em>est</em></span> <span class='ocrx_word' id='word_1_550' title='bbox 1541 4535 1708 4588; x_wconf 88' lang='lat' dir='ltr'><em>albus</em></span> <span class='ocrx_word' id='word_1_551' title='bbox 1757 4550 1872 4589; x_wconf 89' lang='lat' dir='ltr'><em>non</em></span> <span class='ocrx_word' id='word_1_552' title='bbox 1921 4533 2117 4601; x_wconf 90' lang='lat' dir='ltr'><em>homo,</em></span> 
     </span>
    </p>
   </div>
   <div class='ocr_carea' id='block_1_64' title="bbox 2261 1913 3884 1986">
    <p class='ocr_par' dir='ltr' id='par_1_64' title="bbox 2261 1913 3884 1986">
     <span class='ocr_line' id='line_1_64' title="bbox 2261 1913 3884 1986; baseline -0.001 -17"><span class='ocrx_word' id='word_1_553' title='bbox 2261 1930 2393 1969; x_wconf 89' lang='lat' dir='ltr'><em>sus:</em></span> <span class='ocrx_word' id='word_1_554' title='bbox 2427 1916 2599 1984; x_wconf 87' lang='lat' dir='ltr'><em>Hujus</em></span> <span class='ocrx_word' id='word_1_555' title='bbox 2623 1916 3021 1971; x_wconf 85' lang='lat' dir='ltr'><em>allirmationis</em></span> <span class='ocrx_word' id='word_1_556' title='bbox 3049 1931 3172 1986; x_wconf 68' lang='lat' dir='ltr'><em>qua:</em></span> <span class='ocrx_word' id='word_1_557' title='bbox 3203 1924 3304 1980; x_wconf 85' lang='lat' dir='ltr'><em>est,</em></span> <span class='ocrx_word' id='word_1_558' title='bbox 3339 1930 3466 1969; x_wconf 87' lang='lat' dir='ltr'><em>esse</em></span> <span class='ocrx_word' id='word_1_559' title='bbox 3497 1913 3685 1969; x_wconf 89' lang='lat' dir='ltr'><em>album</em></span> <span class='ocrx_word' id='word_1_560' title='bbox 3717 1913 3884 1968; x_wconf 88' lang='lat' dir='ltr'><em>homi-</em></span> 
     </span>
    </p>
   </div>
   <div class='ocr_carea' id='block_1_65' title="bbox 2259 2003 3885 2075">
    <p class='ocr_par' dir='ltr' id='par_1_65' title="bbox 2259 2003 3885 2075">
     <span class='ocr_line' id='line_1_65' title="bbox 2259 2003 3885 2075; baseline -0.001 -17"><span class='ocrx_word' id='word_1_561' title='bbox 2259 2020 2413 2071; x_wconf 91' lang='lat' dir='ltr'><em>nem,</em></span> <span class='ocrx_word' id='word_1_562' title='bbox 2448 2021 2563 2060; x_wconf 90' lang='lat' dir='ltr'><em>non</em></span> <span class='ocrx_word' id='word_1_563' title='bbox 2596 2011 2678 2061; x_wconf 82' lang='lat' dir='ltr'><em>est</em></span> <span class='ocrx_word' id='word_1_564' title='bbox 2710 2005 2805 2062; x_wconf 89' lang='lat' dir='ltr'><em>illa</em></span> <span class='ocrx_word' id='word_1_565' title='bbox 2836 2004 3060 2075; x_wconf 81' lang='lat' dir='ltr'><em>negatio</em></span> <span class='ocrx_word' id='word_1_566' title='bbox 3086 2020 3207 2075; x_wconf 73' lang='lat' dir='ltr'><em>qua:</em></span> <span class='ocrx_word' id='word_1_567' title='bbox 3238 2005 3378 2059; x_wconf 88' lang='lat' dir='ltr'><em>dicit</em></span> <span class='ocrx_word' id='word_1_568' title='bbox 3409 2020 3535 2059; x_wconf 85' lang='lat' dir='ltr'><em>esse</em></span> <span class='ocrx_word' id='word_1_569' title='bbox 3568 2019 3681 2059; x_wconf 91' lang='lat' dir='ltr'><em>non</em></span> <span class='ocrx_word' id='word_1_570' title='bbox 3713 2003 3885 2057; x_wconf 88' lang='lat' dir='ltr'><em>album</em></span> 
     </span>
    </p>
   </div>
   <div class='ocr_carea' id='block_1_66' title="bbox 2262 2094 3886 2166">
    <p class='ocr_par' dir='ltr' id='par_1_66' title="bbox 2262 2094 3886 2166">
     <span class='ocr_line' id='line_1_66' title="bbox 2262 2094 3886 2166; baseline -0.001 -18"><span class='ocrx_word' id='word_1_571' title='bbox 2262 2094 2551 2150; x_wconf 88' lang='lat' dir='ltr'><em>hominem</em></span> <span class='ocrx_word' id='word_1_572' title='bbox 2580 2120 2593 2163; x_wconf 88' lang='lat'><strong>;</strong></span> <span class='ocrx_word' id='word_1_573' title='bbox 2628 2096 2723 2151; x_wconf 90' lang='lat' dir='ltr'><em>sed</em></span> <span class='ocrx_word' id='word_1_574' title='bbox 2757 2095 2855 2150; x_wconf 87' lang='lat' dir='ltr'><em>illa</em></span> <span class='ocrx_word' id='word_1_575' title='bbox 2887 2096 3079 2166; x_wconf 88' lang='lat' dir='ltr'><em>potius</em></span> <span class='ocrx_word' id='word_1_576' title='bbox 3113 2111 3231 2166; x_wconf 66' lang='lat' dir='ltr'><em>qua:</em></span> <span class='ocrx_word' id='word_1_577' title='bbox 3281 2094 3579 2164; x_wconf 84' lang='lat' dir='ltr'><em>proponit,</em></span> <span class='ocrx_word' id='word_1_578' title='bbox 3631 2109 3741 2147; x_wconf 90' lang='lat' dir='ltr'><em>non</em></span> <span class='ocrx_word' id='word_1_579' title='bbox 3781 2106 3886 2148; x_wconf 87' lang='lat' dir='ltr'><em>esse</em></span> 
     </span>
    </p>
   </div>
   <div class='ocr_carea' id='block_1_67' title="bbox 2259 2189 3885 2263">
    <p class='ocr_par' dir='ltr' id='par_1_67' title="bbox 2259 2189 3885 2263">
     <span class='ocr_line' id='line_1_67' title="bbox 2259 2189 3885 2263; baseline -0.002 -18"><span class='ocrx_word' id='word_1_580' title='bbox 2259 2190 2452 2247; x_wconf 88' lang='lat' dir='ltr'><em>album</em></span> <span class='ocrx_word' id='word_1_581' title='bbox 2481 2193 2852 2259; x_wconf 88' lang='lat' dir='ltr'><em>hominem,et</em></span> <span class='ocrx_word' id='word_1_582' title='bbox 2870 2193 2973 2249; x_wconf 93' lang='lat' dir='ltr'><em>hoc</em></span> <span class='ocrx_word' id='word_1_583' title='bbox 2998 2190 3267 2263; x_wconf 80' lang='lat' dir='ltr'><em>approbat</em></span> <span class='ocrx_word' id='word_1_584' title='bbox 3291 2190 3645 2247; x_wconf 88' lang='lat' dir='ltr'><em>inductione.</em></span> <span class='ocrx_word' id='word_1_585' title='bbox 3663 2189 3885 2257; x_wconf 85' lang='lat' dir='ltr'><em>Sienim,</em></span> 
     </span>
    </p>
   </div>
   <div class='ocr_carea' id='block_1_68' title="bbox 2260 2279 3885 2351">
    <p class='ocr_par' dir='ltr' id='par_1_68' title="bbox 2260 2279 3885 2351">
     <span class='ocr_line' id='line_1_68' title="bbox 2260 2279 3885 2351; baseline -0.002 -17"><span class='ocrx_word' id='word_1_586' title='bbox 2260 2279 2467 2351; x_wconf 89' lang='lat' dir='ltr'><em>inquit,</em></span> <span class='ocrx_word' id='word_1_587' title='bbox 2495 2283 2563 2337; x_wconf 91' lang='lat' dir='ltr'><em>de</em></span> <span class='ocrx_word' id='word_1_588' title='bbox 2589 2282 2857 2338; x_wconf 71' lang='lat' dir='ltr'><em>omnibUS</em></span> <span class='ocrx_word' id='word_1_589' title='bbox 2881 2288 2976 2336; x_wconf 89' lang='lat' dir='ltr'><em>aut</em></span> <span class='ocrx_word' id='word_1_590' title='bbox 3008 2282 3179 2337; x_wconf 90' lang='lat' dir='ltr'><em>dictio</em></span> <span class='ocrx_word' id='word_1_591' title='bbox 3206 2287 3310 2344; x_wconf 87' lang='lat' dir='ltr'><em>est,</em></span> <span class='ocrx_word' id='word_1_592' title='bbox 3361 2281 3421 2335; x_wconf 87' lang='lat' dir='ltr'><em>id</em></span> <span class='ocrx_word' id='word_1_593' title='bbox 3475 2287 3557 2335; x_wconf 85' lang='lat' dir='ltr'><em>est</em></span> <span class='ocrx_word' id='word_1_594' title='bbox 3610 2279 3885 2333; x_wconf 83' lang='lat' dir='ltr'><em>allirmalio</em></span> 
     </span>
    </p>
   </div>
   <div class='ocr_carea' id='block_1_69' title="bbox 2257 2368 3890 2440">
    <p class='ocr_par' dir='ltr' id='par_1_69' title="bbox 2257 2368 3890 2440">
     <span class='ocr_line' id='line_1_69' title="bbox 2257 2368 3890 2440; baseline -0.002 -17"><span class='ocrx_word' id='word_1_595' title='bbox 2257 2373 2355 2423; x_wconf 89' lang='lat' dir='ltr'><em>aut</em></span> <span class='ocrx_word' id='word_1_596' title='bbox 2388 2372 2610 2440; x_wconf 84' lang='lat' dir='ltr'><em>negatio</em></span> <span class='ocrx_word' id='word_1_597' title='bbox 2643 2386 2793 2434; x_wconf 80' lang='lat' dir='ltr'><em>vera,</em></span> <span class='ocrx_word' id='word_1_598' title='bbox 2826 2386 2959 2425; x_wconf 90' lang='lat' dir='ltr'><em>cum</em></span> <span class='ocrx_word' id='word_1_599' title='bbox 2992 2369 3211 2439; x_wconf 79' lang='lat' dir='ltr'><em>lignum</em></span> <span class='ocrx_word' id='word_1_600' title='bbox 3240 2368 3449 2423; x_wconf 83' lang='lat' dir='ltr'><em>falsum</em></span> <span class='ocrx_word' id='word_1_601' title='bbox 3484 2369 3552 2421; x_wconf 91' lang='lat' dir='ltr'><em>sit</em></span> <span class='ocrx_word' id='word_1_602' title='bbox 3583 2368 3760 2421; x_wconf 87' lang='lat' dir='ltr'><em>dicere</em></span> <span class='ocrx_word' id='word_1_603' title='bbox 3781 2381 3890 2421; x_wconf 89' lang='lat' dir='ltr'><em>esse</em></span> 
     </span>
    </p>
   </div>
   <div class='ocr_carea' id='block_1_70' title="bbox 2262 2457 3891 2525">
    <p class='ocr_par' dir='ltr' id='par_1_70' title="bbox 2262 2457 3891 2525">
     <span class='ocr_line' id='line_1_70' title="bbox 2262 2457 3891 2525; baseline -0.004 -10"><span class='ocrx_word' id='word_1_604' title='bbox 2262 2459 2456 2515; x_wconf 91' lang='lat' dir='ltr'><em>album</em></span> <span class='ocrx_word' id='word_1_605' title='bbox 2484 2460 2799 2525; x_wconf 90' lang='lat' dir='ltr'><em>hominem,</em></span> <span class='ocrx_word' id='word_1_606' title='bbox 2827 2476 3023 2515; x_wconf 82' lang='lat' dir='ltr'><em>verum</em></span> <span class='ocrx_word' id='word_1_607' title='bbox 3047 2459 3213 2515; x_wconf 82' lang='lat' dir='ltr'><em>debet</em></span> <span class='ocrx_word' id='word_1_608' title='bbox 3235 2474 3357 2513; x_wconf 87' lang='lat' dir='ltr'><em>esse</em></span> <span class='ocrx_word' id='word_1_609' title='bbox 3380 2458 3455 2513; x_wconf 87' lang='lat' dir='ltr'><em>de</em></span> <span class='ocrx_word' id='word_1_610' title='bbox 3489 2474 3553 2512; x_wconf 85' lang='lat' dir='ltr'><em>eo</em></span> <span class='ocrx_word' id='word_1_611' title='bbox 3586 2457 3763 2513; x_wconf 89' lang='lat' dir='ltr'><em>dicere</em></span> <span class='ocrx_word' id='word_1_612' title='bbox 3781 2470 3891 2511; x_wconf 85' lang='lat' dir='ltr'><em>esse</em></span> 
     </span>
    </p>
   </div>
   <div class='ocr_carea' id='block_1_71' title="bbox 2258 2544 3893 2617">
    <p class='ocr_par' dir='ltr' id='par_1_71' title="bbox 2258 2544 3893 2617">
     <span class='ocr_line' id='line_1_71' title="bbox 2258 2544 3893 2617; baseline -0.004 -14"><span class='ocrx_word' id='word_1_613' title='bbox 2258 2565 2373 2603; x_wconf 89' lang='lat' dir='ltr'><em>non</em></span> <span class='ocrx_word' id='word_1_614' title='bbox 2404 2550 2597 2605; x_wconf 90' lang='lat' dir='ltr'><em>album</em></span> <span class='ocrx_word' id='word_1_615' title='bbox 2631 2550 2947 2616; x_wconf 89' lang='lat' dir='ltr'><em>hominem,</em></span> <span class='ocrx_word' id='word_1_616' title='bbox 2983 2549 3029 2603; x_wconf 92' lang='lat' dir='ltr'><em>si</em></span> <span class='ocrx_word' id='word_1_617' title='bbox 3060 2548 3179 2603; x_wconf 68' lang='lat' dir='ltr'><em>haec</em></span> <span class='ocrx_word' id='word_1_618' title='bbox 3208 2548 3440 2617; x_wconf 79' lang='lat' dir='ltr'><em>negatio</em></span> <span class='ocrx_word' id='word_1_619' title='bbox 3487 2554 3570 2601; x_wconf 83' lang='lat' dir='ltr'><em>est</em></span> <span class='ocrx_word' id='word_1_620' title='bbox 3611 2544 3893 2615; x_wconf 86' lang='lat' dir='ltr'><em>superioris</em></span> 
     </span>
    </p>
   </div>
   <div class='ocr_carea' id='block_1_72' title="bbox 2255 2636 3891 2709">
    <p class='ocr_par' dir='ltr' id='par_1_72' title="bbox 2255 2636 3891 2709">
     <span class='ocr_line' id='line_1_72' title="bbox 2255 2636 3891 2709; baseline -0.002 -16"><span class='ocrx_word' id='word_1_621' title='bbox 2255 2638 2672 2707; x_wconf 80' lang='lat' dir='ltr'><em>affirmationis,</em></span> <span class='ocrx_word' id='word_1_622' title='bbox 2698 2640 2794 2693; x_wconf 91' lang='lat' dir='ltr'><em>sed</em></span> <span class='ocrx_word' id='word_1_623' title='bbox 2826 2647 3073 2709; x_wconf 86' lang='lat' dir='ltr'><em>utraeque</em></span> <span class='ocrx_word' id='word_1_624' title='bbox 3090 2638 3244 2693; x_wconf 83' lang='lat' dir='ltr'><em>falsae</em></span> <span class='ocrx_word' id='word_1_625' title='bbox 3266 2645 3422 2691; x_wconf 90' lang='lat' dir='ltr'><em>sunt.</em></span> <span class='ocrx_word' id='word_1_626' title='bbox 3450 2636 3582 2692; x_wconf 64' lang='lat' dir='ltr'><em>Haec</em></span> <span class='ocrx_word' id='word_1_627' title='bbox 3608 2636 3772 2705; x_wconf 78' lang='lat' dir='ltr'><em>igitur</em></span> <span class='ocrx_word' id='word_1_628' title='bbox 3792 2648 3891 2689; x_wconf 87' lang='lat' dir='ltr'><em>non</em></span> 
     </span>
    </p>
   </div>
   <div class='ocr_carea' id='block_1_73' title="bbox 2257 2725 3895 2799">
    <p class='ocr_par' dir='ltr' id='par_1_73' title="bbox 2257 2725 3895 2799">
     <span class='ocr_line' id='line_1_73' title="bbox 2257 2725 3895 2799; baseline -0.004 -16"><span class='ocrx_word' id='word_1_629' title='bbox 2257 2735 2337 2783; x_wconf 89' lang='lat' dir='ltr'><em>est</em></span> <span class='ocrx_word' id='word_1_630' title='bbox 2361 2728 2515 2783; x_wconf 82' lang='lat' dir='ltr'><em>illius</em></span> <span class='ocrx_word' id='word_1_631' title='bbox 2544 2728 2942 2784; x_wconf 85' lang='lat' dir='ltr'><em>affirmationis</em></span> <span class='ocrx_word' id='word_1_632' title='bbox 2966 2728 3209 2799; x_wconf 79' lang='lat' dir='ltr'><em>negatio.</em></span> <span class='ocrx_word' id='word_1_633' title='bbox 3259 2731 3409 2796; x_wconf 80' lang='lat' dir='ltr'><em>Ergo</em></span> <span class='ocrx_word' id='word_1_634' title='bbox 3442 2725 3752 2781; x_wconf 88' lang='lat' dir='ltr'><em>secundum</em></span> <span class='ocrx_word' id='word_1_635' title='bbox 3784 2736 3895 2778; x_wconf 87' lang='lat' dir='ltr'><em>esse</em></span> 
     </span>
    </p>
   </div>
   <div class='ocr_carea' id='block_1_74' title="bbox 2257 2812 3889 2886">
    <p class='ocr_par' dir='ltr' id='par_1_74' title="bbox 2257 2812 3889 2886">
     <span class='ocr_line' id='line_1_74' title="bbox 2257 2812 3889 2886; baseline -0.004 -14"><span class='ocrx_word' id='word_1_636' title='bbox 2257 2826 2439 2873; x_wconf 91' lang='lat' dir='ltr'><em>etnon</em></span> <span class='ocrx_word' id='word_1_637' title='bbox 2461 2836 2583 2875; x_wconf 87' lang='lat' dir='ltr'><em>csse</em></span> <span class='ocrx_word' id='word_1_638' title='bbox 2599 2819 3081 2874; x_wconf 89' lang='lat' dir='ltr'><em>contradictiones</em></span> <span class='ocrx_word' id='word_1_639' title='bbox 3102 2817 3329 2872; x_wconf 88' lang='lat' dir='ltr'><em>sibimet</em></span> <span class='ocrx_word' id='word_1_640' title='bbox 3350 2812 3889 2886; x_wconf 85' lang='lat' dir='ltr'><em>Opponuntur.Quod</em></span> 
     </span>
    </p>
   </div>
   <div class='ocr_carea' id='block_1_75' title="bbox 2256 2902 3889 2978">
    <p class='ocr_par' dir='ltr' id='par_1_75' title="bbox 2256 2902 3889 2978">
     <span class='ocr_line' id='line_1_75' title="bbox 2256 2902 3889 2978; baseline -0.004 -17"><span class='ocrx_word' id='word_1_641' title='bbox 2256 2907 2301 2961; x_wconf 91' lang='lat' dir='ltr'><em>si</em></span> <span class='ocrx_word' id='word_1_642' title='bbox 2328 2908 2431 2963; x_wconf 90' lang='lat' dir='ltr'><em>hoc</em></span> <span class='ocrx_word' id='word_1_643' title='bbox 2456 2909 2625 2963; x_wconf 88' lang='lat' dir='ltr'><em>modo</em></span> <span class='ocrx_word' id='word_1_644' title='bbox 2644 2916 2694 2963; x_wconf 87' lang='lat' dir='ltr'><em>et</em></span> <span class='ocrx_word' id='word_1_645' title='bbox 2717 2907 3169 2978; x_wconf 89' lang='lat' dir='ltr'><em>quantiscunque</em></span> <span class='ocrx_word' id='word_1_646' title='bbox 3188 2921 3309 2959; x_wconf 87' lang='lat' dir='ltr'><em>esse</em></span> <span class='ocrx_word' id='word_1_647' title='bbox 3332 2921 3453 2960; x_wconf 88' lang='lat' dir='ltr'><em>non</em></span> <span class='ocrx_word' id='word_1_648' title='bbox 3479 2905 3726 2969; x_wconf 87' lang='lat' dir='ltr'><em>additur,</em></span> <span class='ocrx_word' id='word_1_649' title='bbox 3755 2902 3889 2957; x_wconf 89' lang='lat' dir='ltr'><em>idem</em></span> 
     </span>
    </p>
   </div>
   <div class='ocr_carea' id='block_1_76' title="bbox 2256 2991 3889 3069">
    <p class='ocr_par' dir='ltr' id='par_1_76' title="bbox 2256 2991 3889 3069">
     <span class='ocr_line' id='line_1_76' title="bbox 2256 2991 3889 3069; baseline -0.004 -19"><span class='ocrx_word' id='word_1_650' title='bbox 2256 2996 2419 3051; x_wconf 88' lang='lat' dir='ltr'><em>faciet</em></span> <span class='ocrx_word' id='word_1_651' title='bbox 2447 2998 2590 3068; x_wconf 91' lang='lat' dir='ltr'><em>quod</em></span> <span class='ocrx_word' id='word_1_652' title='bbox 2617 3014 2720 3069; x_wconf 87' lang='lat' dir='ltr'><em>pro</em></span> <span class='ocrx_word' id='word_1_653' title='bbox 2738 3014 2862 3052; x_wconf 88' lang='lat' dir='ltr'><em>esse</em></span> <span class='ocrx_word' id='word_1_654' title='bbox 2906 2996 3133 3051; x_wconf 89' lang='lat' dir='ltr'><em>dicitur.</em></span> <span class='ocrx_word' id='word_1_655' title='bbox 3180 2998 3320 3049; x_wconf 90' lang='lat' dir='ltr'><em>Sunt</em></span> <span class='ocrx_word' id='word_1_656' title='bbox 3360 2995 3623 3065; x_wconf 66' lang='lat' dir='ltr'><em>quaedam</em></span> <span class='ocrx_word' id='word_1_657' title='bbox 3658 2991 3889 3062; x_wconf 88' lang='lat' dir='ltr'><em>proposi-</em></span> 
     </span>
    </p>
   </div>
   <div class='ocr_carea' id='block_1_77' title="bbox 2259 3077 3893 3157">
    <p class='ocr_par' dir='ltr' id='par_1_77' title="bbox 2259 3077 3893 3157">
     <span class='ocr_line' id='line_1_77' title="bbox 2259 3077 3893 3157; baseline -0.004 -17"><span class='ocrx_word' id='word_1_658' title='bbox 2259 3087 2445 3141; x_wconf 90' lang='lat' dir='ltr'><em>tiones</em></span> <span class='ocrx_word' id='word_1_659' title='bbox 2468 3087 2525 3141; x_wconf 93' lang='lat' dir='ltr'><em>in</em></span> <span class='ocrx_word' id='word_1_660' title='bbox 2548 3088 2752 3157; x_wconf 89' lang='lat' dir='ltr'><em>quibus</em></span> <span class='ocrx_word' id='word_1_661' title='bbox 2778 3101 2899 3141; x_wconf 89' lang='lat' dir='ltr'><em>esse</em></span> <span class='ocrx_word' id='word_1_662' title='bbox 2922 3102 3035 3141; x_wconf 92' lang='lat' dir='ltr'><em>non</em></span> <span class='ocrx_word' id='word_1_663' title='bbox 3054 3086 3297 3150; x_wconf 87' lang='lat' dir='ltr'><em>additur,</em></span> <span class='ocrx_word' id='word_1_664' title='bbox 3323 3086 3428 3139; x_wconf 89' lang='lat' dir='ltr'><em>sed</em></span> <span class='ocrx_word' id='word_1_665' title='bbox 3454 3084 3511 3138; x_wconf 89' lang='lat' dir='ltr'><em>id</em></span> <span class='ocrx_word' id='word_1_666' title='bbox 3555 3082 3699 3153; x_wconf 87' lang='lat' dir='ltr'><em>quod</em></span> <span class='ocrx_word' id='word_1_667' title='bbox 3736 3084 3787 3136; x_wconf 89' lang='lat' dir='ltr'><em>in</em></span> <span class='ocrx_word' id='word_1_668' title='bbox 3818 3077 3893 3134; x_wconf 84' lang='lat' dir='ltr'><em>his</em></span> 
     </span>
    </p>
   </div>
   <div class='ocr_carea' id='block_1_78' title="bbox 2257 3174 3890 3245">
    <p class='ocr_par' dir='ltr' id='par_1_78' title="bbox 2257 3174 3890 3245">
     <span class='ocr_line' id='line_1_78' title="bbox 2257 3174 3890 3245; baseline -0.005 -15"><span class='ocrx_word' id='word_1_669' title='bbox 2257 3177 2587 3231; x_wconf 85' lang='lat' dir='ltr'><em>enuntiatur</em></span> <span class='ocrx_word' id='word_1_670' title='bbox 2620 3177 2769 3231; x_wconf 90' lang='lat' dir='ltr'><em>idem</em></span> <span class='ocrx_word' id='word_1_671' title='bbox 2803 3177 2947 3231; x_wconf 82' lang='lat' dir='ltr'><em>valet</em></span> <span class='ocrx_word' id='word_1_672' title='bbox 2992 3183 3258 3245; x_wconf 87' lang='lat' dir='ltr'><em>tanquam</em></span> <span class='ocrx_word' id='word_1_673' title='bbox 3314 3174 3362 3227; x_wconf 82' lang='lat' dir='ltr'><em>si</em></span> <span class='ocrx_word' id='word_1_674' title='bbox 3411 3189 3537 3229; x_wconf 84' lang='lat' dir='ltr'><em>esse</em></span> <span class='ocrx_word' id='word_1_675' title='bbox 3587 3178 3890 3241; x_wconf 88' lang='lat' dir='ltr'><em>poneretur,</em></span> 
     </span>
    </p>
   </div>
   <div class='ocr_carea' id='block_1_79' title="bbox 2259 3258 3887 3337">
    <p class='ocr_par' dir='ltr' id='par_1_79' title="bbox 2259 3258 3887 3337">
     <span class='ocr_line' id='line_1_79' title="bbox 2259 3258 3887 3337; baseline -0.006 -18"><span class='ocrx_word' id='word_1_676' title='bbox 2259 3272 2315 3319; x_wconf 88' lang='lat' dir='ltr'><em>ut</em></span> <span class='ocrx_word' id='word_1_677' title='bbox 2346 3266 2405 3320; x_wconf 91' lang='lat' dir='ltr'><em>in</em></span> <span class='ocrx_word' id='word_1_678' title='bbox 2438 3281 2499 3320; x_wconf 86' lang='lat' dir='ltr'><em>ea</em></span> <span class='ocrx_word' id='word_1_679' title='bbox 2530 3281 2649 3337; x_wconf 68' lang='lat' dir='ltr'><em>qua:</em></span> <span class='ocrx_word' id='word_1_680' title='bbox 2674 3272 2777 3331; x_wconf 90' lang='lat' dir='ltr'><em>est,</em></span> <span class='ocrx_word' id='word_1_681' title='bbox 2812 3265 2980 3320; x_wconf 90' lang='lat' dir='ltr'><em>homo</em></span> <span class='ocrx_word' id='word_1_682' title='bbox 3012 3263 3284 3329; x_wconf 84' lang='lat' dir='ltr'><em>ambulat,</em></span> <span class='ocrx_word' id='word_1_683' title='bbox 3309 3263 3465 3333; x_wconf 87' lang='lat' dir='ltr'><em>quod</em></span> <span class='ocrx_word' id='word_1_684' title='bbox 3487 3262 3613 3316; x_wconf 90' lang='lat' dir='ltr'><em>dico</em></span> <span class='ocrx_word' id='word_1_685' title='bbox 3635 3258 3887 3324; x_wconf 87' lang='lat' dir='ltr'><em>ambulat,</em></span> 
     </span>
    </p>
   </div>
   <div class='ocr_carea' id='block_1_80' title="bbox 2253 3347 3888 3422">
    <p class='ocr_par' dir='ltr' id='par_1_80' title="bbox 2253 3347 3888 3422">
     <span class='ocr_line' id='line_1_80' title="bbox 2253 3347 3888 3422; baseline -0.002 -19"><span class='ocrx_word' id='word_1_686' title='bbox 2253 3350 2365 3406; x_wconf 85' lang='lat' dir='ltr'><em>tale</em></span> <span class='ocrx_word' id='word_1_687' title='bbox 2388 3357 2473 3407; x_wconf 85' lang='lat' dir='ltr'><em>est</em></span> <span class='ocrx_word' id='word_1_688' title='bbox 2499 3360 2765 3422; x_wconf 88' lang='lat' dir='ltr'><em>tanquam</em></span> <span class='ocrx_word' id='word_1_689' title='bbox 2789 3352 2833 3405; x_wconf 91' lang='lat' dir='ltr'><em>si</em></span> <span class='ocrx_word' id='word_1_690' title='bbox 2854 3352 3091 3417; x_wconf 88' lang='lat' dir='ltr'><em>dicatur,</em></span> <span class='ocrx_word' id='word_1_691' title='bbox 3115 3350 3280 3405; x_wconf 89' lang='lat' dir='ltr'><em>homo</em></span> <span class='ocrx_word' id='word_1_692' title='bbox 3297 3349 3611 3404; x_wconf 90' lang='lat' dir='ltr'><em>ambulans</em></span> <span class='ocrx_word' id='word_1_693' title='bbox 3630 3356 3732 3403; x_wconf 91' lang='lat' dir='ltr'><em>est.</em></span> <span class='ocrx_word' id='word_1_694' title='bbox 3762 3347 3888 3415; x_wconf 80' lang='lat' dir='ltr'><em>Ergo</em></span> 
     </span>
    </p>
   </div>
   <div class='ocr_carea' id='block_1_81' title="bbox 2252 3438 3885 3512">
    <p class='ocr_par' dir='ltr' id='par_1_81' title="bbox 2252 3438 3885 3512">
     <span class='ocr_line' id='line_1_81' title="bbox 2252 3438 3885 3512; baseline -0.002 -19"><span class='ocrx_word' id='word_1_695' title='bbox 2252 3438 2311 3494; x_wconf 90' lang='lat' dir='ltr'><em>in</em></span> <span class='ocrx_word' id='word_1_696' title='bbox 2345 3440 2431 3495; x_wconf 92' lang='lat' dir='ltr'><em>his</em></span> <span class='ocrx_word' id='word_1_697' title='bbox 2462 3457 2682 3511; x_wconf 90' lang='lat' dir='ltr'><em>quoque</em></span> <span class='ocrx_word' id='word_1_698' title='bbox 2708 3458 2832 3512; x_wconf 82' lang='lat' dir='ltr'><em>quae</em></span> <span class='ocrx_word' id='word_1_699' title='bbox 2861 3456 2975 3495; x_wconf 90' lang='lat' dir='ltr'><em>non</em></span> <span class='ocrx_word' id='word_1_700' title='bbox 3011 3440 3220 3494; x_wconf 87' lang='lat' dir='ltr'><em>habent</em></span> <span class='ocrx_word' id='word_1_701' title='bbox 3247 3446 3331 3493; x_wconf 90' lang='lat' dir='ltr'><em>est</em></span> <span class='ocrx_word' id='word_1_702' title='bbox 3363 3438 3885 3507; x_wconf 82' lang='lat' dir='ltr'><em>verbumjunctum,</em></span> 
     </span>
    </p>
   </div>
   <div class='ocr_carea' id='block_1_82' title="bbox 2252 3526 3888 3601">
    <p class='ocr_par' dir='ltr' id='par_1_82' title="bbox 2252 3526 3888 3601">
     <span class='ocr_line' id='line_1_82' title="bbox 2252 3526 3888 3601; baseline -0.004 -18"><span class='ocrx_word' id='word_1_703' title='bbox 2252 3530 2297 3583; x_wconf 94' lang='lat' dir='ltr'><em>si</em></span> <span class='ocrx_word' id='word_1_704' title='bbox 2331 3531 2692 3601; x_wconf 76' lang='lat' dir='ltr'><em>negationem</em></span> <span class='ocrx_word' id='word_1_705' title='bbox 2722 3531 2793 3585; x_wconf 88' lang='lat' dir='ltr'><em>ad</em></span> <span class='ocrx_word' id='word_1_706' title='bbox 2825 3530 3056 3586; x_wconf 88' lang='lat' dir='ltr'><em>verbum</em></span> <span class='ocrx_word' id='word_1_707' title='bbox 3090 3529 3231 3583; x_wconf 90' lang='lat' dir='ltr'><em>illud</em></span> <span class='ocrx_word' id='word_1_708' title='bbox 3276 3528 3560 3597; x_wconf 79' lang='lat' dir='ltr'><em>junxero,</em></span> <span class='ocrx_word' id='word_1_709' title='bbox 3607 3526 3750 3597; x_wconf 87' lang='lat' dir='ltr'><em>quod</em></span> <span class='ocrx_word' id='word_1_710' title='bbox 3803 3538 3888 3594; x_wconf 87' lang='lat' dir='ltr'><em>pro</em></span> 
     </span>
    </p>
   </div>
   <div class='ocr_carea' id='block_1_83' title="bbox 2250 3612 3889 3689">
    <p class='ocr_par' dir='ltr' id='par_1_83' title="bbox 2250 3612 3889 3689">
     <span class='ocr_line' id='line_1_83' title="bbox 2250 3612 3889 3689; baseline -0.004 -16"><span class='ocrx_word' id='word_1_711' title='bbox 2250 3635 2371 3674; x_wconf 88' lang='lat' dir='ltr'><em>esse</em></span> <span class='ocrx_word' id='word_1_712' title='bbox 2399 3620 2643 3689; x_wconf 91' lang='lat' dir='ltr'><em>positum</em></span> <span class='ocrx_word' id='word_1_713' title='bbox 2675 3628 2777 3686; x_wconf 89' lang='lat' dir='ltr'><em>est,</em></span> <span class='ocrx_word' id='word_1_714' title='bbox 2814 3620 2941 3674; x_wconf 89' lang='lat' dir='ltr'><em>talis</em></span> <span class='ocrx_word' id='word_1_715' title='bbox 2973 3619 3114 3674; x_wconf 90' lang='lat' dir='ltr'><em>mihi</em></span> <span class='ocrx_word' id='word_1_716' title='bbox 3146 3618 3376 3688; x_wconf 84' lang='lat' dir='ltr'><em>negatio</em></span> <span class='ocrx_word' id='word_1_717' title='bbox 3411 3618 3693 3683; x_wconf 85' lang='lat' dir='ltr'><em>redditur,</em></span> <span class='ocrx_word' id='word_1_718' title='bbox 3727 3612 3889 3685; x_wconf 85' lang='lat' dir='ltr'><em>qualis</em></span> 
     </span>
    </p>
   </div>
   <div class='ocr_carea' id='block_1_84' title="bbox 2248 3705 3889 3779">
    <p class='ocr_par' dir='ltr' id='par_1_84' title="bbox 2248 3705 3889 3779">
     <span class='ocr_line' id='line_1_84' title="bbox 2248 3705 3889 3779; baseline -0.004 -17"><span class='ocrx_word' id='word_1_719' title='bbox 2248 3715 2393 3763; x_wconf 87' lang='lat' dir='ltr'><em>esset</em></span> <span class='ocrx_word' id='word_1_720' title='bbox 2422 3709 2467 3763; x_wconf 87' lang='lat' dir='ltr'><em>si</em></span> <span class='ocrx_word' id='word_1_721' title='bbox 2500 3709 2723 3778; x_wconf 81' lang='lat' dir='ltr'><em>negatio</em></span> <span class='ocrx_word' id='word_1_722' title='bbox 2753 3709 2822 3763; x_wconf 87' lang='lat' dir='ltr'><em>ad</em></span> <span class='ocrx_word' id='word_1_723' title='bbox 2855 3725 2978 3764; x_wconf 84' lang='lat' dir='ltr'><em>esse</em></span> <span class='ocrx_word' id='word_1_724' title='bbox 3008 3716 3331 3779; x_wconf 83' lang='lat' dir='ltr'><em>poneretur,</em></span> <span class='ocrx_word' id='word_1_725' title='bbox 3370 3715 3431 3762; x_wconf 92' lang='lat' dir='ltr'><em>ut</em></span> <span class='ocrx_word' id='word_1_726' title='bbox 3469 3708 3529 3762; x_wconf 90' lang='lat' dir='ltr'><em>in</em></span> <span class='ocrx_word' id='word_1_727' title='bbox 3552 3723 3617 3763; x_wconf 91' lang='lat' dir='ltr'><em>eo</em></span> <span class='ocrx_word' id='word_1_728' title='bbox 3642 3705 3783 3777; x_wconf 91' lang='lat' dir='ltr'><em>quod</em></span> <span class='ocrx_word' id='word_1_729' title='bbox 3802 3709 3889 3769; x_wconf 89' lang='lat' dir='ltr'><em>est,</em></span> 
     </span>
    </p>
   </div>
   <div class='ocr_carea' id='block_1_85' title="bbox 2246 3802 3889 3877">
    <p class='ocr_par' dir='ltr' id='par_1_85' title="bbox 2246 3802 3889 3877">
     <span class='ocr_line' id='line_1_85' title="bbox 2246 3802 3889 3877; baseline -0.004 -16"><span class='ocrx_word' id='word_1_730' title='bbox 2246 3808 2499 3863; x_wconf 87' lang='lat' dir='ltr'><em>ambulat</em></span> <span class='ocrx_word' id='word_1_731' title='bbox 2533 3808 2720 3873; x_wconf 91' lang='lat' dir='ltr'><em>homo,</em></span> <span class='ocrx_word' id='word_1_732' title='bbox 2745 3806 2997 3863; x_wconf 88' lang='lat' dir='ltr'><em>ambulat</em></span> <span class='ocrx_word' id='word_1_733' title='bbox 3022 3823 3122 3877; x_wconf 92' lang='lat' dir='ltr'><em>pro</em></span> <span class='ocrx_word' id='word_1_734' title='bbox 3146 3823 3270 3862; x_wconf 88' lang='lat' dir='ltr'><em>esse</em></span> <span class='ocrx_word' id='word_1_735' title='bbox 3308 3807 3572 3877; x_wconf 91' lang='lat' dir='ltr'><em>positum</em></span> <span class='ocrx_word' id='word_1_736' title='bbox 3600 3812 3699 3861; x_wconf 89' lang='lat' dir='ltr'><em>est.</em></span> <span class='ocrx_word' id='word_1_737' title='bbox 3732 3802 3889 3872; x_wconf 86' lang='lat' dir='ltr'><em>Hujus</em></span> 
     </span>
    </p>
   </div>
   <div class='ocr_carea' id='block_1_86' title="bbox 2245 3892 3889 3966">
    <p class='ocr_par' dir='ltr' id='par_1_86' title="bbox 2245 3892 3889 3966">
     <span class='ocr_line' id='line_1_86' title="bbox 2245 3892 3889 3966; baseline -0.004 -15"><span class='ocrx_word' id='word_1_738' title='bbox 2245 3913 2375 3966; x_wconf 83' lang='lat' dir='ltr'><em>ergo</em></span> <span class='ocrx_word' id='word_1_739' title='bbox 2395 3896 2813 3965; x_wconf 84' lang='lat' dir='ltr'><em>aflirmationis,</em></span> <span class='ocrx_word' id='word_1_740' title='bbox 2844 3896 3099 3951; x_wconf 87' lang='lat' dir='ltr'><em>ambulat</em></span> <span class='ocrx_word' id='word_1_741' title='bbox 3118 3896 3307 3965; x_wconf 91' lang='lat' dir='ltr'><em>homo,</em></span> <span class='ocrx_word' id='word_1_742' title='bbox 3334 3912 3457 3951; x_wconf 89' lang='lat' dir='ltr'><em>non</em></span> <span class='ocrx_word' id='word_1_743' title='bbox 3481 3904 3566 3951; x_wconf 90' lang='lat' dir='ltr'><em>est</em></span> <span class='ocrx_word' id='word_1_744' title='bbox 3594 3892 3810 3965; x_wconf 75' lang='lat' dir='ltr'><em>negatio</em></span> <span class='ocrx_word' id='word_1_745' title='bbox 3835 3906 3889 3945; x_wconf 80' lang='lat' dir='ltr'><em>ea</em></span> 
     </span>
    </p>
   </div>
   <div class='ocr_carea' id='block_1_87' title="bbox 2244 3984 3884 4055">
    <p class='ocr_par' dir='ltr' id='par_1_87' title="bbox 2244 3984 3884 4055">
     <span class='ocr_line' id='line_1_87' title="bbox 2244 3984 3884 4055; baseline -0.001 -17"><span class='ocrx_word' id='word_1_746' title='bbox 2244 4001 2366 4055; x_wconf 75' lang='lat' dir='ltr'><em>quae</em></span> <span class='ocrx_word' id='word_1_747' title='bbox 2400 3986 2559 4053; x_wconf 88' lang='lat' dir='ltr'><em>dicit,</em></span> <span class='ocrx_word' id='word_1_748' title='bbox 2590 3985 2841 4041; x_wconf 86' lang='lat' dir='ltr'><em>ambulat</em></span> <span class='ocrx_word' id='word_1_749' title='bbox 2876 4002 2991 4041; x_wconf 92' lang='lat' dir='ltr'><em>non</em></span> <span class='ocrx_word' id='word_1_750' title='bbox 3026 3984 3215 4051; x_wconf 87' lang='lat' dir='ltr'><em>homo,</em></span> <span class='ocrx_word' id='word_1_751' title='bbox 3249 3986 3348 4041; x_wconf 90' lang='lat' dir='ltr'><em>sed</em></span> <span class='ocrx_word' id='word_1_752' title='bbox 3386 3985 3491 4039; x_wconf 90' lang='lat' dir='ltr'><em>illa</em></span> <span class='ocrx_word' id='word_1_753' title='bbox 3543 3985 3731 4055; x_wconf 86' lang='lat' dir='ltr'><em>potius</em></span> <span class='ocrx_word' id='word_1_754' title='bbox 3778 3994 3884 4050; x_wconf 67' lang='lat' dir='ltr'><em>quae</em></span> 
     </span>
    </p>
   </div>
   <div class='ocr_carea' id='block_1_88' title="bbox 2241 4070 3882 4142">
    <p class='ocr_par' dir='ltr' id='par_1_88' title="bbox 2241 4070 3882 4142">
     <span class='ocr_line' id='line_1_88' title="bbox 2241 4070 3882 4142; baseline -0.005 -14"><span class='ocrx_word' id='word_1_755' title='bbox 2241 4074 2401 4142; x_wconf 91' lang='lat' dir='ltr'><em>dicit,</em></span> <span class='ocrx_word' id='word_1_756' title='bbox 2425 4075 2809 4130; x_wconf 86' lang='lat' dir='ltr'><em>nouambulat</em></span> <span class='ocrx_word' id='word_1_757' title='bbox 2833 4075 3019 4130; x_wconf 90' lang='lat' dir='ltr'><em>homo.</em></span> <span class='ocrx_word' id='word_1_758' title='bbox 3050 4076 3110 4130; x_wconf 90' lang='lat' dir='ltr'><em>In</em></span> <span class='ocrx_word' id='word_1_759' title='bbox 3139 4075 3241 4129; x_wconf 88' lang='lat' dir='ltr'><em>hac</em></span> <span class='ocrx_word' id='word_1_760' title='bbox 3262 4074 3421 4130; x_wconf 89' lang='lat' dir='ltr'><em>enim</em></span> <span class='ocrx_word' id='word_1_761' title='bbox 3449 4075 3519 4128; x_wconf 88' lang='lat' dir='ltr'><em>ad</em></span> <span class='ocrx_word' id='word_1_762' title='bbox 3544 4074 3601 4129; x_wconf 91' lang='lat' dir='ltr'><em>id</em></span> <span class='ocrx_word' id='word_1_763' title='bbox 3644 4070 3787 4142; x_wconf 90' lang='lat' dir='ltr'><em>quod</em></span> <span class='ocrx_word' id='word_1_764' title='bbox 3815 4074 3882 4122; x_wconf 86' lang='lat' dir='ltr'><em>est</em></span> 
     </span>
    </p>
   </div>
   <div class='ocr_carea' id='block_1_89' title="bbox 2239 4153 3880 4235">
    <p class='ocr_par' dir='ltr' id='par_1_89' title="bbox 2239 4153 3880 4235">
     <span class='ocr_line' id='line_1_89' title="bbox 2239 4153 3880 4235; baseline -0.006 -18"><span class='ocrx_word' id='word_1_765' title='bbox 2239 4163 2495 4218; x_wconf 89' lang='lat' dir='ltr'><em>ambulat</em></span> <span class='ocrx_word' id='word_1_766' title='bbox 2529 4164 2756 4234; x_wconf 77' lang='lat' dir='ltr'><em>negatio</em></span> <span class='ocrx_word' id='word_1_767' title='bbox 2780 4166 2983 4235; x_wconf 82' lang='lat' dir='ltr'><em>juncta</em></span> <span class='ocrx_word' id='word_1_768' title='bbox 3014 4170 3117 4232; x_wconf 89' lang='lat' dir='ltr'><em>est,</em></span> <span class='ocrx_word' id='word_1_769' title='bbox 3173 4164 3321 4234; x_wconf 89' lang='lat' dir='ltr'><em>quod</em></span> <span class='ocrx_word' id='word_1_770' title='bbox 3376 4161 3647 4219; x_wconf 84' lang='lat' dir='ltr'><em>ambulat</em></span> <span class='ocrx_word' id='word_1_771' title='bbox 3688 4153 3880 4215; x_wconf 81' lang='lat' dir='ltr'><em>homini</em></span> 
     </span>
    </p>
   </div>
   <div class='ocr_carea' id='block_1_90' title="bbox 2237 4249 3884 4324">
    <p class='ocr_par' dir='ltr' id='par_1_90' title="bbox 2237 4249 3884 4324">
     <span class='ocr_line' id='line_1_90' title="bbox 2237 4249 3884 4324; baseline -0.004 -16"><span class='ocrx_word' id='word_1_772' title='bbox 2237 4268 2337 4322; x_wconf 88' lang='lat' dir='ltr'><em>pro</em></span> <span class='ocrx_word' id='word_1_773' title='bbox 2366 4269 2431 4308; x_wconf 92' lang='lat' dir='ltr'><em>eo</em></span> <span class='ocrx_word' id='word_1_774' title='bbox 2454 4254 2598 4324; x_wconf 91' lang='lat' dir='ltr'><em>quod</em></span> <span class='ocrx_word' id='word_1_775' title='bbox 2632 4261 2713 4308; x_wconf 85' lang='lat' dir='ltr'><em>est</em></span> <span class='ocrx_word' id='word_1_776' title='bbox 2746 4270 2870 4309; x_wconf 89' lang='lat' dir='ltr'><em>esse</em></span> <span class='ocrx_word' id='word_1_777' title='bbox 2897 4254 3269 4324; x_wconf 85' lang='lat' dir='ltr'><em>conjunctum</em></span> <span class='ocrx_word' id='word_1_778' title='bbox 3300 4260 3407 4308; x_wconf 90' lang='lat' dir='ltr'><em>est.</em></span> <span class='ocrx_word' id='word_1_779' title='bbox 3458 4252 3598 4307; x_wconf 86' lang='lat' dir='ltr'><em>Tale</em></span> <span class='ocrx_word' id='word_1_780' title='bbox 3630 4249 3781 4306; x_wconf 87' lang='lat' dir='ltr'><em>enim</em></span> <span class='ocrx_word' id='word_1_781' title='bbox 3813 4250 3884 4302; x_wconf 79' lang='lat' dir='ltr'><em>est</em></span> 
     </span>
    </p>
   </div>
   <div class='ocr_carea' id='block_1_91' title="bbox 2235 4338 3881 4413">
    <p class='ocr_par' dir='ltr' id='par_1_91' title="bbox 2235 4338 3881 4413">
     <span class='ocr_line' id='line_1_91' title="bbox 2235 4338 3881 4413; baseline -0.003 -17"><span class='ocrx_word' id='word_1_782' title='bbox 2235 4342 2442 4411; x_wconf 86' lang='lat' dir='ltr'><em>dicere,</em></span> <span class='ocrx_word' id='word_1_783' title='bbox 2478 4342 2647 4398; x_wconf 87' lang='lat' dir='ltr'><em>homo</em></span> <span class='ocrx_word' id='word_1_784' title='bbox 2671 4342 2945 4408; x_wconf 86' lang='lat' dir='ltr'><em>ambulat,</em></span> <span class='ocrx_word' id='word_1_785' title='bbox 2981 4350 3248 4413; x_wconf 87' lang='lat' dir='ltr'><em>tanquam</em></span> <span class='ocrx_word' id='word_1_786' title='bbox 3297 4342 3346 4395; x_wconf 92' lang='lat' dir='ltr'><em>si</em></span> <span class='ocrx_word' id='word_1_787' title='bbox 3407 4342 3541 4412; x_wconf 90' lang='lat' dir='ltr'><em>quis</em></span> <span class='ocrx_word' id='word_1_788' title='bbox 3590 4341 3760 4404; x_wconf 89' lang='lat' dir='ltr'><em>dicat,</em></span> <span class='ocrx_word' id='word_1_789' title='bbox 3812 4338 3881 4390; x_wconf 75' lang='lat' dir='ltr'><em>est</em></span> 
     </span>
    </p>
   </div>
   <div class='ocr_carea' id='block_1_92' title="bbox 2234 4427 3883 4495">
    <p class='ocr_par' dir='ltr' id='par_1_92' title="bbox 2234 4427 3883 4495">
     <span class='ocr_line' id='line_1_92' title="bbox 2234 4427 3883 4495; baseline -0.005 -10"><span class='ocrx_word' id='word_1_790' title='bbox 2234 4430 2537 4486; x_wconf 84' lang='lat' dir='ltr'><em>ambulans</em></span> <span class='ocrx_word' id='word_1_791' title='bbox 2570 4431 2759 4486; x_wconf 91' lang='lat' dir='ltr'><em>homo.</em></span> <span class='ocrx_word' id='word_1_792' title='bbox 2790 4434 2971 4495; x_wconf 90' lang='lat' dir='ltr'><em>Quare</em></span> <span class='ocrx_word' id='word_1_793' title='bbox 3002 4430 3049 4485; x_wconf 87' lang='lat' dir='ltr'><em>si</em></span> <span class='ocrx_word' id='word_1_794' title='bbox 3086 4431 3190 4486; x_wconf 91' lang='lat' dir='ltr'><em>hoc</em></span> <span class='ocrx_word' id='word_1_795' title='bbox 3223 4430 3398 4485; x_wconf 90' lang='lat' dir='ltr'><em>modo</em></span> <span class='ocrx_word' id='word_1_796' title='bbox 3426 4430 3493 4485; x_wconf 86' lang='lat' dir='ltr'><em>in</em></span> <span class='ocrx_word' id='word_1_797' title='bbox 3525 4427 3814 4488; x_wconf 87' lang='lat' dir='ltr'><em>omnibus,</em></span> <span class='ocrx_word' id='word_1_798' title='bbox 3837 4427 3883 4478; x_wconf 86' lang='lat' dir='ltr'><em>et</em></span> 
     </span>
    </p>
   </div>
   <div class='ocr_carea' id='block_1_93' title="bbox 2232 4509 3881 4590">
    <p class='ocr_par' dir='ltr' id='par_1_93' title="bbox 2232 4509 3881 4590">
     <span class='ocr_line' id='line_1_93' title="bbox 2232 4509 3881 4590; baseline -0.005 -17"><span class='ocrx_word' id='word_1_799' title='bbox 2232 4521 2353 4590; x_wconf 90' lang='lat' dir='ltr'><em>ejus</em></span> <span class='ocrx_word' id='word_1_800' title='bbox 2384 4535 2508 4589; x_wconf 71' lang='lat' dir='ltr'><em>quas</em></span> <span class='ocrx_word' id='word_1_801' title='bbox 2527 4526 2609 4574; x_wconf 87' lang='lat' dir='ltr'><em>est</em></span> <span class='ocrx_word' id='word_1_802' title='bbox 2634 4520 2885 4589; x_wconf 86' lang='lat' dir='ltr'><em>possible</em></span> <span class='ocrx_word' id='word_1_803' title='bbox 2906 4526 2990 4575; x_wconf 88' lang='lat' dir='ltr'><em>est</em></span> <span class='ocrx_word' id='word_1_804' title='bbox 3012 4535 3158 4589; x_wconf 89' lang='lat' dir='ltr'><em>esse,</em></span> <span class='ocrx_word' id='word_1_805' title='bbox 3201 4520 3443 4589; x_wconf 80' lang='lat' dir='ltr'><em>negatio</em></span> <span class='ocrx_word' id='word_1_806' title='bbox 3486 4522 3603 4585; x_wconf 88' lang='lat' dir='ltr'><em>est,</em></span> <span class='ocrx_word' id='word_1_807' title='bbox 3637 4509 3881 4587; x_wconf 85' lang='lat' dir='ltr'><em>possibile</em></span> 
     </span>
    </p>
   </div>
   <div class='ocr_carea' id='block_1_94' title="bbox 470 4598 2135 4694">
    <p class='ocr_par' dir='ltr' id='par_1_94' title="bbox 470 4598 2117 4694">
     <span class='ocr_line' id='line_1_94' title="bbox 470 4598 2117 4694; baseline 0.002 -20"><span class='ocrx_word' id='word_1_808' title='bbox 470 4598 697 4689; x_wconf 77' lang='lat' dir='ltr'><em>negatio</em></span> <span class='ocrx_word' id='word_1_809' title='bbox 719 4626 802 4677; x_wconf 83' lang='lat' dir='ltr'><em>est</em></span> <span class='ocrx_word' id='word_1_810' title='bbox 823 4622 947 4691; x_wconf 82' lang='lat' dir='ltr'><em>ejus</em></span> <span class='ocrx_word' id='word_1_811' title='bbox 969 4598 1091 4692; x_wconf 79' lang='lat' dir='ltr'><em>quae</em></span> <span class='ocrx_word' id='word_1_812' title='bbox 1114 4622 1270 4687; x_wconf 92' lang='lat' dir='ltr'><em>dicit,</em></span> <span class='ocrx_word' id='word_1_813' title='bbox 1296 4598 1377 4678; x_wconf 89' lang='lat' dir='ltr'><em>est</em></span> <span class='ocrx_word' id='word_1_814' title='bbox 1396 4624 1558 4679; x_wconf 86' lang='lat' dir='ltr'><em>albus</em></span> <span class='ocrx_word' id='word_1_815' title='bbox 1583 4627 1785 4690; x_wconf 88' lang='lat' dir='ltr'><em>homo;</em></span> <span class='ocrx_word' id='word_1_816' title='bbox 1818 4639 1988 4694; x_wconf 88' lang='lat' dir='ltr'><em>quare</em></span> <span class='ocrx_word' id='word_1_817' title='bbox 2018 4598 2117 4678; x_wconf 81' lang='lat' dir='ltr'><em>illa</em></span> 
     </span>
    </p>
   </div>
   <div class='ocr_carea' id='block_1_95' title="bbox 2247 4598 3880 4694">
    <p class='ocr_par' dir='ltr' id='par_1_95' title="bbox 2247 4603 3880 4679">
     <span class='ocr_line' id='line_1_95' title="bbox 2247 4603 3880 4679; baseline -0.006 -16"><span class='ocrx_word' id='word_1_818' title='bbox 2247 4617 2311 4664; x_wconf 77' lang='lat' dir='ltr'><em>:st</em></span> <span class='ocrx_word' id='word_1_819' title='bbox 2344 4626 2459 4664; x_wconf 88' lang='lat' dir='ltr'><em>non</em></span> <span class='ocrx_word' id='word_1_820' title='bbox 2493 4626 2636 4673; x_wconf 81' lang='lat' dir='ltr'><em>esse,</em></span> <span class='ocrx_word' id='word_1_821' title='bbox 2670 4610 2765 4663; x_wconf 84' lang='lat' dir='ltr'><em>sed</em></span> <span class='ocrx_word' id='word_1_822' title='bbox 2798 4625 2912 4664; x_wconf 90' lang='lat' dir='ltr'><em>non</em></span> <span class='ocrx_word' id='word_1_823' title='bbox 2940 4625 3003 4664; x_wconf 84' lang='lat' dir='ltr'><em>ea</em></span> <span class='ocrx_word' id='word_1_824' title='bbox 3036 4624 3156 4679; x_wconf 71' lang='lat' dir='ltr'><em>qua:</em></span> <span class='ocrx_word' id='word_1_825' title='bbox 3198 4616 3281 4663; x_wconf 89' lang='lat' dir='ltr'><em>est</em></span> <span class='ocrx_word' id='word_1_826' title='bbox 3344 4624 3468 4663; x_wconf 90' lang='lat' dir='ltr'><em>non</em></span> <span class='ocrx_word' id='word_1_827' title='bbox 3517 4604 3766 4677; x_wconf 88' lang='lat' dir='ltr'><em>possible</em></span> <span class='ocrx_word' id='word_1_828' title='bbox 3807 4603 3880 4657; x_wconf 85' lang='lat' dir='ltr'><em>est</em></span> 
     </span>
    </p>
   </div>
   <div class='ocr_carea' id='block_1_96' title="bbox 471 4708 2113 4780">
    <p class='ocr_par' dir='ltr' id='par_1_96' title="bbox 471 4708 2113 4780">
     <span class='ocr_line' id='line_1_96' title="bbox 471 4708 2113 4780; baseline 0.002 -19"><span class='ocrx_word' id='word_1_829' title='bbox 471 4708 638 4777; x_wconf 85' lang='lat' dir='ltr'><em>hujus</em></span> <span class='ocrx_word' id='word_1_830' title='bbox 668 4709 891 4779; x_wconf 78' lang='lat' dir='ltr'><em>negatio</em></span> <span class='ocrx_word' id='word_1_831' title='bbox 923 4710 1184 4780; x_wconf 88' lang='lat' dir='ltr'><em>ponenda</em></span> <span class='ocrx_word' id='word_1_832' title='bbox 1216 4714 1321 4778; x_wconf 89' lang='lat' dir='ltr'><em>est,</em></span> <span class='ocrx_word' id='word_1_833' title='bbox 1357 4726 1481 4780; x_wconf 64' lang='lat' dir='ltr'><em>quae</em></span> <span class='ocrx_word' id='word_1_834' title='bbox 1510 4710 1668 4777; x_wconf 88' lang='lat' dir='ltr'><em>dicit,</em></span> <span class='ocrx_word' id='word_1_835' title='bbox 1694 4727 1808 4765; x_wconf 91' lang='lat' dir='ltr'><em>non</em></span> <span class='ocrx_word' id='word_1_836' title='bbox 1840 4714 1925 4764; x_wconf 89' lang='lat' dir='ltr'><em>est</em></span> <span class='ocrx_word' id='word_1_837' title='bbox 1951 4709 2113 4764; x_wconf 90' lang='lat' dir='ltr'><em>albus</em></span> 
     </span>
    </p>
   </div>
   <div class='ocr_carea' id='block_1_97' title="bbox 468 4796 2115 4871">
    <p class='ocr_par' dir='ltr' id='par_1_97' title="bbox 468 4796 2115 4871">
     <span class='ocr_line' id='line_1_97' title="bbox 468 4796 2115 4871; baseline 0.001 -20"><span class='ocrx_word' id='word_1_838' title='bbox 468 4796 657 4852; x_wconf 92' lang='lat' dir='ltr'><em>homo.</em></span> <span class='ocrx_word' id='word_1_839' title='bbox 682 4797 744 4852; x_wconf 90' lang='lat' dir='ltr'><em>In</em></span> <span class='ocrx_word' id='word_1_840' title='bbox 775 4797 859 4852; x_wconf 89' lang='lat' dir='ltr'><em>his</em></span> <span class='ocrx_word' id='word_1_841' title='bbox 892 4814 1135 4869; x_wconf 82' lang='lat' dir='ltr'><em>namque</em></span> <span class='ocrx_word' id='word_1_842' title='bbox 1168 4814 1280 4854; x_wconf 86' lang='lat' dir='ltr'><em>una</em></span> <span class='ocrx_word' id='word_1_843' title='bbox 1310 4815 1533 4871; x_wconf 88' lang='lat' dir='ltr'><em>semper</em></span> <span class='ocrx_word' id='word_1_844' title='bbox 1570 4816 1700 4854; x_wconf 88' lang='lat' dir='ltr'><em>vera</em></span> <span class='ocrx_word' id='word_1_845' title='bbox 1730 4803 1834 4864; x_wconf 91' lang='lat' dir='ltr'><em>est,</em></span> <span class='ocrx_word' id='word_1_846' title='bbox 1891 4815 2115 4869; x_wconf 87' lang='lat' dir='ltr'><em>semper</em></span> 
     </span>
    </p>
   </div>
   <div class='ocr_carea' id='block_1_98' title="bbox 462 4887 2173 4959">
    <p class='ocr_par' dir='ltr' id='par_1_98' title="bbox 462 4887 2173 4959">
     <span class='ocr_line' id='line_1_98' title="bbox 462 4887 2173 4959; baseline 0.001 -18"><span class='ocrx_word' id='word_1_847' title='bbox 462 4887 639 4942; x_wconf 85' lang='lat' dir='ltr'><em>altera</em></span> <span class='ocrx_word' id='word_1_848' title='bbox 658 4887 818 4943; x_wconf 88' lang='lat' dir='ltr'><em>falsa.</em></span> <span class='ocrx_word' id='word_1_849' title='bbox 840 4888 995 4951; x_wconf 91' lang='lat' dir='ltr'><em>Quod</em></span> <span class='ocrx_word' id='word_1_850' title='bbox 1022 4888 1069 4942; x_wconf 91' lang='lat' dir='ltr'><em>si</em></span> <span class='ocrx_word' id='word_1_851' title='bbox 1116 4889 1193 4943; x_wconf 88' lang='lat' dir='ltr'><em>ita</em></span> <span class='ocrx_word' id='word_1_852' title='bbox 1231 4898 1333 4955; x_wconf 88' lang='lat' dir='ltr'><em>est,</em></span> <span class='ocrx_word' id='word_1_853' title='bbox 1366 4889 1681 4944; x_wconf 90' lang='lat' dir='ltr'><em>secundum</em></span> <span class='ocrx_word' id='word_1_854' title='bbox 1713 4903 1833 4943; x_wconf 85' lang='lat' dir='ltr'><em>esse</em></span> <span class='ocrx_word' id='word_1_855' title='bbox 1865 4903 2111 4959; x_wconf 89' lang='lat' dir='ltr'><em>semper,</em></span> <span class='ocrx_word' id='word_1_856' title='bbox 2162 4946 2173 4953; x_wconf 57' lang='grc'>,</span> 
     </span>
    </p>
   </div>
   <div class='ocr_carea' id='block_1_99' title="bbox 460 4976 2109 5045">
    <p class='ocr_par' dir='ltr' id='par_1_99' title="bbox 460 4976 2109 5045">
     <span class='ocr_line' id='line_1_99' title="bbox 460 4976 2109 5045; baseline -0.001 -13"><span class='ocrx_word' id='word_1_857' title='bbox 460 4983 643 5032; x_wconf 89' lang='lat' dir='ltr'><em>etnon</em></span> <span class='ocrx_word' id='word_1_858' title='bbox 663 4993 804 5045; x_wconf 86' lang='lat' dir='ltr'><em>esse,</em></span> <span class='ocrx_word' id='word_1_859' title='bbox 825 4984 1023 5032; x_wconf 88' lang='lat' dir='ltr'><em>natura</em></span> <span class='ocrx_word' id='word_1_860' title='bbox 1044 4978 1505 5034; x_wconf 87' lang='lat' dir='ltr'><em>contradictionis</em></span> <span class='ocrx_word' id='word_1_861' title='bbox 1527 4978 1791 5033; x_wconf 85' lang='lat' dir='ltr'><em>efﬁcitur.</em></span> <span class='ocrx_word' id='word_1_862' title='bbox 1814 4976 1955 5034; x_wconf 88' lang='lat' dir='ltr'><em>Nam</em></span> <span class='ocrx_word' id='word_1_863' title='bbox 1975 4993 2109 5032; x_wconf 89' lang='lat' dir='ltr'><em>cum</em></span> 
     </span>
    </p>
   </div>
   <div class='ocr_carea' id='block_1_100' title="bbox 458 5064 2112 5136">
    <p class='ocr_par' dir='ltr' id='par_1_100' title="bbox 458 5064 2112 5136">
     <span class='ocr_line' id='line_1_100' title="bbox 458 5064 2112 5136; baseline 0.001 -17"><span class='ocrx_word' id='word_1_864' title='bbox 458 5064 607 5131; x_wconf 90' lang='lat' dir='ltr'><em>dico,</em></span> <span class='ocrx_word' id='word_1_865' title='bbox 642 5073 724 5120; x_wconf 90' lang='lat' dir='ltr'><em>est</em></span> <span class='ocrx_word' id='word_1_866' title='bbox 758 5065 947 5132; x_wconf 91' lang='lat' dir='ltr'><em>homo,</em></span> <span class='ocrx_word' id='word_1_867' title='bbox 984 5066 1301 5121; x_wconf 89' lang='lat' dir='ltr'><em>secundum</em></span> <span class='ocrx_word' id='word_1_868' title='bbox 1333 5066 1389 5121; x_wconf 89' lang='lat' dir='ltr'><em>id</em></span> <span class='ocrx_word' id='word_1_869' title='bbox 1419 5067 1567 5136; x_wconf 90' lang='lat' dir='ltr'><em>quod</em></span> <span class='ocrx_word' id='word_1_870' title='bbox 1600 5073 1681 5121; x_wconf 89' lang='lat' dir='ltr'><em>est</em></span> <span class='ocrx_word' id='word_1_871' title='bbox 1714 5082 1836 5122; x_wconf 89' lang='lat' dir='ltr'><em>esse</em></span> <span class='ocrx_word' id='word_1_872' title='bbox 1867 5065 2112 5136; x_wconf 82' lang='lat' dir='ltr'><em>fitncga-</em></span> 
     </span>
    </p>
   </div>
   <div class='ocr_carea' id='block_1_101' title="bbox 459 5154 2109 5227">
    <p class='ocr_par' dir='ltr' id='par_1_101' title="bbox 459 5154 2109 5227">
     <span class='ocr_line' id='line_1_101' title="bbox 459 5154 2109 5227; baseline 0.001 -18"><span class='ocrx_word' id='word_1_873' title='bbox 459 5154 557 5223; x_wconf 91' lang='lat' dir='ltr'><em>tio,</em></span> <span class='ocrx_word' id='word_1_874' title='bbox 592 5172 706 5212; x_wconf 91' lang='lat' dir='ltr'><em>non</em></span> <span class='ocrx_word' id='word_1_875' title='bbox 740 5163 822 5212; x_wconf 84' lang='lat' dir='ltr'><em>est</em></span> <span class='ocrx_word' id='word_1_876' title='bbox 854 5156 1046 5213; x_wconf 90' lang='lat' dir='ltr'><em>homo.</em></span> <span class='ocrx_word' id='word_1_877' title='bbox 1092 5161 1158 5212; x_wconf 85' lang='lat' dir='ltr'><em>Et</em></span> <span class='ocrx_word' id='word_1_878' title='bbox 1196 5172 1392 5212; x_wconf 85' lang='lat' dir='ltr'><em>rursus</em></span> <span class='ocrx_word' id='word_1_879' title='bbox 1440 5172 1570 5212; x_wconf 88' lang='lat' dir='ltr'><em>cum</em></span> <span class='ocrx_word' id='word_1_880' title='bbox 1616 5157 1768 5227; x_wconf 88' lang='lat' dir='ltr'><em>dico,</em></span> <span class='ocrx_word' id='word_1_881' title='bbox 1815 5159 1902 5213; x_wconf 88' lang='lat' dir='ltr'><em>est</em></span> <span class='ocrx_word' id='word_1_882' title='bbox 1944 5156 2109 5211; x_wconf 80' lang='lat' dir='ltr'><em>albus</em></span> 
     </span>
    </p>
   </div>
   <div class='ocr_carea' id='block_1_102' title="bbox 458 5244 2105 5319">
    <p class='ocr_par' dir='ltr' id='par_1_102' title="bbox 458 5244 2105 5319">
     <span class='ocr_line' id='line_1_102' title="bbox 458 5244 2105 5319; baseline 0.002 -21"><span class='ocrx_word' id='word_1_883' title='bbox 458 5244 648 5311; x_wconf 89' lang='lat' dir='ltr'><em>homo,</em></span> <span class='ocrx_word' id='word_1_884' title='bbox 672 5247 989 5301; x_wconf 87' lang='lat' dir='ltr'><em>secundum</em></span> <span class='ocrx_word' id='word_1_885' title='bbox 1014 5247 1068 5301; x_wconf 90' lang='lat' dir='ltr'><em>id</em></span> <span class='ocrx_word' id='word_1_886' title='bbox 1092 5247 1238 5318; x_wconf 92' lang='lat' dir='ltr'><em>quod</em></span> <span class='ocrx_word' id='word_1_887' title='bbox 1264 5253 1491 5301; x_wconf 88' lang='lat' dir='ltr'><em>estesse</em></span> <span class='ocrx_word' id='word_1_888' title='bbox 1514 5262 1710 5302; x_wconf 87' lang='lat' dir='ltr'><em>rursus</em></span> <span class='ocrx_word' id='word_1_889' title='bbox 1759 5246 1989 5319; x_wconf 81' lang='lat' dir='ltr'><em>negatio</em></span> <span class='ocrx_word' id='word_1_890' title='bbox 2024 5245 2105 5315; x_wconf 86' lang='lat' dir='ltr'><em>ﬁt,</em></span> 
     </span>
    </p>
   </div>
   <div class='ocr_carea' id='block_1_103' title="bbox 453 5335 2107 5407">
    <p class='ocr_par' dir='ltr' id='par_1_103' title="bbox 453 5335 2107 5407">
     <span class='ocr_line' id='line_1_103' title="bbox 453 5335 2107 5407; baseline 0.002 -19"><span class='ocrx_word' id='word_1_891' title='bbox 453 5348 573 5389; x_wconf 88' lang='lat' dir='ltr'><em>non</em></span> <span class='ocrx_word' id='word_1_892' title='bbox 604 5341 686 5390; x_wconf 87' lang='lat' dir='ltr'><em>est</em></span> <span class='ocrx_word' id='word_1_893' title='bbox 715 5335 883 5392; x_wconf 87' lang='lat' dir='ltr'><em>albus</em></span> <span class='ocrx_word' id='word_1_894' title='bbox 916 5337 1105 5392; x_wconf 89' lang='lat' dir='ltr'><em>homo.</em></span> <span class='ocrx_word' id='word_1_895' title='bbox 1140 5336 1207 5391; x_wconf 88' lang='lat' dir='ltr'><em>Et</em></span> <span class='ocrx_word' id='word_1_896' title='bbox 1239 5352 1449 5392; x_wconf 88' lang='lat' dir='ltr'><em>sensus</em></span> <span class='ocrx_word' id='word_1_897' title='bbox 1482 5336 1707 5407; x_wconf 89' lang='lat' dir='ltr'><em>quidem</em></span> <span class='ocrx_word' id='word_1_898' title='bbox 1732 5340 1884 5391; x_wconf 87' lang='lat' dir='ltr'><em>totus</em></span> <span class='ocrx_word' id='word_1_899' title='bbox 1909 5336 2107 5406; x_wconf 90' lang='lat' dir='ltr'><em>hujus-</em></span> 
     </span>
    </p>
   </div>
   <div class='ocr_carea' id='block_1_104' title="bbox 454 5424 2104 5497">
    <p class='ocr_par' dir='ltr' id='par_1_104' title="bbox 454 5424 2104 5497">
     <span class='ocr_line' id='line_1_104' title="bbox 454 5424 2104 5497; baseline 0.002 -21"><span class='ocrx_word' id='word_1_900' title='bbox 454 5424 608 5479; x_wconf 89' lang='lat' dir='ltr'><em>modi</em></span> <span class='ocrx_word' id='word_1_901' title='bbox 638 5432 743 5481; x_wconf 90' lang='lat' dir='ltr'><em>est.</em></span> <span class='ocrx_word' id='word_1_902' title='bbox 776 5425 895 5495; x_wconf 89' lang='lat' dir='ltr'><em>Ipsi</em></span> <span class='ocrx_word' id='word_1_903' title='bbox 919 5430 1115 5480; x_wconf 87' lang='lat' dir='ltr'><em>autem</em></span> <span class='ocrx_word' id='word_1_904' title='bbox 1144 5426 1205 5480; x_wconf 91' lang='lat' dir='ltr'><em>in</em></span> <span class='ocrx_word' id='word_1_905' title='bbox 1232 5424 1486 5481; x_wconf 89' lang='lat' dir='ltr'><em>oratione</em></span> <span class='ocrx_word' id='word_1_906' title='bbox 1529 5442 1825 5481; x_wconf 88' lang='lat' dir='ltr'><em>sermones</em></span> <span class='ocrx_word' id='word_1_907' title='bbox 1878 5432 2104 5497; x_wconf 84' lang='lat' dir='ltr'><em>prapter</em></span> 
     </span>
    </p>
   </div>
   <div class='ocr_carea' id='block_1_105' title="bbox 449 5512 2101 5585">
    <p class='ocr_par' dir='ltr' id='par_1_105' title="bbox 449 5512 2101 5585">
     <span class='ocr_line' id='line_1_105' title="bbox 449 5512 2101 5585; baseline 0.002 -18"><span class='ocrx_word' id='word_1_908' title='bbox 449 5512 890 5570; x_wconf 85' lang='lat' dir='ltr'><em>similitudinem</em></span> <span class='ocrx_word' id='word_1_909' title='bbox 919 5514 1188 5569; x_wconf 82' lang='lat' dir='ltr'><em>videntur</em></span> <span class='ocrx_word' id='word_1_910' title='bbox 1217 5514 1453 5585; x_wconf 83' lang='lat' dir='ltr'><em>quidem</em></span> <span class='ocrx_word' id='word_1_911' title='bbox 1482 5514 1727 5571; x_wconf 90' lang='lat' dir='ltr'><em>obscuri.</em></span> <span class='ocrx_word' id='word_1_912' title='bbox 1765 5514 1883 5570; x_wconf 88' lang='lat' dir='ltr'><em>Erit</em></span> <span class='ocrx_word' id='word_1_913' title='bbox 1911 5518 2101 5570; x_wconf 85' lang='lat' dir='ltr'><em>autem</em></span> 
     </span>
    </p>
   </div>
   <div class='ocr_carea' id='block_1_106' title="bbox 456 5602 2099 5675">
    <p class='ocr_par' dir='ltr' id='par_1_106' title="bbox 456 5602 2099 5675">
     <span class='ocr_line' id='line_1_106' title="bbox 456 5602 2099 5675; baseline 0.001 -19"><span class='ocrx_word' id='word_1_914' title='bbox 456 5602 687 5671; x_wconf 84' lang='lat' dir='ltr'><em>planius</em></span> <span class='ocrx_word' id='word_1_915' title='bbox 718 5602 1230 5675; x_wconf 89' lang='lat' dir='ltr'><em>pronuntiantibus</em></span> <span class='ocrx_word' id='word_1_916' title='bbox 1251 5609 1307 5659; x_wconf 88' lang='lat' dir='ltr'><em>et</em></span> <span class='ocrx_word' id='word_1_917' title='bbox 1330 5604 1803 5661; x_wconf 86' lang='lat' dir='ltr'><em>subaudientibus</em></span> <span class='ocrx_word' id='word_1_918' title='bbox 1829 5604 1925 5659; x_wconf 90' lang='lat' dir='ltr'><em>sic.</em></span> <span class='ocrx_word' id='word_1_919' title='bbox 1954 5603 2099 5659; x_wconf 88' lang='lat' dir='ltr'><em>Nam</em></span> 
     </span>
    </p>
   </div>
   <div class='ocr_carea' id='block_1_107' title="bbox 448 5690 2095 5766">
    <p class='ocr_par' dir='ltr' id='par_1_107' title="bbox 448 5690 2095 5766">
     <span class='ocr_line' id='line_1_107' title="bbox 448 5690 2095 5766; baseline 0.002 -23"><span class='ocrx_word' id='word_1_920' title='bbox 448 5690 495 5743; x_wconf 88' lang='lat' dir='ltr'><em>si</em></span> <span class='ocrx_word' id='word_1_921' title='bbox 527 5708 727 5747; x_wconf 84' lang='lat' dir='ltr'><em>eorum</em></span> <span class='ocrx_word' id='word_1_922' title='bbox 760 5710 885 5765; x_wconf 71' lang='lat' dir='ltr'><em>quae</em></span> <span class='ocrx_word' id='word_1_923' title='bbox 918 5692 1394 5765; x_wconf 90' lang='lat' dir='ltr'><em>complectuntur,</em></span> <span class='ocrx_word' id='word_1_924' title='bbox 1429 5694 1484 5750; x_wconf 91' lang='lat' dir='ltr'><em>id</em></span> <span class='ocrx_word' id='word_1_925' title='bbox 1514 5699 1619 5763; x_wconf 89' lang='lat' dir='ltr'><em>est,</em></span> <span class='ocrx_word' id='word_1_926' title='bbox 1643 5693 2095 5766; x_wconf 84' lang='lat' dir='ltr'><em>prepositionum</em></span> 
     </span>
    </p>
   </div>
   <div class='ocr_carea' id='block_1_108' title="bbox 2225 4690 3877 4767">
    <p class='ocr_par' dir='ltr' id='par_1_108' title="bbox 2225 4690 3877 4767">
     <span class='ocr_line' id='line_1_108' title="bbox 2225 4690 3877 4767; baseline -0.007 -13"><span class='ocrx_word' id='word_1_927' title='bbox 2225 4715 2346 4754; x_wconf 82' lang='lat' dir='ltr'><em>esse</em></span> <span class='ocrx_word' id='word_1_928' title='bbox 2366 4700 2431 4764; x_wconf 86' lang='lat' dir='ltr'><em>;si</em></span> <span class='ocrx_word' id='word_1_929' title='bbox 2456 4699 2515 4752; x_wconf 91' lang='lat' dir='ltr'><em>in</em></span> <span class='ocrx_word' id='word_1_930' title='bbox 2533 4698 3357 4767; x_wconf 85' lang='lat' dir='ltr'><em>omnibus,inquit,secundum</em></span> <span class='ocrx_word' id='word_1_931' title='bbox 3378 4690 3877 4752; x_wconf 84' lang='lat' dir='ltr'><em>essecontradictio</em></span> 
     </span>
    </p>
   </div>
   <div class='ocr_carea' id='block_1_109' title="bbox 2226 4773 3873 4857">
    <p class='ocr_par' dir='ltr' id='par_1_109' title="bbox 2226 4773 3873 4857">
     <span class='ocr_line' id='line_1_109' title="bbox 2226 4773 3873 4857; baseline -0.006 -15"><span class='ocrx_word' id='word_1_932' title='bbox 2226 4788 2305 4857; x_wconf 85' lang='lat' dir='ltr'><em>fit,</em></span> <span class='ocrx_word' id='word_1_933' title='bbox 2339 4790 2397 4843; x_wconf 90' lang='lat' dir='ltr'><em>in</em></span> <span class='ocrx_word' id='word_1_934' title='bbox 2439 4788 2528 4842; x_wconf 90' lang='lat' dir='ltr'><em>his</em></span> <span class='ocrx_word' id='word_1_935' title='bbox 2560 4803 2779 4857; x_wconf 88' lang='lat' dir='ltr'><em>quoque</em></span> <span class='ocrx_word' id='word_1_936' title='bbox 2803 4804 2923 4857; x_wconf 70' lang='lat' dir='ltr'><em>quae</em></span> <span class='ocrx_word' id='word_1_937' title='bbox 2950 4786 3242 4856; x_wconf 89' lang='lat' dir='ltr'><em>possibilia</em></span> <span class='ocrx_word' id='word_1_938' title='bbox 3263 4787 3554 4842; x_wconf 88' lang='lat' dir='ltr'><em>dicuntur</em></span> <span class='ocrx_word' id='word_1_939' title='bbox 3578 4773 3873 4839; x_wconf 84' lang='lat' dir='ltr'><em>secundum</em></span> 
     </span>
    </p>
   </div>
   <div class='ocr_carea' id='block_1_110' title="bbox 2224 4871 3873 4944">
    <p class='ocr_par' dir='ltr' id='par_1_110' title="bbox 2224 4871 3873 4944">
     <span class='ocr_line' id='line_1_110' title="bbox 2224 4871 3873 4944; baseline -0.006 -11"><span class='ocrx_word' id='word_1_940' title='bbox 2224 4894 2346 4933; x_wconf 90' lang='lat' dir='ltr'><em>esse</em></span> <span class='ocrx_word' id='word_1_941' title='bbox 2362 4885 2415 4932; x_wconf 89' lang='lat' dir='ltr'><em>et</em></span> <span class='ocrx_word' id='word_1_942' title='bbox 2439 4894 2549 4931; x_wconf 89' lang='lat' dir='ltr'><em>non</em></span> <span class='ocrx_word' id='word_1_943' title='bbox 2575 4893 2695 4931; x_wconf 87' lang='lat' dir='ltr'><em>esse</em></span> <span class='ocrx_word' id='word_1_944' title='bbox 2718 4877 3089 4932; x_wconf 88' lang='lat' dir='ltr'><em>contradictio</em></span> <span class='ocrx_word' id='word_1_945' title='bbox 3113 4876 3381 4932; x_wconf 84' lang='lat' dir='ltr'><em>facienda</em></span> <span class='ocrx_word' id='word_1_946' title='bbox 3414 4884 3501 4931; x_wconf 89' lang='lat' dir='ltr'><em>est</em></span> <span class='ocrx_word' id='word_1_947' title='bbox 3526 4896 3540 4944; x_wconf 88' lang='lat'><strong>;</strong></span> <span class='ocrx_word' id='word_1_948' title='bbox 3568 4876 3628 4931; x_wconf 90' lang='lat' dir='ltr'><em>in</em></span> <span class='ocrx_word' id='word_1_949' title='bbox 3649 4890 3713 4930; x_wconf 90' lang='lat' dir='ltr'><em>eo</em></span> <span class='ocrx_word' id='word_1_950' title='bbox 3739 4871 3873 4927; x_wconf 87' lang='lat' dir='ltr'><em>enim</em></span> 
     </span>
    </p>
   </div>
   <div class='ocr_carea' id='block_1_111' title="bbox 2222 4964 3869 5038">
    <p class='ocr_par' dir='ltr' id='par_1_111' title="bbox 2222 4964 3869 5038">
     <span class='ocr_line' id='line_1_111' title="bbox 2222 4964 3869 5038; baseline -0.002 -15"><span class='ocrx_word' id='word_1_951' title='bbox 2222 4968 2370 5038; x_wconf 90' lang='lat' dir='ltr'><em>quod</em></span> <span class='ocrx_word' id='word_1_952' title='bbox 2394 4967 2637 5023; x_wconf 82' lang='lat' dir='ltr'><em>dicimus</em></span> <span class='ocrx_word' id='word_1_953' title='bbox 2656 4966 2924 5037; x_wconf 87' lang='lat' dir='ltr'><em>possibile</em></span> <span class='ocrx_word' id='word_1_954' title='bbox 2947 4976 3190 5033; x_wconf 90' lang='lat' dir='ltr'><em>estesse,</em></span> <span class='ocrx_word' id='word_1_955' title='bbox 3217 4967 3315 5021; x_wconf 90' lang='lat' dir='ltr'><em>illa</em></span> <span class='ocrx_word' id='word_1_956' title='bbox 3336 4967 3454 5021; x_wconf 89' lang='lat' dir='ltr'><em>erit</em></span> <span class='ocrx_word' id='word_1_957' title='bbox 3508 4964 3737 5037; x_wconf 82' lang='lat' dir='ltr'><em>negatio</em></span> <span class='ocrx_word' id='word_1_958' title='bbox 3767 4973 3869 5031; x_wconf 66' lang='lat' dir='ltr'><em>qui8</em></span> 
     </span>
    </p>
   </div>
   <div class='ocr_carea' id='block_1_112' title="bbox 2221 5056 3871 5128">
    <p class='ocr_par' dir='ltr' id='par_1_112' title="bbox 2221 5056 3871 5128">
     <span class='ocr_line' id='line_1_112' title="bbox 2221 5056 3871 5128; baseline -0.004 -16"><span class='ocrx_word' id='word_1_959' title='bbox 2221 5059 2359 5113; x_wconf 90' lang='lat' dir='ltr'><em>dicit</em></span> <span class='ocrx_word' id='word_1_960' title='bbox 2391 5057 2656 5127; x_wconf 88' lang='lat' dir='ltr'><em>possibile</em></span> <span class='ocrx_word' id='word_1_961' title='bbox 2686 5065 2767 5111; x_wconf 89' lang='lat' dir='ltr'><em>est</em></span> <span class='ocrx_word' id='word_1_962' title='bbox 2800 5074 2915 5113; x_wconf 91' lang='lat' dir='ltr'><em>non</em></span> <span class='ocrx_word' id='word_1_963' title='bbox 2944 5073 3090 5127; x_wconf 81' lang='lat' dir='ltr'><em>esse,</em></span> <span class='ocrx_word' id='word_1_964' title='bbox 3121 5073 3238 5113; x_wconf 92' lang='lat' dir='ltr'><em>non</em></span> <span class='ocrx_word' id='word_1_965' title='bbox 3274 5056 3376 5111; x_wconf 85' lang='lat' dir='ltr'><em>illa</em></span> <span class='ocrx_word' id='word_1_966' title='bbox 3432 5074 3570 5128; x_wconf 67' lang='lat' dir='ltr'><em>quas</em></span> <span class='ocrx_word' id='word_1_967' title='bbox 3621 5064 3727 5118; x_wconf 88' lang='lat' dir='ltr'><em>est,</em></span> <span class='ocrx_word' id='word_1_968' title='bbox 3774 5063 3871 5107; x_wconf 88' lang='lat' dir='ltr'><em>non</em></span> 
     </span>
    </p>
   </div>
   <div class='ocr_carea' id='block_1_113' title="bbox 2220 5143 3869 5218">
    <p class='ocr_par' dir='ltr' id='par_1_113' title="bbox 2220 5143 3869 5218">
     <span class='ocr_line' id='line_1_113' title="bbox 2220 5143 3869 5218; baseline -0.004 -16"><span class='ocrx_word' id='word_1_969' title='bbox 2220 5146 2489 5218; x_wconf 90' lang='lat' dir='ltr'><em>possibile</em></span> <span class='ocrx_word' id='word_1_970' title='bbox 2518 5154 2766 5202; x_wconf 70' lang='lat' dir='ltr'><em>estesse.</em></span> <span class='ocrx_word' id='word_1_971' title='bbox 2800 5150 2941 5202; x_wconf 84' lang='lat' dir='ltr'><em>Nam</em></span> <span class='ocrx_word' id='word_1_972' title='bbox 2974 5148 3020 5202; x_wconf 87' lang='lat' dir='ltr'><em>si</em></span> <span class='ocrx_word' id='word_1_973' title='bbox 3051 5147 3102 5203; x_wconf 89' lang='lat' dir='ltr'><em>ei</em></span> <span class='ocrx_word' id='word_1_974' title='bbox 3152 5163 3275 5217; x_wconf 73' lang='lat' dir='ltr'><em>quas</em></span> <span class='ocrx_word' id='word_1_975' title='bbox 3326 5154 3418 5202; x_wconf 88' lang='lat' dir='ltr'><em>est</em></span> <span class='ocrx_word' id='word_1_976' title='bbox 3472 5144 3748 5215; x_wconf 89' lang='lat' dir='ltr'><em>possibile</em></span> <span class='ocrx_word' id='word_1_977' title='bbox 3803 5143 3869 5191; x_wconf 74' lang='lat' dir='ltr'><em>es!</em></span> 
     </span>
    </p>
   </div>
   <div class='ocr_carea' id='block_1_114' title="bbox 2219 5234 3871 5307">
    <p class='ocr_par' dir='ltr' id='par_1_114' title="bbox 2219 5234 3871 5307">
     <span class='ocr_line' id='line_1_114' title="bbox 2219 5234 3871 5307; baseline -0.003 -15"><span class='ocrx_word' id='word_1_978' title='bbox 2219 5252 2364 5307; x_wconf 86' lang='lat' dir='ltr'><em>esse,</em></span> <span class='ocrx_word' id='word_1_979' title='bbox 2397 5234 2499 5291; x_wconf 87' lang='lat' dir='ltr'><em>illa.</em></span> <span class='ocrx_word' id='word_1_980' title='bbox 2531 5243 2856 5307; x_wconf 86' lang='lat' dir='ltr'><em>Opponatur</em></span> <span class='ocrx_word' id='word_1_981' title='bbox 2886 5252 3011 5307; x_wconf 73' lang='lat' dir='ltr'><em>quae</em></span> <span class='ocrx_word' id='word_1_982' title='bbox 3041 5242 3123 5291; x_wconf 89' lang='lat' dir='ltr'><em>est</em></span> <span class='ocrx_word' id='word_1_983' title='bbox 3154 5251 3267 5291; x_wconf 89' lang='lat' dir='ltr'><em>non</em></span> <span class='ocrx_word' id='word_1_984' title='bbox 3304 5235 3595 5304; x_wconf 88' lang='lat' dir='ltr'><em>possibile</em></span> <span class='ocrx_word' id='word_1_985' title='bbox 3628 5240 3707 5289; x_wconf 87' lang='lat' dir='ltr'><em>est</em></span> <span class='ocrx_word' id='word_1_986' title='bbox 3744 5242 3871 5287; x_wconf 64' lang='lat' dir='ltr'><em>esse,</em></span> 
     </span>
    </p>
   </div>
   <div class='ocr_carea' id='block_1_115' title="bbox 2218 5321 3868 5394">
    <p class='ocr_par' dir='ltr' id='par_1_115' title="bbox 2218 5321 3868 5394">
     <span class='ocr_line' id='line_1_115' title="bbox 2218 5321 3868 5394; baseline -0.006 -13"><span class='ocrx_word' id='word_1_987' title='bbox 2218 5341 2335 5382; x_wconf 90' lang='lat' dir='ltr'><em>non</em></span> <span class='ocrx_word' id='word_1_988' title='bbox 2368 5326 2688 5381; x_wconf 86' lang='lat' dir='ltr'><em>secundum</em></span> <span class='ocrx_word' id='word_1_989' title='bbox 2723 5340 2847 5381; x_wconf 88' lang='lat' dir='ltr'><em>esse</em></span> <span class='ocrx_word' id='word_1_990' title='bbox 2878 5331 3076 5381; x_wconf 90' lang='lat' dir='ltr'><em>etnon</em></span> <span class='ocrx_word' id='word_1_991' title='bbox 3109 5341 3231 5381; x_wconf 89' lang='lat' dir='ltr'><em>esse</em></span> <span class='ocrx_word' id='word_1_992' title='bbox 3261 5326 3563 5394; x_wconf 89' lang='lat' dir='ltr'><em>oppositio</em></span> <span class='ocrx_word' id='word_1_993' title='bbox 3594 5323 3737 5378; x_wconf 86' lang='lat' dir='ltr'><em>facta</em></span> <span class='ocrx_word' id='word_1_994' title='bbox 3782 5321 3868 5371; x_wconf 77' lang='lat' dir='ltr'><em>est.</em></span> 
     </span>
    </p>
   </div>
   <div class='ocr_carea' id='block_1_116' title="bbox 2214 5425 3871 5496">
    <p class='ocr_par' dir='ltr' id='par_1_116' title="bbox 2214 5425 3871 5496">
     <span class='ocr_line' id='line_1_116' title="bbox 2214 5425 3871 5496; baseline -0.004 -15"><span class='ocrx_word' id='word_1_995' title='bbox 2214 5425 2489 5489; x_wconf 88' lang='lat' dir='ltr'><em>Quocirca</em></span> <span class='ocrx_word' id='word_1_996' title='bbox 2507 5425 2777 5495; x_wconf 91' lang='lat' dir='ltr'><em>quoniam</em></span> <span class='ocrx_word' id='word_1_997' title='bbox 2803 5441 2975 5496; x_wconf 84' lang='lat' dir='ltr'><em>supra</em></span> <span class='ocrx_word' id='word_1_998' title='bbox 3002 5426 3192 5481; x_wconf 89' lang='lat' dir='ltr'><em>docuit</em></span> <span class='ocrx_word' id='word_1_999' title='bbox 3216 5426 3547 5482; x_wconf 89' lang='lat' dir='ltr'><em>secundum</em></span> <span class='ocrx_word' id='word_1_1000' title='bbox 3563 5441 3691 5482; x_wconf 88' lang='lat' dir='ltr'><em>esse</em></span> <span class='ocrx_word' id='word_1_1001' title='bbox 3707 5430 3871 5478; x_wconf 85' lang='lat' dir='ltr'><em>etnon</em></span> 
     </span>
    </p>
   </div>
   <div class='ocr_carea' id='block_1_117' title="bbox 2212 5513 3869 5586">
    <p class='ocr_par' dir='ltr' id='par_1_117' title="bbox 2212 5513 3869 5586">
     <span class='ocr_line' id='line_1_117' title="bbox 2212 5513 3869 5586; baseline -0.002 -17"><span class='ocrx_word' id='word_1_1002' title='bbox 2212 5530 2355 5584; x_wconf 87' lang='lat' dir='ltr'><em>esse,</em></span> <span class='ocrx_word' id='word_1_1003' title='bbox 2390 5513 2511 5569; x_wconf 85' lang='lat' dir='ltr'><em>ﬁeri</em></span> <span class='ocrx_word' id='word_1_1004' title='bbox 2546 5515 3090 5586; x_wconf 84' lang='lat' dir='ltr'><em>contradictionem,</em></span> <span class='ocrx_word' id='word_1_1005' title='bbox 3124 5514 3437 5570; x_wconf 85' lang='lat' dir='ltr'><em>dicendum</em></span> <span class='ocrx_word' id='word_1_1006' title='bbox 3474 5521 3563 5570; x_wconf 86' lang='lat' dir='ltr'><em>est</em></span> <span class='ocrx_word' id='word_1_1007' title='bbox 3595 5514 3718 5580; x_wconf 88' lang='lat' dir='ltr'><em>ejus</em></span> <span class='ocrx_word' id='word_1_1008' title='bbox 3766 5520 3869 5577; x_wconf 64' lang='lat' dir='ltr'><em>qute</em></span> 
     </span>
    </p>
   </div>
   <div class='ocr_carea' id='block_1_118' title="bbox 2209 5602 3870 5673">
    <p class='ocr_par' dir='ltr' id='par_1_118' title="bbox 2209 5602 3870 5673">
     <span class='ocr_line' id='line_1_118' title="bbox 2209 5602 3870 5673; baseline -0.001 -14"><span class='ocrx_word' id='word_1_1009' title='bbox 2209 5610 2317 5670; x_wconf 88' lang='lat' dir='ltr'><em>est,</em></span> <span class='ocrx_word' id='word_1_1010' title='bbox 2350 5602 2617 5673; x_wconf 87' lang='lat' dir='ltr'><em>possibile</em></span> <span class='ocrx_word' id='word_1_1011' title='bbox 2649 5611 2735 5660; x_wconf 89' lang='lat' dir='ltr'><em>est</em></span> <span class='ocrx_word' id='word_1_1012' title='bbox 2761 5620 2904 5671; x_wconf 89' lang='lat' dir='ltr'><em>esse,</em></span> <span class='ocrx_word' id='word_1_1013' title='bbox 2930 5604 3087 5659; x_wconf 88' lang='lat' dir='ltr'><em>illam</em></span> <span class='ocrx_word' id='word_1_1014' title='bbox 3119 5620 3245 5659; x_wconf 82' lang='lat' dir='ltr'><em>esse.</em></span> <span class='ocrx_word' id='word_1_1015' title='bbox 3272 5604 3712 5673; x_wconf 89' lang='lat' dir='ltr'><em>oppositionem</em></span> <span class='ocrx_word' id='word_1_1016' title='bbox 3761 5610 3870 5668; x_wconf 62' lang='lat' dir='ltr'><em>qua?</em></span> 
     </span>
    </p>
   </div>
   <div class='ocr_carea' id='block_1_119' title="bbox 2208 5691 3867 5762">
    <p class='ocr_par' dir='ltr' id='par_1_119' title="bbox 2208 5691 3867 5762">
     <span class='ocr_line' id='line_1_119' title="bbox 2208 5691 3867 5762; baseline -0.004 -15"><span class='ocrx_word' id='word_1_1017' title='bbox 2208 5692 2367 5761; x_wconf 90' lang='lat' dir='ltr'><em>dicit,</em></span> <span class='ocrx_word' id='word_1_1018' title='bbox 2404 5693 2673 5762; x_wconf 85' lang='lat' dir='ltr'><em>possibile</em></span> <span class='ocrx_word' id='word_1_1019' title='bbox 2697 5701 2779 5749; x_wconf 91' lang='lat' dir='ltr'><em>est</em></span> <span class='ocrx_word' id='word_1_1020' title='bbox 2808 5710 2922 5749; x_wconf 88' lang='lat' dir='ltr'><em>non</em></span> <span class='ocrx_word' id='word_1_1021' title='bbox 2946 5710 3088 5750; x_wconf 85' lang='lat' dir='ltr'><em>esse.</em></span> <span class='ocrx_word' id='word_1_1022' title='bbox 3111 5694 3219 5749; x_wconf 88' lang='lat' dir='ltr'><em>Sed</em></span> <span class='ocrx_word' id='word_1_1023' title='bbox 3237 5691 3401 5748; x_wconf 88' lang='lat' dir='ltr'><em>aliud</em></span> <span class='ocrx_word' id='word_1_1024' title='bbox 3457 5709 3665 5749; x_wconf 89' lang='lat' dir='ltr'><em>rursus</em></span> <span class='ocrx_word' id='word_1_1025' title='bbox 3690 5701 3867 5747; x_wconf 90' lang='lat' dir='ltr'><em>occur-</em></span> 
     </span>
    </p>
   </div>
   <div class='ocr_carea' id='block_1_120' title="bbox 3980 4392 4002 5252">
    <p class='ocr_par' dir='ltr' id='par_1_120' title="bbox 3980 4544 3997 5252">
     <span class='ocr_line' id='line_1_120' title="bbox 3996 4544 3997 4589; baseline 0 0"><span class='ocrx_word' id='word_1_1026' title='bbox 3996 4544 3997 4589; x_wconf 59' lang='grc' dir='ltr'><em>ι</em></span> 
     </span>
     <span class='ocr_line' id='line_1_121' title="bbox 3992 4708 3993 4765; baseline 0 0"><span class='ocrx_word' id='word_1_1027' title='bbox 3992 4708 3993 4765; x_wconf 82' lang='lat' dir='ltr'><em>l</em></span> 
     </span>
     <span class='ocr_line' id='line_1_122' title="bbox 3990 4800 3991 4853; baseline 0 0"><span class='ocrx_word' id='word_1_1028' title='bbox 3990 4800 3991 4853; x_wconf 80' lang='lat' dir='ltr'><em>l</em></span> 
     </span>
     <span class='ocr_line' id='line_1_123' title="bbox 3980 5058 3985 5252; baseline 0 0"><span class='ocrx_word' id='word_1_1029' title='bbox 3980 5058 3985 5209; x_wconf 55' lang='grc' dir='ltr'><em>ι</em></span> 
     </span>
    </p>
   </div>
   <div class='ocr_carea' id='block_1_121' title="bbox 3965 4392 4003 5930">
    <p class='ocr_par' dir='ltr' id='par_1_121' title="bbox 3975 4878 3989 5471">
     <span class='ocr_line' id='line_1_124' title="bbox 3976 4878 3989 5067; baseline 0 -126"><span class='ocrx_word' id='word_1_1030' title='bbox 3976 5052 3981 5067; x_wconf 8' lang='grc' dir='ltr'>γ</span> 
     </span>
     <span class='ocr_line' id='line_1_125' title="bbox 3975 5058 3985 5471; baseline 0 0"><span class='ocrx_word' id='word_1_1031' title='bbox 3975 5218 3981 5471; x_wconf 82' lang='lat' dir='ltr'><em>l</em></span> 
     </span>
    </p>
   </div>
  </div>
