4090 6184
269 387 354 444 365

1040 392 1115 444 IN
1154 391 1428 445 LIBRUM
1472 378 1561 442 DE
1600 386 2279 443 INTERPRETATIONE
2314 386 2559 441 nemo
2597 388 2843 444 PRIMA.

3539 396 3647 450 366

267 512 338 578 rit,
366 511 506 582 quod
535 527 639 567 nos
659 510 730 567 ab
754 510 861 567 hac
886 511 1157 582 Opinione
1177 512 1481 568 dimoveat.
1506 512 1570 567 In
1620 509 1890 567 omnibus
1922 509 1969 577 Α
2004 507 2332 580 eligendum
2361 516 2417 565 ut
2442 527 2554 566 non
2575 514 2893 568 secundum
2916 530 3037 571 esse
3051 520 3104 570 et
3124 533 3236 571 non
3258 533 3380 573 esse
3406 519 3651 575 tiatcon-

264 604 390 658 enim
415 609 508 655 aut
530 601 835 656 altirmatio
855 617 983 655 vera
1001 610 1103 665 est,
1126 610 1218 655 aut
1245 602 1485 672 negatio.
1511 600 1572 655 In
1621 600 1709 655 his
1735 602 1887 654 enim

266 700 494 759 utraeque
527 698 660 744 sunt
694 707 861 755 verae,
908 705 1042 744 nam
1092 693 1236 760 quod
1290 690 1558 760 possibile
1611 697 1693 744 est
1747 704 1891 754 esse,

261 779 506 852 possibile
540 786 625 833 eet
653 795 769 834 non
795 795 940 847 esse,
970 784 1029 833 ut
1052 779 1181 849 quia
1205 778 1472 848 possibile
1499 786 1577 832 est
1601 778 1893 833 hominem

259 866 556 935 ambulare,
590 867 863 937 possibile
895 872 980 923 est
1014 868 1305 923 hominem
1342 884 1454 923 non
1487 866 1804 932 ambulare,
1840 869 1895 920 ct

261 958 391 1031 quod
426 956 708 1028 possibile
735 961 821 1012 est
853 956 1050 1023 videri,
1084 957 1355 1027 possibile
1398 964 1479 1012 est
1521 972 1634 1012 non
1695 955 1890 1011 videri.

259 1047 462 1101 Rursus
495 1048 641 1116 quod
678 1045 948 1117 possibile
966 1052 1049 1100 est
1073 1047 1252 1101 secari
1272 1053 1321 1101 et
1346 1045 1615 1113 dividi,et
1658 1061 1772 1100 non
1804 1061 1892 1099 se-

256 1137 359 1191 cari
388 1140 443 1190 et
478 1151 593 1190 non
625 1135 805 1189 dividi
842 1133 1111 1205 possibile
1153 1142 1255 1190 est.
1308 1138 1489 1200 Quare
1539 1142 1785 1203 utraeque
1833 1132 1893 1187 in

252 1226 431 1279 eodem
468 1240 610 1279 verae
644 1230 801 1289 sunt,
837 1223 1110 1293 possibile
1142 1233 1224 1278 est
1254 1241 1375 1279 esse
1405 1232 1458 1279 et
1508 1222 1779 1294 possibile
1810 1230 1893 1278 est

254 1330 357 1368 non
382 1330 527 1368 esse.
554 1313 696 1367 Nam
722 1313 867 1383 quod
893 1312 1156 1381 dicimus,
1184 1313 1450 1383 possibile
1472 1316 1558 1367 est
1597 1328 1712 1367 non
1743 1328 1888 1376 esse,

253 1400 319 1455 ita
348 1401 789 1472 intelligendum
823 1406 903 1456 est
938 1408 996 1454 ut
1037 1401 1087 1454 si
1110 1400 1456 1469 diceremus,
1504 1400 1775 1470 possibile
1806 1404 1892 1454 est

253 1490 407 1545 hodie
430 1490 686 1560 pluviam
719 1505 833 1544 non
866 1504 1010 1557 esse,
1035 1504 1167 1544 cum
1196 1489 1241 1544 si
1275 1488 1545 1560 possibile
1568 1494 1628 1543 ut
1649 1490 1740 1543 sit.
1784 1493 1890 1543 Cur

243 1588 419 1633 autem
454 1579 563 1634 hoc
590 1578 668 1632 ita
700 1580 943 1645 eveniat,
976 1577 1099 1647 ipse
1133 1580 1501 1647 demonstrat,
1535 1578 1770 1633 dicens:

306 1687 458 1741 Ratio
476 1693 673 1740 autem
686 1690 767 1741 est
787 1686 1043 1757 quoniam
1069 1700 1227 1741 omne
1238 1685 1380 1757 quod
1407 1687 1487 1741 sic
1504 1684 1760 1756 possibile
1781 1688 1881 1750 est,

244 1792 341 1831 non
362 1792 584 1846 semper
605 1776 663 1829 in
687 1778 813 1831 actu
836 1774 1306 1842 est.Quareineril
1329 1776 1441 1845 ipsi
1460 1776 1625 1829 elizm
1641 1775 1882 1843 negatio;

2008 600 2285 669 tradictio,
2308 602 2402 655 sed
2438 602 2622 670 potius
2653 606 2968 659 secundum
2997 608 3250 661 modum.
3278 608 3433 671 Quod
3458 615 3646 665 autem

2002 688 2162 757 dixit,
2197 688 2239 743 si
2272 704 2405 760 ergo
2436 690 2577 744 illud
2612 693 3023 761 impossibilius
3054 706 3155 764 est,
3193 697 3299 752 hoc
3329 700 3434 753 erit
3467 700 3649 770 magis

2003 777 2347 846 eligendum,
2384 796 2495 834 non
2530 781 2612 835 sic
2642 782 2862 836 dictum
2897 791 2981 839 est
3011 786 3157 855 quod
3180 788 3651 857 ulraqueimpos-

2003 866 2188 921 sibilia
2202 872 2312 922 sint
2327 875 2376 923 et
2391 869 2839 925 altirmationem
2856 880 2907 927 et
2924 874 3279 942 negationem
3299 891 3483 930 veram
3506 892 3649 941 esse,

2004 963 2054 1011 et
2086 972 2196 1010 non
2233 959 2549 1012 secundum
2589 974 2733 1024 esse,
2762 960 2848 1015 vel
2879 978 2990 1017 non
3027 979 3149 1018 esse
3201 963 3318 1018 ﬁeri
3360 966 3650 1021 contradi-

2003 1045 2273 1100 ctionem.
2312 1046 2457 1101 Illud
2489 1050 2665 1116 enim,
2701 1049 2755 1102 id
2788 1056 2871 1104 est
2919 1052 3430 1108 contradictionem
3479 1054 3649 1109 simul

2003 1149 2188 1190 veram
2222 1151 2363 1205 esse,
2396 1136 2753 1206 impossibile
2787 1146 2886 1193 est.
2921 1142 3251 1196 Secundum
3285 1159 3410 1198 esse
3455 1149 3646 1199 autem

2003 1230 2057 1279 et
2087 1240 2201 1280 non
2234 1241 2354 1280 esse
2385 1226 2829 1282 attirmationem
2864 1244 2976 1283 non
3011 1230 3136 1284 ﬁeri
3188 1239 3241 1285 et
3291 1236 3650 1303 negationem

2004 1329 2118 1367 non
2151 1330 2272 1369 esse
2303 1314 2656 1383 impossibile
2688 1324 2792 1384 est,
2818 1319 2911 1373 sed
2936 1319 3001 1372 ad
3031 1319 3135 1373 hoc
3159 1320 3367 1386 retulit,
3396 1322 3655 1391 impossi-

2003 1401 2172 1457 bilius
2193 1412 2295 1470 est,
2321 1410 2592 1474 tanquam
2620 1405 2667 1459 si
2688 1405 2924 1472 diceret,
2947 1408 3137 1462 minus
3154 1409 3440 1477 possibile-
3464 1411 3656 1466 Minus

2000 1492 2152 1547 enim
2186 1493 2454 1562 possibile
2484 1503 2569 1549 est
2603 1504 2658 1549 ut
2689 1498 2963 1565 Oppositae
2994 1498 3052 1552 in
3085 1499 3281 1555 eodem
3304 1502 3647 1570 propositio-

2000 1598 2102 1637 nes
2131 1598 2278 1637 verue
2307 1584 2442 1648 sint,
2478 1599 2644 1653 quam
2682 1590 2743 1639 ut
2773 1602 2887 1641 non
2916 1589 3235 1643 secundum
3269 1605 3393 1645 esse
3426 1600 3479 1646 et
3526 1609 3643 1648 non

1998 1686 2120 1726 esse
2160 1672 2486 1740 negationes
2512 1683 2823 1743 ponantur.
2860 1674 3139 1739 Quocirca
3183 1677 3513 1747 eligendum
3566 1685 3652 1735 est

2000 1760 2107 1815 hoc
2137 1760 2284 1829 quod
2318 1767 2403 1815 est
2435 1762 2787 1831 possibilius,
2825 1767 2885 1818 ut
2915 1766 3228 1821 secundum
3262 1769 3493 1824 modum
3550 1786 3655 1840 po-

245 1870 406 1936 potest
440 1864 623 1933 igitur
651 1868 701 1918 et
733 1880 840 1920 non
871 1864 1168 1919 ambulare
1185 1863 1324 1935 quod
1351 1867 1428 1917 est
1450 1862 1888 1928 ambulabiles,et
1919 1869 1967 1933 Β
1997 1850 2108 1904 lius
2137 1865 2305 1917 αυδηι
2338 1852 2653 1906 secundum
2715 1868 2840 1909 θδεθ
2885 1858 2942 1908 et
2990 1870 3104 1910 ηοη
3148 1871 3270 1911 esse
3320 1859 3653 1928 negationes

246 1970 343 2008 non
373 1953 567 2008 videri
598 1951 737 2023 quod
765 1955 839 2007 est
872 1952 1110 2008 uisibile.
1138 1952 1209 2006 At
1228 1967 1352 2007 vero
1373 1950 1709 2023 impossibile
1728 1958 1806 2005 est
1826 1950 1891 2005 de

242 2043 412 2097 eodem
445 2041 728 2113 oppositas
759 2056 871 2096 esse
902 2057 1058 2096 veras
1087 2040 1375 2095 dictiones.
1409 2044 1529 2096 Non
1561 2040 1738 2108 igitur
1773 2039 1891 2109 ejus

240 2149 357 2204 qum
380 2138 489 2200 est,
508 2130 777 2204 possibile
798 2140 875 2186 est
889 2148 1020 2198 esse,
1046 2132 1263 2202 negatio
1284 2136 1362 2185 est
1377 2129 1636 2202 possibile
1665 2133 1745 2185 est
1776 2146 1890 2183 non

238 2239 365 2277 esse.
394 2222 682 2289 Contingit
705 2222 854 2276 enim
866 2237 934 2276 ex
950 2220 1038 2275 liis
1060 2230 1156 2275 aut
1178 2221 1321 2275 idem
1339 2222 1519 2291 ipsum
1532 2220 1817 2289 afﬁrmare
1839 2224 1893 2272 et

234 2328 438 2383 negare
468 2309 649 2365 simul
678 2311 744 2365 de
773 2312 992 2377 eodem,
1022 2314 1117 2365 aut
1140 2308 1561 2365 nonseeundum
1582 2324 1694 2363 esse
1714 2310 1895 2363 etnon

228 2417 338 2456 esse
354 2417 481 2473 qum
503 2412 875 2470 apponuntur,
896 2400 1022 2468 ﬁeri
1043 2398 1452 2472 afﬁrmationes
1473 2402 1522 2453 et
1551 2397 1892 2468 negationes.

234 2491 292 2545 Si
304 2506 435 2559 ergo
451 2488 595 2543 illud
610 2488 1006 2560 impossibilius
1018 2494 1116 2557 est,
1133 2487 1348 2544 hocerit
1362 2490 1536 2558 magis
1550 2488 1891 2557 eligendum.

300 2601 423 2657 Hoc
449 2599 783 2670 hujusmodi
813 2605 917 2665 est,
949 2613 1303 2670 quaecunque
1332 2599 1412 2653 ita
1442 2604 1577 2652 sunt
1599 2594 1897 2667 possibilia

234 2698 291 2745 ut
316 2692 437 2745 sint
466 2697 598 2745 actu
632 2695 685 2744 et
716 2704 910 2758 opere,
942 2690 1041 2743 illa
1072 2687 1233 2743 nulla
1261 2689 1481 2744 ratione
1511 2688 1752 2760 possunt
1782 2699 1897 2739 non

234 2788 449 2844 esse,ut
472 2778 619 2834 caelo
635 2794 863 2849 semper
883 2781 1014 2834 actu
1035 2777 1183 2833 inest
1208 2776 1444 2833 moveri.
1476 2779 1712 2845 Semper
1741 2772 1899 2829 enim

235 2880 521 2933 movetur,
553 2876 608 2923 et
638 2867 906 2936 dicimus,
940 2866 1207 2937 possibile
1230 2872 1313 2921 est
1335 2865 1540 2921 ccelum
1563 2861 1899 2931 moveri,id-

232 2958 384 3013 circo
419 2954 697 3025 quoniam
729 2955 859 3011 caeli
892 2960 1083 3011 motus
1113 2962 1239 3010 actu
1274 2958 1381 3022 est,
1418 2953 1524 3009 hoc
1554 2960 1657 3019 est,
1710 2951 1765 3006 id
1814 2948 1900 3005 illi

234 3064 468 3119 semper
498 3047 708 3117 agitur.
743 3046 999 3102 Movetur
1038 3045 1194 3101 enim
1227 3059 1488 3114 semper;
1521 3045 1579 3097 in
1614 3042 1719 3097 hac
1770 3054 1901 3110 ergo

233 3138 619 3207 possibilitate
647 3137 779 3192 talis
802 3136 1113 3208 prOpositio
1135 3151 1249 3191 non
1278 3139 1464 3207 potest
1488 3132 1814 3199 convenire,
1843 3136 1899 3184 ut

2000 1937 2157 1992 ﬁant.
2194 1940 2353 2004 Quod
2388 1939 2508 2009 ipse
2530 1940 2763 2009 planius
2793 1944 3124 2013 exsequitur
3152 1945 3351 2001 dicens
3380 1963 3393 2001 :

2069 2029 2158 2082 Est
2182 2027 2354 2111 igitur
2374 2031 2593 2099 negatio
2616 2030 2738 2101 ejus
2760 2046 2882 2101 quae
2899 2037 2978 2087 est
3002 2033 3262 2104 possibile
3280 2051 3413 2105 esse,
3436 2053 3499 2092 ea
3530 2054 3656 2109 quae

1997 2124 2199 2172 estnon
2224 2117 2484 2187 possibile
2504 2134 2638 2187 esse,
2664 2124 2844 2175 etnon
2863 2138 2929 2175 ea
2968 2138 3087 2192 quae
3133 2127 3212 2177 est
3262 2126 3518 2194 possibile
3546 2145 3656 2184 non

2000 2222 2131 2262 esse.
2166 2205 2370 2262 Eadem
2400 2223 2612 2279 quoque
2640 2211 2789 2264 ratio
2819 2218 2896 2265 est
2928 2212 2985 2265 in
3018 2227 3077 2267 eo
3129 2214 3267 2283 quod
3314 2220 3391 2270 est
3434 2221 3652 2273 contin-

2005 2312 2158 2366 gens,
2178 2295 2379 2352 etenim
2405 2296 2626 2365 negatio
2657 2298 2773 2369 ejus
2802 2304 2879 2355 est
2909 2316 3016 2357 non
3046 2306 3371 2372 contingens
3398 2321 3530 2362 esse.

2074 2402 2172 2458 Hae
2195 2419 2441 2469 namque
2463 2404 2637 2459 simul
2664 2421 2805 2461 verm
2830 2406 3077 2463 inveniri
3094 2425 3211 2465 non
3226 2417 3498 2481 possunt;
3522 2431 3653 2470 nam

2004 2494 2054 2549 si
2084 2494 2215 2564 quid
2250 2500 2333 2549 est
2360 2495 2635 2564 possibile
2665 2511 2806 2567 esse,
2841 2505 2901 2552 ut
2928 2498 3080 2554 idem
3113 2499 3253 2556 illud
3305 2502 3656 2573 impossibile

2003 2582 2096 2648 sit,
2129 2582 2253 2639 ﬁeri
2284 2599 2401 2639 non
2432 2592 2635 2657 potest,
2671 2601 2778 2642 nec
2828 2587 2935 2643 hoc
2984 2590 3043 2643 in
3089 2589 3230 2645 solis
3288 2595 3658 2662 possibilibus

2004 2672 2422 2742 speculandum
2457 2682 2562 2743 est,
2596 2676 2688 2730 sed
2723 2675 2783 2730 in
2815 2676 3084 2732 omnibus
3114 2694 3335 2748 quoque
3358 2684 3551 2737 eadem
3578 2701 3661 2739 ra-

2007 2760 2084 2815 tio
2120 2766 2226 2817 est.
2257 2762 2396 2818 Nam
2420 2762 2475 2817 in
2501 2778 2567 2818 eo
2591 2764 2741 2833 quod
2767 2771 2850 2819 est
2889 2766 3220 2835 contingere
3250 2784 3392 2835 esse,
3428 2786 3541 2826 non
3574 2782 3659 2827 est

2006 2850 2105 2905 illa
2136 2852 2360 2921 negatio
2409 2854 2559 2921 quod
2604 2852 2746 2908 dicit
2795 2854 3130 2923 contingere
3178 2872 3295 2911 non
3340 2873 3482 2915 esse.
3527 2861 3660 2917 Haec

2008 2940 2162 2995 enim
2195 2942 2477 2996 consentit
2509 2942 2560 2996 ei
2592 2942 2736 3011 quod
2771 2950 2873 3010 est,
2906 2940 3406 3015 contingere‘esse,
3432 2950 3532 3003 sed
3562 2950 3661 3005 illa

2010 3030 2155 3099 quod
2192 3029 2456 3099 proponit
2489 3046 2601 3085 non
2636 3033 2971 3100 contingere
3000 3048 3140 3088 esse.
3173 3037 3286 3089 Has
3314 3038 3468 3092 enim
3520 3040 3660 3095 duas

2011 3118 2177 3174 simul
2214 3135 2368 3173 veras
2397 3118 2643 3174 inveniri
2678 3120 3031 3192 impossibile
3056 3126 3158 3177 est.

232 3230 517 3295 dicamus,
554 3207 825 3296 ροςςίωιέ
854 3234 939 3281 εει
967 3226 1175 3280 coelum
1202 3240 1319 3280 ηοη
1351 3222 1589 3287 moveri,
1616 3222 1721 3277 hoc
1742 3222 1895 3275 enim
1930 3226 1974 3297 α
2086 3212 2154 3264 Et
2185 3207 2244 3297 in
2276 3208 2409 3297 aliis
2440 3223 2654 3279 quoque
2681 3210 2861 3264 simili
2888 3213 3065 3278 modo,
3102 3221 3160 3268 ut
3190 3212 3248 3267 in
3279 3218 3587 3274 necessario
3617 3229 3667 3275 et

234 3316 601 3389 impossibile
632 3322 733 3371 est.
769 3316 916 3387 Ergo
941 3315 1000 3370 in
1036 3314 1122 3370 his
1152 3328 1507 3384 quaecunque
1547 3318 1675 3367 actu
1735 3316 1892 3379 sunt,

235 3405 318 3459 hae
341 3407 480 3460 duae
502 3404 921 3476 propositiones
946 3404 1219 3474 possibile
1241 3407 1489 3470 estesse,
1512 3398 1784 3472 possibile
1813 3406 1896 3454 est

235 3511 352 3551 non
379 3511 530 3561 esse,
556 3495 717 3550 nulla
732 3496 951 3550 ratione
972 3494 1342 3550 conveniunt.
1365 3493 1428 3548 In
1446 3492 1533 3548 his
1554 3499 1743 3548 autem
1775 3506 1896 3561 quae

237 3602 354 3641 non
385 3601 621 3657 semper
652 3592 780 3640 actu
813 3592 969 3652 sunt,
1003 3592 1056 3640 et
1087 3591 1219 3639 sunt
1251 3582 1543 3653 possibilia
1572 3598 1714 3647 esse,
1762 3596 1899 3636 con-

242 3676 439 3730 venire
472 3681 715 3745 possunt
758 3674 1196 3743 propositiones,
1240 3673 1298 3728 id
1346 3679 1451 3741 est,
1503 3669 1768 3741 possibile
1819 3676 1902 3723 est

242 3781 365 3819 esse
385 3770 443 3820 ct
468 3764 745 3835 possibile
767 3767 852 3819 est
873 3779 987 3818 non
1005 3778 1148 3819 esse.
1184 3761 1309 3819 Non
1360 3767 1449 3817 est
1495 3764 1647 3817 enim
1679 3773 1905 3829 semper

241 3864 371 3909 actu
406 3852 628 3924 pluvia,
660 3858 715 3908 et
744 3850 1017 3923 possibile
1045 3856 1133 3907 est
1188 3866 1311 3907 esse
1358 3850 1688 3919 aliquando,
1735 3863 1907 3919 quare

238 3945 526 4014 possibile
546 3950 631 3999 est
656 3958 782 3998 eam
807 3944 1117 4014 aliquando
1141 3958 1258 3999 non
1281 3958 1428 3998 esse.
1457 3942 1583 3997 llaec
1610 3941 1781 4011 igitur
1813 3956 1907 3993 ra-

237 4034 315 4089 tio
357 4042 448 4089 est
480 4048 584 4089 cur
614 4036 867 4102 utraeque
898 4032 1278 4088 inveniuntur
1306 4046 1471 4099 verae,
1503 4030 1651 4101 quod
1702 4028 1760 4084 in
1824 4029 1911 4083 his

238 4122 741 4192 possibilitatibus,
775 4137 901 4193 quae
934 4137 1052 4177 non
1083 4136 1307 4190 semper
1338 4127 1471 4175 sunt
1500 4125 1650 4184 actu,
1684 4122 1740 4173 et
1786 4132 1913 4172 esse

237 4212 491 4283 aliquid,
514 4220 568 4267 et
601 4226 717 4266 non
745 4226 867 4265 esse
889 4211 1210 4281 contingit;
1237 4224 1413 4280 quare
1435 4208 1483 4263 si
1504 4209 1630 4278 ejus
1650 4207 1799 4277 quod
1834 4213 1916 4261 est

240 4302 523 4371 possibile
548 4308 633 4356 est
662 4316 811 4366 esse,
841 4299 1069 4370 negatio
1098 4306 1177 4355 est
1208 4314 1273 4353 ea
1304 4315 1431 4369 quae
1460 4298 1619 4363 dicit,
1649 4295 1918 4366 possibile

240 4400 327 4447 est
367 4406 491 4446 non
517 4406 670 4455 esse,
696 4392 753 4445 in
777 4391 974 4445 eodem
997 4389 1167 4444 simul
1192 4397 1246 4443 et
1274 4387 1579 4443 affirmatio
1608 4389 1665 4440 et
1696 4385 1919 4454 negatio

242 4488 416 4535 erunt
449 4495 628 4548 verae,
656 4486 713 4534 et
741 4478 832 4533 cui
868 4479 947 4534 rei
996 4478 1147 4533 inest
1190 4476 1517 4542 afﬁrmatio,
1574 4482 1635 4529 ut
1682 4474 1753 4528 sit
1800 4488 1922 4528 esse

2012 3295 2374 3368 impossibili.
2406 3299 2573 3353 Fiunt
2601 3300 2750 3353 enim
2781 3301 3237 3370 quemadmodum
3268 3305 3327 3359 in
3375 3305 3504 3362 illis
3550 3326 3666 3365 esse

2007 3389 2057 3443 et
2088 3402 2195 3441 non
2226 3402 2342 3442 esse
2371 3386 2759 3458 oppositiones,
2790 3389 3028 3460 subjecta
3058 3407 3184 3447 vero
3214 3408 3319 3461 res,
3374 3395 3474 3451 hoc
3534 3398 3665 3468 qui-

2011 3476 2131 3532 dem
2160 3476 2371 3544 album,
2401 3475 2555 3532 illud
2580 3492 2702 3532 vero
2733 3477 2915 3533 homo.

2084 3584 2149 3638 Et
2180 3583 2239 3637 in
2270 3582 2423 3651 aliis,
2454 3582 2660 3654 inquit,
2694 3585 2964 3640 omnibus
2998 3585 3145 3643 idem
3184 3589 3505 3647 faciendum
3539 3603 3659 3649 est:

2012 3674 2333 3728 secundum
2365 3674 2600 3729 modum
2631 3674 2787 3729 enim
2820 3677 3047 3745 negatio
3082 3682 3343 3747 ponenda
3383 3688 3485 3750 est,
3521 3692 3579 3738 ut
3612 3693 3663 3745 si

2013 3761 2353 3831 contingens
2384 3766 2469 3816 est
2500 3763 2569 3816 ad
2603 3764 2957 3833 contingere,
2990 3766 3035 3819 si
3064 3768 3352 3835 possibilis
3380 3773 3447 3826 ad
3484 3774 3667 3841 possi-

2018 3849 2149 3919 bile,
2175 3851 2221 3905 si
2243 3851 2695 3921 impossibilisad
2722 3853 3101 3924 impossibile,
3126 3857 3169 3911 si
3196 3863 3579 3917 necessarium
3603 3863 3676 3917 ad

2020 3940 2411 3995 necessarium
2457 3944 2681 4010 negatio
2726 3943 3125 4013 coniungatur.
3171 3948 3664 4011 Quemadmodum

2020 4028 2201 4093 enim,
2236 4029 2442 4098 inquit,
2476 4029 2536 4081 in
2583 4027 2670 4082 his
2719 4046 2845 4099 quae
2885 4038 3091 4101 praeter
3142 4036 3371 4090 modum
3422 4038 3673 4108 aliquem

2024 4123 2179 4181 sunt,
2212 4123 2266 4171 et
2294 4116 2510 4186 aliquid
2543 4131 2664 4171 esse
2698 4126 3045 4188 proponunt,
3072 4136 3197 4176 esse
3221 4124 3450 4193 quidem
3474 4134 3530 4179 et
3560 4142 3674 4181 non

2025 4221 2146 4262 esse
2167 4205 2555 4275 appositiones
2579 4207 2860 4276 quaedam,
2881 4207 2933 4262 id
2958 4216 3039 4263 est
3061 4212 3490 4279 praedicationes
3521 4220 3675 4285 sunt,

2028 4312 2116 4352 res
2146 4312 2280 4352 vero
2314 4296 2608 4365 subjectae,
2643 4304 2705 4350 ut
2738 4297 2797 4351 in
2830 4312 2894 4352 eo
2926 4299 3075 4368 quod
3108 4308 3210 4368 est,
3263 4302 3430 4359 homo
3488 4313 3591 4371 est,
3624 4310 3681 4362 et

2030 4386 2200 4441 homo
2232 4401 2349 4440 non
2380 4388 2486 4451 est,
2541 4385 2709 4440 homo
2757 4387 2906 4456 quod
2956 4392 3041 4443 est
3085 4405 3174 4444 res
3217 4391 3538 4462 subjectum
3572 4403 3677 4451 est.

2030 4473 2329 4544 Appositio
2360 4480 2547 4527 autem
2577 4474 2833 4542 quaedam
2869 4482 2921 4529 et
2954 4477 3285 4545 praedicatio
3330 4487 3415 4536 est
3461 4491 3515 4537 et
3562 4499 3678 4538 non

245 4569 553 4637 possibile,
579 4569 764 4624 eidem
791 4583 990 4623 rursus
1014 4566 1183 4622 inerit
1206 4566 1522 4635 negatiomt
1551 4564 1626 4618 sit
1650 4560 1921 4632 possibile
1956 4605 1998 4670 Β
2031 4570 2135 4626 est,
2168 4562 2257 4617 vel
2290 4561 2351 4616 in
2381 4576 2447 4616 eo
2480 4561 2629 4631 quod
2660 4561 2868 4617 dicitur
2898 4563 3087 4620 album
3122 4576 3205 4623 est
3235 4576 3289 4625 et
3317 4570 3511 4625 album
3566 4588 3682 4627 non

835 4664 843 4670 .
1016 4658 1026 4670 .
1160 4655 1172 4670 .
1242 4655 1371 4670 .
1497 4660 1508 4670 .
1567 4653 1670 4670 μ
1719 4657 1732 4670 ι
1776 4652 1915 4670 μα,
2177 4650 2356 4670 κιιηω
2393 4651 2718 4670 ---μω
3085 4660 3094 4670 .
3338 4658 3366 4670 ο»
3578 4669 3581 4670 ν

247 4673 365 4713 non
400 4674 552 4725 esse,
589 4674 766 4729 quare
795 4664 853 4713 et
882 4658 1030 4728 quod
1062 4655 1409 4712 ambulabile
1432 4660 1534 4721 est,
1565 4653 1623 4708 id
1650 4657 1739 4707 est
1768 4652 1920 4722 quod

248 4749 561 4803 ambulare
593 4755 795 4817 potest,
826 4750 1015 4816 potest
1038 4762 1154 4801 non
1176 4744 1497 4812 ambulare,
1531 4752 1583 4799 et
1616 4743 1763 4812 quod
1797 4742 1924 4799 visi.

245 4835 361 4892 bile
392 4845 505 4904 est,
533 4837 587 4892 id
614 4844 696 4891 est
723 4836 873 4906 quod
909 4835 1089 4890 videri
1121 4838 1324 4906 potest,
1361 4840 1544 4903 potest
1573 4831 1745 4887 etiam
1808 4846 1925 4885 non

242 4926 427 4980 videri
455 4943 471 4992 ;
504 4925 605 4980 sed
638 4924 994 4995 impossibile
1028 4932 1112 4979 est
1144 4931 1205 4978 ut
1232 4924 1303 4979 de
1326 4924 1523 4977 eodem
1575 4920 1845 4991 oppositae
1872 4923 1928 4974 et

243 5015 715 5085 contrajacentes
753 5014 1033 5070 dictiones
1060 5012 1229 5069 simul
1251 5028 1391 5068 verae
1420 5011 1553 5067 sint.
1575 5010 1637 5065 ln
1660 5008 1928 5065 omnibus

241 5105 409 5159 enim
441 5111 547 5158 aut
594 5104 903 5159 attirmatio
960 5119 1091 5159 vera
1141 5110 1222 5158 est
1263 5108 1354 5157 aut
1404 5101 1649 5169 negatio.
1696 5098 1751 5153 Si
1796 5112 1928 5168 ergo

236 5192 416 5248 factis
450 5192 866 5261 negationibus
889 5192 1213 5247 secundum
1246 5205 1370 5246 esse
1401 5196 1454 5243 et
1501 5203 1617 5243 non
1669 5202 1817 5251 esse,
1867 5186 1928 5240 in

241 5283 341 5339 his
378 5298 516 5354 qua:
547 5284 863 5337 secundum
897 5280 1146 5353 aliquem
1176 5281 1410 5336 modum
1442 5278 1729 5345 dicuntur,
1769 5276 1926 5330 affir-

231 5380 433 5428 matio
454 5381 511 5426 et
544 5373 776 5444 negatio
825 5380 1076 5442 utraeque
1108 5374 1242 5426 sunt.
1275 5385 1437 5437 verae,
1472 5368 1618 5437 quod
1662 5365 1781 5421 ﬁeri
1812 5380 1930 5421 non

2031 4656 2138 4721 est,
2171 4650 2361 4706 album
2387 4651 2615 4720 quidem
2635 4666 2722 4706 res
2745 4652 2997 4723 subjecta
3017 4660 3123 4723 est,
3153 4658 3477 4728 appositum
3496 4669 3686 4715 autem

2035 4755 2089 4796 ei
2122 4741 2509 4811 praedicatum,
2544 4748 2627 4795 est
2659 4749 2711 4793 et
2742 4757 2855 4795 non
2889 4751 2990 4797 est.
3021 4748 3099 4799 Ita
3123 4762 3350 4819 quoque
3373 4749 3427 4802 in
3457 4749 3541 4803 his
3563 4765 3687 4819 qua:

2036 4830 2356 4885 secundum
2390 4828 2640 4899 aliquem
2675 4829 2905 4884 modum
2938 4832 3226 4900 dicuntur,
3277 4853 3397 4892 esse
3458 4839 3685 4908 quidem

2037 4918 2356 4988 subjectum
2411 4923 2518 4985 est,
2568 4917 2719 4972 velut
2768 4921 3024 4986 quazdam
3084 4939 3191 4978 res.
3253 4924 3456 4981 Modus
3501 4935 3687 4982 autem

2039 5008 2234 5063 deesse
2257 5006 2597 5076 praedicatur
2622 5023 2634 5073 ;
2658 5022 2785 5060 nam
2812 5022 2943 5062 cum
2969 5010 3416 5083 dicimus,hodie
3440 5015 3690 5087 pluviam

2039 5111 2164 5151 esse
2191 5094 2466 5165 possibile
2497 5098 2603 5162 est,
2637 5111 2759 5150 esse
2788 5096 3159 5167 subjecimus,
3196 5103 3466 5171 possibile
3492 5106 3693 5174 praedi-

2040 5199 2257 5251 camus,
2290 5193 2344 5239 et
2375 5183 2455 5238 sic
2487 5191 2659 5238 totam
2692 5182 2804 5238 vim
2828 5184 2885 5239 in
2914 5191 3397 5258 propositionibus
3419 5196 3693 5263 praedica-

2040 5274 2120 5329 tio
2154 5280 2324 5340 tenet,
2354 5281 2405 5327 et
2438 5272 2827 5342 simplicibus,
2860 5283 2917 5329 et.
2944 5286 3148 5346 praeter
3206 5282 3441 5337 modum
3476 5284 3694 5353 quoties

2039 5362 2252 5433 aliquid
2288 5377 2410 5417 esse
2453 5362 2852 5433 praedicamus,
2904 5373 2963 5420 ut
3010 5368 3068 5422 in
3111 5385 3175 5425 eo
3224 5373 3372 5439 quod
3424 5372 3691 5439 dicimus,

2042 5451 2215 5507 homo
2246 5459 2349 5517 est,
2384 5458 2555 5505 totam
2589 5454 2996 5521 propositionis
3027 5458 3139 5513 vim
3173 5460 3429 5515 continet
3461 5462 3692 5515 verbum

2043 5548 2147 5607 est,
2184 5540 2259 5595 ita
2285 5554 2510 5609 quoque
2539 5539 2596 5593 in
2634 5538 2719 5594 his
2741 5557 2865 5611 qua:
2888 5548 3201 5603 secundum
3226 5550 3459 5603 modum
3490 5549 3696 5603 dicun—

2046 5644 2154 5696 tur,
2188 5628 2462 5700 quoniam
2497 5636 2667 5685 totam
2702 5634 3144 5701 propositionem
3179 5638 3431 5691 continet
3466 5637 3693 5704 modus,

2043 5726 2139 5775 aut
2171 5716 3027 5791 possibilis,autcontingentis,
3056 5733 3153 5779 aut
3184 5725 3579 5795 impossibilis,
3601 5735 3698 5783 aut

225 5469 475 5533 potest,
503 5460 647 5515 illud
682 5459 864 5530 magis
896 5461 1207 5515 dicendum
1241 5462 1347 5523 est,
1382 5473 1497 5512 non
1528 5456 1820 5511 faciendae
1843 5470 1929 5508 se-

221 5554 523 5609 cundum
556 5566 679 5605 esse
712 5556 765 5604 et
798 5565 913 5605 non
946 5564 1069 5605 esse
1101 5548 1451 5617 negationes,
1486 5546 1580 5600 sed
1614 5544 1803 5615 potius
1842 5559 1931 5598 se-

217 5642 521 5697 cundum
555 5640 786 5694 modum
816 5656 829 5705 ;
866 5639 1017 5709 quod
1052 5639 1098 5694 si
1131 5637 1273 5692 illud
1300 5644 1385 5691 est
1410 5632 1847 5705 impossibilius,
1873 5638 1934 5685 ut

244 5726 571 5784 afﬁrmatio
594 5735 649 5782 et
674 5728 903 5798 negatio
930 5726 1100 5783 simul
1122 5743 1267 5784 verae
1300 5728 1433 5797 sint,
1469 5722 1613 5780 illud
1646 5721 1827 5791 magis
1850 5728 1933 5775 est
