4090 6184
447 381 560 436 367

448 508 784 579 necessarii,
821 507 939 562 haec
969 504 1284 576 praedicari,
1346 519 1432 558 res
1476 519 1606 559 vero
1658 503 1783 558 aliae
1834 504 2102 573 subjectae
2133 504 2188 570 Α

449 613 573 653 esse
601 599 884 652 dicuntur.
924 597 1035 649 lloc
1066 594 1218 648 enim
1254 593 1400 663 quod
1437 594 1548 648 ait:

522 715 613 769 Sic
641 715 739 768 hoc
768 714 905 776 loco,
938 726 1052 766 esse
1079 710 1303 783 quidem
1333 719 1382 766 et
1412 727 1522 766 non
1543 727 1654 765 esse
1669 711 2092 780 subjecta/iuni,

447 819 604 875 posse
633 817 755 856 vero
785 806 835 855 et
863 799 1183 869 contingere
1239 801 1606 871 oppositiones
1657 801 2097 856 determinuntes

446 890 901 962 quemadmodum
934 891 993 943 in
1023 889 1146 944 illis
1177 905 1293 944 esse
1321 895 1376 944 et
1405 905 1512 944 non
1539 905 1650 944 esse
1700 890 1989 944 veritatem
2047 896 2098 944 et

442 980 770 1050 falsitatem,
800 981 878 1032 sic
907 977 996 1033 hic
1026 977 1084 1033 in
1117 994 1179 1034 eo
1210 978 1351 1050 quod
1387 985 1488 1048 est,
1537 994 1653 1034 esse
1698 977 1977 1049 possibile,
2043 985 2096 1033 et

443 1084 558 1124 esse
586 1084 699 1122 non
726 1067 1010 1137 possibile.

516 1174 659 1229 Nam
693 1175 1172 1245 quemadmodum
1204 1174 1262 1229 in
1295 1173 1658 1244 simplicibus
1685 1173 1730 1228 si
1763 1175 1832 1228 ad
1868 1189 1989 1228 esse
2047 1179 2100 1228 et

445 1279 560 1319 non
585 1279 706 1318 esse
725 1263 1055 1334 negationes
1081 1263 1240 1330 ﬁant,
1265 1279 1376 1318 una
1399 1279 1626 1332 semper
1645 1279 1772 1317 vera
1793 1273 1896 1331 est,
1920 1262 2099 1318 altera

446 1369 672 1423 semper
702 1353 863 1421 falsa,
893 1353 968 1407 ita
998 1369 1221 1422 quoque
1252 1353 1311 1406 in
1351 1353 1435 1406 his
1465 1368 1589 1422 quae
1620 1353 1937 1408 secundum
1973 1368 2098 1406 mo-

445 1443 581 1498 dum
613 1441 904 1506 dicuntur,
937 1443 982 1495 si
1015 1442 1082 1496 ad
1119 1441 1303 1510 ipsum
1330 1443 1560 1496 modum
1583 1442 1905 1496 enuntiatio
1930 1457 2099 1509 nega-

445 1531 618 1586 tionis
637 1535 879 1600 aptetur,
904 1530 1056 1585 velut
1081 1530 1149 1583 ad
1174 1531 1442 1599 quasdam
1470 1530 1863 1600 appositiones
1895 1530 2098 1598 praedi-

445 1619 818 1688 cationesque
850 1618 1053 1673 veritas
1084 1619 1141 1672 in
1175 1618 1632 1688 appositionibus
1661 1626 1716 1673 et
1747 1617 1960 1673 falsitas
1983 1623 2100 1672 ter-

447 1708 659 1762 minata
688 1707 980 1762 dividitur.
1016 1709 1196 1776 Atque
1230 1707 1335 1762 hoc
1364 1713 1450 1761 est
1485 1708 1627 1776 quod
1671 1707 1770 1761 ait.
1826 1705 2101 1762 Similiter

445 1797 531 1852 hze
562 1796 732 1850 etiam
764 1796 824 1850 in
857 1810 924 1851 eo
954 1797 1102 1866 quod
1135 1803 1365 1851 estesse
1398 1794 1664 1866 possibile
1714 1799 1771 1849 et
1833 1811 1954 1850 esse
1985 1811 2099 1851 non

447 1884 739 1957 possibile.
773 1885 1048 1940 Similiter
1077 1885 1230 1940 enim
1262 1885 1579 1940 secundum
1607 1883 1880 1955 possibile
1905 1889 1960 1939 et
1991 1901 2104 1940 non

448 1973 722 2045 possibile
752 1973 902 2030 facta
924 1974 1232 2045 oppositio,
1254 1976 1546 2030 veritatem
1573 1974 1996 2043 falsitaten'que
2017 1974 2115 2028 de-

456 2063 749 2126 terminat,
774 2064 926 2118 sicut
951 2064 1014 2118 in
1044 2063 1411 2132 simplicibus
1441 2067 1500 2118 et
1531 2069 1732 2132 printer
1763 2063 1995 2117 modum
2023 2078 2118 2134 po-

463 2151 590 2207 sitis
621 2152 939 2208 secundum
971 2167 1098 2208 esse
1128 2160 1181 2207 et
1232 2169 1347 2208 non
1395 2167 1518 2207 esse
1563 2151 1810 2222 negatio.
1864 2152 2008 2206 lliuc
2056 2152 2115 2206 in

468 2238 735 2295 omnibus
761 2241 1075 2296 secundum
1109 2241 1342 2296 modum
1363 2239 1862 2309 allirmationibus,
1887 2239 2114 2311 opposi-

467 2330 655 2385 tiones
675 2329 879 2398 digerit
900 2329 1363 2384 conveuientium
1381 2329 2114 2400 negationum,dicitenim:

536 2445 670 2516 Ejus
687 2461 813 2500 vero
833 2459 958 2516 qua
982 2453 1078 2512 εει,
1102 2445 1365 2516 possibile
1384 2449 1464 2500 est
1485 2461 1593 2499 non
1614 2461 1747 2512 esse,
1771 2449 1997 2512 negatio
2015 2453 2115 2509 est,

465 2549 573 2588 non
596 2550 656 2588 ea
673 2549 798 2604 quae
817 2537 913 2600 est,
939 2549 1048 2588 non
1069 2533 1338 2600 possibile
1366 2541 1586 2600 estesse,
1630 2533 1722 2588 sed
1765 2551 1829 2588 ea
1859 2548 1987 2604 quae
2016 2542 2113 2596 est,

467 2639 577 2678 non
594 2625 861 2694 possibile
881 2632 959 2678 est
975 2639 1082 2678 non
1106 2639 1236 2678 esse.
1261 2625 1324 2678 Et
1353 2625 1468 2692 ejus
1493 2637 1616 2694 qua?
1635 2626 1734 2693 est,
1755 2624 2020 2694 possibile
2034 2627 2116 2676 est

459 2728 595 2781 esse,
618 2728 728 2767 non
749 2727 812 2767 ea
833 2729 951 2783 quae
973 2721 1074 2778 est,
1097 2712 1354 2779 possibile
1373 2716 1452 2766 est
1472 2727 1582 2767 non
1603 2727 1733 2780 esse,
1759 2714 1850 2767 sed
1869 2727 1933 2766 ea
1990 2725 2115 2782 quae

462 2810 562 2865 est,
594 2816 702 2856 non
717 2801 980 2872 possibile
1000 2806 1077 2856 est
1097 2817 1225 2856 esse.
1252 2802 1431 2869 Quare
1453 2805 1505 2856 et
1532 2801 1690 2870 sequi
1717 2816 1834 2855 sese
1879 2801 2115 2855 invicem

462 2890 940 2958 videbunturJisec
958 2889 1222 2960 possibile
1245 2900 1320 2945 est
1342 2889 1740 2960 esse,possibile
1760 2895 1958 2944 estnon
1972 2905 2110 2945 esse.

460 2979 610 3034 Idem
629 2979 777 3034 enim
798 2980 1056 3049 possibile
1097 2985 1181 3034 est
1223 2995 1357 3048 esse,
1404 2986 1457 3032 et
1503 2995 1614 3034 non
1645 2995 1779 3033 esse.
1812 2980 1928 3034 Non
1962 2981 2114 3032 enim

461 3070 920 3124 contradictiones
940 3078 1068 3124 sunt
1087 3068 1204 3124 sibi
1229 3068 1465 3124 invicem
1491 3068 1824 3139 hujusmodi,
1850 3068 2114 3139 possibile

464 3175 577 3213 esse
605 3163 655 3212 et
683 3159 944 3227 possibile
970 3176 1078 3214 non
1110 3175 1241 3214 esse.
1303 3159 1404 3213 Sed
1453 3158 1714 3229 possibile
1759 3165 1836 3213 est
1893 3174 2027 3224 esse,
2063 3162 2114 3212 et

457 3263 567 3300 non
599 3247 859 3317 possibile
888 3256 965 3302 est
989 3263 1123 3314 esse,
1155 3265 1442 3318 nunquam
1469 3249 1634 3302 simul
1667 3247 1726 3302 in
1756 3247 1941 3302 eodem
1963 3263 2106 3302 verae
2139 3235 2182 3301 C

462 3338 613 3404 sunt,
635 3339 987 3405 opponuntur
1005 3335 1168 3390 enim.
1191 3337 1255 3390 At
1277 3353 1422 3400 vero,
1468 3353 1565 3390 nec
1599 3335 1864 3406 possibile
1893 3341 1971 3390 est
2001 3353 2109 3390 non

461 3439 595 3490 esse,
621 3429 673 3478 et
695 3440 805 3478 non
820 3424 1082 3495 possibile
1104 3430 1186 3479 est
1209 3441 1314 3479 non
1339 3441 1760 3494 esse,nunquam
1783 3426 1953 3479 simul
1972 3442 2111 3480 verae

461 3522 608 3568 siml.
625 3514 898 3568 Similiter
915 3523 1099 3568 autem
1126 3519 1178 3570 et
1208 3515 1325 3585 ejus
1348 3528 1473 3584 qua?
1492 3524 1570 3569 est
1595 3516 1962 3568 necessarium
1980 3530 2112 3582 esse,

460 3619 568 3658 non
591 3621 653 3658 ea
676 3619 800 3674 qua:
820 3612 920 3667 est,
944 3605 1317 3659 necessarium
1336 3620 1447 3658 non
1467 3619 1598 3670 esse,
1625 3606 1839 3674 negatio
1889 3609 1987 3670 est,
2020 3605 2113 3658 sed

459 3709 522 3746 ea
547 3699 788 3764 quaeest,
821 3708 930 3748 non
957 3696 1326 3748 necessarium
1357 3709 1492 3748 esse.
1524 3693 1650 3759 Ejus
1676 3708 1800 3748 vero
1833 3707 1955 3763 qum
2009 3698 2108 3760 est,

457 3784 831 3837 necessarium
861 3786 940 3838 est
971 3797 1077 3835 non
1109 3799 1238 3849 esse,
1273 3799 1330 3836 ea
1358 3799 1476 3853 quae
1497 3788 1592 3847 est,
1613 3799 1717 3836 non
1744 3781 2112 3837 necessarium

463 3876 546 3924 est
578 3888 692 3924 non
722 3887 853 3926 esse.
888 3872 952 3925 Et
981 3871 1100 3941 ejus
1130 3888 1249 3941 quae
1280 3877 1378 3939 est,
1416 3871 1754 3942 impossibile
1806 3887 1942 3934 esse,
1996 3889 2109 3925 non

458 3975 522 4013 ea
555 3974 680 4029 quae
717 3969 817 4028 est,
852 3961 1190 4031 impossibile
1217 3977 1326 4016 non
1361 3976 1492 4026 esse,
1557 3961 1652 4014 sed
1700 3975 1808 4014 non
1860 3961 2110 4030 impossi-

461 4047 570 4102 bile
599 4053 702 4113 est,
736 4049 856 4119 ejus
887 4065 1012 4104 vero
1035 4065 1161 4120 qum
1189 4054 1290 4115 est,
1323 4048 1658 4119 impossibile
1703 4065 1815 4104 non
1865 4064 1998 4114 esse,
2048 4066 2111 4104 ea

458 4153 585 4208 qua:
613 4144 716 4205 est,
746 4155 857 4193 non
888 4138 1229 4209 impossibile
1258 4142 1333 4193 est
1363 4155 1472 4194 non
1501 4154 1635 4193 esse.

534 4255 602 4310 Ut
633 4257 986 4310 demonstret
1020 4271 1142 4310 eam
1179 4272 1300 4326 quin
1332 4255 1487 4320 dicit,
1543 4253 1817 4326 possibile
1866 4263 1946 4309 est
1995 4270 2111 4310 non

459 4359 604 4408 esse,
637 4361 749 4399 non
783 4347 950 4400 modo
985 4362 1098 4399 non
1133 4362 1257 4400 esse
1290 4348 1652 4415 negationem
1686 4345 1808 4413 ejus
1841 4360 1968 4415 quae
2007 4352 2109 4410 est,

457 4435 729 4503 possibile
750 4445 830 4490 est
855 4453 999 4499 esse,
1024 4438 1116 4490 sed
1144 4437 1380 4492 omnino
1429 4436 1790 4506 negationem
1820 4451 1932 4490 non
1969 4451 2110 4502 esse,

458 4526 628 4594 hujus
660 4525 826 4580 aliam
863 4527 1076 4580 invenit
1111 4529 1491 4596 negationem.
1532 4526 1814 4595 Namejus
1865 4541 1988 4595 quae
2007 4533 2110 4590 est,

1739 380 1858 432 AN.
1899 379 2119 432 MANL.
2162 379 2321 433 BEV.
2361 379 2600 434 BOETII

3721 381 3808 436 368

2216 511 2265 558 et
2299 521 2413 560 non
2448 505 2716 576 possibile
2734 511 2977 561 estesse.
3005 506 3133 560 Huic
3158 503 3309 559 enim
3334 503 3412 558 ita
3430 522 3457 559 a
3481 521 3532 560 se
3549 506 3794 575 disjunctai

2207 606 2364 665 sunt,
2391 605 2444 650 ut
2469 597 2635 652 simul
2669 613 2790 651 esse
2819 613 2930 650 non
2967 596 3202 666 possint.
3257 594 3469 650 Idcirco
3514 604 3680 651 autem
3709 597 3801 654 hoc

2207 687 2413 750 evenit,
2439 687 2705 754 quoniam
2743 694 2875 740 sunt
2898 686 3202 755 oppositas;
3231 685 3800 754 semperigitursecuu-

2205 774 2341 829 dum
2373 775 2606 830 modum
2643 776 2905 845 ponenda
2938 775 3163 840 negatio
3187 781 3289 840 est,
3315 774 3361 827 si
3395 773 3598 843 integra
3616 775 3810 843 Opposi-

2207 863 2376 918 tionis
2410 869 2609 919 natura
2640 865 2897 920 facienda
2927 871 3034 927 est,
3067 863 3217 934 quod
3254 860 3571 931 planissime
3617 863 3808 933 exequi-

2207 959 2314 1019 tur,
2343 953 2586 1025 singulis
2621 953 3067 1024 prOpositionum
3090 951 3274 1007 modis
3297 950 3597 1020 negationis
3615 967 3810 1006 accom-

2206 1043 2470 1108 modans,
2501 1051 2668 1114 atque
2699 1043 2948 1111 integras
2979 1041 3314 1096 naturaliter
3342 1040 3585 1095 efﬁciens
3613 1040 3817 1112 opposi-

2205 1133 2412 1188 tiones.
2447 1135 2516 1186 At
2546 1148 2700 1198 vero,
2739 1134 2945 1202 inquit,
2977 1147 3039 1186 ea
3072 1147 3193 1202 quae
3225 1138 3308 1186 est
3341 1129 3594 1199 possibile
3617 1137 3690 1184 est
3716 1145 3817 1184 nou

2207 1237 2351 1291 esse,
2382 1237 2510 1276 cum
2535 1238 2599 1276 ea
2629 1237 2753 1291 quze
2786 1222 2942 1287 dicit,
2977 1237 3093 1275 non
3127 1217 3398 1290 possibile
3429 1224 3509 1272 est
3540 1233 3646 1272 non
3697 1233 3820 1283 esse,

2207 1309 2374 1364 simul
2400 1327 2520 1365 esse
2543 1327 2655 1366 non
2683 1310 2903 1379 poterit.
2934 1309 3189 1379 Namque
3211 1307 3500 1379 oppositas
3520 1321 3632 1360 esse
3662 1306 3822 1360 mani-

2208 1398 2414 1454 festum
2445 1406 2550 1465 est,
2587 1399 2872 1469 siquidem
2909 1398 3114 1452 harum
3147 1396 3375 1465 negatio
3406 1395 3475 1449 ad
3511 1394 3725 1449 modum
3758 1400 3832 1448 est

2211 1489 2413 1559 posita,
2443 1490 2542 1560 qui
2574 1497 2660 1544 est
2692 1489 2963 1560 possibile
3008 1503 3152 1554 esse,
3201 1486 3320 1554 ejus
3371 1492 3554 1538 autem
3606 1498 3716 1553 quas
3761 1489 3832 1536 est

2208 1580 2599 1635 necessarium
2633 1586 2714 1634 est
2746 1593 2889 1643 esse,
2923 1593 3038 1632 non
3091 1581 3312 1646 oportet
3360 1573 3470 1628 dici
3523 1572 3674 1626 illam
3730 1586 3837 1628 esse

2209 1667 2592 1737 negationem,
2625 1684 2724 1738 per
2757 1682 2924 1738 quam
2959 1665 3194 1730 dicitur,
3229 1662 3612 1718 necessarium
3641 1669 3836 1715 estnon

2209 1773 2372 1822 esse;
2405 1756 2577 1826 hujus
2609 1756 2762 1811 enim
2799 1755 2908 1809 alia
2941 1754 3164 1823 negatio
3195 1751 3445 1806 inveniri
3479 1756 3674 1820 potest,
3714 1764 3837 1819 quo-

2139 1871 2186 1934 B
2215 1845 2372 1900 niam
2393 1851 2477 1902 est
2504 1845 2812 1900 afﬁrmatio
2839 1844 3116 1913 quaedam,
3149 1847 3234 1897 est
3263 1845 3456 1896 autem
3491 1840 3611 1908 ejus
3644 1837 3842 1907 negatio

2223 1949 2285 1988 ea
2318 1949 2438 2004 quae
2462 1934 2618 2003 dicit,
2645 1949 2759 1988 non
2782 1931 3166 1988 necessarium
3183 1937 3265 1986 est
3288 1944 3409 1984 non
3455 1943 3599 1982 esse.
3628 1928 3726 1980 Sed
3754 1941 3846 1996 po-

2223 2024 2334 2078 tius
2361 2023 2409 2080 ei
2443 2038 2564 2094 que:
2587 2022 2728 2076 dicit
2751 2021 3135 2078 necessarium
3159 2024 3246 2074 est
3272 2034 3421 2082 esse,
3448 2032 3514 2072 ea
3538 2014 3851 2086 Opponenda

2223 2121 2306 2167 est
2337 2129 2460 2182 quae
2489 2112 2648 2173 dicit.
2683 2127 2798 2166 non
2832 2109 3212 2167 necessarium
3246 2112 3334 2162 est
3388 2121 3551 2173 esse;
3599 2105 3664 2158 ad
3713 2102 3853 2157 illam

2222 2218 2468 2273 namque
2497 2217 2618 2272 quae
2651 2200 2812 2267 dicit,
2845 2198 3228 2255 necessarium
3251 2204 3336 2252 est
3357 2212 3476 2251 non
3503 2209 3624 2250 esse
3645 2192 3860 2263 Opponi-

2221 2295 2312 2346 tur
2342 2296 2426 2359 (ut
2458 2293 2674 2346 dictum
2705 2291 2832 2360 est),
2865 2305 2980 2345 non
3015 2286 3413 2343 necessarium
3446 2291 3532 2340 est
3565 2297 3680 2338 non
3733 2294 3860 2336 esse.

2223 2381 2356 2451 Ejus
2387 2395 2607 2450 quoque
2637 2395 2757 2449 quae
2789 2384 2898 2444 est,
2928 2373 3285 2446 impossibile
3313 2383 3401 2428 est
3432 2389 3578 2440 esse,
3631 2385 3742 2426 non
3788 2369 3865 2422 di-

2222 2470 2402 2525 cenda
2433 2476 2517 2524 est
2545 2467 2643 2523 illa
2675 2482 2797 2522 esse
2831 2465 3058 2534 negatio
3089 2480 3187 2534 per
3217 2478 3396 2533 quam
3445 2461 3714 2524 dicimus,
3768 2458 3866 2511 im-

2221 2559 2493 2630 possibile
2524 2563 2753 2615 estnon
2784 2573 2927 2624 esse,
2953 2558 3046 2612 sed
3081 2572 3145 2612 ea
3180 2555 3374 2625 potius
3425 2569 3550 2624 quae
3597 2549 3867 2623 proponit,

2220 2664 2334 2704 non
2359 2645 2712 2717 impossibile
2745 2654 2992 2702 estesse.
3012 2643 3263 2714 Namque
3285 2643 3618 2698 afﬁrmatio
3638 2639 3873 2709 quaedam

2219 2745 2322 2804 est,
2357 2735 2690 2808 impossible
2721 2743 2804 2790 est
2834 2751 2950 2790 non
2984 2749 3125 2789 esse.
3164 2733 3351 2802 Hujus
3383 2733 3547 2788 enim
3605 2726 3875 2784 invenitur

2221 2826 2448 2895 negatio
2479 2841 2602 2895 quae
2635 2831 2738 2890 est,
2768 2839 2885 2879 non
2918 2821 3272 2893 impossibile
3304 2829 3395 2877 est
3428 2837 3548 2876 non
3584 2834 3724 2875 esse.

2296 2914 2690 2972 Universaliter
2721 2929 2846 2968 vero
2876 2909 3360 2984 (quemadmodum
3394 2910 3616 2966 dictum
3657 2907 3751 2975 est)
3781 2918 3880 2960 esse

2219 3004 2441 3076 quidem
2470 3008 2524 3058 et
2559 3018 2666 3057 non
2697 3018 2814 3057 esse
2844 3005 3052 3072 oportet
3077 3015 3278 3071 ponere
3311 3005 3598 3072 tanquam
3627 2995 3879 3064 subiecta,

2218 3092 2657 3164 afﬁrmationem
2687 3107 2819 3145 vero
2849 3098 2896 3145 et
2928 3091 3272 3160 negationem
3306 3088 3431 3144 haec
3462 3089 3770 3158 facientem
3821 3080 3880 3134 ad

2221 3199 2335 3238 esse
2355 3191 2406 3236 et
2438 3197 2547 3236 non
2574 3195 2689 3236 esse
2719 3195 3010 3251 apponere,
3042 3187 3097 3233 et
3129 3178 3228 3232 has
3256 3183 3473 3248 putare
3523 3179 3734 3248 oportet
3776 3185 3884 3225 esse

2219 3273 2488 3344 oppositas
2517 3271 2808 3331 dictiones.
2840 3267 3123 3339 possibile,
3174 3283 3285 3321 non
3332 3267 3637 3338 possibile,
3687 3260 3885 3318 conlin—

2217 3378 2350 3431 gens
2378 3377 2496 3415 non
2543 3361 2886 3428 contingens,
2935 3356 3298 3427 impossibile,
3344 3373 3466 3410 non
3523 3351 3885 3426 impossibile,

2220 3448 2614 3513 necessarium,
2647 3463 2757 3501 non
2788 3447 3181 3511 necessarium,
3230 3460 3462 3512 verum,
3516 3460 3632 3497 non
3689 3455 3887 3496 verum.

2291 3539 2562 3608 Regulam
2586 3538 2679 3591 dat
2701 3534 3290 3590 universalemdicens
3317 3533 3475 3589 :Hoc
3502 3530 3894 3588 universaliter

2220 3629 2276 3683 in
2299 3625 2571 3682 omnibus
2593 3625 2915 3680 faciendum
2937 3639 3080 3690 esse,
3105 3623 3250 3692 quod
3272 3638 3459 3693 supra
3481 3623 3608 3692 jam
3632 3619 3891 3680 diximus,

2219 3726 2275 3770 ut
2298 3715 2613 3784 subjectum
2633 3730 2754 3768 esse
2775 3722 2828 3769 et
2850 3729 2964 3768 non
2989 3727 3111 3766 esse
3134 3718 3387 3780 ponatur
3429 3707 3896 3765 Alﬁrmationem

2217 3812 2402 3859 autem
2427 3811 2481 3858 et
2500 3805 2861 3870 negationem
2887 3802 3040 3870 ipsos
3061 3799 3260 3854 modos
3308 3800 3637 3854 faciamus.
3678 3801 3798 3851 Hoc
3825 3797 3897 3846 est

2219 3894 2370 3948 enim
2394 3893 2537 3960 quod
2563 3891 3026 3961 ait,negationem
3051 3905 3184 3944 vero
3208 3891 3266 3943 et
3287 3888 3772 3944 alﬁrmationem
3793 3882 3906 3937 haec

2219 3982 2544 4050 iacientem,
2570 3980 2766 4034 modos
2783 3978 2935 4034 enim
2962 3977 3136 4047 ipsos,
3159 3976 3217 4031 id
3236 3985 3322 4031 est
3349 3977 3663 4047 possibile
3693 3983 3747 4030 et
3777 3987 3906 4028 con-

2220 4073 2758 4140 tingensetcaateros
2780 4084 2878 4138 pro
2894 4065 3396 4122 at'ﬁrmationibus
3447 4067 3830 4128 ordinantes,
3858 4061 3911 4114 et

2217 4162 2285 4214 ad
2321 4160 2419 4214 hos
2454 4158 2711 4228 negativo
2741 4157 3004 4211 adverbio
3050 4157 3251 4225 juncto
3307 4173 3430 4226 pro
3488 4151 3910 4226 negationibus

2219 4249 2607 4320 disponentes,
2641 4253 2734 4300 aut
2767 4247 2834 4299 ad
2867 4246 2919 4299 id
2947 4246 3093 4314 quod
3126 4245 3388 4300 dicimus
3414 4255 3535 4312 est,
3572 4253 3631 4301 et
3663 4259 3784 4299 non
3814 4245 3913 4307 est,

2218 4352 2589 4407 apponamus,
2626 4342 2683 4388 ut
2713 4335 3192 4404 quemadmodum
3226 4335 3298 4388 ad
3341 4350 3539 4391 unam
3582 4351 3736 4400 rem,
3771 4329 3912 4401 quod

2219 4436 2299 4483 est
2327 4426 2519 4490 homo,
2552 4433 2634 4479 est
2661 4424 2890 4478 verbum
2922 4427 2979 4477 et
3011 4439 3124 4478 non
3153 4427 3242 4477 est
3292 4425 3581 4490 negatio.
3638 4421 3912 4495 praelice-

2223 4523 2340 4569 t.um
2374 4514 2532 4570 estin
2562 4513 2647 4568 bis
2666 4513 2947 4580 quoddam
2970 4511 3487 4581 prepositionibus
3513 4531 3658 4584 qum
3684 4518 3922 4582 praepter

458 4613 728 4682 possibile
760 4623 840 4670 est
874 4632 988 4670 non
1024 4631 1166 4683 esse,
1200 4631 1366 4685 quam
1399 4616 1796 4669 allirmationis
1831 4615 1953 4668 loco
2012 4631 2108 4682 po-
2142 4608 2186 4671 D
2221 4605 2456 4658 ηιοάυῐη
2488 4609 2640 4665 sum»
2673 4609 2731 4654 υῑ
2762 4602 2820 4654 in
2853 4617 2916 4654 θλ
2949 4616 3232 4668 Ρθνίμιειηι
3263 4601 3578 4668 ἀίοίιιιιιε,
3614 4602 3794 4656 homo
3817 4600 3918 4658 θείη

455 4706 588 4773 suit,
626 4710 848 4774 negatio
880 4707 1163 4775 reperitur
1192 4705 1286 4758 illa
1315 4721 1436 4775 quas
1468 4706 1623 4773 dicit,
1675 4721 1787 4759 non
1840 4703 2108 4773 possibile

452 4801 531 4846 est
558 4810 668 4849 non
697 4811 838 4855 esse,
873 4797 1194 4851 secundum
1229 4798 1459 4849 modum
1481 4793 1906 4848 scilicetaddita
1930 4808 2099 4860 nega-

452 4881 640 4952 tione;
679 4887 826 4940 unde
856 4885 932 4951 lit,
970 4882 1174 4954 inquit,
1209 4894 1260 4938 ut
1297 4899 1359 4938 ea
1392 4899 1514 4952 quae
1541 4882 1700 4946 dicit,
1729 4881 1997 4950 possibile
2019 4888 2101 4934 est

449 4989 592 5039 esse,
625 4982 678 5028 et
711 4974 805 5028 illa
840 4990 960 5043 quas
1014 4974 1304 5044 proponit,
1358 4971 1629 5042 possibile
1679 4979 1760 5024 est
1812 4986 1923 5024 non
1954 4986 2096 5036 esse,

449 5079 572 5119 sese
604 5064 848 5119 invicem
873 5069 1335 5132 consequantur;
1369 5059 1516 5116 idem
1549 5074 1794 5129 namque
1825 5058 2096 5128 possibile

447 5159 531 5208 est
558 5168 681 5208 esse
711 5152 859 5222 quod
895 5156 981 5206 est
1011 5149 1283 5222 possibile
1312 5164 1428 5204 non
1459 5163 1605 5204 esse.
1639 5147 1750 5202 Cur
1805 5152 1995 5203 autem
2037 5163 2097 5202 se

447 5241 722 5311 consequi
755 5247 1009 5310 possunt,
1040 5239 1160 5295 haec
1190 5254 1364 5294 causa
1393 5243 1497 5307 est,
1533 5237 1806 5310 quoniam
1829 5252 1944 5292 non
1965 5244 2096 5292 sunt

446 5329 741 5398 oppositae.
764 5328 904 5383 Nam
930 5327 975 5383 si
999 5334 1186 5382 essent
1209 5325 1500 5402 Opposita},
1527 5326 1869 5396 perimereut
1892 5340 1952 5380 se
1989 5341 2094 5394 po-

443 5415 564 5470 tius
609 5431 778 5486 quam
829 5418 1330 5485 consequerentur,
1391 5423 1443 5470 et
1495 5413 1859 5469 dissentirent
1915 5415 2094 5483 magis

439 5521 606 5576 quam
642 5505 1056 5574 consentirent,
1089 5513 1149 5561 ut
1180 5512 1263 5561 est
1293 5505 1352 5561 in
1383 5505 1472 5561 bis
1504 5505 1775 5576 possibile
1818 5511 1900 5560 est
1945 5520 2090 5570 esse,

513 5594 793 5651 Possibile
822 5602 903 5650 est
932 5610 1054 5651 esse
1691 5593 2092 5664 Oppositiones

508 5668 802 5739 Contingit
833 5683 960 5724 esse

505 5739 872 5808 Impossibile
903 5741 990 5795 est
1019 5753 1144 5794 esse

509 5808 906 5868 Necessarium
939 5817 1022 5869 est
1053 5825 1177 5867 esse

2217 4694 2298 4748 sic
2331 4693 2387 4746 in
2425 4691 2510 4745 bis
2544 4689 3024 4760 prepositionibus
3055 4705 3176 4758 quae
3208 4703 3350 4743 cum
3391 4693 3595 4748 modo
3629 4695 3798 4754 sunt,
3849 4693 3924 4741 est

2214 4783 2446 4852 quidem
2479 4785 2579 4834 aut
2609 4795 2723 4834 non
2756 4787 2857 4845 est,
2893 4777 3150 4846 subjecta
3182 4794 3522 4849 ponamus,
3566 4780 3922 4835 modosvero

2211 4873 2366 4942 ipsos
2396 4878 2488 4924 aut
2521 4868 2836 4924 secundum
2865 4866 3338 4933 ai‘ﬁrmationem,
3371 4870 3428 4924 si
3455 4870 3834 4941 simpliciter
3855 4865 3930 4920 di-

2209 4969 2430 5024 cantur,
2455 4963 2552 5012 aut
2573 4959 2888 5012 secundum
2907 4955 3292 5026 negationem,
3323 4957 3380 5011 si
3410 4973 3568 5014 cum
3616 4957 3927 5028 negatione

2209 5056 2514 5122 ponantur,
2550 5047 2820 5100 facientes
2849 5045 2919 5098 ad
2947 5045 3289 5113 subjectum,
3334 5048 3526 5116 quod
3598 5047 3931 5105 secundum

2208 5154 2329 5196 esse
2359 5143 2413 5192 et
2444 5152 2558 5191 non
2588 5150 2731 5199 esse,
2763 5133 3150 5202 disposuimus
3182 5133 3639 5202 praedicemus,
3703 5143 3766 5191 ut
3828 5133 3927 5187 has

2207 5229 2551 5284 arbitremur
2581 5239 2702 5280 esse
2732 5221 3021 5294 oppositas
3052 5221 3350 5277 dictiones
3423 5229 3495 5281 et
3547 5225 3934 5298 negationes,

2205 5333 2327 5390 quae
2359 5314 2672 5371 secundum
2705 5313 2902 5368 modos
2935 5311 3093 5366 factae
3124 5310 3261 5379 sint,
3291 5325 3542 5369 eorum
3578 5323 3797 5371 autem
3822 5326 3937 5368 om-

2204 5408 2364 5464 nium
2397 5402 2735 5475 negationes
2765 5409 2819 5456 et
2839 5399 3253 5456 allirmationes
3281 5397 3357 5455 in
3399 5403 3814 5461 contrarium
3836 5399 3942 5458 dis.

2204 5501 2507 5568 ponantur.

2626 5579 2751 5635 Non
2783 5577 3056 5649 possibile
3083 5581 3168 5633 est
3192 5592 3326 5633 esse

2624 5655 2750 5707 Non
2782 5651 3066 5720 contingit
3088 5664 3210 5705 esse

2631 5723 2760 5778 Non
2793 5720 3154 5791 impossibile
3183 5722 3268 5775 est
3303 5734 3466 5778 esse

2626 5794 2752 5852 Non
2782 5793 3169 5849 necessarium
3197 5795 3278 5847 est
3312 5805 3479 5852 esse
