4060 6178
291 282 407 336 369

376 409 650 465 Possibile
681 419 764 467 est
794 426 911 466 non
943 428 1070 468 esse

376 484 665 552 Contingit
698 499 813 538 non
847 500 970 539 esse

374 553 737 622 Impossibile
766 564 849 609 est
881 571 993 610 non
1030 570 1151 610 esse

376 626 773 681 Necessarium
807 632 896 681 est
927 643 1042 682 non
1077 643 1203 683 esse

374 715 533 781 Quod
565 717 755 769 autem
790 716 1010 770 addidit
1044 732 1259 783 verum,
1306 733 1421 771 non
1472 732 1690 784 verum,
1739 716 1809 771 ad
1858 716 1958 770 de-

299 804 777 859 monstrationem
802 804 1062 859 omnium
1087 806 1385 860 modorum
1412 805 1574 860 valet.
1597 805 1739 859 Nam
1755 805 1800 860 si
1828 806 1956 875 quis

298 894 471 957 dicat,
508 909 705 948 verum
734 902 838 961 est,
874 910 990 949 non
1022 902 1104 949 est
1134 894 1318 965 ipsius
1349 895 1571 963 negatio
1606 910 1803 951 verum
1840 911 1953 950 non

299 990 405 1043 est,
436 984 534 1038 sed
570 983 761 1053 potius
792 998 907 1039 non
940 999 1132 1039 verum
1168 990 1270 1039 est.
1303 982 1527 1055 Alioqui
1559 984 1686 1053 ejus
1718 1000 1841 1053 quae
1876 985 1954 1038 ait

300 1089 496 1129 verum
528 1090 645 1128 non
679 1078 786 1141 est,
817 1072 917 1128 illa
948 1073 1174 1143 negatio
1206 1081 1287 1129 est
1321 1075 1469 1143 quod
1500 1075 1659 1141 diett,
1689 1089 1803 1129 non
1860 1089 1953 1128 ve-

299 1178 423 1219 rum
454 1178 573 1216 non
605 1169 707 1217 εει.

370 1251 793 1322 Consequentia?
818 1266 941 1306 vero
972 1250 1274 1305 secundum
1303 1252 1551 1307 ordinem
1578 1250 1725 1321 ﬁunt
1748 1251 1831 1306 ita
1850 1267 1948 1322 po-

298 1343 577 1398 nentibus.
606 1342 700 1397 Illi
720 1344 867 1397 enim
890 1360 1008 1413 quae
1029 1351 1124 1409 est,
1142 1342 1404 1414 possibile
1426 1348 1505 1398 est
1527 1360 1662 1410 esse,
1696 1348 1950 1414 sequitur

296 1433 401 1487 illa
425 1446 555 1504 qua
575 1439 677 1499 est,
701 1433 1022 1502 contingens
1038 1447 1167 1499 esse,
1192 1433 1375 1488 etharc
1394 1432 1482 1487 illi
1504 1435 1864 1501 convertitur,
1897 1437 1947 1487 et

296 1539 405 1577 non
428 1522 772 1592 impossibile
786 1538 923 1590 esse,
947 1529 997 1576 et
1017 1537 1129 1576 non
1150 1522 1519 1576 necessarium
1540 1537 1672 1576 esse.
1693 1522 1784 1576 Illi
1824 1538 1944 1578 vero

296 1626 416 1683 qua:
437 1614 542 1679 est,
573 1609 840 1681 possibile
855 1625 964 1665 non
981 1626 1111 1675 esse,
1133 1619 1185 1665 et
1198 1612 1518 1681 contingens
1556 1626 1666 1665 non
1716 1628 1849 1677 esse,
1880 1628 1944 1667 ea

298 1716 421 1772 qua
442 1706 549 1766 est,
570 1716 677 1755 non
702 1702 1076 1754 necessarium
1096 1716 1204 1753 non
1226 1716 1360 1766 esse,
1382 1704 1433 1755 et
1456 1717 1564 1756 non
1606 1701 1943 1772 impossibile

1099 291 1175 342 IN
1211 290 1487 344 LIBRUM
1521 289 1618 342 DE
1656 286 2337 343 INTERPRETATIONE
2372 292 2617 347 EDITIO
2654 297 2883 351 PRIMA

1553 411 1956 483 Oppositiones
1986 412 2038 476 Α

3609 302 3718 356 370

2494 416 2617 471 Νοη
2649 420 2921 487 possibile
2951 426 3041 477 est
3074 437 3188 479 non
3219 440 3342 482 esse

2495 487 2620 560 Non
2655 493 2935 560 contingit
2968 510 3083 549 non
3115 512 3259 550 esse.

2494 558 2617 632 Non
2651 558 3002 632 impossibile
3033 574 3113 621 est
3150 584 3262 622 non
3289 584 3413 623 esse

2498 630 2619 687 Non
2655 630 3039 691 necessarium
3070 647 3153 691 est
3184 656 3301 693 non
3324 656 3448 695 esse

2067 729 2181 769 non
2204 731 2347 784 esse,
2379 732 2495 772 non
2528 728 2611 774 est
2642 726 3025 779 necessarium
3060 744 3174 781 non
3206 743 3349 797 esse,
3400 736 3453 785 et
3502 746 3713 788 secun-

2065 801 2173 856 dus
2202 805 2427 873 quidem
2461 809 2597 863 ordo
2630 826 2752 866 sese
2783 813 2864 867 sic
2898 813 3083 867 habet.
3110 815 3272 869 Nunc
3293 822 3482 871 autem
3510 820 3578 872 ad
3606 828 3714 874 ter-

2064 891 2205 947 tium
2234 899 2629 952 transeamus:
2664 902 2812 969 quod
2846 919 2960 957 non
2994 904 3263 972 possibile
3294 910 3381 960 est
3412 922 3558 974 esse,
3605 908 3713 965 hoc

2063 982 2187 1037 ﬁeri
2208 1001 2323 1039 non
2346 991 2722 1057 potest,,quod
2744 999 2932 1045 autem
2960 992 3079 1047 ﬁeri
3121 1010 3234 1048 non
3273 1003 3474 1064 potest,
3516 1004 3573 1050 ut
3606 998 3711 1051 ali-

2062 1075 2287 1141 quando
2318 1074 2409 1140 sit,
2445 1093 2559 1131 non
2586 1079 2888 1148 contingit,
2923 1083 3072 1151 quod
3108 1099 3239 1152 ergo
3273 1100 3390 1139 non
3438 1087 3709 1155 possibile

2060 1170 2143 1215 est
2172 1179 2315 1233 esse,
2348 1166 2497 1222 idem
2523 1184 2636 1223 non
2655 1172 2930 1241 contingit
2955 1189 3077 1228 esse
3103 1193 3117 1241 ;
3143 1175 3238 1229 sed
3262 1176 3408 1245 quod
3436 1193 3550 1232 non
3576 1194 3711 1233 con-

2060 1250 2230 1321 tingit
2251 1270 2395 1322 esse,
2417 1272 2650 1313 necesse
2698 1267 2781 1313 est
2828 1268 2887 1315 ut
2936 1278 3052 1317 non
3094 1263 3189 1329 sit,
3228 1267 3378 1334 quod
3410 1281 3705 1335 nunquam

2056 1343 2354 1413 contingit,
2384 1362 2675 1417 nunquam
2708 1366 2830 1406 esse
2852 1355 3057 1421 potest,
3084 1355 3233 1423 quod
3259 1370 3551 1426 nunquam
3580 1374 3706 1413 esse

2055 1440 2258 1499 potest,
2291 1450 2521 1490 necesse
2550 1443 2769 1494 estnon
2794 1456 2942 1505 esse;
2971 1443 3119 1511 quod
3148 1459 3261 1499 non
3286 1444 3455 1513 igitur
3480 1447 3708 1503 contin-

2053 1523 2131 1589 git
2153 1538 2295 1590 esse,
2319 1522 2469 1581 idem
2493 1542 2722 1583 necesse
2743 1536 2826 1583 est
2844 1546 2960 1585 non
2984 1547 3123 1601 esse,
3152 1532 3248 1587 sed
3273 1535 3422 1603 quod
3471 1550 3701 1593 necesse

2053 1616 2138 1666 est
2159 1628 2273 1668 non
2294 1630 2436 1683 esse,
2469 1615 2573 1671 hoc
2598 1616 2717 1671 ﬁeri
2747 1634 2862 1673 non
2904 1623 3107 1689 potest,
3160 1623 3307 1690 quod
3355 1630 3542 1678 autem
3577 1624 3699 1681 fieri

2052 1718 2166 1759 non
2202 1711 2403 1773 potest,
2439 1705 2793 1776 impossibile
2825 1716 2907 1762 est
2941 1715 2998 1762 ut
3030 1710 3148 1775 ﬁat,
3186 1712 3333 1780 quod
3366 1711 3540 1782 igitur
3598 1730 3697 1770 ue-

298 1806 408 1845 ηοη
435 1806 574 1845 esse.
608 1789 704 1844 Illi
732 1805 857 1845 vero
888 1804 1012 1861 qua:
1041 1798 1137 1856 est,
1158 1806 1271 1843 non
1287 1790 1545 1860 possibile
1592 1806 1725 1858 esse,
1756 1796 1809 1846 et
1837 1809 1947 1847 non
1980 1781 2025 1845 Β
2055 1808 2212 1849 cesse
2242 1801 2344 1861 est,
2396 1810 2512 1849 non
2558 1811 2682 1850 esse
2731 1797 3086 1866 impossibile
3128 1807 3214 1853 est
3262 1781 3408 1857 esse.
3459 1801 3700 1864 Quartus

299 1880 619 1949 cautingens
648 1895 784 1948 esse,
813 1894 878 1933 ea
907 1893 1031 1949 qum
1052 1888 1150 1946 est,
1182 1878 1557 1934 necessarium
1582 1896 1691 1935 non
1729 1897 1865 1948 esse,
1896 1886 1947 1937 et

299 1970 643 2040 impossibile
668 1984 802 2025 esse.
824 1968 919 2023 Illi
949 1984 1070 2023 vero
1099 1983 1227 2040 qum
1254 1979 1352 2034 est,
1384 1985 1492 2024 non
1528 1972 1790 2041 possibile
1836 1987 1946 2027 non

292 2075 404 2114 esse
434 2063 617 2114 etnon
648 2060 970 2128 contingens
998 2074 1105 2113 non
1137 2074 1269 2127 esse,
1300 2058 1404 2113 illa
1432 2074 1556 2128 qum
1584 2068 1683 2127 est,
1729 2077 1946 2117 necesse

293 2154 368 2203 est
396 2164 541 2215 esse,
572 2153 625 2203 et
658 2146 1000 2217 impossibile
1028 2162 1138 2202 non
1169 2162 1301 2202 esse.

360 2237 657 2308 Expeditis
686 2236 952 2292 omnibus
983 2252 1108 2306 quae
1138 2237 1208 2291 de
1237 2238 1532 2292 modorum
1562 2237 1939 2309 oppositioui-

292 2327 393 2382 bus
418 2326 881 2396 diSputabantur,
900 2326 969 2380 ad
992 2326 1430 2396 consequentias
1446 2328 1619 2381 venit.
1646 2327 1764 2383 Hoc
1784 2330 1938 2385 enim

288 2416 445 2481 dicit,
478 2430 603 2484 quae
638 2415 1052 2484 propositiones
1110 2416 1566 2485 supradictorum
1615 2419 1934 2490 modorum,

287 2519 421 2575 quas
451 2502 877 2575 propositiones
910 2507 1300 2574 consequatur
1330 2504 1650 2576 quibusque
1690 2523 1933 2564 consen-

289 2595 453 2649 tiunt.
479 2592 596 2647 Nos
614 2599 803 2647 autem
822 2607 886 2646 ex
918 2590 1261 2662 hisquatuor
1308 2593 1549 2649 fecimus
1600 2596 1847 2666 ordines,
1882 2606 1935 2654 et

289 2682 725 2751 consequentias
748 2681 1194 2751 pr0positionum
1224 2682 1327 2737 sub
1347 2699 1461 2739 una
1483 2685 1629 2740 serie
1651 2686 1936 2756 disposui-

288 2788 445 2838 mus;
484 2772 607 2827 haec
637 2785 823 2826 autem
855 2770 1013 2841 prius
1042 2780 1175 2827 nota
1204 2770 1339 2839 sint,
1376 2779 1436 2827 ut
1459 2774 1591 2843 quid
1621 2774 1693 2828 ab
1724 2776 1933 2831 Aristo-

291 2860 394 2917 tele
423 2860 676 2927 dicatur,
708 2860 931 2915 facilius
964 2861 1144 2916 lector
1173 2861 1477 2933 intelligat.

356 2950 760 3006 Consideretur
774 2959 963 3006 autem
978 2966 1046 3005 ex
1059 2950 1483 3022 subscriptione
1499 2954 1642 3023 quod
1659 2954 1929 3011 dicimus:

289 3039 564 3096 Possibile
595 3048 679 3094 est
709 3055 852 3095 esse.
1107 3040 1385 3096 Possibile
1414 3049 1499 3098 est
1530 3058 1644 3098 non
1676 3060 1820 3101 esse.

287 3128 570 3199 Contingit
603 3144 750 3184 esse.
1102 3130 1392 3200 Contingit
1423 3147 1539 3188 non
1570 3149 1711 3190 esse.

283 3219 402 3274 Non
419 3220 493 3274 im
506 3218 776 3289 possibile
794 3225 1030 3274 estesse.
1046 3219 1170 3275 Non
1186 3221 1544 3291 impossibile
1558 3233 1639 3280 est
1660 3242 1775 3283 non
1791 3244 1933 3292 esse.

283 3308 405 3363 Non
439 3323 675 3363 necesse
704 3311 791 3363 est
820 3323 958 3363 esse.
1091 3308 1218 3364 Non
1250 3325 1487 3368 necesse
1516 3323 1598 3370 est
1633 3333 1745 3374 non
1785 3336 1932 3380 esse.

284 3397 407 3452 Non
439 3396 713 3466 possibile
743 3404 826 3451 est
855 3412 1002 3453 esse.
1078 3397 1205 3453 Non
1236 3401 1512 3469 posssible
1534 3412 1618 3459 est
1647 3423 1762 3464 non
1787 3426 1930 3468 esse.

285 3486 408 3541 Non
438 3486 721 3555 contingit
750 3501 895 3541 esse.
1078 3490 1203 3542 Non
1236 3490 1523 3563 contingit
1554 3510 1670 3551 non
1701 3514 1843 3556 esse.

282 3575 521 3631 Necesse
552 3582 641 3629 est
664 3590 780 3630 non
812 3590 950 3631 esse.
1070 3580 1309 3632 Necesse
1339 3586 1421 3634 est
1451 3596 1593 3638 esse.

286 3664 647 3736 Impossibile
678 3671 932 3720 estesse.
1074 3666 1443 3735 Impossibile
1491 3678 1574 3726 est
1622 3689 1737 3729 non
1786 3694 1932 3737 esse.

350 3755 625 3825 Superius
650 3756 842 3809 autem
876 3754 1193 3826 descriptas
1215 3761 1651 3828 consequentiae
1673 3764 1793 3834 ipse
1813 3767 1932 3821 dis-

285 3848 471 3914 ponit:
506 3842 673 3899 nobis
704 3852 892 3898 autem
925 3844 1207 3899 reddenda
1239 3854 1321 3900 est
1354 3846 1594 3905 breviter
1637 3855 1800 3920 ratio,
1834 3871 1934 3911 cur

286 3934 398 3989 hac
433 3933 853 4003 propositiones
886 3948 1007 3987 sese
1038 3932 1281 3989 invicem
1313 3946 1758 4008 consequantur,
1784 3944 1933 4013 quod

280 4023 555 4094 possibile
585 4028 668 4076 est
700 4037 843 4091 esse,
877 4021 1160 4094 contingit
1190 4023 1501 4093 aliquando
1534 4036 1592 4083 ut
1622 4029 1712 4099 sit,
1745 4039 1797 4086 et
1826 4032 1933 4089 boc

281 4123 357 4167 est
387 4111 671 4179 contingit
704 4127 826 4165 esse
855 4128 868 4178 ;
902 4112 1051 4180 quod
1082 4118 1273 4166 autem
1301 4114 1583 4185 contingit
1616 4135 1764 4189 esse,
1813 4135 1931 4177 non

278 4210 355 4257 est
378 4199 735 4271 impossibile
760 4216 907 4268 esse,
924 4201 1139 4269 etquod
1161 4217 1278 4257 non
1303 4210 1387 4257 est
1411 4205 1771 4274 impossibile
1786 4225 1926 4278 esse,

277 4307 388 4346 non
423 4289 638 4345 idcirco
664 4288 784 4357 jam
816 4304 1049 4344 necesse
1081 4297 1164 4343 est
1194 4305 1335 4346 esse.
1362 4292 1485 4348 Non
1509 4303 1591 4349 est
1633 4298 1787 4352 enim
1820 4300 1929 4353 im-

274 4380 549 4449 possibile
581 4378 752 4434 hodie
781 4395 904 4434 esse
935 4377 1206 4448 pluviam,
1243 4380 1336 4435 sed
1375 4398 1490 4437 non
1540 4384 1755 4440 idcirco
1804 4388 1928 4457 jam

274 4486 395 4525 esse
430 4485 664 4524 necesse
684 4474 787 4523 est.
818 4469 971 4531 Quod
994 4483 1124 4538 ergo
1143 4484 1257 4524 non
1282 4478 1361 4524 est
1388 4471 1743 4540 impossibile
1781 4492 1923 4548 esse,

274 4577 387 4615 non
424 4575 659 4614 necesse
689 4568 771 4613 est
800 4574 941 4614 esse.
976 4558 1047 4613 Et
1082 4558 1172 4614 hic
1204 4568 1286 4614 est
1335 4576 1482 4615 unus
1531 4564 1669 4619 ordo
1719 4581 1921 4623 conse-

272 4649 539 4719 quentiae.
566 4648 781 4703 Rursus
801 4650 1085 4704 secundus
1105 4650 1243 4704 ordo
1265 4652 1721 4720 propositionum
1748 4654 1922 4712 talem

273 4738 445 4793 habet
476 4739 966 4806 consequentiam,
1003 4738 1153 4806 quod
1186 4738 1455 4807 possibile
1486 4746 1571 4796 est
1614 4758 1729 4799 non
1777 4761 1919 4813 esse,

271 4834 456 4897 potest
490 4826 614 4881 fieri
647 4832 704 4879 ut
734 4841 844 4880 non
881 4827 973 4891 sit,
1013 4841 1187 4896 quare
1216 4829 1502 4898 contingit
1532 4830 1846 4901 aliquando
1863 4840 1922 4888 ut

266 4932 380 4971 non
414 4916 508 4981 sit,
533 4920 587 4969 et
617 4914 764 4984 quod
798 4912 1065 4983 possibile
1094 4917 1184 4969 est
1206 4930 1319 4970 non
1342 4932 1485 4987 esse,
1505 4919 1920 4987 eontingitnon

264 5021 385 5061 esse
412 5022 427 5072 ;
460 5005 619 5075 quod
651 5009 835 5058 autem
866 5003 1145 5072 contingit
1177 5019 1291 5058 non
1323 5020 1471 5075 esse,
1507 5012 1686 5076 potest
1719 5008 1920 5065 ﬁeriut

262 5112 377 5150 non
414 5093 512 5159 sit,
533 5092 628 5147 sed
650 5093 795 5161 quod
819 5098 997 5160 potest
1020 5090 1141 5146 fieri
1168 5099 1225 5146 ut
1248 5108 1361 5147 non
1384 5093 1475 5161 sit,
1528 5112 1643 5151 non
1693 5102 1781 5152 est
1810 5098 1916 5153 im-

262 5182 536 5252 possibile
552 5188 615 5235 ut
640 5194 756 5235 non
772 5180 846 5235 sit
861 5195 991 5250 ergo
1006 5180 1150 5249 quod
1172 5180 1450 5252 contingit
1469 5198 1583 5238 non
1623 5201 1766 5253 esse,
1801 5202 1918 5241 non

258 5277 344 5327 est
379 5269 742 5341 impossibile
772 5276 830 5324 ut
860 5269 950 5338 sit,
986 5269 1081 5323 sed
1114 5270 1259 5338 quod
1298 5286 1414 5325 non
1448 5276 1533 5325 est
1564 5271 1918 5343 impossibile

259 5378 379 5417 non
412 5376 557 5429 esse,
590 5375 707 5414 non
738 5359 952 5414 idcirco
997 5357 1139 5412 illud
1184 5359 1300 5429 jam
1352 5375 1467 5414 non
1518 5376 1642 5415 esse
1686 5378 1917 5419 necesse

260 5458 378 5517 est;
406 5449 577 5505 hodie
603 5448 758 5502 enim
809 5447 1057 5518 pluviam
1099 5463 1210 5502 non
1245 5446 1368 5503 esse
1401 5464 1514 5504 non
1548 5457 1628 5504 est
1660 5451 1917 5521 impossi-

263 5540 398 5595 bile.
426 5544 617 5593 Potest
643 5537 796 5592 enim
818 5552 962 5603 esse,
991 5535 1089 5591 sed
1117 5551 1231 5591 non
1258 5536 1469 5593 idcirco
1491 5553 1558 5593 ex
1581 5545 1917 5597 necessitate

267 5629 436 5684 hodie
465 5642 583 5683 non
615 5624 810 5698 pluet;
856 5640 1029 5697 quare
1074 5625 1222 5695 quod
1265 5641 1377 5680 non
1428 5634 1510 5681 est
1561 5628 1915 5697 impossibile

2055 1881 2222 1936 etiam
2257 1884 2394 1938 ordo
2426 1883 2530 1938 hoc
2564 1884 2733 1939 modo
2759 1892 2879 1940 est:
2928 1886 3078 1956 quod
3130 1902 3245 1942 non
3288 1888 3563 1958 possibile
3613 1895 3699 1946 est

2055 1988 2169 2026 non
2201 1972 2480 2038 esse,lieri
2508 1988 2620 2027 non
2639 1978 2824 2043 potest
2856 1981 2919 2028 ut
2949 1991 3065 2031 non
3098 1977 3208 2045 sit;
3242 1979 3390 2046 quod
3423 1979 3546 2034 fieri
3579 1997 3696 2037 non

2053 2065 2326 2129 potest,ut
2358 2076 2473 2115 non
2506 2061 2600 2125 sit,
2630 2078 2745 2117 ηοη
2775 2064 3053 2133 contingit
3088 2081 3203 2120 non
3256 2082 3396 2122 esse.
3448 2069 3515 2125 Ut
3562 2084 3699 2139 quo-

2052 2149 2208 2204 niam
2243 2164 2357 2204 non
2388 2149 2661 2218 possibile
2691 2159 2772 2206 est
2806 2168 2919 2207 non
2952 2168 3073 2209 esse
3104 2162 3322 2210 motum
3357 2155 3525 2223 casio,
3576 2175 3697 2215 non

2049 2237 2331 2308 contingit
2361 2238 2569 2294 coelum
2600 2256 2713 2295 non
2748 2241 2983 2312 moveri,
3015 2258 3186 2313 quare
3203 2246 3352 2314 quod
3374 2262 3488 2301 non
3512 2251 3695 2315 possi-

2050 2326 2162 2382 bile
2189 2335 2271 2382 est
2304 2344 2416 2383 non
2448 2344 2591 2394 esse,
2613 2328 2767 2384 idem
2793 2346 2906 2385 non
2930 2331 3209 2401 contingit
3258 2349 3373 2389 non
3423 2351 3567 2404 esse,
3599 2340 3695 2394 sed

2047 2416 2199 2485 quod
2227 2433 2340 2472 non
2364 2418 2642 2488 contingit
2666 2434 2783 2474 non
2808 2436 2951 2488 esse,
2984 2435 3217 2476 necesse
3239 2430 3321 2478 est
3372 2440 3512 2492 esse,
3546 2427 3695 2484 sicut

2046 2505 2117 2559 de
2136 2504 2298 2560 ccelo.
2323 2505 2565 2561 Necesse
2588 2514 2672 2562 est
2705 2510 2863 2563 enim
2898 2508 3107 2567 coelum
3158 2514 3391 2583 moveri,
3424 2517 3693 2585 quoniam

2045 2608 2160 2648 non
2193 2593 2476 2663 contingit
2504 2594 2713 2651 cmlum
2744 2612 2859 2652 non
2893 2600 3125 2666 moveri,
3160 2602 3256 2656 sed
3290 2603 3435 2672 quod
3462 2620 3693 2662 necesse

2043 2690 2126 2737 est
2156 2698 2298 2752 esse,
2324 2691 2380 2738 ut
2407 2700 2520 2739 non
2556 2684 2626 2738 sit
2654 2685 2776 2740 fieri
2811 2702 2926 2742 non
2950 2696 3156 2758 potest,
3182 2705 3354 2760 quare
3403 2693 3555 2762 quod
3584 2709 3691 2748 ne-

2042 2787 2200 2827 cesse
2221 2780 2448 2828 estesse
2469 2773 2823 2845 impossibile
2843 2784 2925 2832 est
2948 2794 3062 2832 non
3115 2794 3257 2834 esse.
3300 2780 3366 2833 Et
3402 2780 3522 2836 haec
3552 2782 3686 2851 qui-

2040 2862 2166 2917 dem
2199 2865 2285 2916 est
2312 2863 2573 2918 ordinata
2602 2863 2671 2919 ab
2703 2865 3003 2922 Aristotele
3032 2869 3443 2939 consequentia
3480 2886 3685 2941 pr0po-

2040 2949 2337 3020 sitionum,
2365 2953 2434 3007 de
2464 2969 2576 3022 qua
2608 2952 2773 3021 paulo
2804 2962 2928 3023 post
2962 2955 3127 3010 latius
3157 2957 3490 3029 disputabit.

2110 3041 2253 3109 Ergo
2287 3042 2629 3111 impossibile
2652 3045 2835 3097 etnon
2867 3042 3206 3114 impossibile
3232 3046 3303 3100 ad
3353 3048 3496 3102 illud
3541 3049 3688 3119 quod

1960 3148 2003 3215 ρ
2041 3134 2119 3184 est
2148 3131 2476 3198 contingens
2505 3138 2555 3185 et
2582 3130 2858 3201 possibile,
2888 3140 2942 3188 et
2970 3150 3083 3189 non
3111 3136 3430 3204 contingens
3478 3146 3529 3192 et
3572 3154 3689 3194 non

2037 3217 2316 3289 possibile,
2348 3228 2613 3289 sequntur
2643 3219 2867 3290 quidem
2895 3222 3331 3293 contradictorie,
3353 3226 3444 3281 sed
3458 3242 3688 3283 conver-

2041 3306 2168 3361 sim.
2199 3307 2348 3362 Illud
2369 3310 2517 3363 enim
2547 3308 2687 3379 quod
2717 3318 2817 3378 est,
2846 3309 3109 3380 possibile
3157 3328 3290 3380 esse,
3336 3314 3557 3384 negatio
3603 3332 3686 3371 se-

2041 3398 2235 3468 quitur
2264 3397 2646 3467 impossibilis,
2677 3401 3039 3471 negationem
3068 3417 3196 3456 vero
3225 3402 3555 3471 a/ﬁrmatio.
3605 3406 3689 3461 Ad

2043 3486 2183 3541 illud
2207 3490 2355 3541 enim
2386 3489 2535 3557 quod
2558 3496 2636 3543 est
2665 3504 2777 3543 non
2804 3490 3063 3559 possibile
3094 3505 3230 3556 esse,
3259 3491 3511 3562 sequitur
3539 3494 3688 3548 illud

2042 3575 2180 3645 quod
2209 3584 2283 3630 est
2309 3577 2645 3646 impossibile
2671 3592 2803 3632 esse.
2834 3578 3146 3647 A/ﬁrmatio
3175 3580 3322 3634 enim
3353 3590 3452 3648 est,
3487 3583 3684 3652 impos-

2042 3664 2201 3719 sibile
2231 3680 2367 3732 esse,
2400 3680 2510 3719 non
2538 3666 2879 3736 impossibile
2906 3682 3030 3722 vero
3062 3669 3306 3739 negatio.

2112 3754 2379 3820 Quaedam
2400 3755 2466 3808 de
2490 3754 2778 3823 superiore
2799 3757 3270 3827 consequentium
3310 3758 3529 3814 ratione
3558 3774 3682 3828 per-

2043 3849 2259 3897 tractat.
2296 3843 2359 3897 In
2385 3841 2774 3912 superioribus
2819 3843 2972 3898 enim
3021 3845 3504 3915 descriptionibus
3560 3864 3682 3903 sese

2040 3930 2420 4000 sequentium,
2493 3931 2935 3987 afﬁrmationem
2991 3933 3283 4002 possibilis
3340 3937 3684 4007 sequebatur

2039 4018 2414 4088 impossibilis
2444 4021 2685 4089 negatio.
2716 4021 2929 4076 Rursus
2975 4022 3336 4091 negationem
3396 4025 3684 4093 possibilis

2039 4107 2376 4177 sequebatur
2405 4107 2775 4177 impossibilis
2806 4108 3133 4174 afﬁrmatio,
3163 4118 3215 4164 et
3238 4111 3307 4165 de
3324 4112 3684 4182 contingenti

2038 4198 2235 4252 eodem
2270 4197 2458 4264 modo,
2506 4197 2949 4252 afﬁrmationem
3004 4214 3251 4268 namque
3306 4200 3685 4269 impossibilis

2038 4286 2323 4341 dicentem
2355 4284 2705 4356 impossibile
2735 4302 2881 4352 esse,
2914 4286 3249 4355 sequebatur
3275 4289 3497 4358 negatio
3549 4308 3685 4360 pos-

2036 4374 2218 4431 sibilis
2248 4377 2464 4443 dicens,
2502 4392 2616 4431 non
2650 4376 2919 4445 possibile
2948 4384 3029 4430 est
3078 4392 3219 4431 esse.
3274 4377 3489 4433 Rursus
3546 4396 3681 4435 cum

2034 4464 2386 4535 impossibile
2434 4469 2733 4534 negaretur
2785 4481 2883 4534 per
2927 4465 2984 4520 id
3030 4468 3177 4537 quod
3227 4466 3517 4523 dicebatur
3565 4485 3681 4525 non

2034 4553 2386 4623 impossibile
2408 4569 2549 4619 esse,
2576 4553 2721 4608 hanc
2740 4554 3040 4609 afﬁrmatio
3066 4555 3354 4624 possibilis
3374 4572 3435 4611 su
3447 4556 3679 4627 bseque-

2034 4644 2216 4708 batur,
2251 4656 2315 4697 ea
2362 4640 2581 4697 scilicet
2617 4657 2742 4712 quae
2795 4641 2937 4698 dicit
2984 4644 3251 4714 possibile
3295 4660 3436 4700 esse.
3495 4647 3679 4716 Atque

2034 4733 2140 4789 hoc
2161 4732 2309 4787 idem
2332 4733 2401 4787 de
2420 4730 2794 4800 contingenti,
2818 4732 3123 4788 afﬁrmatio
3144 4748 3392 4803 namque
3413 4737 3675 4805 impossi-

2034 4821 2163 4877 bilis
2194 4838 2257 4877 ea
2290 4838 2415 4892 qum
2445 4830 2524 4876 est
2557 4819 2907 4891 impossibile
2937 4837 3079 4888 esse,
3134 4821 3471 4891 sequebatur
3528 4840 3676 4880 con-

2032 4910 2300 4979 tingentis
2331 4909 2691 4980 negationem
2726 4926 2850 4966 eam
2900 4926 3024 4977 quae
3067 4916 3169 4979 est,
3228 4925 3345 4966 non
3402 4912 3681 4983 contingit

2031 5016 2176 5056 esse.
2212 4999 2444 5069 Negatio
2474 5015 2605 5054 vero
2635 4998 3030 5069 impossibilis,
3064 5014 3128 5052 ea
3174 5014 3299 5068 quas
3346 4999 3504 5066 dicit,
3562 5017 3680 5057 non

2034 5088 2387 5159 impossibile
2410 5093 2497 5145 est
2534 5105 2678 5158 esse,
2714 5088 3156 5142 afﬁrmationem
3184 5088 3570 5157 contingentis
3592 5106 3682 5146 se-

2029 5178 2305 5250 quebatur
2327 5194 2449 5233 eam
2473 5178 3065 5248 quaadicit,contlngit
3081 5193 3202 5233 esse
3224 5195 3236 5245 ;
3262 5193 3434 5247 quare
3458 5178 3543 5233 be
3562 5196 3682 5249 pro-

2033 5266 2351 5338 positiones
2400 5281 2525 5321 sese
2573 5267 2820 5321 invicem
2874 5274 3207 5336 sequuntur,
3241 5267 3338 5322 sed
3371 5283 3679 5323 conversae.

2028 5357 2287 5427 Namque
2318 5355 2625 5412 afﬁrmatio
2658 5354 3028 5426 impossibilis
3076 5356 3461 5427 contingentis
3509 5373 3676 5427 nega-

2027 5448 2238 5501 tionem
2273 5450 2328 5500 et
2350 5444 2639 5515 possibilis
2668 5445 2940 5516 sequitur.
2974 5444 3206 5514 Negatio
3238 5461 3365 5500 vero
3407 5445 3673 5513 impossi-

2025 5534 2155 5591 bilis
2204 5535 2643 5590 afﬁrmationem
2702 5533 2989 5604 possibilis
3038 5540 3092 5588 et
3148 5533 3554 5603 contingentis,
3604 5538 3669 5586 ut

2025 5624 2279 5694 subjecta
2309 5623 2616 5692 descriptio
2644 5622 2827 5677 docet.
