4110 6180
386 278 487 333 371

605 404 944 462 Afﬁrmatio.
1126 402 1499 475 Impossibile
1519 409 1603 457 est
1635 416 1759 457 esse
1788 401 2121 463 contradict.

612 476 867 543 Negatio.
1120 477 1245 531 Non
1271 474 1539 545 possibile
1554 481 1639 529 est
1659 489 1782 528 esse
1804 474 2141 529 contradict.

613 548 870 619 Negatio.
1131 547 1255 604 Non
1308 545 1589 617 contingit
1639 561 1762 600 csse
1786 545 2126 602 contradict.

1670 278 1787 332 AN.
1829 277 2049 343 MANL.
2092 278 2251 345 BEV.
2291 279 2531 345 ΒΟΒΤΙΙ

3698 274 3806 328 372

2340 402 2466 460 Non
2494 403 2849 473 impossibile
2878 409 2960 459 est
2990 417 3132 459 esse.
3352 399 3608 473 Negatio.

2348 470 2627 531 Possibile
2657 480 2742 529 est
2772 491 2917 532 esse.
3353 470 3695 526 Attirmatio.

2328 545 2624 618 Contingit
2656 563 2801 603 esse.
3327 544 3669 599 Afﬁrmatio.

401 663 620 719 Idcirco
644 679 888 734 namque
911 664 1017 718 ait:
1043 667 1369 734 Sequuntur
1393 663 1619 733 quidem
1662 660 2047 716 contradicto-
2080 664 2131 729 Α
2162 661 2258 716 sed
2286 664 2591 718 contrariae
2619 671 2904 735 sequntur,
2936 661 3392 716 contradictoriac
3446 664 3632 713 autem
3676 664 3809 712 sunt

407 754 520 821 riae,
554 755 647 808 sed
672 753 1017 821 conversim,
1037 754 1186 823 quod
1208 768 1406 808 omnes
1431 753 1491 807 in
1519 751 1872 807 contrarium
1898 750 2051 805 loca-

404 851 470 896 tae
503 842 983 897 contradictiones
1031 848 1185 897 sunt.
1237 841 1624 898 Contradictio
1674 856 1921 908 namque
1972 846 2055 894 est

402 930 758 1000 impossibile
790 947 911 986 esse
941 934 998 986 et
1021 947 1134 986 non
1160 929 1519 1001 impossibile
1548 944 1693 997 esse,
1726 927 2056 996 contingere

401 1035 525 1076 esse
556 1023 611 1073 et
641 1035 755 1075 non
788 1020 1122 1090 contingere
1152 1035 1296 1084 esse,
1347 1017 1620 1088 possibile
1670 1033 1791 1072 esse
1834 1024 1885 1071 et
1941 1032 2053 1071 non

401 1107 678 1179 possibile
709 1123 852 1163 esse.
895 1110 1192 1163 Conversa:
1234 1113 1424 1162 autem
1458 1122 1516 1161 se
1538 1110 1877 1177 sequuntur,
1907 1121 2056 1174 quo-

407 1196 565 1250 niam
597 1196 899 1252 atﬁrmatio
931 1213 1047 1253 non
1077 1197 1329 1267 sequitur
1359 1196 1825 1263 aftirmationenz,
1857 1201 1911 1249 et
1959 1210 2057 1249 ne-

402 1286 551 1355 gatio
577 1288 961 1357 negationem,
985 1287 1082 1342 sed
1107 1286 1551 1341 afﬁrmationem
1574 1286 1931 1355 negationes,
1966 1300 2061 1339 ne-

401 1375 689 1444 gationem
712 1392 844 1431 vero
874 1375 1311 1440 atﬁrmationes,
1344 1376 1489 1445 quod
1549 1375 1617 1429 ad
1668 1374 2059 1445 supradiclam

405 1465 848 1534 descriptionem
880 1466 1293 1521 revertentibus
1327 1464 1552 1534 planius
1584 1464 1795 1535 liquet;
1857 1478 2059 1517 sensus

410 1572 541 1623 ergo
576 1555 666 1610 bic
688 1563 790 1610 est.
828 1554 977 1610 Ordo
1020 1564 1209 1610 autem
1243 1556 1530 1624 seriesque
1574 1570 1905 1610 sermonum
1939 1569 2060 1609 sese

411 1646 493 1701 sic
517 1645 680 1700 habet
708 1660 723 1711 ;
756 1660 888 1713 ergo
920 1645 1107 1714 inquit
1157 1645 1488 1701 Aristoteles
1548 1643 2055 1699 contradictionem

412 1749 534 1803 quae
560 1741 641 1788 est
670 1733 1025 1801 impossibile
1054 1741 1107 1789 et
1138 1749 1254 1788 non
1283 1732 1660 1803 impossibile,
1715 1731 1855 1787 illud
1910 1732 2059 1802 quod

412 1826 499 1877 est
529 1822 869 1887 contingens
901 1831 953 1877 et
985 1822 1272 1892 possibile,
1310 1838 1434 1893 qua:
1468 1823 1593 1876 dure
1649 1820 2061 1876 at'ﬁrmationes

411 1920 537 1967 sunt
570 1927 637 1966 ac
669 1926 789 1966 sese
820 1919 1153 1981 sequuntur,
1188 1919 1241 1967 ει
1271 1928 1388 1967 non
1433 1913 1777 1978 contingens
1829 1918 1881 1966 et
1944 1927 2059 1966 non

414 2000 707 2071 possibile,
740 2016 862 2070 quae
889 2002 1013 2055 duae
1046 2005 1182 2055 sunt
1214 2002 1570 2070 negationes,
1605 2009 1917 2070 sequuntur
1935 2000 2061 2071 qui-
2092 2031 2140 2095 Β

414 2093 542 2145 dem
575 2090 1047 2159 contradictorim,
1084 2097 1145 2143 ut
1176 2090 1656 2145 contradictiones
1687 2092 1802 2144 sint
1834 2089 1890 2144 in
1924 2105 2063 2144 con-

417 2178 654 2233 lrarium
682 2180 888 2245 ductae,
921 2180 1017 2233 sed
1049 2179 1390 2244 conversim,
1426 2183 1488 2233 ut
1518 2177 1823 2234 afﬁrmatio
1886 2195 2066 2247 nega-

416 2268 655 2333 tionem,
690 2268 915 2338 negatio
946 2275 1215 2337 sequatur
1244 2267 1702 2322 aftirmationem.
1736 2266 1918 2335 Hujus
1940 2266 2067 2322 talis

419 2358 561 2412 ratio
591 2356 884 2412 redditur:
919 2355 1059 2411 illud
1095 2357 1246 2411 enim
1282 2358 1435 2426 quod
1468 2364 1543 2411 est
1598 2354 1868 2426 possibile
1923 2372 2066 2421 esse,

419 2445 636 2501 scilicet
665 2445 812 2514 quod
844 2443 1146 2499 afﬁrmatio
1177 2452 1281 2509 est,
1314 2444 1678 2513 negationem
1700 2444 2070 2514 impossibilis

421 2535 800 2603 sequitur,est
836 2543 1027 2589 autem
1054 2533 1280 2603 negatio
1311 2532 1679 2603 impossibilis
1728 2549 1842 2588 non
1885 2534 2072 2601 impo-

422 2624 590 2679 sibile
621 2638 781 2689 esse;
812 2623 957 2693 quod
992 2629 1075 2678 est
1105 2638 1239 2692 ergo
1290 2622 1562 2692 possibile
1614 2638 1758 2691 esse,
1820 2623 2073 2693 sequitur

423 2712 926 2783 nonimpossibile
972 2726 1118 2779 esse,
1165 2711 1393 2782 negatio
1447 2726 1575 2767 vero
1624 2710 1909 2782 possibilis
1950 2712 2072 2767 affi-

422 2802 731 2858 mationem
760 2800 1142 2870 impossibilis
1172 2799 1444 2871 sequitur,
1478 2800 1615 2855 illud
1652 2816 1896 2872 namque
1924 2802 2072 2873 quod

423 2898 506 2946 est
538 2906 654 2945 non
687 2890 959 2960 possibile
990 2905 1133 2959 esse,
1166 2890 1420 2960 sequitur
1447 2889 1886 2947 afﬁrmationem
1947 2908 2071 2964 quae

422 2988 504 3036 est
536 2978 891 3049 impossibile
920 2994 1064 3049 esse,
1098 2980 1309 3035 etenim
1340 2978 1647 3036 afﬁrmatio
1677 2986 1762 3035 est
1808 2980 2073 3051 impossi-

421 3069 536 3125 bile
565 3084 709 3134 esse,
740 3084 857 3124 non
889 3067 1243 3139 impossibile
1274 3084 1397 3124 esse
1419 3069 1665 3140 negatio,
1688 3076 1743 3125 et
1768 3069 1827 3125 in
1849 3071 2075 3127 contin-

422 3157 687 3230 gentibus
713 3157 915 3212 eodem
949 3158 1137 3224 modo,
1169 3165 1337 3228 atque
1367 3156 1473 3214 hoc
1504 3158 1737 3229 quidem
1759 3158 1828 3215 de
1842 3160 2077 3230 possibi-

427 3247 568 3301 lium
586 3250 640 3299 el
662 3244 1103 3313 impossibilium
1124 3245 1532 3316 consequentia
1552 3246 1767 3303 dictum
1790 3255 1893 3304 est.
1912 3248 2077 3306 Nunc

429 3335 499 3390 de
529 3332 835 3389 necessarii
865 3340 918 3387 et
948 3332 1232 3402 possibilis
1262 3335 1667 3402 consequentia
1699 3342 1912 3393 tractat.

502 3422 890 3478 Necessarium
910 3436 1035 3477 vero
1051 3423 1509 3491 quemadmodum
1526 3422 1598 3477 sit
1618 3425 2074 3482 considerandum

433 3520 534 3568 est.
555 3510 912 3582 Manifestum
930 3517 1203 3566 astantem
1219 3513 1481 3581 quoniam
1500 3528 1615 3567 non
1659 3512 1847 3569 eodem
1896 3515 2078 3584 modo,

615 3704 957 3763 Afﬁrmatio.
990 3705 1238 3761 Necesse
1264 3709 1355 3762 est
1383 3721 1532 3761 esse.

1730 3756 1751 3847 ί,
1839 3781 2141 3838 Contraria

609 3972 961 4030 Afﬁrmatio.
991 3973 1238 4030 Necesse
1268 3978 1358 4029 est
1389 3991 1503 4030 non
1537 3991 1685 4033 esse.
1718 3911 1748 4107 ἒ

436 4181 533 4237 His
561 4179 734 4252 igitur
763 4180 1061 4237 commode
1085 4178 1444 4250 breviterque
1492 4182 1825 4256 descriptis,
1880 4184 1979 4255 qui
2022 4184 2084 4245 in

435 4285 630 4327 eorum
662 4269 1070 4341 consequentia
1100 4268 1169 4324 ad
1202 4269 1501 4338 possibiles
1532 4273 1950 4342 pr0positiones
1969 4290 2084 4330 mo-

434 4361 540 4415 dus
570 4360 744 4429 possit
775 4360 1002 4416 evenire
1032 4361 1467 4418 monstrandum
1499 4364 1606 4430 est,
1641 4361 1795 4416 illam
1840 4378 2084 4434 namque

435 4465 556 4523 quae
584 4458 686 4516 est,
718 4448 988 4527 possibile
1018 4457 1101 4504 est
1130 4466 1275 4516 esse,
1306 4451 1561 4524 sequitur
1590 4468 1655 4507 ea
1685 4468 1805 4523 quae
1838 4459 1941 4523 est,
1966 4469 2081 4515 non

436 4554 667 4596 necesse
695 4546 779 4593 est
808 4553 970 4607 esse;
1006 4553 1140 4591 nam
1174 4540 1325 4609 quod
1358 4540 1624 4611 possibile
1657 4549 1742 4603 est
1790 4558 1933 4610 esse,
1964 4558 2080 4609 non

435 4645 667 4687 necesse
693 4636 773 4683 est
805 4643 945 4694 esse,
975 4628 1123 4697 quod
1154 4628 1306 4684 enim
1340 4630 1607 4697 possibile
1636 4636 1722 4687 est
1752 4648 1895 4700 esse,
1955 4649 2081 4703 pos-

1728 3647 1752 3753 ί
1843 3638 2233 3705 Contradictio

1835 4050 2138 4106 Contraria

2161 756 2342 808 extra.
2376 752 2493 808 Non
2521 755 2669 808 enim
2698 761 2775 809 est
2804 754 3028 821 negatio
3085 752 3206 822 ejus
3253 749 3393 821 quod
3448 752 3548 815 est,
3600 764 3814 804 necesse

2162 857 2273 896 non
2300 857 2433 912 esse,
2468 858 2572 896 non
2606 857 2818 897 necesse
2845 850 2921 897 est
2950 857 3082 910 esse,
3113 838 3382 909 contingit
3411 840 3556 893 enim
3588 854 3703 893 esse
3720 853 3815 892 ve-

2165 948 2257 985 ras
2282 934 2544 1001 utrasque
2572 934 2633 986 in
2663 931 2870 999 eodem,
2904 931 3045 1001 quod
3105 930 3255 985 enim
3311 936 3389 984 est
3438 927 3813 984 necessarium

2164 1036 2275 1075 non
2305 1036 2417 1075 esse
2447 1038 2557 1076 non
2587 1030 2665 1076 est
2689 1022 3061 1076 necessarium
3085 1035 3214 1075 esse.

2238 1112 2394 1176 Quod
2428 1112 2567 1167 dicit
2600 1111 2925 1181 hujusmodi
2952 1118 3066 1165 est:
3102 1109 3161 1165 in
3194 1108 3282 1163 his
3331 1107 3819 1179 propositionibus

2167 1215 2292 1270 quae
2325 1207 2486 1255 erant
2517 1198 2893 1270 impossibilis
2923 1207 2976 1254 et
3006 1214 3120 1253 non
3151 1196 3542 1267 impossibilis,
3604 1212 3818 1252 conve-

2167 1288 2357 1344 niebat
2389 1305 2503 1344 non
2532 1288 2799 1358 possibile
2827 1289 2877 1344 ei
2908 1288 3057 1358 quod
3091 1296 3171 1342 est
3202 1284 3581 1356 impossibile,
3606 1293 3658 1340 et
3684 1302 3821 1356 pos-

2168 1378 2332 1433 sibile
2361 1377 2755 1433 consentiebat
2785 1378 2836 1433 ci
2862 1377 3010 1447 quod
3032 1383 3113 1431 est
3138 1391 3255 1431 non
3280 1374 3661 1445 impossibile,
3683 1391 3820 1430 con-

2170 1468 2566 1522 tradictionem
2601 1468 2820 1522 scilicet
2850 1464 3227 1536 impossibilis
3277 1464 3649 1519 contradictio
3700 1480 3822 1520 non

2170 1556 2455 1627 possibilis
2486 1557 2822 1626 sequebatur
2848 1556 3053 1611 ordine
3076 1569 3351 1611 converso
3376 1572 3389 1622 ;
3416 1553 3477 1609 in
3510 1553 3601 1609 bis
3627 1562 3825 1609 autem

2172 1662 2297 1716 quae
2334 1646 2742 1701 necessarium
2804 1644 3114 1716 praedicant
3179 1644 3266 1699 vel
3338 1642 3678 1698 afﬁrmative
3735 1643 3825 1700 vel

2177 1734 2458 1806 negative,
2514 1736 2570 1789 et
2627 1737 2942 1803 sequuntur
2997 1732 3329 1803 possibilem
3383 1731 3829 1801 propositionem

2170 1825 2291 1893 ejus
2323 1840 2447 1894 quae
2480 1822 2736 1892 possibili
2768 1822 3070 1887 consentit,
3105 1820 3475 1877 contradictio
3496 1836 3611 1875 non
3635 1820 3829 1891 sequi-

2172 1920 2259 1967 tur
2281 1912 2796 1967 contradictioncm
2823 1910 3135 1982 possibilis,
3158 1910 3253 1965 sed
3276 1910 3467 1979 potius
3498 1911 3829 1977 contraria;

2172 2002 2521 2058 necessarias
2550 2016 2679 2056 vero
2714 2016 2868 2055 nunc
2900 1999 3326 2070 propositiones
3356 1999 3511 2064 dico,
3542 2014 3662 2069 quas
3695 2007 3839 2053 tarn-

2174 2091 2277 2148 etsi
2304 2107 2419 2146 non
2450 2090 2773 2161 signiﬁcent
2805 2090 3220 2157 necessitatem,
3256 2096 3445 2143 tamen
3505 2089 3625 2143 sive
3671 2088 3833 2142 aftir-

2176 2180 2399 2247 mative,
2419 2179 2535 2234 sive
2560 2180 2821 2248 negative
2840 2177 3226 2233 necessarium
3251 2178 3567 2247 praedicant
3592 2194 3604 2232 :
3632 2192 3839 2232 sensus

2175 2285 2305 2339 ergo
2326 2269 2418 2324 hic
2434 2276 2541 2335 εει,
2560 2268 2605 2322 si
2629 2284 2736 2338 qua
2754 2283 2819 2323 ex
2851 2267 2938 2322 bis
2960 2282 3081 2337 quas
3107 2267 3493 2323 necessarium
3520 2267 3838 2336 praedicant

2175 2357 2459 2413 consentit
2486 2356 2742 2427 possibili
2760 2355 3209 2426 pr0positioni,ej
3221 2370 3287 2409 us
3303 2370 3428 2425 quze
3444 2355 3765 2410 necessaria
3778 2370 3835 2409 m

2177 2446 2465 2517 praedicat,
2499 2446 2875 2501 contradictio
2909 2460 3024 2500 non
3051 2446 3303 2514 sequitur
3334 2444 3627 2514 possibilis
3684 2460 3829 2499 con-

2180 2536 2599 2603 tradictionem,
2631 2535 2732 2591 sed
2766 2535 2888 2604 ejus
2944 2550 3073 2605 quae
3117 2533 3507 2590 necessarium
3559 2534 3840 2605 praedicat

2177 2624 2646 2680 contradictionis
2675 2623 2957 2680 contraria
2986 2640 3049 2678 ea
3070 2622 3356 2679 consentit
3388 2621 3673 2693 possibilis
3697 2639 3833 2693 pro-

2179 2713 2480 2785 positionis
2512 2712 2991 2780 contradictioni;
3026 2712 3186 2783 prius
3217 2715 3407 2768 autem
3457 2712 3835 2782 disponamus

2179 2821 2300 2875 quae
2321 2812 2453 2860 sunt
2473 2803 3152 2874 contradictorim,quzeve
3175 2807 3374 2858 contra
3390 2802 3503 2869 riae,
3527 2802 3651 2872 ejus
3676 2801 3838 2857 enim

2180 2910 2304 2966 quas
2329 2894 2468 2950 dicit
2490 2908 2727 2949 necesse
2748 2901 2833 2948 est
2855 2909 3001 2961 esse,
3021 2891 3399 2949 contradictio
3441 2895 3543 2961 est,
3579 2907 3695 2946 non
3728 2906 3838 2947 ne-

2179 2999 2335 3040 cesse
2364 2988 2450 3039 est
2479 2999 2620 3049 esse,
2654 2982 2936 3038 contraria
2972 2998 3123 3051 vero,
3157 2996 3393 3037 necesse
3425 2989 3508 3036 est
3534 2997 3646 3035 non
3670 2996 3794 3035 esse
3822 2996 3837 3048 ;

2182 3088 2383 3127 rursus
2415 3072 2537 3142 ejus
2567 3086 2691 3141 quae
2721 3078 2822 3141 est,
2858 3086 3090 3127 necesse
3120 3086 3234 3126 non
3266 3086 3409 3141 esse,
3460 3069 3837 3126 contradictio

2183 3168 2288 3229 εει,
2320 3176 2435 3216 non
2465 3175 2703 3216 necesse
2733 3167 2816 3214 est
2847 3176 2962 3215 non
2995 3175 3137 3229 esse,
3189 3159 3476 3214 contraria
3521 3173 3674 3227 vero,
3734 3174 3845 3214 nc-

2184 3265 2344 3305 cesse
2374 3252 2641 3304 estesse.
2674 3251 2857 3312 Quare
2907 3248 3304 3304 describantur
3358 3256 3411 3303 et
3461 3248 3610 3303 circa
3658 3263 3840 3302 unam

2187 3339 2557 3411 eamdemque
2586 3337 2892 3404 contraria,
2920 3342 2977 3393 et
3034 3337 3478 3393 contradictoria
3522 3338 3839 3408 disponan-

2190 3432 2302 3497 tur,
2335 3433 2397 3484 ut
2427 3429 2577 3501 quod
2609 3445 2643 3484 ε,
2674 3428 2843 3484 nobis
2873 3427 3181 3484 dicendum
3236 3434 3340 3498 est,
3386 3427 3597 3483 clarius
3660 3427 3847 3498 possit

2196 3518 2432 3589 liquere.

2406 3642 2530 3697 Non
2561 3657 2799 3698 necesse
2829 3644 2916 3697 est
2944 3656 3092 3698 esse.
3313 3641 3337 3843 ζ
3406 3640 3644 3713 Negatio

2303 3650 2330 3843 ἓ
2401 3786 2650 3842 Necesse
2678 3788 2767 3841 est
2796 3802 2911 3841 non
2944 3801 3092 3841 esse.
3410 3783 3644 3839 Afﬁrma

2401 3786 2650 3842 Necesse
2678 3788 2767 3841 est
2796 3802 2911 3841 non
2944 3801 3092 3841 esse.
3315 3783 3337 3842 I
3410 3783 3731 3839 Afﬁrmatio

1838 3908 2232 3971 Contradictio
2314 3931 2331 4014 ί
2407 3911 2533 3965 Non
2568 3925 2801 3966 necesse
2830 3916 2919 3966 est
2950 3926 3066 3965 non
3097 3924 3246 3965 esse.
3312 3934 3327 4014 ς
3404 3908 3645 3981 Negatio

2336 4053 2583 4109 Necesse
2609 4057 2698 4109 est
2726 4069 2876 4109 esse.
3308 4019 3332 4112 Ι
3404 4051 3735 4107 Afﬂrmatio

2193 4185 2290 4241 illa
2322 4202 2443 4259 quas
2474 4188 2636 4259 dicit,
2668 4203 2904 4245 necesse
2934 4194 3016 4243 est
3048 4203 3165 4244 non
3195 4202 3340 4253 esse,
3373 4186 3705 4255 comitatur,
3742 4188 3848 4243 sed

2192 4291 2428 4343 necesse
2450 4285 2531 4332 est
2554 4293 2669 4333 non
2692 4293 2837 4347 esse,
2860 4293 2975 4333 non
2993 4284 3075 4332 εει
3097 4275 3540 4332 contradictoris
3562 4274 3687 4344 ejus
3718 4291 3847 4346 qua

2192 4373 2297 4443 est,
2332 4381 2446 4422 non
2468 4382 2702 4425 necesse
2724 4374 2808 4423 est
2830 4382 2952 4422 esse
2973 4384 2986 4434 ;
3008 4369 3252 4438 possunt
3273 4364 3427 4421 enim
3473 4372 3727 4436 utraeque
3778 4366 3847 4424 in

2192 4454 2390 4511 eodem
2415 4455 2588 4514 simul
2624 4473 2768 4512 verae
2799 4454 3065 4522 inveniri,
3099 4471 3233 4511 nam
3284 4453 3557 4525 quoniam
3611 4469 3848 4513 necesse

2191 4547 2275 4598 est
2303 4560 2417 4609 non
2449 4560 2571 4601 esse
2599 4544 2794 4615 ignem
2829 4544 3121 4615 frigidum,
3155 4559 3269 4599 non
3303 4559 3532 4598 necesse
3579 4552 3662 4599 εει
3720 4560 3848 4601 εεεε

2189 4632 2382 4703 ignem
2414 4632 2704 4705 frigidum.
2756 4633 3033 4696 Quocirca
3085 4632 3169 4688 his
3220 4632 3672 4688 contradictoriae
3720 4648 3843 4690 non

434 4717 600 4774 sibile
630 4722 789 4773 estet
816 4731 932 4779 non
963 4731 1122 4784 esse;
1157 4716 1254 4775 sed
1304 4718 1453 4785 quod
1501 4719 1774 4790 possibile
1823 4729 1907 4777 est
1963 4736 2079 4786 non
2109 4722 2156 4786 D
2190 4728 2345 4789 sunt,
2370 4722 2463 4777 sed
2488 4729 2569 4777 est
2588 4721 2868 4777 contraria
2885 4737 2949 4776 ea
2971 4736 3095 4792 quae
3126 4720 3284 4791 dicit,
3324 4737 3556 4777 necesse
3605 4729 3689 4777 est
3722 4737 3847 4781 non

438 4821 578 4875 esse,
612 4821 731 4863 non
762 4819 993 4867 necesse
1025 4810 1108 4859 est
1139 4819 1285 4860 esse.
1318 4808 1498 4869 Quare
1528 4807 1584 4862 id
1617 4810 1763 4878 quod
1796 4816 1900 4877 est,
1952 4825 2084 4880 pos.

438 4894 603 4951 sibile
632 4897 719 4948 est
747 4909 893 4962 esse,
912 4900 1062 4949 recte
1085 4894 1358 4965 sequitur,
1382 4911 1497 4950 non
1530 4912 1764 4953 necesse
1796 4904 1878 4953 cst
1937 4913 2084 4970 esse,

438 4984 536 5040 sed
566 4981 928 5053 negationem
960 4983 1086 5052 ejus
1118 4998 1241 5057 quae
1272 4983 1430 5053 dicit,
1451 4984 1722 5055 possibile
1752 4993 1831 5041 cst
1856 5003 2001 5057 esse,
2027 4989 2082 5045 id

438 5080 522 5129 est
558 5088 676 5128 non
701 5070 968 5142 possibile
1000 5080 1081 5126 est
1119 5087 1265 5139 esse,
1316 5088 1433 5128 non
1477 5074 1732 5144 sequitur
1778 5075 2082 5134 afﬁrmatio

434 5163 557 5231 ejus
587 5177 711 5232 qua)
742 5160 899 5228 dicit,
933 5176 1049 5215 non
1082 5176 1312 5217 necesse
1339 5166 1420 5217 est
1455 5178 1597 5227 esse,
1631 5179 1751 5233 quae
1785 5170 1868 5219 est
1925 5166 2083 5222 scili-

434 5258 542 5317 cet,
578 5265 808 5305 necesse
839 5256 921 5303 est
951 5264 1072 5303 esse
1100 5265 1115 5316 ς
1150 5248 1268 5303 beee
1299 5250 1453 5305 enim
1486 5258 1566 5304 est
1590 5252 1964 5308 contradictio
1987 5268 2084 5309 ne-

435 5338 696 5396 cessarias
726 5337 1147 5403 afﬁrmationis,
1182 5352 1363 5407 neque
1394 5337 1545 5394 enirn
1577 5340 1690 5395 dici
1723 5344 1906 5412 potest
1943 5357 2083 5397 con-

435 5430 644 5486 sentire
675 5426 1089 5498 prOpositiones
1118 5442 1241 5495 quae
1269 5426 1488 5496 dicunt,
1525 5446 1641 5484 non
1671 5429 1942 5499 possibile
2001 5440 2083 5489 est

439 5534 583 5587 esse,
616 5526 668 5573 et
700 5532 931 5574 necesse
963 5524 1046 5572 est
1075 5532 1217 5580 esse,
1251 5516 1345 5572 sed
1381 5516 1550 5587 hujus
1578 5519 1862 5575 contraria
1893 5522 2080 5593 sequi-

439 5616 549 5676 tur,
583 5621 830 5679 namque
860 5622 925 5662 ea
970 5620 1097 5679 quae
1145 5607 1250 5675 est,
1301 5620 1416 5662 non
1462 5606 1732 5677 possibile
1783 5611 1871 5664 est
1927 5625 2076 5679 esse,

2193 4824 2337 4880 esse,
2362 4811 2413 4866 ei
2436 4826 2558 4881 qua:
2579 4810 2737 4881 dicit,
2760 4825 2994 4867 necesse
3012 4818 3097 4866 est
3118 4826 3240 4866 essc
3265 4827 3279 4879 ;
3320 4827 3441 4881 quae
3492 4826 3723 4867 necesse
3752 4818 3848 4869 est

2194 4914 2339 4967 esse,
2372 4899 2745 4956 contradictio
2775 4907 2858 4955 est
2890 4900 3012 4971 ejus
3050 4916 3175 4971 quae
3209 4898 3395 4970 ponit,
3444 4916 3561 4955 non
3609 4915 3849 4957 necesse

2192 4992 2279 5041 est
2298 5002 2447 5051 esse;
2473 5003 2644 5058 quare
2662 4987 3173 5047 contradictionem
3193 4988 3318 5058 ejus
3349 5004 3473 5058 qua:
3498 4987 3658 5055 dicit,
3708 5005 3847 5060 pos-

2193 5075 2358 5131 sibile
2389 5083 2471 5131 est
2501 5092 2644 5139 esse,
2671 5091 2797 5131 eam
2826 5076 3045 5133 scilicet
3074 5092 3183 5148 que
3216 5078 3505 5149 proponit,
3538 5093 3655 5133 non
3706 5093 3844 5150 pos-

2191 5163 2359 5219 sibile
2389 5172 2470 5221 est
2500 5181 2642 5234 esse,
2674 5181 2793 5221 non
2825 5167 3089 5237 sequitur
3118 5167 3496 5223 contradictio
3541 5167 3661 5237 ejus
3711 5182 3841 5239 quae

2191 5257 2295 5319 est,
2330 5269 2562 5311 necesse
2591 5261 2672 5309 est
2701 5270 2846 5320 esse,
2887 5255 2986 5311 sed
3031 5271 3098 5312 ea
3138 5272 3262 5326 quae
3308 5260 3414 5323 est,
3465 5271 3699 5311 necesse
3755 5265 3847 5311 est

2191 5358 2306 5398 non
2338 5359 2485 5413 esse,
2516 5359 2635 5414 quae
2667 5344 2950 5400 contraria
2982 5344 3197 5400 scilicet
3228 5351 3312 5401 est
3343 5346 3393 5400 ei
3426 5361 3549 5413 quae
3581 5351 3685 5412 cst,
3734 5360 3846 5401 no—

2190 5447 2346 5487 cesse
2370 5442 2452 5487 est
2484 5448 2627 5501 esse,
2661 5449 2785 5505 qua:
2818 5433 2937 5489 haec
2988 5434 3110 5503 ipsa
3161 5434 3536 5490 contradictio
3582 5440 3664 5488 est
3719 5434 3855 5503 ejus

2190 5535 2312 5593 quae
2343 5523 2629 5592 proponit,
2662 5538 2778 5578 non
2808 5538 3043 5579 necesse
3074 5538 3217 5579 esse.
3253 5522 3369 5579 Hoc
3402 5526 3589 5579 autem
3624 5514 3851 5579 descri-

2188 5609 2384 5681 ptione
2405 5609 2607 5667 melius
2644 5611 2876 5683 patebit.
