4060 6178
282 322 366 376 373
1083 325 1158 378 ΙΝ
1195 324 1471 379 LIBRUM
1510 324 1602 377 DE
1640 324 2323 379 INTERPBRTATIONE
2364 325 2609 380 EDITIO
2646 326 2892 379 PRIMA.

337 449 651 507 Atlirmatio
832 447 1112 504 Possibile
1142 451 1226 504 est
1255 464 1379 504 esse
1454 448 1795 505 Contradict.

337 540 547 594 Attirm.
582 538 706 593 Non
742 552 977 593 necesse
998 544 1080 592 est
1113 552 1259 593 esse.

1446 537 1789 592 Contradict.
1822 535 2064 592 Necesse
2095 541 2184 591 est
2215 552 2357 592 esse.

3571 327 3675 380 374

2018 448 2140 504 Non
2169 448 2440 518 possibile
2469 455 2549 503 est
2580 464 2724 505 esse.
2801 450 3058 521 Negatio.

2647 536 2962 605 Contraria,
2997 553 3223 593 necesse
3266 542 3355 593 est
3384 554 3500 595 non
3532 555 3673 597 esse.

344 642 477 711 Ergo
509 654 641 693 cum
676 637 743 692 sit
775 636 1152 693 contradictio
1186 637 1456 707 possibile
1502 653 1647 704 esse,
1691 644 1744 691 et
1793 652 1909 693 non
1941 639 1991 703 Α
2025 652 2180 691 εεεεε
2212 653 2379 703 εεεε;
2414 638 2510 691 sed
2545 637 2652 693 hoc
2702 638 3115 694 inconveniens
3164 646 3265 694 est.
3323 641 3507 705 Quare
3539 655 3677 710 quo-

278 729 524 799 possibile
554 743 698 793 esse,
724 733 992 796 sequatur
1037 729 1227 780 autem
1274 726 1545 798 possibile
1590 742 1733 793 esse,
1793 741 1911 781 non

282 834 496 874 necesse
526 833 670 883 esse,
706 815 1085 871 contradictio
1117 820 1309 870 tamen
1344 817 1467 885 ejus
1517 832 1641 886 quae
1691 823 1789 877 est,
1821 831 1914 870 ue-

277 924 413 963 eesse
442 923 589 967 esse,
625 921 740 962 non
775 912 1049 976 sequetur
1078 907 1585 963 contradictionem
1618 907 1738 975 ejus
1786 920 1908 975 quae

273 1006 341 1052 est
372 996 640 1067 possibile
670 1012 814 1064 esse,
853 997 947 1051 sed
980 997 1265 1051 contraria
1295 996 1744 1052 contradictoriae
1786 996 1909 1062 ejus

270 1104 375 1158 quae
407 1090 495 1143 est
528 1100 646 1141 non
680 1101 911 1141 necesse
942 1101 1087 1142 esse.
1124 1085 1262 1141 Nam
1295 1085 1340 1139 si
1398 1084 1773 1140 contradictio
1822 1091 1906 1139 est

273 1193 371 1232 non
396 1190 629 1231 necesse
662 1190 784 1230 esse
813 1176 936 1244 ejus
958 1192 1083 1245 quas
1114 1182 1199 1230 est
1231 1191 1463 1231 necesse
1505 1191 1648 1242 esse,
1676 1181 1904 1230 contra-

266 1265 336 1320 ria
360 1281 491 1320 vero
525 1264 786 1334 ejusdem
820 1280 1055 1321 necesse
1080 1281 1204 1320 esse
1232 1274 1339 1334 est,
1365 1280 1429 1318 ea
1455 1280 1578 1333 qum
1602 1264 1761 1330 dicit,
1802 1279 1906 1319 ne-

266 1370 412 1411 cesse
442 1358 530 1409 est
561 1370 674 1409 non
708 1369 855 1419 esse,
888 1354 1146 1422 sequitur
1178 1369 1410 1408 necesse
1459 1360 1545 1407 est
1597 1368 1713 1407 non
1759 1368 1903 1421 esse,

265 1460 377 1499 eam
410 1458 533 1512 quas
576 1450 679 1511 est,
724 1458 841 1497 non
890 1442 1161 1511 possibile
1210 1457 1355 1504 esse,
1392 1456 1513 1511 quas
1545 1448 1629 1496 est
1685 1448 1907 1497 contra'

264 1534 362 1589 ctio
392 1532 516 1602 ejus
548 1548 668 1601 qua:
696 1539 803 1597 est,
836 1531 1105 1600 possibile
1136 1546 1281 1597 esse,
1314 1547 1488 1600 quam
1512 1532 1768 1600 sequitur
1788 1546 1900 1587 non

262 1640 480 1679 necesse
529 1638 671 1678 esse.
733 1623 904 1677 Recte
956 1637 1086 1691 ergo
1144 1622 1363 1677 dicitur
1418 1621 1901 1678 contradictiones

258 1714 472 1783 quidem
507 1719 665 1768 extra
696 1727 839 1778 esse,
890 1712 1205 1767 contrarias
1250 1728 1384 1767 vero
1432 1712 1900 1767 contradictoriis

260 1804 566 1859 consentire
593 1818 605 1857 :
634 1818 765 1856 nam
792 1800 1060 1870 possibile
1085 1816 1207 1857 esse
1229 1808 1281 1855 et
1302 1816 1415 1855 non
1442 1800 1715 1870 possibile
1753 1817 1896 1866 esse,

262 1909 366 1962 quas
415 1901 553 1947 sunt
600 1891 1078 1959 contradictorize,
1118 1894 1432 1960 sequuntur
1492 1906 1609 1944 non
1667 1905 1897 1945 necesse

2020 726 2175 780 niam
2211 725 2328 780 haec
2361 726 2519 781 illam
2552 741 2665 780 non
2709 729 2981 795 sequitur,
3018 728 3303 781 contraria
3350 728 3533 797 ipsius
3585 745 3676 786 se-

2019 824 2241 885 quetur,
2275 815 2553 869 contraria
2587 830 2836 885 namque
2862 820 2950 869 est
2974 816 3024 870 ei
3055 831 3177 885 quae
3232 816 3518 887 proponit,
3570 833 3670 873 ne-

2019 922 2181 961 cesse
2212 910 2297 961 est
2328 922 2467 975 esse,
2504 906 2603 960 illa
2633 922 2755 976 qua!
2788 906 2945 970 dicit,
2984 922 3213 961 necesse
3245 914 3326 962 est
3358 924 3473 963 non
3528 924 3669 965 esse.

2017 996 2230 1050 Eodem
2256 1011 2475 1065 quoque
2508 996 2674 1050 modo
2698 995 2831 1049 etin
2858 1011 2922 1050 eo
2960 997 3104 1065 quod
3132 1004 3213 1051 est
3256 997 3525 1066 possibile
3557 1014 3673 1055 non

2016 1100 2158 1152 esse,
2192 1085 2355 1153 cujus
2385 1091 2465 1138 est
2499 1084 2873 1138 contradictio
2907 1100 3019 1137 non
3054 1084 3326 1153 possibile
3361 1102 3477 1141 non
3524 1103 3669 1154 esse,

2016 1174 2162 1242 quod
2190 1171 2514 1227 Aristoteles
2541 1172 2789 1227 reticuit.
2819 1173 3084 1241 Sequitur
3106 1189 3357 1244 namque
3395 1190 3516 1231 eam
3546 1192 3667 1245 quas

2016 1268 2117 1327 est,
2153 1261 2417 1329 possibile
2446 1270 2524 1315 est
2558 1277 2670 1315 non
2696 1276 2838 1327 esse,
2876 1261 2973 1315 illa
3005 1278 3130 1331 quae
3190 1263 3349 1332 dicit,
3398 1280 3515 1319 non
3564 1281 3667 1322 ne-

2014 1366 2167 1405 cesse
2200 1354 2282 1405 est
2315 1366 2429 1405 non
2464 1366 2606 1416 esse,
2641 1350 2738 1404 sed
2790 1350 3150 1419 negationem
3201 1368 3325 1406 eam
3375 1370 3497 1422 qum
3556 1363 3659 1425 est,

2013 1456 2128 1494 non
2150 1440 2424 1510 possibile
2450 1448 2529 1494 est
2553 1456 2667 1494 non
2691 1440 2964 1509 esse,ejus
2983 1440 3379 1497 alﬁrmationis
3410 1458 3531 1512 quso
3555 1450 3658 1511 est,

2013 1528 2282 1598 possibile
2314 1536 2394 1583 esl
2427 1544 2541 1583 non
2576 1544 2717 1583 esse.
2752 1528 2876 1583 Non
2920 1529 3175 1598 sequitur
3205 1530 3507 1586 afﬁrmatio
3539 1533 3663 1602 ejus

2011 1633 2133 1686 quae
2167 1625 2268 1683 εει,
2304 1633 2419 1672 non
2452 1633 2683 1673 necesse
2729 1620 2817 1672 est
2865 1634 2981 1673 non
3030 1634 3155 1673 esse
3199 1620 3541 1689 negationis,
3596 1637 3664 1675 ea

2010 1723 2131 1777 quae
2163 1713 2268 1773 est,
2302 1722 2533 1762 necesse
2563 1714 2647 1761 est
2689 1722 2803 1762 non
2848 1722 2991 1763 esse.
3044 1707 3279 1778 Negatio
3327 1708 3483 1763 enim
3541 1710 3663 1779 ejus

2008 1812 2133 1866 qua:
2165 1796 2324 1861 dicit,
2356 1811 2590 1851 necesse
2621 1805 2704 1850 εει
2737 1812 2851 1851 non
2884 1812 3028 1865 esse,
3064 1796 3161 1851 illa
3192 1804 3274 1851 est
3334 1812 3454 1867 quae
3504 1797 3662 1868 dicit,

2007 1902 2123 1940 non
2156 1900 2390 1940 necesse
2422 1888 2507 1940 est
2535 1901 2647 1940 non
2682 1902 2826 1940 esse.
2860 1885 2970 1940 Sed
3025 1885 3193 1954 hujus
3239 1886 3542 1953 contraria,
3603 1887 3656 1941 id

265 1997 368 2036 εεεε
399 1989 453 2035 ει
487 1996 720 2036 necesse
748 1996 864 2035 non
914 1995 1056 2047 esse,
1108 1997 1232 2050 quae
1277 1996 1391 2034 non
1433 1987 1563 2034 sunt
1611 1980 1899 2035 contradi-
1929 2009 1974 2073 B
2007 1982 2089 2029 est
2117 1972 2516 2028 afﬁrmationis
2538 1990 2660 2044 quae
2692 1981 2793 2040 est,
2828 1989 3059 2029 necesse
3091 1979 3176 2028 est
3206 1990 3319 2030 non
3352 1990 3494 2041 esse,
3554 1975 3655 2029 illa

266 2071 456 2136 ctoriae,
492 2071 639 2140 quod
672 2071 729 2124 in
761 2070 959 2124 eodem
994 2077 1243 2139 utraeque
1276 2085 1416 2124 verae
1468 2068 1715 2124 inveniri
1768 2085 1898 2138 pos-

266 2167 399 2213 sunt.
419 2159 578 2222 Quod
602 2159 650 2213 si
669 2158 1043 2214 contradictio
1068 2159 1340 2228 sequitur,
1378 2158 1517 2212 sicut
1547 2173 1610 2212 ea
1643 2173 1768 2228 quae
1790 2165 1893 2225 est,

265 2265 362 2304 non
388 2264 621 2304 necesse
644 2248 1190 2317 csse,sequituream
1211 2265 1336 2319 quae
1359 2254 1438 2302 est
1462 2246 1732 2318 possibile
1754 2263 1895 2314 esse,

267 2336 332 2393 sic
358 2354 475 2393 eam
512 2353 635 2409 quae
668 2341 751 2392 est
785 2352 899 2393 non
928 2336 1200 2405 possibile
1233 2352 1377 2405 esse,
1408 2340 1741 2405 sequeretur
1797 2352 1897 2391 ne-

1204 2435 1545 2491 Afﬁrmatio.

818 2521 1094 2580 Possibile
1127 2531 1208 2578 est
1240 2539 1357 2579 non
1388 2539 1531 2579 esse.

1204 2613 1457 2684 Negatio.

2005 2062 2221 2119 scilicet
2254 2078 2375 2133 quae
2408 2070 2511 2131 est,
2544 2078 2772 2118 necesse
2804 2067 2891 2117 est
2920 2080 3065 2129 esse,
3110 2064 3364 2134 sequitur
3394 2064 3649 2133 negatio-

2006 2169 2137 2208 nem
2170 2152 2325 2208 illam
2359 2168 2480 2223 quae
2511 2160 2613 2219 εει,
2646 2168 2761 2207 non
2796 2153 3063 2223 possibile
3094 2160 3315 2209 estnon
3340 2170 3502 2221 esse;
3544 2152 3652 2208 hu-

2001 2243 2094 2311 jus
2126 2258 2348 2313 quoque
2379 2242 2452 2296 sit
2480 2240 2610 2295 talis
2638 2242 2979 2312 descriptio:

2295 2427 2551 2497 Negatio.

1750 2520 2161 2579 Contradictio.
2195 2519 2319 2574 Non
2354 2519 2626 2588 possibile
2660 2526 2745 2575 esl
2776 2535 2891 2575 non
2922 2534 3065 2575 esse.

2278 2608 2615 2664 Alﬁrmatio.

814 2702 944 2759 Non
977 2717 1210 2759 necesse
1242 2707 1329 2759 est
1359 2718 1479 2759 non
1504 2717 1646 2759 esse.
1681 2700 2083 2757 Contradictio.
2112 2700 2353 2755 Necesse
2385 2708 2470 2756 est
2502 2713 2619 2753 non
2650 2713 2791 2755 esse.

1379 2791 1674 2847 Contraria
1703 2790 2034 2856 afﬁrmatio,
2069 2804 2300 2845 necesse
2331 2804 2471 2843 esse.

260 2892 508 2950 Dissimili
530 2892 704 2963 igitur
728 2891 897 2947 modo
917 2891 1281 2962 evenitquam
1299 2890 1506 2945 dudum
1527 2888 1897 2959 contingebat.

261 2987 313 3041 in
338 2985 419 3039 his
450 2998 571 3054 quas
602 2988 761 3037 erant
790 2979 1081 3051 possibilia
1106 2988 1161 3035 et
1191 2995 1311 3049 quas
1338 2977 1735 3051 impossibilia.
1771 2977 1896 3033 Illic

263 3075 402 3129 enim
433 3071 810 3128 contradictio
840 3069 1350 3125 contradictionem
1382 3067 1745 3139 sequebatur,
1797 3066 1895 3122 sed

262 3163 587 3229 conversim,
623 3168 679 3215 ut
712 3160 1070 3229 negationem
1100 3158 1429 3223 afﬁrmatio,
1454 3158 1895 3213 afﬁrmationem

262 3253 472 3320 negalio
503 3257 855 3321 sequeretur.
888 3249 993 3303 Hic
1022 3264 1139 3303 non
1170 3247 1321 3302 idem
1354 3248 1564 3302 modus
1595 3254 1699 3302 est.
1751 3250 1895 3302 Nam

2006 2887 2062 2942 id
2093 2886 2241 2957 quod
2274 2888 2504 2941 estnon
2537 2900 2697 2955 esse;
2749 2884 2917 2955 igitur
2966 2884 3117 2955 quod
3160 2884 3513 2954 impossibile
3569 2891 3653 2940 est

2006 2992 2146 3043 esse,
2173 2976 2281 3031 hoc
2302 2990 2536 3031 necesse
2553 2981 2639 3030 est
2678 2989 2791 3030 non
2827 2989 2972 3029 esse.
3017 2974 3228 3029 Rursus
3258 2975 3407 3043 quod
3440 2975 3653 3043 impos-

2007 3064 2169 3121 sibile
2190 3072 2405 3120 estnon
2428 3080 2571 3129 esse,
2599 3063 2705 3119 hoc
2727 3078 2958 3119 necesse
2974 3072 3055 3118 est
3096 3078 3212 3118 non
3252 3079 3393 3118 esse.
3432 3064 3653 3119 Rursus

2006 3154 2158 3224 quod
2179 3152 2530 3223 impossibile
2556 3160 2638 3207 est
2664 3168 2779 3207 non
2811 3168 2953 3218 esse,
2987 3152 3093 3208 hoc
3114 3167 3343 3208 necesse
3382 3159 3464 3209 est
3507 3168 3651 3221 esse,

2008 3250 2067 3298 ut
2098 3242 2215 3312 igni
2241 3240 2598 3310 impossibile
2628 3247 2713 3295 est
2745 3256 2861 3296 non
2892 3240 3078 3295 inesse
3118 3239 3388 3311 calorem,
3421 3257 3655 3299 necesse

262 3317 386 3396 cum
415 3317 733 3409 superiores
763 3336 1217 3393 contradictoriaa
1251 3336 1388 3403 sint,
1411 3343 1463 3391 et
1509 3335 1743 3392 inferior
1790 3352 1889 3391 nc-
1923 3317 1965 3383 Ο
2004 3338 2090 3386 est
2119 3332 2287 3401 igitur
2317 3330 2528 3386 inesse.
2564 3332 2749 3395 Quare
2782 3330 2919 3385 hvic
2949 3346 3171 3401 quoque
3195 3330 3344 3386 idem
3372 3331 3656 3388 converti-

258 3431 400 3498 gstio
420 3429 855 3485 altirmationem
880 3434 1166 3496 sequatur,
1199 3426 1555 3493 negationem
1580 3441 1692 3480 non
1717 3424 1898 3494 sequi-

258 3527 343 3572 tur
372 3517 801 3575 contradictoria
833 3516 1161 3582 afﬁrmatio,
1196 3514 1294 3570 sed
1330 3513 1897 3571 afﬁrmationisillius

252 3608 552 3674 contraria,
588 3607 738 3678 quod
770 3606 816 3660 si
842 3605 969 3675 quis
1003 3604 1152 3673 legat
1182 3603 1472 3670 attentius,
1524 3602 1741 3671 integre
1797 3603 1896 3657 de-

250 3698 517 3766 scriptum
573 3710 697 3751 esse
743 3694 961 3749 ratione
1011 3692 1359 3764 perspiciet;
1412 3707 1514 3747 cur
1570 3700 1759 3746 autem
1791 3690 1897 3747 hoc

254 3789 490 3857 eveniat,
524 3801 756 3842 causam
790 3784 995 3856 prodit.

322 3880 494 3933 Causa
525 3880 717 3930 autem
746 3890 845 3929 cur
873 3889 982 3928 non
1040 3875 1309 3943 sequatur
1363 3870 1629 3926 similiter
1684 3871 1899 3925 ceteris

254 3976 352 4035 est,
386 3968 647 4037 quoniam
665 3963 961 4019 contrariae
996 3960 1333 4031 impossibile
1361 3961 1674 4015 necessario
1704 3959 1897 4014 reddi-

254 4065 347 4109 tur
376 4056 518 4111 idem
546 4056 757 4111 valens.
793 4054 928 4108 Nam
962 4051 1102 4122 quod
1134 4051 1471 4113 impossibile
1498 4054 1574 4105 est
1611 4065 1745 4119 esse,
1801 4066 1897 4104 ne-

250 4162 395 4201 cesse
417 4152 493 4202 est
522 4147 623 4201 hoc
652 4160 761 4199 non
794 4143 1013 4215 quidem
1071 4157 1204 4207 esse,
1261 4140 1353 4196 sed
1408 4140 1589 4211 potius
1626 4156 1733 4195 non
1761 4155 1895 4195 esse.

252 4236 408 4305 Quod
440 4251 562 4291 vero
596 4232 937 4305 impossibile
965 4234 1042 4285 est
1074 4246 1183 4285 non
1213 4245 1347 4297 esse,
1382 4229 1479 4284 hoc
1529 4231 1897 4285 necessarium

246 4334 324 4378 est
362 4342 483 4381 esse.
520 4327 705 4393 Quare
734 4324 785 4377 si
817 4323 917 4377 illa
945 4320 1211 4376 similiter
1237 4323 1543 4390 sequuntur
1564 4319 1824 4389 possibile
1844 4328 1898 4375 et

252 4431 363 4470 non
391 4414 670 4485 possibile,
702 4412 821 4468 haec
846 4410 1185 4466 econtrario.
1227 4409 1495 4476 Qnoniam
1522 4424 1631 4463 non
1676 4408 1899 4477 signiﬁ-

248 4512 381 4557 cant
410 4503 549 4558 idem
580 4503 965 4558 necessarium
1002 4503 1054 4553 et
1099 4497 1439 4570 impossibile
1486 4497 1597 4568 (sed
1638 4498 1897 4568 quemad-

251 4592 468 4647 modum
497 4592 713 4647 dictum
744 4590 839 4661 est)
861 4588 1183 4644 conversim.

2010 3429 2118 3486 tur,
2152 3428 2209 3475 ut
2238 3421 2384 3491 quod
2421 3420 2776 3490 impossibile
2807 3421 3123 3476 secundum
3154 3436 3271 3477 non
3299 3436 3422 3476 esse
3461 3422 3657 3487 etticit,

2004 3511 2155 3566 idem
2190 3510 2369 3565 valeat
2397 3509 2784 3565 necessarium
2837 3509 3160 3564 secundum
3209 3525 3336 3566 esse
3383 3510 3652 3581 positum,

2006 3614 2180 3670 quare
2210 3597 2495 3654 contrario
2542 3598 2712 3653 modo
2761 3597 3151 3653 necessarium
3200 3604 3254 3654 et
3303 3598 3655 3667 impossibile

2005 3687 2157 3743 idem
2190 3693 2390 3758 potest.
2424 3686 2579 3750 Quod
2615 3686 2660 3741 si
2693 3686 2979 3742 contrario
3014 3687 3180 3742 modo
3210 3686 3569 3757 impossibile
3597 3694 3653 3743 et

2006 3776 2387 3833 necessarium
2420 3776 2575 3831 idem
2608 3773 2773 3841 valet,
2826 3774 3196 3830 manifestum
3246 3782 3332 3831 est
3386 3790 3484 3832 cur
3534 3790 3650 3831 non

2006 3866 2269 3921 similiter
2297 3864 2661 3935 consequitur
2700 3864 3089 3919 necessarium
3147 3864 3419 3933 possibile
3448 3872 3501 3920 et
3531 3879 3652 3921 non

2006 3954 2277 4024 possibile
2306 3953 2740 4024 prepositiones,
2790 3952 2939 4008 sicut
2990 3954 3220 4007 easdem
3254 3953 3423 4023 ipsas,
3474 3954 3529 4009 id
3571 3960 3654 4009 est

2006 4042 2276 4114 possibile
2301 4050 2355 4097 et
2384 4057 2500 4097 non
2532 4041 2803 4111 possibile
2833 4042 3248 4111 propositiones
3268 4042 3643 4112 impossibile,

2007 4130 2564 4200 etnonimpossibile
2588 4130 2951 4200 sequebatur.
2997 4130 3139 4184 Nam
3188 4131 3237 4184 si
3262 4146 3539 4186 converso
3570 4148 3655 4187 or-

2006 4221 2139 4276 dine
2171 4220 2550 4275 necessarium
2576 4226 2740 4289 atque
2770 4218 3125 4287 impossibile
3178 4218 3328 4273 idem
3382 4218 3528 4274 valet
3572 4236 3656 4276 εε-

2006 4309 2259 4365 cundum
2282 4306 2762 4373 contrarietatem,
2787 4321 2905 4361 non
2925 4305 3127 4360 similis
3150 4308 3553 4377 consequentia
3572 4315 3656 4364 est

2008 4392 2313 4454 necessarii
2337 4406 2386 4452 et
2421 4395 2821 4466 impossibilis,
2855 4395 2906 4449 ei
2938 4411 3062 4464 quae
3108 4395 3215 4450 fuit
3263 4396 3554 4467 possibilis
3600 4405 3655 4453 et

2006 4487 2082 4542 im
2094 4485 2401 4558 possibilis.
2426 4485 2568 4540 Nam
2588 4485 2859 4554 quoniam
2879 4500 2998 4540 non
3022 4484 3375 4554 impossibile
3398 4502 3538 4555 esse,
3566 4502 3653 4542 se-

2009 4576 2197 4645 quitur
2226 4574 2498 4645 possibile
2529 4567 2673 4629 εεέε.
2707 4577 2772 4628 Et
2795 4572 2899 4628 hoc
2934 4588 3149 4640 rursus,
3183 4574 3239 4628 id
3270 4583 3352 4629 est
3382 4575 3654 4643 possibile

320 4681 483 4737 Ratio
505 4688 593 4737 est
614 4696 719 4734 cur
741 4694 853 4733 non
878 4677 1240 4732 similimodo
1258 4674 1668 4746 consequentia
1698 4690 1900 4730 secun-
1931 4690 1978 4754 D
2010 4680 2151 4732 6358,
2185 4680 2296 4720 Ποῐι
2334 4679 2569 4754 9698580
2597 4678 2719 4719 0553
2748 4662 3067 4754 σοφίίδίυτσ
3095 4662 3332 4754 *Βυτδυε
3388 4662 3443 4717 id
3502 4664 3654 4754 (ψρά

250 4771 392 4825 dum
418 4767 931 4827 contradictionem
966 4765 1375 4836 prepositionis
1407 4765 1647 4828 eveniat,
1676 4763 1901 4819 sicutin

253 4860 343 4913 bis
370 4874 486 4928 quas
515 4861 652 4913 sunt
674 4855 1019 4925 imposibilia
1041 4861 1094 4909 et
1122 4870 1239 4909 non
1291 4852 1671 4924 impossibilia
1704 4853 1904 4922 hujus-

253 4949 429 5011 modi,
452 4963 625 5003 omne
648 4945 1032 5001 necessarium
1054 4943 1338 4999 contrario
1366 4944 1531 4998 modo
1556 4940 1905 5011 impossibile

249 5043 356 5092 est.
390 5042 528 5091 Nam
561 5034 709 5104 quod
737 5039 818 5088 est
850 5031 1205 5102 impossibile
1237 5048 1383 5099 esse,
1436 5030 1543 5087 hoc
1592 5037 1675 5086 est
1706 5046 1903 5085 neces-

250 5127 462 5181 sarium
486 5141 599 5180 non
626 5139 891 5186 esse,non
912 5124 1066 5178 enim
1092 5130 1174 5176 est
1198 5121 1579 5177 necessarium
1606 5136 1729 5175 esse
1751 5119 1902 5189 quod

255 5222 336 5268 est
359 5213 715 5285 impossibile
735 5229 885 5278 esse;
912 5212 1105 5266 nullus
1131 5212 1281 5267 enim
1304 5209 1532 5279 dixerit,
1554 5224 1784 5265 necesse
1818 5212 1909 5265 est

255 5314 379 5356 esse
403 5302 550 5371 quod
572 5298 926 5369 impossibile
948 5304 1032 5353 est
1058 5313 1202 5365 esse,
1250 5313 1367 5352 non
1394 5312 1524 5367 ergo
1562 5311 1801 5351 necesse
1825 5301 1908 5350 est

257 5391 509 5454 essc,sed
533 5389 723 5459 potius
755 5403 988 5442 necesse
1006 5390 1091 5442 est
1140 5402 1253 5441 non
1305 5401 1427 5440 esse
1462 5386 1608 5456 quod
1642 5385 1715 5439 im
1728 5383 1906 5455 possi-

258 5474 371 5532 bile
386 5487 462 5533 est
481 5493 625 5533 esse.
654 5477 798 5546 Ergo
824 5492 1109 5530 conversae
1131 5475 1278 5530 idem
1308 5480 1490 5544 potest
1531 5470 1904 5543 impossibile,

258 5570 406 5635 quod
438 5567 846 5624 necessarium.
882 5566 1039 5629 Quod
1076 5564 1231 5620 enim
1264 5562 1619 5634 impossibile
1640 5564 1907 5633 junctum

260 5669 389 5712 cum
419 5674 540 5714 esse
569 5655 769 5726 efﬁcit,
789 5655 897 5711 hoc
919 5653 1095 5711 efﬁcit
1120 5654 1501 5710 necessarium
1547 5654 1807 5722 junctum
1835 5651 1907 5707 ad

2011 4762 2092 4811 εει
2114 4752 2467 4825 impossibile
2493 4769 2636 4817 esse,
2660 4750 2925 4822 quoniam
2952 4750 3201 4821 sequitur
3238 4766 3352 4807 non
3384 4751 3655 4821 possibile

2018 4859 2162 4899 esse.
2198 4842 2589 4899 Necessarium
2623 4845 2839 4909 autem,
2872 4839 3211 4909 impossibili
3243 4855 3516 4897 converso
3563 4858 3655 4897 or-

2017 4936 2151 4991 dine
2172 4934 2323 4991 idem
2352 4932 2514 5000 valet,
2539 4932 2793 5003 sequitur
2814 4932 2868 4986 id
2893 4932 3040 5002 quod
3064 4934 3147 4987 est
3190 4931 3543 5002 impossibile
3576 4941 3659 4990 est

2017 5040 2159 5094 esse,
2184 5038 2417 5079 necesse
2439 5026 2527 5077 est
2550 5037 2667 5077 non
2695 5036 2836 5076 esse.
2861 5022 2940 5076 Ac
2959 5036 3055 5089 per
3076 5019 3181 5075 hoc
3202 5022 3371 5076 etiam
3407 5022 3460 5077 id
3512 5024 3658 5092 quod

2017 5120 2098 5167 est
2133 5128 2243 5167 non
2278 5111 2545 5182 possibile
2577 5126 2702 5165 esse
2733 5111 3004 5179 sequitur,
3029 5109 3085 5163 id
3120 5111 3269 5179 quod
3318 5118 3399 5165 est
3434 5127 3664 5169 necesse

2017 5209 2099 5256 est
2129 5217 2245 5256 non
2276 5216 2416 5257 esse.
2441 5202 2655 5255 Rursus
2682 5198 2952 5268 quoniam
2995 5197 3044 5252 ei
3096 5199 3245 5267 quod
3295 5204 3377 5254 est
3408 5214 3522 5255 non
3554 5200 3665 5255 im-

2016 5291 2287 5362 possibile
2309 5306 2425 5345 non
2447 5306 2567 5345 esse
2590 5288 2896 5353 consentit,
2922 5287 2975 5342 id
3001 5286 3145 5357 quod
3171 5292 3251 5340 est
3282 5288 3552 5356 possibile
3583 5296 3666 5344 est

2016 5396 2131 5435 non
2155 5393 2294 5446 esse,
2319 5386 2371 5432 et
2400 5378 2531 5432 huic
2553 5378 2838 5443 convenit,
2864 5391 2977 5430 non
3001 5390 3233 5430 necesse
3256 5381 3339 5430 est
3366 5390 3481 5430 non
3519 5393 3663 5431 esse.

2017 5468 2290 5532 Quoniam
2325 5468 2378 5522 id
2401 5468 2544 5537 quod
2577 5466 2787 5521 dicitur
2814 5463 3167 5534 impossibile
3216 5471 3299 5519 est
3346 5480 3461 5519 non
3519 5480 3661 5531 esse,

2017 5560 2227 5615 socium
2255 5566 2338 5614 est
2360 5559 2409 5613 ei
2433 5558 2579 5629 quod
2602 5560 2686 5611 est
2711 5572 2824 5610 non
2848 5554 3115 5625 possibile
3160 5556 3245 5608 est
3287 5569 3400 5609 non
3440 5568 3579 5615 esse,
3611 5552 3663 5607 ei

2015 5652 2205 5704 autem
2241 5648 2390 5717 quod
2420 5650 2505 5702 est
2532 5642 2882 5716 impossibile
2900 5658 3016 5697 non
3038 5657 3179 5707 esse,
3201 5655 3471 5696 converso
3496 5638 3661 5694 modo
