4060 6178
414 355 522 410 375

1688 346 1808 399 ΑΝ.
1847 338 2071 395 MANL.
2110 335 2269 390 BEV.
2308 335 2549 390 BOETII

3694 335 3787 390 376

420 481 708 539 redditum
737 479 1147 547 necessarium,
1172 475 1323 529 idem
1349 473 1511 530 valet.
1542 472 1805 543 Sequitur
1828 469 1885 524 id
1917 464 2063 538 quod
2095 462 2149 528 Α
2181 476 2322 527 esse,
2348 460 2454 517 hoc
2473 478 2602 518 vero
2617 460 2764 516 illud
2785 460 2931 531 quod
2955 458 3165 515 dicitur
3188 474 3298 514 non
3324 458 3655 527 impossibile
3684 476 3789 518 esse

426 581 511 629 est
532 568 882 641 impossibile
906 576 1123 622 estnon
1149 580 1294 630 esse,
1319 564 1373 619 id
1398 564 1551 635 quod
1576 562 1825 618 dicimus
1842 570 2074 613 necesse

426 672 509 720 est
539 678 680 730 esse,
713 666 767 715 et.
800 659 946 713 hanc
971 672 1195 727 quoque
1220 655 1474 726 sequitur
1503 654 1559 709 id
1608 653 1755 723 quod
1806 646 2077 719 pr0poni-

430 770 581 820 mus,
615 766 733 807 non
760 746 1117 817 impossibile
1138 751 1226 801 est
1254 760 1371 801 non
1403 760 1548 811 esse,
1580 757 1697 798 non
1728 754 1962 797 necesse
1992 742 2075 791 est

426 860 543 899 non
575 855 729 905 esse;
762 837 818 892 id
852 853 979 893 vero
1010 835 1391 905 descriptione
1421 836 1787 889 monstratur.

428 928 885 987 Consentientcs.
1258 923 1718 979 Consentientes.

426 1020 551 1075 Non
577 1014 933 1088 impossibile
962 1022 1045 1070 est
1074 1029 1215 1070 esse.
1250 1011 1611 1083 Impossibile
1640 1017 1721 1065 est
1751 1024 1896 1064 esse.

427 1107 704 1164 Possibile
734 1111 817 1160 est
848 1120 989 1159 esse.
1246 1102 1372 1159 Non
1403 1099 1671 1172 possibile
1699 1105 1783 1153 est
1813 1112 1954 1152 esse.

426 1198 552 1252 NOII
586 1209 819 1250 necesse
848 1201 933 1249 est
960 1207 1102 1247 esse.
1252 1191 1492 1247 Necesse
1521 1195 1603 1243 est
1629 1203 1745 1243 non
1771 1201 1916 1242 esse.

424 1284 882 1342 Consentientes.
1243 1278 1698 1335 Consentientes.

429 1371 1250 1442 Nonimpossib.estnonesse.
1275 1365 1636 1437 Impossibile
1665 1370 1750 1420 est
1782 1379 1899 1419 non
1929 1378 2070 1418 esse.

429 1460 706 1519 Possibile
735 1468 819 1516 est
848 1476 964 1515 non
996 1473 1138 1514 esse.
1252 1455 1374 1514 Non
1408 1454 1620 1525 possib.
1648 1456 1735 1509 est
1782 1468 1899 1508 non
1929 1467 2072 1507 esse.

432 1554 561 1610 Non
584 1566 817 1606 necesse
842 1556 925 1603 est
949 1564 1065 1602 non
1087 1562 1228 1602 esse.
1256 1545 1497 1603 Ν808558
1527 1550 1609 1599 est
1638 1559 1780 1599 esse.

505 1642 685 1697 Causa
714 1637 890 1709 igitur
920 1637 1154 1692 diversa
1183 1634 1603 1705 consequentia:
1631 1639 1714 1688 est
1748 1632 1809 1687 in
1851 1637 2075 1687 contra-

436 1733 586 1786 rium
618 1728 1068 1798 prepositionum
1100 1724 1473 1795 impossibilis
1502 1731 1555 1779 et
1585 1721 1892 1778 necessarii
1930 1721 2078 1776 facta

2186 552 2444 622 sequitur
2474 552 2530 606 id
2564 552 2711 621 quod
2744 550 3137 621 preponimus,
3173 564 3287 603 non
3348 563 3501 604 cesse
3547 554 3626 602 est
3667 565 3790 617 esse,

2185 642 2279 697 sed
2303 639 2576 711 possibile
2598 656 2723 696 esse
2747 639 3073 696 consentire
3101 638 3490 708 preposuimus
3518 638 3565 693 ei
3586 654 3697 707 quae
3720 641 3792 693 di-

2185 729 2280 797 cit,
2313 745 2546 785 necesse
2568 734 2653 785 est
2665 744 2806 796 esse,
2827 742 3065 799 eamque
3088 726 3359 796 consequi
3381 742 3395 792 ;
3416 726 3660 795 sequitur
3674 743 3785 797 ergo

2185 835 2308 874 eam
2339 835 2464 888 quae
2485 826 2703 875 estnon
2726 833 2953 873 necesse
2982 832 3127 880 esse,
3159 814 3315 870 illam
3362 831 3485 884 quae
3528 815 3673 885 dicit,
3705 832 3788 871 ne-

2183 924 2340 965 cesse
2369 916 2452 964 est
2482 924 2629 973 esse,
2661 908 2826 979 eique
2851 904 3319 974 conscntit,quod
3343 910 3424 959 est
3444 903 3788 973 impossibile.

2185 998 2287 1064 Qui
2311 998 2480 1068 igitur
2503 997 2564 1053 in
2585 997 2676 1052 his
2693 994 3147 1052 dubitationibus
3165 1000 3247 1048 est
3273 993 3671 1049 statuendum?
3695 1010 3792 1048 non

2184 1092 2370 1158 potest
2395 1084 2717 1142 consentire
2747 1085 2974 1156 quidem
3007 1082 3277 1155 possibile
3308 1098 3431 1137 esse
3464 1084 3514 1137 ei
3543 1083 3679 1152 quod
3708 1090 3799 1148 est,

2186 1191 2421 1232 necesse
2448 1191 2590 1231 esse.
2623 1173 2847 1244 Alioqui
2879 1170 3323 1244 propositionem
3352 1186 3583 1227 necesse
3609 1187 3723 1227 esse
3745 1171 3791 1225 id

2183 1265 2331 1336 quod
2364 1268 2454 1319 est
2484 1263 2841 1335 impossibile
2872 1278 2999 1319 esse
3025 1266 3425 1332 consequetur,
3457 1260 3501 1315 si
3534 1276 3652 1315 vero
3670 1276 3793 1315 con-

2183 1355 2399 1411 venerit
2421 1354 2470 1410 ei
2491 1371 2615 1425 quas
2637 1362 2720 1409 est
2746 1351 3133 1409 necessarium
3155 1367 3300 1420 esse,
3325 1349 3423 1405 illa
3445 1366 3563 1422 quas
3585 1358 3661 1406 est
3681 1366 3795 1422 pos-

2184 1444 2346 1501 sibile
2363 1461 2506 1501 esse.
2532 1445 2746 1500 Rursus
2764 1444 2825 1499 ﬁt
2846 1450 2908 1499 ut
2929 1443 2983 1498 id
3008 1443 3156 1514 quod
3179 1441 3672 1508 estnecessarium,
3697 1456 3796 1496 non

2185 1534 2565 1591 necessarium
2600 1533 2690 1603 sit,
2724 1532 2821 1588 sed
2852 1532 2959 1588 hoc
2990 1530 3194 1586 falsum
3220 1538 3343 1599 est;
3376 1530 3470 1586 sed
3495 1530 3595 1585 hoc
3620 1545 3798 1601 quem-

2185 1624 2491 1679 admodum
2522 1638 2646 1678 sese
2677 1621 2879 1676 habeat
2909 1619 3076 1691 paulo
3103 1618 3632 1690 postexplicabitur.
3653 1619 3799 1673 Nunc

2185 1730 2316 1769 vero
2343 1712 2587 1783 priorem
2619 1710 2973 1781 sequentiam
3002 1712 3396 1779 permutantes
3428 1709 3530 1764 hoc
3559 1708 3797 1773 dicimus,

437 1818 770 1881 conversio;
796 1817 893 1871 sed
922 1817 991 1870 de
1022 1816 1109 1869 his
1160 1815 1264 1870 hoc
1323 1814 1493 1870 modo
1550 1812 1899 1884 speculatus,
1961 1827 2082 1867 sese
2110 1814 2160 1879 B
2191 1801 2463 1873 quoniam
2494 1801 2551 1855 id
2579 1801 2723 1870 quod
2753 1809 2834 1856 est
2864 1799 3133 1870 possibile
3162 1814 3287 1854 esse
3319 1814 3436 1854 non
3463 1802 3635 1868 potest
3683 1812 3803 1852 con-

437 1906 856 1979 quodamrnodo
887 1906 1006 1972 ipse
1037 1904 1423 1974 reprehendit,
1456 1911 1510 1959 et
1540 1904 1609 1957 ad
1641 1901 1809 1957 aliam
1834 1901 2084 1972 proprie-

436 1997 566 2052 tatis
597 1995 1067 2064 consequentiam
1098 1993 1538 2062 disputationem
1571 1991 1767 2047 ﬂectit.

506 2087 586 2140 An
618 2091 768 2141 certe
798 2082 1135 2154 impossibile
1162 2086 1239 2137 est
1266 2082 1347 2137 sic
1364 2082 1497 2152 poni
1518 2082 1820 2136 necessarii
1860 2084 2083 2135 contra-

435 2174 723 2230 dictiones.
751 2175 895 2227 Nam
913 2172 1065 2242 quod
1084 2175 1163 2225 est
1178 2169 1555 2226 necessarium
1571 2185 1700 2236 esse,
1722 2168 1982 2241 possibile
2005 2179 2085 2224 est

440 2280 570 2329 esse,
604 2279 736 2317 nam
766 2264 814 2316 si
842 2277 974 2327 non,
1003 2263 1222 2328 negatio
1252 2264 1526 2330 sequetur.
1552 2261 1782 2315 Necesse
1828 2258 1980 2313 enim
2009 2262 2086 2313 est

441 2354 838 2423 aula/ﬁrmare
855 2353 949 2404 aut
976 2365 1199 2419 negare.
1250 2348 1429 2416 Quare
1467 2349 1514 2402 si
1561 2364 1667 2403 non
1717 2346 1979 2414 possibile
2011 2349 2089 2401 est

443 2457 580 2511 esse,
609 2438 949 2511 impossibile
977 2446 1055 2493 est
1087 2453 1219 2492 esse.
1253 2436 1432 2508 Igitur
1460 2434 1794 2508 impossibile
1816 2440 1896 2491 est
1949 2451 2087 2503 esse,

447 2530 588 2601 quod
617 2544 834 2584 necesse
863 2534 942 2582 est
970 2542 1100 2595 esse,
1126 2529 1270 2597 quod
1299 2542 1429 2581 sane
1454 2530 1537 2580 est
1566 2526 1970 2580 inconveniens.

520 2642 706 2703 Forte,
737 2635 941 2707 inquit,
976 2635 1286 2691 erravimus
1316 2636 1395 2690 ita
1436 2634 1869 2704 consequentias
1914 2631 2090 2689 collo-

448 2739 665 2784 cantes.
689 2730 848 2781 Tunc
865 2725 1020 2780 enim
1046 2724 1529 2795 disposuimus,ut
1556 2724 1609 2779 id
1633 2722 1783 2793 quod
1804 2730 1946 2778 esset
1968 2738 2091 2793 pos-

448 2815 613 2871 sibile
637 2822 962 2884 sequeretur
985 2812 1126 2868 illud
1149 2812 1300 2882 quod
1323 2819 1542 2868 estnon
1586 2813 2000 2881 necessarium,
2034 2824 2093 2867 ut

448 2903 767 2960 secundum
799 2902 1230 2972 praecessionem
1264 2900 1556 2971 possibilis
1576 2908 1903 2972 sequentem
1929 2916 2094 2971 nega-

448 2995 663 3049 tionem
696 2992 1003 3049 necessarii
1034 3006 1375 3061 poneremus
1399 3008 1412 3058 ;
1437 3005 1595 3045 nunc
1616 2998 1808 3046 autem
1828 2990 1967 3046 dicit
1986 2990 2093 3047 hoc

444 3083 759 3154 permutari
779 3089 1057 3152 oportere,
1072 3087 1126 3135 et
1146 3096 1264 3136 non
1283 3097 1316 3134 a
1337 3079 1596 3149 possibili
1620 3080 2094 3147 inchoandum,et

2189 1891 2347 1962 sequi
2378 1890 2433 1945 id
2466 1890 2615 1960 quod
2643 1897 2726 1945 est
2758 1904 2989 1945 necesse
3021 1903 3163 1955 esse,
3198 1904 3307 1944 nec
3337 1887 3427 1942 has
3449 1886 3555 1941 sibi
3585 1886 3813 1957 proposi-

2189 1981 2373 2037 tiones
2394 1979 2765 2035 consentiunt
2795 1977 3070 2048 possibile
3115 1993 3259 2043 esse,
3313 1984 3368 2032 et
3411 1992 3632 2032 necesse
3675 1990 3806 2040 esse,

2193 2070 2340 2141 quod
2372 2066 2698 2124 Aristoteles
2730 2067 2837 2122 hoc
2867 2066 3037 2121 modo
3064 2065 3369 2136 proponit:

2263 2180 2328 2232 At
2349 2191 2474 2232 vero
2491 2191 2667 2247 neque
2691 2174 3063 2231 necessarium
3082 2189 3196 2228 esse
3213 2175 3471 2244 sequitur
3491 2172 3559 2227 ad
3586 2171 3815 2242 possibile

2194 2284 2329 2334 esse,
2360 2281 2534 2338 neque
2563 2265 2937 2319 necessarium
2961 2279 3070 2317 non
3102 2278 3233 2317 esse.
3268 2264 3363 2318 Illi
3415 2264 3559 2318 enim
3608 2269 3809 2331 utraque

2193 2356 2463 2426 contingit
2481 2352 2959 2424 accidere,horum
2978 2360 3162 2407 autem
3178 2352 3509 2407 utrumlibet
3522 2368 3695 2407 verum
3706 2350 3813 2421 [ue-

2197 2447 2292 2516 ril,
2323 2444 2565 2501 nondum
2594 2447 2762 2498 erunt
2792 2442 2895 2497 illa
2916 2458 3067 2511 vera,
3098 2442 3272 2497 simul
3304 2441 3450 2497 enim
3481 2440 3722 2512 possibile
3745 2441 3809 2493 est

2196 2552 2309 2592 esse
2327 2539 2379 2590 et
2398 2549 2507 2589 non
2529 2548 2662 2588 esse.
2682 2532 2747 2587 Si
2765 2547 2891 2586 vero
2913 2547 3128 2586 necesse
3169 2536 3249 2586 est
3296 2547 3408 2587 esse
3457 2530 3538 2585 vel
3571 2545 3673 2585 non
3697 2544 3812 2597 esse,

2196 2642 2308 2680 non
2338 2623 2444 2680 erit
2472 2622 2733 2694 possibile
2770 2629 3081 2692 utrumque.
3108 2619 3464 2691 Relinquitur
3482 2634 3601 2689 ergo
3619 2634 3717 2672 non
3732 2632 3813 2670 ne-

2197 2715 2503 2771 cessarium
2524 2727 2635 2766 non
2660 2726 2773 2766 esse
2794 2711 2952 2781 sequi
2971 2709 3041 2764 ad
3059 2709 3330 2779 possibile
3347 2708 3583 2776 esse,hoc
3597 2709 3730 2764 enim
3748 2721 3819 2761 ve-

2198 2820 2324 2859 rum
2351 2809 2435 2858 est
2467 2805 2519 2856 et
2547 2800 2611 2856 de
2638 2815 2853 2855 necesse
2883 2815 3015 2869 esse,
3048 2798 3165 2855 haec
3187 2800 3342 2854 enim
3373 2799 3432 2868 ﬁt
3478 2797 3813 2854 contradictio

2199 2896 2316 2966 ejus
2337 2908 2455 2963 quae
2475 2891 2725 2961 sequitur
2744 2889 2815 2943 ad
2830 2904 2944 2943 non
2963 2886 3221 2959 possibile
3240 2904 3377 2944 esse.
3401 2887 3544 2943 Illud
3580 2885 3715 2943 enim
3741 2898 3811 2938 se-

2197 2981 2388 3052 quitur
2419 2978 2519 3032 hoc
2547 2976 2687 3047 quod
2717 2980 2819 3045 est,
2850 2974 3196 3047 impossibile
3223 2991 3368 3045 esse,
3398 2980 3451 3031 et
3492 2988 3688 3030 necesse
3720 2986 3815 3025 non

2196 3066 2494 3137 esse,cujus
2512 3067 2732 3133 negatio
2755 3068 2855 3131 est,
2874 3080 2986 3119 non
3003 3080 3212 3120 necesse
3230 3081 3349 3119 non
3370 3081 3504 3120 esse.
3527 3064 3813 3135 Sequuntur

446 3173 580 3227 huic
609 3171 1028 3240 subjiciendum
1048 3170 1353 3226 necessarii
1381 3170 1761 3239 negationem,
1786 3174 1882 3225 sed
1904 3171 2088 3241 potius

2202 3160 2376 3227 igitur
2403 3165 2459 3211 et
2507 3153 2591 3209 lia:
2644 3153 3105 3209 contradictiones
3160 3153 3468 3208 secundum
3520 3151 3814 3224 praedictum

446 3262 632 3331 primo
661 3261 988 3327 ponendum
1021 3275 1147 3314 esse
1198 3260 1604 3326 necessarium,
1664 3260 1918 3315 secundo
1974 3261 2098 3318 loco

451 3345 743 3418 possibile,
776 3360 1021 3415 namque
1053 3344 1151 3399 illa
1181 3346 1497 3415 propositio
1528 3362 1651 3416 quas
1712 3348 2099 3403 necessarium

454 3434 730 3498 continet,
749 3432 1041 3487 continere
1062 3432 1282 3487 videtur
1302 3432 1467 3486 etiam
1487 3431 1942 3503 possibilitatem,
1964 3450 2098 3489 nam

458 3523 611 3595 quod
633 3521 1016 3578 necessarium
1038 3528 1119 3575 est
1140 3522 1291 3576 idem
1319 3520 1589 3590 possibile
1610 3529 1710 3576 est.
1737 3523 1895 3587 Quod
1944 3524 2099 3578 enim

457 3627 691 3669 necesse
713 3619 795 3667 est
816 3626 959 3681 esse,
981 3609 1131 3665 idem
1154 3625 1275 3664 esse
1292 3609 1567 3679 possibile
1591 3618 1695 3679 est,
1721 3626 1851 3664 nam
1897 3610 1945 3665 si
1971 3611 2098 3680 quis

453 3706 562 3761 hoc
579 3709 766 3773 neget,
792 3709 845 3758 et
867 3702 923 3756 id
943 3700 1094 3771 quod
1117 3706 1200 3755 est
1221 3700 1605 3755 necessarium
1622 3700 1772 3756 dicat
1794 3716 1911 3756 non
1937 3701 2097 3772 sequi

450 3792 906 3864 possibilitatem,
939 3788 1164 3859 negatio
1188 3788 1579 3858 possibilitatis
1600 3789 1654 3844 id
1692 3791 1845 3860 quod
1879 3798 1964 3845 est
1994 3806 2097 3845 ne-

452 3879 761 3937 cessarium
790 3877 1170 3933 comitabitur.
1197 3876 1340 3934 Nam
1358 3878 1406 3933 si
1427 3878 1483 3932 id
1509 3878 1660 3948 quod
1712 3878 2098 3933 necessarium

452 3973 540 4026 est
569 3984 712 4033 esse,
748 3966 951 4021 falsum
982 3970 1072 4023 est
1099 3967 1286 4022 dicere
1318 3966 1593 4036 possibile
1623 3975 1707 4022 est
1734 3983 1877 4036 esse,
1899 3984 2099 4023 verum

454 4065 537 4114 est
559 4057 748 4112 dicere
769 4056 1036 4127 quoniam
1056 4072 1171 4111 non
1192 4054 1460 4125 possibile
1482 4063 1563 4111 est
1580 4072 1721 4112 esse.
1747 4057 1810 4110 In
1834 4056 2100 4113 omnibus

456 4146 612 4203 enim
639 4155 732 4202 aut
757 4147 930 4201 dictio
958 4152 1069 4213 est,
1093 4147 1147 4201 id
1173 4145 1595 4211 estatﬁrmatio,
1617 4150 1717 4200 aut
1748 4146 1971 4216 negatio
1997 4164 2009 4214 ;
2040 4153 2101 4201 ut

455 4239 501 4294 si
530 4236 629 4292 illa
648 4254 782 4292 vera
807 4244 910 4305 est,
929 4236 1026 4291 illa
1048 4237 1120 4291 sit
1140 4235 1304 4302 falsa,
1329 4235 1375 4289 si
1398 4234 1500 4289 illa
1536 4250 1653 4290 non
1699 4242 1803 4304 est,
1840 4234 1937 4290 illa
1969 4252 2099 4291 mox

455 4343 575 4383 esse
610 4342 845 4382 necesse
875 4326 970 4392 sit,
1002 4325 1097 4379 sed
1130 4340 1248 4380 non
1280 4323 1549 4393 possibile
1578 4339 1699 4378 esse
1729 4325 1891 4395 sequi
1948 4324 2098 4379 dixi-

457 4431 605 4482 mus,
627 4415 679 4468 id
704 4415 850 4483 quod
870 4421 950 4467 est
969 4411 1321 4482 impossibile
1343 4428 1497 4478 esse;
1524 4412 1692 4481 igitur
1730 4412 1787 4466 id
1828 4413 1980 4482 quod
2011 4413 2099 4467 di-

454 4504 623 4569 citur,
653 4518 890 4557 necesse
918 4507 1001 4555 est
1030 4518 1171 4569 esse,
1204 4501 1559 4571 impossibile
1584 4506 1672 4556 est
1701 4518 1843 4568 esse,
1866 4501 1964 4556 sed
1996 4502 2102 4558 hoc

456 4593 683 4664 quidem
717 4590 1129 4646 inconveniens
1159 4598 1261 4656 est,
1287 4605 1403 4644 non
1425 4590 1595 4660 igitur
1615 4606 1807 4646 verum
1831 4599 1934 4660 est,
1959 4607 2102 4661 quo-

455 4682 609 4737 niam
642 4682 692 4736 ei
725 4680 875 4751 quod
904 4687 985 4736 est
1017 4680 1400 4735 necessarium
1430 4695 1571 4746 esse,
1601 4680 1654 4734 id
1688 4681 1836 4751 quod
1868 4688 1953 4736 est
1983 4697 2101 4737 non

457 4769 732 4839 possibile
761 4785 883 4824 esse
912 4770 1196 4824 convenit.
1228 4771 1410 4832 Quare
1441 4772 1693 4838 sequitur
1723 4771 1777 4824 id
1810 4770 1955 4839 quod
2016 4778 2103 4826 est

460 4859 841 4914 necessarium
874 4857 1235 4928 possibilitas.

528 4950 595 5002 At
628 4963 746 5003 vero
778 4948 922 5002 illud
941 4947 1086 5018 quod
1102 4952 1179 5003 est
1198 4948 1454 5018 possibile
1474 4965 1605 5017 esse,
1628 4964 1740 5003 non
1774 4948 2104 5019 impossibile

460 5054 573 5093 esse
596 5040 866 5108 sequitur,
889 5038 985 5094 hoc
1006 5055 1128 5094 vero
1145 5039 1287 5094 illud
1316 5039 1459 5111 quod
1487 5045 1565 5095 est
1594 5056 1705 5095 non
1739 5041 2101 5095 necessarium

462 5144 591 5183 esse.
627 5129 807 5194 Quare
834 5127 1106 5198 contingit
1134 5128 1275 5198 quod
1305 5137 1383 5184 est
1409 5130 1781 5184 necessarium
1838 5144 1950 5184 esse
1994 5145 2105 5184 non

458 5219 834 5272 necessarium
865 5234 994 5284 esse,
1028 5218 1168 5287 quod
1198 5234 1332 5273 sane
1358 5223 1437 5273 est
1466 5218 1871 5274 inconveniens.

535 5308 783 5363 Dicimus
815 5308 866 5362 ei
896 5308 1048 5376 quod
1078 5314 1160 5362 est
1190 5309 1573 5363 necessarium
1606 5325 1731 5363 esse
1778 5309 2106 5365 consentire

460 5397 619 5453 illam
652 5395 1095 5466 prepOsitionem
1142 5413 1266 5466 quae
1313 5397 1451 5452 dicit
1500 5397 1771 5469 possibile
1827 5412 1973 5463 esse,
2008 5399 2105 5454 sed

463 5500 656 5541 rursus
690 5485 795 5539 hoc
825 5484 1031 5539 falsum
1047 5486 1274 5540 videtur
1295 5486 1681 5555 cegitantibus
1707 5487 2107 5556 perspicienti-

462 5570 702 5641 busque,
721 5571 992 5640 quoniam
1017 5571 1066 5624 ei
1091 5572 1236 5639 quod
1256 5580 1337 5626 est
1362 5571 1634 5641 possibile
1656 5587 1799 5636 esse,
1819 5575 2105 5627 consentit

462 5668 513 5716 et
533 5663 796 5716 convenit
818 5659 915 5715 illa
938 5660 1248 5730 propositio
1271 5678 1395 5732 quas
1415 5663 1553 5718 dicit
1604 5677 1719 5717 non
1748 5661 2106 5732 impossibile

2203 3246 2448 3313 modum,
2477 3248 2531 3301 et
2560 3242 2713 3297 nihil
2742 3242 3087 3313 imposszbile
3115 3243 3389 3314 contingit
3418 3244 3498 3297 sic
3522 3240 3722 3311 positis.

2274 3353 2449 3409 Docet
2468 3350 2526 3405 id
2551 3350 2698 3420 quod
2718 3356 2799 3404 est
2817 3347 3087 3418 possibile
3108 3363 3223 3404 non
3248 3347 3573 3405 consentire
3616 3345 3664 3401 ei
3691 3341 3814 3413 quod

2203 3451 2285 3498 est
2312 3439 2699 3497 necessarium
2722 3454 2867 3503 esse,
2893 3452 3000 3493 nec
3023 3453 3219 3492 rursus
3240 3438 3296 3493 ei
3318 3453 3442 3508 quae
3462 3444 3561 3504 est,
3589 3447 3814 3491 necessa-

2204 3532 2356 3587 rium
2387 3538 2472 3585 est
2502 3545 2618 3584 non
2650 3543 2793 3583 esse.
2825 3525 2964 3581 Nam
2992 3527 3141 3596 quod
3173 3542 3416 3583 necesse
3446 3535 3529 3582 est
3556 3540 3690 3591 esse,
3718 3534 3816 3576 non

2203 3627 2384 3691 potest
2414 3634 2531 3674 non
2556 3633 2698 3681 esse,
2732 3618 2878 3687 quod
2911 3624 3103 3671 autem
3135 3632 3376 3673 necesse
3407 3632 3526 3672 esse
3557 3630 3663 3670 non
3694 3625 3815 3675 esse,

2204 3725 2324 3765 non
2354 3714 2533 3777 potest
2562 3704 2882 3771 esse.Quod
2904 3712 3092 3760 autem
3115 3705 3366 3761 dicimus
3412 3701 3666 3775 possibile
3694 3713 3815 3764 esse,

2203 3797 2279 3851 ita
2308 3796 2576 3859 dicimus,
2610 3801 2881 3865 tanquam
2914 3793 2963 3847 si
2995 3800 3049 3848 et
3097 3809 3213 3849 non
3263 3810 3390 3850 esse
3434 3790 3685 3864 possibile
3737 3787 3816 3842 sit.

2206 3885 2515 3955 Utramque
2543 3884 2716 3954 igitur
2733 3890 2993 3938 naturam
3009 3882 3173 3937 habet
3194 3883 3247 3937 id
3272 3885 3422 3954 quod
3436 3883 3666 3938 dicimus
3709 3892 3819 3949 pos-

2205 3974 2371 4030 sibile
2391 3989 2538 4039 esse,
2564 3979 2626 4027 ut
2647 3980 2699 4027 et
2726 3972 2799 4026 sit
2816 3988 2936 4026 esse
2949 3970 3242 4042 possibile,
3268 3984 3325 4028 et
3348 3974 3419 4028 sit
3442 3969 3700 4043 possibile
3722 3979 3817 4021 non

2205 4079 2347 4119 esse.
2372 4063 2480 4126 Qui
2502 4077 2636 4117 vero
2675 4061 2812 4116 dicit
2857 4076 3091 4117 necesse
3121 4076 3247 4116 esse
3277 4064 3465 4117 aufert
3490 4077 3600 4117 non
3622 4072 3752 4125 esse,
3780 4059 3824 4109 et

2204 4168 2330 4222 quae
2346 4150 2747 4217 dicit,necessc
2771 4158 2987 4205 estnon
3011 4166 3155 4219 esse,
3180 4151 3367 4207 aufert
3387 4168 3510 4208 esse
3531 4169 3543 4217 ;
3567 4151 3634 4205 ita
3658 4148 3698 4202 si
3723 4146 3821 4199 haec

2203 4257 2352 4297 verae
2374 4247 2528 4307 sunt,
2553 4239 2606 4294 id
2627 4247 2709 4295 est
2752 4254 2984 4294 necesse
3016 4255 3137 4294 esse
3167 4247 3219 4295 et
3244 4257 3446 4297 rursus
3475 4252 3694 4296 necesse
3723 4248 3820 4290 non

2206 4346 2349 4397 esse,
2384 4337 2632 4397 utraeque
2663 4327 2777 4384 illae
2808 4327 2964 4383 falsae
2996 4336 3127 4383 sunt
3157 4344 3281 4398 quae
3316 4331 3513 4385 dicunt
3559 4339 3610 4383 et
3665 4328 3822 4395 potest

2206 4435 2348 4484 esse,
2381 4425 2433 4473 et
2458 4424 2637 4487 potest
2669 4433 2785 4472 non
2819 4433 2963 4472 esse.
2990 4415 3093 4471 Illa
3123 4418 3279 4471 enim
3306 4434 3431 4488 quae
3462 4412 3712 4486 proponit
3737 4424 3822 4464 ne-

2132 4529 2178 4593 D
2208 4523 2364 4563 cesse
2394 4523 2536 4576 esse,
2571 4523 2745 4578 posse
2776 4522 2890 4560 non
2922 4522 3045 4561 esse
3077 4504 3298 4561 subruit
3324 4531 3337 4574 ;
3363 4507 3461 4562 illa
3482 4520 3609 4562 vero
3627 4517 3737 4574 quae
3757 4496 3825 4551 di-

2210 4597 2308 4666 cit,
2333 4612 2565 4653 necesse
2598 4604 2679 4651 est
2710 4612 2827 4650 non
2861 4611 3001 4665 esse,
3036 4611 3199 4665 posse
3232 4611 3357 4653 esse
3389 4592 3689 4660 subvertit;
3711 4601 3825 4644 neu-

2210 4696 2292 4742 tra
2324 4686 2493 4756 igitur
2523 4691 2899 4754 consequetur
2930 4699 3052 4738 eam
3085 4685 3530 4754 prepositionem
3551 4696 3667 4751 quas
3686 4675 3823 4736 dicit.

2209 4774 2485 4848 possibile
2512 4781 2593 4829 est
2624 4789 2766 4841 esse,
2799 4788 2906 4828 nec
2936 4789 3000 4827 ea
3029 4788 3152 4843 quae
3210 4774 3347 4828 dicit
3404 4789 3471 4827 ex
3519 4767 3824 4827 necessitate

2211 4882 2356 4932 esse,
2390 4880 2495 4919 nec
2516 4863 2615 4918 illa
2643 4879 2766 4932 qua:
2797 4863 2935 4918 dicit
2966 4878 3032 4917 ex
3065 4864 3403 4918 necessitate
3453 4877 3565 4917 non
3612 4871 3740 4914 esse.
3770 4851 3824 4906 Et

2212 4970 2413 5010 sensus
2429 4952 2661 5023 quidem
2686 4950 3007 5020 hujusmodi
3026 4951 3481 5006 est.Sermonum
3508 4955 3683 5003 autem
3707 4940 3827 4997 ratio

2204 5043 2341 5097 talis
2362 5039 3244 5109 est;atvero,inquit,nequeid
3287 5039 3432 5108 quod
3477 5044 3559 5093 est
3604 5043 3832 5090 necessa-

2215 5130 2360 5186 rium
2384 5145 2526 5197 esse,
2550 5127 2810 5198 sequitur
2832 5127 3277 5197 propositionem
3298 5126 3459 5181 illam
3497 5140 3613 5195 quis
3644 5131 3825 5191 propo-

2213 5220 2298 5273 nit
2331 5216 2603 5289 possibile
2624 5232 2771 5285 esse,
2800 5231 2905 5271 nec
2928 5230 3125 5269 rursus
3146 5215 3243 5270 illa
3268 5231 3392 5286 quae
3413 5214 3549 5268 dicit
3596 5220 3831 5265 necessa-

2216 5309 2366 5362 rium
2388 5314 2468 5362 est
2492 5322 2606 5361 non
2630 5321 2772 5361 esse.
2800 5304 2889 5359 Illi
2910 5304 3085 5374 enim,
3110 5304 3163 5359 id
3185 5313 3267 5360 est
3307 5301 3589 5375 possibili,
3622 5305 3828 5362 utraque

2215 5396 2494 5466 contingit
2524 5395 2799 5461 accidere,
2836 5393 2890 5448 id
2923 5400 3007 5449 est
3036 5410 3202 5462 posse
3249 5409 3369 5449 esse
3425 5396 3481 5447 et
3535 5402 3689 5460 posse
3729 5393 3827 5436 non

2215 5502 2355 5541 esse.
2381 5485 2523 5541 Nam
2564 5484 2713 5553 quod
2744 5490 2923 5551 potest
2952 5498 3094 5546 esse,
3130 5482 3278 5537 idem
3311 5485 3493 5552 potest
3540 5492 3648 5532 non
3700 5483 3827 5527 esse.

2217 5574 2430 5629 Harum
2461 5580 2670 5639 autem,
2703 5572 2757 5626 id
2790 5579 2873 5626 est
2901 5572 2989 5625 vel
3022 5586 3142 5640 quae
3174 5572 3330 5634 dicit,
3355 5563 3729 5623 necessarium
3750 5561 3829 5610 est

2214 5662 2449 5729 esse,vel
2472 5677 2594 5730 quas
2618 5659 3174 5727 dicit,necessarium
3197 5667 3409 5715 estnon
3422 5652 3615 5721 esse,si
3638 5658 3832 5704 utrum-
