4110 6180
246 325 349 380 377

1060 332 1136 384 IN
1173 329 1452 384 LIBRUM
1486 330 1585 383 DE
1622 329 2302 385 INTERPRE’I‘A’I‘IONE
2337 331 2579 387 EDITIO
2615 334 2863 387 PRIMA.

3531 329 3639 385 378

248 453 387 509 libet
411 470 599 509 verum
635 454 815 521 fuerit,
853 472 966 511 non
993 462 1159 511 erunt
1190 454 1287 509 illa
1317 471 1471 523 vera,
1504 454 1561 509 id
1594 463 1677 511 est
1717 470 1880 525 posse
1910 457 1964 521 Α
1994 454 2208 524 bulare,
2251 473 2365 513 non
2389 466 2471 513 est
2503 474 2743 514 necesse
2760 474 2876 513 non
2899 457 3211 513 ambulare.
3231 462 3353 513 Hoc
3374 458 3530 513 enim
3552 473 3642 513 ve-

248 560 372 598 esse
400 552 451 599 et
484 560 646 614 posse
677 562 789 600 non
809 562 929 601 esse
956 571 969 612 ;
992 546 1142 615 quod
1166 545 1317 600 enim
1342 544 1611 615 possibile
1632 552 1880 610 estesse,

244 633 397 687 idem
431 634 694 702 possibile
725 642 805 691 est
833 651 946 690 non
978 650 1133 700 esse;
1168 633 1317 703 quod
1349 633 1397 687 si
1429 648 1613 702 neque
1646 648 1881 687 necesse

241 732 320 777 est
353 739 497 789 esse,
534 741 636 780 nec
669 742 899 781 necesse
931 741 1044 781 non
1078 739 1199 779 esse
1232 723 1561 792 propositio,
1595 739 1720 778 eam
1753 738 1882 795 quae

245 820 327 866 est
357 812 627 881 possibile
657 829 780 869 esse
809 819 1211 885 consequetur,
1246 810 1584 880 relinquitur
1615 819 1672 866 ut
1706 811 1803 866 illa
1829 813 1882 868 ei

240 900 562 955 consentiat
594 918 713 971 quae
743 902 900 966 dicit,
937 920 1050 959 non
1075 905 1459 960 necessarium
1483 910 1566 960 est
1591 917 1706 958 non
1729 917 1879 959 esse.

242 988 365 1043 Haec
397 990 546 1045 enim
580 991 833 1062 sequitur
864 1009 987 1048 eam
1024 1009 1150 1062 quae
1185 995 1474 1065 proponit,
1498 992 1766 1063 possibile
1796 998 1883 1047 est

243 1094 382 1133 esse.
417 1079 703 1149 Quidquid
737 1082 887 1135 enim
912 1082 1179 1150 possibile
1210 1090 1294 1139 est
1323 1100 1466 1151 esse,
1499 1099 1615 1137 non
1650 1096 1881 1136 necesse

240 1173 321 1221 est
351 1182 465 1222 non
497 1184 637 1235 esse,
672 1177 728 1223 ut
749 1171 1020 1241 quoniam
1047 1172 1337 1228 hominem
1362 1171 1630 1241 possibile
1652 1179 1733 1225 est
1756 1186 1877 1225 am-

589 1271 937 1326 Afﬁrmatio.
1015 1271 1379 1341 Impossibile
1410 1276 1499 1326 est
1525 1286 1672 1326 esse.

617 1359 871 1429 Negatio.

624 1449 965 1507 Affirmatio.

238 1544 367 1599 Haec
388 1547 538 1600 enim
565 1562 689 1616 quae
722 1547 878 1617 dicit,
902 1564 1018 1603 non
1041 1564 1273 1603 necesse
1301 1557 1383 1604 est
1414 1564 1529 1603 non
1566 1564 1713 1615 csse,
1745 1563 1886 1603 con-

236 1634 499 1689 tradictio
530 1643 611 1689 est
636 1636 759 1705 ejus
783 1652 902 1707 qua:
930 1639 1213 1707 proponit,
1237 1652 1469 1693 necesse
1492 1644 1574 1692 est
1601 1653 1715 1691 non
1739 1654 1883 1706 esse,

238 1739 360 1793 qua
379 1731 460 1778 est
483 1740 745 1794 sequens,
763 1734 815 1781 et
834 1727 1199 1783 consentiens
1224 1727 1275 1782 ei
1298 1743 1429 1798 quas
1451 1734 1555 1790 est,
1575 1742 1688 1781 non
1708 1728 1887 1797 possi-

1751 1272 2108 1328 Contradict.

1036 1361 1161 1418 Non
1190 1361 1466 1431 possibile
1487 1368 1736 1417 estesse.
1772 1361 2124 1417 Contradict.

1038 1454 1284 1507 Necesse
1315 1459 1397 1505 est
1425 1466 1540 1505 non
1573 1465 1721 1505 esse.
1783 1451 2131 1506 Contradict.

1986 569 2112 608 rum
2144 558 2251 623 est,
2292 556 2501 627 inquit,
2534 565 2589 612 et
2618 558 2686 612 de
2717 572 2782 613 eo
2813 558 2961 627 quod
2994 563 3077 611 est
3117 571 3350 612 necesse
3395 564 3477 612 est
3523 572 3639 612 non

1988 668 2131 721 esse,
2148 653 2205 707 id
2226 658 2309 708 est
2334 654 2451 711 haec
2474 656 2627 710 enim
2648 656 2958 726 propositio
2977 671 3103 725 quae
3119 654 3255 710 dicit
3276 672 3390 711 non
3410 671 3643 712 necesse

1991 767 2112 807 esse
2145 768 2261 807 non
2295 768 2436 823 esse,
2480 770 2671 808 verum
2704 759 2807 819 est,
2842 758 2907 809 ut
2934 760 3129 809 contra
3160 769 3284 807 eam
3318 761 3645 822 opponatur

1992 850 2449 916 contradictorie,
2484 868 2607 922 quin
2636 853 2772 907 dicit
2803 867 3036 909 necesse
3065 857 3148 907 est
3178 867 3291 906 non
3320 867 3464 918 esse,
3491 853 3645 907 unde

1990 950 2157 1005 etiam
2192 959 2420 1005 secutus
2443 959 2543 1005 est.
2569 952 2695 1006 llaec
2716 951 2870 1007 enim
2897 953 2959 1005 ﬁt
2979 948 3350 1006 contradictio
3373 948 3493 1019 ejus
3515 966 3641 1020 quas

1992 1047 2269 1119 sequitur,
2304 1064 2420 1103 non
2456 1049 2723 1120 possibile
2750 1065 2894 1117 esse,
2937 1049 3091 1105 unde
3126 1048 3384 1104 facienda
3415 1055 3496 1103 est
3529 1048 3639 1103 hu-

1986 1146 2242 1216 jusmodi
2272 1147 2575 1216 descriptio
2603 1164 2616 1202 :

2185 1272 2311 1327 Non
2340 1272 2703 1343 impossibile
2733 1278 2823 1329 est
2854 1289 3000 1329 esse.

2239 1361 2518 1417 Possibile
2545 1369 2622 1417 est
2657 1378 2797 1417 esse.

2244 1450 2369 1506 Non
2400 1467 2633 1507 necesse
2662 1457 2746 1507 est
2778 1468 2894 1507 non
2925 1468 3073 1508 esse.

1994 1548 2178 1604 dicere
2192 1549 2449 1619 possibile
2468 1565 2575 1605 non
2595 1566 2728 1617 esse,
2751 1548 2841 1604 sed
2860 1558 3098 1620 utraeque
3118 1552 3280 1620 falae
3299 1551 3427 1605 sunt
3447 1549 3513 1604 de
3537 1566 3636 1603 ne-

1993 1652 2138 1691 cesse
2155 1653 2287 1692 esse.
2323 1638 2390 1691 At
2430 1654 2552 1692 vero
2581 1654 2797 1704 rursus,
2826 1638 2968 1693 idem
2998 1638 3222 1693 videtur
3250 1655 3364 1694 esse
3380 1638 3640 1709 possibile

1996 1726 2176 1781 incidi
2194 1730 2245 1781 et
2271 1742 2379 1781 non
2402 1726 2596 1795 incidi,
2618 1734 2793 1781 etesse
2812 1731 2991 1781 etnon
3012 1743 3144 1782 esse.
3172 1729 3353 1796 Quare
3394 1729 3499 1782 erit
3537 1743 3636 1782 ne-

238 1813 348 1867 bile
379 1821 460 1867 est
491 1830 633 1883 esse,
660 1830 786 1886 quae
819 1817 1104 1871 consentit
1122 1816 1171 1872 ei
1196 1832 1317 1886 qua:
1341 1815 1496 1880 dicit,
1524 1814 1880 1885 impossibile
1910 1823 1958 1888 Β
1989 1831 2131 1871 cessa
2160 1831 2296 1885 esse,
2329 1818 2647 1885 contingens
2673 1832 2783 1870 non
2809 1832 2938 1881 esse,
2964 1816 3067 1869 hoc
3084 1827 3268 1871 autem
3297 1816 3514 1889 falsum
3535 1818 3637 1869 est.

238 1911 318 1957 est
338 1919 483 1968 esse,
510 1920 634 1975 qua:
667 1923 856 1962 rursus
887 1909 1140 1978 sequitur
1161 1924 1283 1962 eam
1310 1923 1431 1977 quae
1458 1910 1544 1961 est
1575 1906 1795 1973 ultima,
1820 1906 1879 1961 id

239 2001 314 2047 est
346 2008 583 2049 necesse
616 2003 696 2050 est
720 2012 832 2051 non
857 2014 1003 2065 esse,
1024 1998 1190 2067 cujus
1221 1996 1597 2052 contradictio
1620 2000 1727 2059 est,
1763 2011 1878 2049 non

242 2097 470 2138 necesse
488 2091 571 2139 est
595 2101 705 2139 non
727 2102 851 2140 esse
881 2104 893 2152 ;
920 2086 1221 2140 afﬁrmatio
1252 2086 1406 2140 enim
1440 2090 1526 2139 est
1546 2101 1779 2140 necesse
1800 2092 1883 2140 est

243 2187 350 2226 non
384 2188 529 2238 esse,
554 2175 779 2243 negatio
803 2191 918 2229 non
944 2190 1172 2231 necesse
1197 2179 1282 2230 est
1306 2190 1419 2229 non
1442 2189 1583 2229 esse.
1609 2173 1883 2236 Quocirca

246 2262 554 2317 secundum
589 2263 1095 2319 contradictionem
1152 2264 1212 2317 ﬁt
1273 2264 1390 2318 haec
1433 2279 1659 2335 quoque
1689 2278 1884 2318 conse-

241 2352 487 2417 quentia,
505 2367 635 2407 nam
658 2352 1007 2423 impossibile
1028 2368 1148 2408 esse
1172 2364 1222 2409 et
1245 2369 1362 2408 non
1385 2352 1738 2421 impossibile
1760 2368 1882 2407 esse

237 2439 605 2495 contradictio
628 2450 727 2510 est,
744 2442 839 2497 sed
856 2441 1319 2509 afﬁrmationem,
1335 2441 1391 2496 id
1412 2445 1498 2496 est
1522 2440 1881 2512 impossibile

236 2544 367 2591 esse.
394 2529 647 2599 sequitur
675 2531 897 2600 negatio
923 2546 1034 2585 non
1060 2529 1330 2599 possibile
1353 2529 1880 2598 esse.Negationem

233 2633 375 2681 vero,
400 2618 458 2671 id
483 2626 568 2673 est
594 2636 706 2675 non
730 2620 1082 2689 impossibile
1109 2635 1255 2689 esse,
1279 2620 1533 2689 sequitur
1576 2619 1881 2675 afﬁrmatio

238 2706 499 2776 possibile
530 2715 611 2762 est
652 2723 793 2775 esse,
828 2710 923 2763 sed
946 2725 1061 2764 non
1090 2708 1359 2779 possibile
1395 2715 1476 2763 est
1502 2724 1644 2777 esse,
1668 2716 1718 2763 et
1751 2724 1882 2779 pos-

238 2796 393 2851 sibile
423 2805 506 2851 est
529 2813 669 2863 esse,
696 2799 1066 2855 contradictio
1096 2806 1201 2868 est,
1228 2798 1323 2852 sed
1358 2798 1717 2869 negationem
1752 2816 1882 2869 pos-

239 2885 438 2955 sibilis,
472 2887 523 2941 id
560 2896 641 2941 est
667 2903 778 2941 non
804 2887 1082 2959 possibile
1104 2903 1224 2942 esse
1248 2892 1631 2958 consequetur
1652 2904 1885 2943 necesse

242 2982 317 3029 est
340 2991 456 3031 non
484 2992 609 3031 esse
632 2976 955 3042 afﬁrmatio,
977 2977 1072 3031 sed
1105 2976 1545 3031 afﬁrmationem
1573 2977 1883 3047 possibilis,

238 3062 287 3117 id
322 3071 402 3118 est
441 3063 715 3133 possibile
745 3081 865 3121 esse
911 3073 1177 3135 sequetur
1210 3082 1325 3121 non
1376 3080 1609 3121 necesse
1639 3073 1722 3121 est
1766 3082 1883 3122 non

241 3169 352 3208 esse
382 3154 630 3223 negatio.
665 3156 844 3221 Quare
876 3156 951 3209 ita
982 3155 1179 3225 positis
1211 3154 1357 3210 nihil
1395 3155 1581 3211 evenit
1612 3156 1883 3225 impossi—

243 3242 368 3306 bile,
398 3244 495 3297 εει]
533 3244 725 3298 omnia
747 3246 1095 3301 conveniunt
1120 3252 1173 3301 et
1194 3245 1584 3312 consentiunt,
1608 3252 1660 3300 et
1687 3262 1884 3301 secun-

245 3332 369 3385 dum
401 3332 750 3402 superiorem
777 3332 1063 3402 possibilis
1084 3337 1140 3387 et
1166 3331 1538 3401 impossibilis
1556 3332 1784 3387 modum
1802 3332 1889 3385 af—

249 3420 593 3476 ﬁrmationes
624 3426 679 3476 et
715 3422 1043 3492 negationes
1087 3436 1359 3477 converso
1406 3420 1610 3477 ordine
1656 3425 1889 3477 contra-

249 3513 475 3567 dictorie
506 3528 566 3567 se
596 3521 931 3582 sequuntur.
967 3513 1031 3567 Et
1064 3528 1265 3568 sensus
1295 3512 1527 3583 quidem
1581 3514 1748 3569 totius
1780 3514 1887 3569 hu-

240 3600 481 3668 jnsrnodi
511 3609 614 3669 est,
642 3602 775 3656 ordo
819 3608 1007 3656 autem
1064 3601 1361 3657 verborum
1415 3603 1515 3657 sic.
1579 3602 1883 3671 Quoniam,

247 3689 442 3758 inquit,
473 3689 526 3744 ei
558 3690 705 3759 quod
739 3697 822 3745 est
856 3689 1125 3761 possibile
1156 3706 1299 3756 esse,
1326 3707 1430 3746 nec
1452 3690 1596 3746 illud
1629 3691 1775 3761 quod
1800 3697 1887 3745 est

243 3794 467 3833 necesse
496 3794 641 3847 esse,
672 3794 777 3834 nec
807 3779 949 3833 illud
993 3780 1141 3849 quod
1184 3787 1264 3833 est
1318 3796 1550 3835 necesse
1596 3795 1713 3835 non
1762 3796 1885 3835 esse

243 3868 537 3936 consentit,
558 3869 896 3937 relinquitur
921 3876 982 3923 ut
1007 3869 1059 3923 id
1086 3870 1229 3938 quod
1254 3877 1335 3925 est
1355 3886 1472 3925 non
1497 3871 1883 3925 necessarium

243 3973 347 4011 non
380 3973 504 4013 esse
536 3966 803 4026 sequatur
834 3958 1107 4027 possibile
1136 3974 1283 4016 esse.
1305 3959 1423 4014 Hoc
1449 3959 1601 4013 enim
1628 3959 1773 4027 quod
1805 3958 1887 4013 di-

244 4046 379 4101 citur
411 4062 527 4101 non
563 4046 947 4102 necessarium
970 4063 1085 4103 non
1117 4063 1241 4102 esse
1269 4063 1464 4103 verum
1489 4051 1573 4102 cst
1599 4047 1790 4103 dicere
1815 4048 1885 4103 de

245 4149 466 4190 necesse
496 4141 581 4189 est
610 4150 723 4189 non
758 4151 899 4201 esse,
943 4142 995 4189 et
1044 4134 1419 4190 subaudimus
1478 4135 1746 4206 quoniam
1801 4144 1885 4190 est

243 4224 357 4291 ejus
387 4224 779 4278 contradictio.
814 4228 945 4279 Haec
977 4223 1131 4279 enim
1161 4241 1286 4295 quae
1316 4224 1479 4293 dicit,
1507 4240 1622 4279 non
1649 4240 1883 4279 necesse

243 4320 454 4366 estnon
481 4328 624 4381 esse,
652 4313 1023 4368 contradictio
1047 4312 1105 4366 ﬁt
1129 4313 1179 4368 ei
1202 4329 1325 4383 quae
1351 4314 1606 4382 sequitur
1638 4313 1886 4381 negatio.

246 4416 366 4455 nem
403 4400 718 4472 possibilis,
752 4401 807 4455 id
836 4409 918 4457 est
948 4418 1064 4456 non
1113 4401 1379 4472 possibile
1434 4418 1579 4457 esse.
1631 4402 1762 4457 Haec
1800 4410 1885 4457 est

243 4499 424 4545 autem
456 4507 521 4545 ea
544 4505 669 4560 quas
689 4490 848 4555 dicit,
871 4506 1099 4546 necesse
1129 4498 1211 4545 est
1233 4506 1349 4546 non
1378 4507 1519 4557 esse,
1553 4488 1694 4545 illud
1727 4491 1880 4545 enim

2062 1906 2143 1960 Ad
2177 1906 2527 1977 superiorem
2562 1904 2850 1976 possibilis
2886 1904 3262 1961 etnecessarii
3284 1920 3641 1975 consequen-

1990 1996 2080 2050 tia:
2114 2010 2370 2050 reversus
2400 2001 2485 2050 est.
2534 1996 2920 2064 quaestionem.
2974 1994 3126 2049 Dicit
3183 1995 3336 2050 enim
3394 1994 3642 2050 dubitari

1999 2100 2187 2154 posse,
2221 2083 2268 2137 si
2301 2084 2354 2138 id
2378 2084 2525 2155 quod
2547 2092 2629 2139 est
2658 2084 2926 2154 possibile
2950 2100 3071 2139 esse
3097 2084 3416 2139 consentiat
3438 2083 3489 2138 ei
3512 2099 3640 2153 pro-

1990 2172 2285 2243 positioni,
2318 2166 2544 2243 quaaest
2572 2173 2954 2228 necessarium
2984 2188 3127 2242 esse,
3159 2173 3275 2228 sive
3304 2172 3460 2227 enim
3495 2187 3637 2228 con-

1991 2262 2204 2317 sentire
2235 2262 2476 2331 dicatur,
2508 2262 2624 2317 sive
2648 2278 2761 2317 non
2785 2261 3354 2331 conScntire,aliquid
3382 2261 3635 2331 impossi-

1994 2350 2107 2407 bile
2138 2358 2190 2407 et
2214 2351 2629 2407 inconveniens
2649 2355 2886 2423 utroque
2909 2352 3076 2407 modo
3098 2350 3412 2419 contingit;
3437 2366 3567 2405 nam
3586 2350 3634 2404 si

1993 2442 2119 2512 quis
2149 2442 2298 2498 dicat
2328 2442 2382 2497 id
2406 2442 2556 2513 quod
2588 2443 2791 2498 dicitur
2814 2440 3081 2512 possibile
3100 2456 3223 2498 esse
3251 2457 3369 2496 non
3390 2456 3638 2497 consen-

1994 2532 2097 2586 tire
2128 2532 2177 2586 ei
2211 2533 2355 2601 quod
2396 2541 2477 2587 est
2510 2532 2895 2587 necessarium
2930 2547 3071 2597 esse,
3107 2530 3421 2586 consentiet
3452 2531 3500 2585 ei
3534 2546 3639 2585 ne-

1990 2620 2138 2691 gatio
2176 2620 2483 2691 possibilis,
2529 2638 2593 2676 ea
2625 2638 2752 2692 quae
2783 2631 2864 2678 est
2898 2637 3013 2677 non
3056 2620 3321 2691 possibile
3351 2638 3507 2690 esse;
3541 2620 3639 2675 sed

1991 2711 2037 2765 si
2070 2712 2175 2765 ista
2202 2712 2545 2777 consentiet,
2578 2712 2686 2767 erit
2714 2712 2863 2767 idem
2911 2710 3295 2767 necessarium
3323 2728 3445 2768 esse
3489 2711 3637 2783 quod

1991 2808 2074 2855 est
2104 2816 2217 2855 non
2254 2801 2528 2869 possibile
2557 2817 2698 2857 esse.
2736 2803 2896 2867 Quod
2932 2801 2979 2855 si
3032 2799 3138 2855 hoc
3186 2816 3386 2855 rursus
3433 2801 3639 2870 aliquis

1994 2897 2178 2959 neget,
2195 2898 2246 2944 et
2261 2888 2413 2944 dicat
2434 2905 2548 2944 non
2572 2906 2695 2945 esse
2711 2890 3065 2960 negationem
3085 2890 3209 2959 ejus
3233 2887 3638 2960 propositionis

1992 2993 2113 3048 quae
2145 2985 2228 3034 est
2258 2978 2529 3048 possibile
2566 2996 2709 3043 esse,
2742 2996 2870 3036 eam
2901 2996 3023 3051 quas
3055 2980 3194 3035 dicit
3216 2994 3326 3034 non
3364 2974 3634 3048 possibile

1993 3082 2136 3135 esse,
2160 3068 2253 3123 sed
2276 3066 2430 3122 illam
2454 3069 2638 3137 potius
2659 3084 2782 3139 qum
2811 3070 3094 3139 proponit,
3128 3066 3393 3139 possibile
3414 3074 3499 3121 est
3521 3080 3637 3121 non

1994 3171 2494 3226 esse,quamquam
2518 3156 2721 3211 falsum
2742 3157 2835 3224 sit,
2865 3164 3055 3214 tamen
3079 3174 3151 3213 ne
3176 3158 3293 3213 haec
3326 3156 3556 3228 quidem
3586 3153 3638 3209 ei

1993 3244 2143 3315 quod
2168 3251 2252 3299 est
2272 3246 2653 3300 necessarium
2685 3262 2806 3302 esse
2826 3248 3133 3303 convenire
3164 3252 3360 3316 potest.
3381 3244 3461 3299 Fit
3483 3243 3637 3299 enim

1998 3333 2225 3403 negatio
2282 3334 2406 3404 ejus
2465 3352 2593 3406 quae
2633 3340 2719 3391 est
2746 3336 3017 3405 possibile
3046 3352 3192 3403 esse,
3226 3351 3291 3390 ea
3321 3350 3447 3406 quas
3478 3334 3637 3402 dicit,

1996 3422 2269 3494 possibile
2300 3430 2381 3479 est
2412 3440 2527 3479 non
2560 3440 2705 3493 esse,
2737 3424 2784 3479 si
2827 3425 3130 3481 affirmatio
3192 3424 3459 3494 possibile
3514 3438 3638 3477 esse

1996 3528 2113 3568 non
2146 3512 2399 3582 sequitur
2447 3511 2891 3569 afﬁrmationem
2931 3530 3052 3585 quae
3101 3514 3259 3583 dicit,
3295 3528 3527 3568 necesse
3556 3518 3640 3567 est

1996 3620 2139 3673 esse,
2171 3603 2422 3673 sequitur
2450 3605 2676 3673 negatio
2702 3620 2769 3659 ea
2799 3620 2920 3673 quae
2954 3612 3056 3674 est,
3091 3602 3363 3676 possibile
3393 3608 3476 3658 est
3520 3617 3634 3657 non

1995 3709 2137 3761 esse,
2169 3694 2264 3747 sed
2297 3693 2444 3763 quod
2479 3709 2711 3748 necesse
2752 3702 2835 3748 est
2871 3710 3015 3761 esse,
3063 3694 3268 3747 falsum
3316 3698 3399 3747 est
3447 3690 3635 3745 dicere

1995 3781 2266 3853 quoniam
2301 3780 2572 3851 possibile
2601 3789 2683 3837 est
2714 3797 2829 3837 non
2862 3797 3005 3837 esse.
3042 3781 3197 3847 Quod
3221 3779 3375 3835 enim
3407 3794 3638 3835 necesse

1995 3880 2077 3928 est
2108 3888 2253 3938 esse,
2286 3870 2397 3926 dici
2434 3887 2547 3925 non
2582 3877 2759 3938 potest
2792 3870 2910 3924 ﬁeri
2944 3885 3110 3939 posse
3142 3876 3203 3923 ut
3249 3884 3362 3924 non
3396 3869 3490 3933 sit,
3539 3867 3635 3922 sed

1993 3962 2181 4033 potius
2212 3978 2327 4016 non
2363 3976 2527 4030 posse
2557 3959 2678 4013 ﬁeri
2712 3964 2774 4013 ut
2810 3975 2925 4013 non
2959 3960 3028 4012 sit
3057 3975 3069 4013 :
3098 3959 3247 4028 quod
3271 3956 3319 4011 si
3343 3957 3469 4028 quis
3489 3957 3633 4011 dicat

1994 4067 2191 4105 rursus
2220 4050 2379 4120 sequi
2410 4049 2467 4103 id
2492 4049 2640 4118 quod
2666 4047 2870 4102 dicitur
2893 4062 3127 4102 necesse
3151 4062 3295 4113 esse,
3314 4051 3370 4101 et
3395 4060 3637 4100 consen-

1994 4140 2100 4194 tire
2129 4139 2177 4193 ei
2212 4154 2336 4209 quia
2383 4137 2519 4193 dicit
2552 4135 2824 4207 possibile
2876 4151 3017 4201 esse,
3053 4135 3135 4190 sic
3166 4150 3386 4205 quoque
3416 4133 3635 4203 aliquid

1994 4228 2402 4285 inconveniens
2434 4226 2761 4296 reperietur.
2796 4226 2955 4291 Quod
3012 4227 3167 4280 enim
3226 4224 3497 4294 possibile
3553 4230 3639 4278 est

1992 4334 2133 4382 esse,
2166 4317 2316 4372 idem
2348 4315 2616 4385 possibile
2647 4322 2727 4369 est
2758 4330 2873 4369 non
2900 4329 3042 4381 esse,
3088 4313 3193 4369 erit
3252 4312 3423 4381 igitur
3479 4310 3629 4381 quod

1992 4421 2229 4462 necesse
2258 4413 2342 4461 est
2372 4419 2513 4471 esse,
2550 4400 2820 4472 possibile
2851 4418 2965 4456 non
2997 4416 3140 4467 esse,
3174 4408 3227 4456 et
3255 4400 3361 4455 erit
3403 4399 3633 4455 contin-

1991 4511 2129 4565 gens
2160 4494 2309 4564 quod
2342 4491 2723 4548 necessarium
2756 4497 2859 4545 est.
2892 4490 3172 4545 Possibile
3194 4497 3383 4545 autem
3416 4496 3470 4543 et
3499 4503 3635 4543 con-

244 4582 380 4648 quod
412 4585 494 4633 est
527 4594 642 4633 non
676 4578 943 4648 possibile
964 4596 1108 4646 esse,
1142 4588 1443 4650 utrumque
1468 4580 1670 4633 horum
1696 4579 1882 4648 sequi-
1909 4582 1955 4645 D
1989 4585 2213 4652 [ingens
2234 4582 2295 4636 in
2328 4590 2625 4649 utramque
2648 4586 2859 4648 partem
2885 4577 3047 4635 facile
3068 4579 3326 4645 vertitur,
3350 4585 3403 4633 et
3423 4578 3493 4630 ad
3512 4593 3639 4631 esse

242 4673 345 4735 tur,
377 4675 436 4723 et
466 4669 615 4738 quod
640 4672 723 4723 est
744 4668 1097 4739 impossibile
1120 4686 1263 4735 esse,
1281 4679 1333 4725 et
1355 4670 1500 4740 quod
1522 4676 1624 4733 est,
1646 4684 1879 4724 necesse

245 4762 325 4810 est
352 4773 470 4813 non
503 4772 646 4811 esse.
682 4756 851 4824 Cujus
882 4756 1299 4823 afﬁrmationis,
1333 4758 1387 4811 id
1421 4766 1502 4813 est
1534 4772 1775 4813 necesse
1796 4763 1879 4811 est

245 4859 352 4899 non
384 4861 527 4910 esse,
562 4844 784 4914 negatio
815 4853 917 4909 est,
943 4861 1057 4899 non
1081 4861 1315 4901 necesse
1345 4852 1426 4901 est
1461 4861 1575 4901 non
1606 4861 1747 4900 esse.
1771 4847 1879 4900 Sed

248 4932 359 4987 bzec
388 4935 645 5002 sequitur
667 4948 783 4987 non
810 4933 1159 5002 impossibile
1182 4950 1303 4989 esse
1322 4938 1379 4989 et
1417 4932 1689 5001 possibile
1709 4948 1838 4988 esse
1863 4950 1877 5000 ;

247 5021 413 5090 igitur
444 5022 528 5076 ba:
560 5021 1035 5077 contradictiones
1053 5023 1368 5078 secundum
1403 5022 1732 5092 praedictum
1757 5037 1880 5077 mo-

246 5110 371 5165 dum
394 5126 452 5164 se
486 5119 829 5179 sequuntur,
864 5110 1077 5166 scilicet
1110 5112 1566 5177 contradictorie,
1599 5111 1693 5166 sed
1743 5125 1879 5165 con-

247 5197 461 5260 versim.
496 5206 549 5253 et
581 5198 671 5252 his
704 5198 896 5266 positis
924 5206 1091 5269 atque
1121 5199 1196 5255 ita
1228 5200 1505 5254 ordinatis
1538 5198 1684 5254 nihil
1743 5214 1882 5255 con-

250 5286 408 5357 tingit
440 5286 819 5357 impossibile.

314 5394 792 5448 Dubitabilaulem
808 5393 1010 5466 aliquis
1025 5396 1076 5449 si
1094 5394 1162 5449 ad
1182 5395 1322 5450 illud
1348 5400 1487 5467 quod
1508 5403 1882 5457 necessarium

250 5496 367 5541 esse,
392 5482 652 5552 possibile
672 5497 785 5536 esse
800 5487 1079 5553 sequatur.
1104 5484 1239 5538 Nam
1260 5486 1309 5539 si
1336 5502 1445 5541 non
1460 5492 1729 5559 sequitur,
1752 5507 1884 5545 con-

255 5571 499 5626 tradictio
529 5576 805 5642 sequetur,
835 5588 943 5625 non
972 5574 1230 5643 possibile
1258 5592 1389 5641 esse,
1428 5582 1477 5631 et
1506 5579 1555 5631 si
1584 5579 1708 5650 quis
1737 5580 1884 5635 dicat

254 5674 356 5712 non
386 5661 525 5715 hunc
553 5676 667 5716 esse
696 5662 1207 5734 contradictionem,
1237 5680 1449 5722 necesse
1475 5683 1587 5722 esse
1606 5673 1681 5724 est
1706 5669 1883 5740 ipsum

1987 4679 2041 4728 ει
2069 4671 2137 4725 ad
2172 4686 2287 4725 non
2318 4684 2458 4723 esse.
2492 4668 2651 4731 Quod
2683 4674 2869 4722 autem
2899 4682 3129 4722 necesse
3161 4676 3240 4721 est
3273 4680 3415 4733 esse,
3454 4665 3636 4720 inter-

1987 4761 2211 4816 clusum
2242 4756 2408 4812 habet
2440 4763 2703 4812 eventum
2730 4756 2799 4810 ad
2831 4756 3173 4811 contrariam
3207 4755 3539 4810 dictionem.
3565 4752 3637 4809 Ut

1988 4848 2037 4904 si
2068 4862 2300 4904 necesse
2333 4854 2415 4901 est
2442 4861 2589 4911 esse,
2624 4854 2681 4899 ut
2711 4860 2825 4900 non
2858 4846 2949 4909 sit,
2978 4844 3098 4900 ﬁeri
3135 4860 3250 4899 non
3276 4847 3482 4913 potest,
3515 4849 3568 4898 et
3590 4843 3637 4897 si

1990 4953 2225 4993 necesse
2270 4943 2352 4991 est
2384 4951 2500 4990 non
2541 4950 2685 4999 esse,
2711 4941 2771 4988 ut
2800 4934 2892 5004 sit,
2924 4933 3275 5004 impossibile
3319 4940 3421 4988 est.
3454 4934 3636 4999 Quare

1990 5026 2084 5097 qui
2107 5025 2243 5081 dicit
2268 5023 2537 5093 possibile
2559 5038 2685 5077 esse
2708 5022 3030 5078 consentire
3052 5023 3103 5077 ei
3125 5022 3272 5091 quod
3297 5028 3378 5077 est
3404 5035 3637 5077 necesse

1990 5130 2135 5184 esse,
2160 5113 2429 5184 quoniam
2472 5111 2525 5166 id
2554 5111 2705 5180 quod
2738 5118 2820 5165 est
2853 5110 3121 5181 possibile
3142 5118 3223 5165 est
3257 5118 3441 5180 potest
3464 5110 3635 5164 etiam

1991 5218 2108 5256 non
2142 5217 2286 5267 esse,
2320 5208 2374 5256 et
2426 5199 2531 5255 hoc
2560 5202 2645 5254 est
2674 5198 3032 5267 contingens,
3064 5198 3203 5253 dicit
3232 5199 3287 5253 id
3336 5199 3481 5267 quod
3514 5213 3637 5252 esse

1992 5305 2231 5345 necesse
2262 5295 2365 5355 est,
2390 5303 2552 5358 posse
2574 5303 2685 5341 non
2712 5302 2854 5355 esse,
2880 5294 2935 5341 et
2959 5302 3079 5341 esse
3110 5286 3635 5357 contingens,quod

1991 5387 2074 5434 est
2107 5379 2535 5433 inconveniens.
2570 5376 2727 5431 Hanc
2750 5375 2922 5444 igitur
2942 5375 3357 5431 dubitationem
3382 5374 3632 5444 solvens,

1992 5470 2070 5523 ita
2103 5468 2389 5539 sequitur:

2062 5576 2420 5647 Manifestum
2446 5577 2527 5628 est
2556 5582 2737 5628 autem
2756 5573 3015 5643 quoniam
3032 5588 3143 5627 non
3171 5588 3331 5627 omne
3352 5570 3633 5641 possibile,

1993 5667 2075 5723 vel
2104 5681 2240 5731 esse,
2273 5665 2356 5722 uel
2386 5664 2691 5729 ambulare,
2724 5665 2775 5716 et
2803 5664 3050 5733 opposita
3077 5661 3238 5717 valet.
3292 5660 3403 5716 Sed
3447 5668 3525 5714 est
3571 5660 3633 5715 in
