4110 6180
411 332 518 388 379

1689 337 1808 391 ΔΝ.
1849 334 2071 390 ΠΑΝΙ..
2108 332 2270 389 θεν.
2308 330 2550 387 ΒΟΕΤΠ

3716 324 3828 381 380

409 461 608 532 quibus
639 476 747 516 non
773 462 843 515 sit
872 477 1076 516 verum.
1112 462 1177 518 At
1206 462 1456 534 primum
1479 463 1707 535 quidem
1737 462 1796 517 in
1824 460 1909 516 his
1940 473 2065 531 quae
2093 459 2146 524 Α
2177 455 2275 511 illa
2305 470 2529 527 quoque
2557 454 2755 511 omnia
2784 467 2962 509 unum
2991 458 3254 521 possunt,
3277 457 3332 507 et
3361 467 3476 508 non
3508 449 3687 506 multa
3718 465 3830 506 nec

418 566 525 605 non
548 550 843 606 secundum
866 554 1139 606 rationem
1153 556 1403 623 possunt,
1431 564 1491 608 ut
1510 556 1651 625 ignis
1674 550 2065 623 ealefaclibilis

417 642 518 702 est,
547 646 597 695 et
627 641 787 694 habet
806 641 913 694 vim
929 642 1403 709 irrationabilem,
1427 659 1552 713 ergo
1582 642 1877 698 secundum
1894 639 2067 694 ratio-

418 745 543 783 nem
562 732 849 799 potestates
869 728 1073 784 saniem
1093 731 1399 800 plurimum
1448 734 1613 786 etiam
1659 731 2065 787 contrariorum

419 816 988 882 sunt,irrationabiles
1012 834 1134 874 vero
1155 836 1262 874 non
1287 821 1593 889 omnes,sed
1608 819 2066 893 quemadmodum

422 908 627 961 dictum
650 914 746 972 est,
770 906 1081 974 ignemnon
1106 913 1181 963 est
1200 910 1461 979 possibile
1507 912 1825 979 calefacere,
1874 912 1925 963 et
1958 923 2065 962 non

422 1012 487 1051 ca
499 994 749 1062 lefacere,
770 1011 945 1067 neque
965 1012 1304 1069 quacunque
1323 999 1437 1053 alia
1459 1016 1670 1069 semper
1714 1001 1907 1066 agunt.
1942 998 2065 1051 Alia

421 1100 549 1139 vero
567 1092 791 1155 possunt
813 1093 863 1139 et
878 1087 1177 1141 secundum
1202 1087 1625 1143 irrationabiles
1649 1092 1936 1159 potestates
1982 1086 2034 1141 si
2043 1115 2064 1127 -

422 1174 536 1227 mul
560 1172 808 1243 opposita
821 1174 1118 1243 suscipere,
1142 1179 1236 1231 sed
1256 1179 1352 1232 hoc
1376 1178 1579 1233 idcirco
1598 1177 1805 1232 dictum
1820 1181 1898 1231 est
1920 1191 2063 1247 quo-

417 1264 577 1316 niam
608 1278 713 1316 non
746 1265 921 1317 omnis
947 1270 1182 1335 potestas
1212 1266 1583 1337 oppositorum
1604 1271 1703 1333 est,
1724 1282 1897 1338 neque
1922 1280 2067 1336 qua?-

416 1367 627 1422 cunque
655 1352 946 1407 secundum
975 1354 1218 1408 eamdem
1239 1358 1477 1423 speciem.
1509 1358 1787 1412 dicantur.

490 1476 691 1543 Multa,
709 1476 912 1546 inquit,
937 1486 1067 1532 sunt
1093 1495 1214 1548 qua:
1234 1495 1408 1535 unum
1434 1495 1558 1536 esse
1580 1487 1814 1551 possunt
1835 1480 1893 1536 id
1917 1480 2065 1550 quod

422 1574 578 1632 sunt,
609 1582 724 1621 non
758 1566 928 1621 etiam
961 1566 1111 1622 aliud
1143 1567 1356 1637 aliquid
1390 1571 1534 1638 quod
1564 1585 1678 1625 non
1710 1573 1863 1625 sunt.
1898 1569 2066 1624 Plura

422 1655 576 1709 enim
610 1662 746 1710 sunt
771 1671 896 1725 qua:
928 1656 998 1711 ab
1028 1672 1093 1711 eo
1124 1658 1276 1727 quod
1311 1668 1445 1713 sunt
1468 1675 1582 1714 non
1609 1666 1910 1713 mutantur.
1939 1659 2065 1714 Alia

421 1760 551 1801 vero
584 1752 869 1816 suntquae
896 1747 1101 1802 mutari
1134 1756 1396 1818 possunt,
1425 1756 1480 1803 ut
1511 1749 1717 1804 ccelum
1743 1765 1914 1804 unam
1946 1763 2061 1804 rem

418 1836 598 1891 solum
633 1843 833 1905 potest,
882 1836 938 1890 id
984 1846 1067 1893 est
1100 1839 1335 1905 moveri,
1372 1838 1503 1894 huic
1533 1855 1662 1894 vero
1714 1838 2063 1910 Oppositum,

415 1927 470 1980 id
512 1933 597 1981 est
629 1942 743 1980 non
777 1926 987 1981 moveri
1019 1942 1135 1982 non
1169 1935 1387 1997 potest;
1416 1944 1546 1999 ergo
1574 1944 1690 1983 non
1716 1944 1891 1984 omne
1915 1929 2065 1998 quod

415 2020 500 2071 est
525 2015 793 2085 possibile
818 2016 901 2069 vel
935 2031 1057 2071 esse
1080 2016 1163 2070 vel
1195 2017 1513 2083 ambulare,
1541 2018 1597 2072 id
1628 2022 1718 2073 est
1750 2034 1865 2073 non
1898 2034 2068 2073 omne

416 2107 485 2161 de
515 2121 624 2175 quo
652 2104 912 2175 quaslibet
945 2104 1295 2173 possibilitas
1317 2106 1675 2174 praedicatur,
1700 2106 1873 2162 etiam
1898 2123 2072 2176 Oppo-

419 2198 527 2250 sita
549 2193 715 2260 valet,
768 2200 829 2247 ut
877 2202 1179 2264 utrumque
1227 2195 1405 2263 possit
1452 2194 1571 2249 fieri
1617 2186 1885 2251 etfacere
1916 2197 2066 2266 quod

421 2282 577 2350 facit,
600 2289 654 2336 et
687 2281 819 2337 huic
850 2281 1207 2352 Oppositum,
1228 2282 1285 2336 id
1318 2290 1401 2336 est
1433 2296 1547 2337 non
1579 2282 1761 2339 facere
1800 2285 1950 2355 quod
1982 2284 2066 2339 fa-

420 2373 494 2427 cit
525 2388 538 2437 ;
566 2371 659 2426 sed
693 2377 823 2426 sunt
846 2371 1102 2438 quaedam
1130 2370 1189 2425 in
1212 2370 1414 2440 quibus
1434 2370 1510 2426 ita
1535 2376 1838 2442 potestates
1866 2374 2067 2443 praedi-

418 2468 641 2526 centur,
664 2468 722 2514 ut
754 2475 869 2515 non
902 2461 977 2515 sit
1009 2476 1199 2515 verum
1233 2461 1300 2515 de
1322 2461 1411 2515 his
1436 2462 1550 2517 dici
1582 2462 1852 2532 quoniam
1881 2470 1936 2518 et
1963 2479 2066 2532 Op-

420 2550 601 2621 posita
626 2554 881 2618 possunt,
908 2552 969 2603 ut
1001 2549 1170 2604 etiam
1201 2549 1259 2604 in
1292 2549 1382 2603 his
1412 2566 1537 2619 quas
1567 2559 1767 2620 praeter
1790 2550 2066 2607 rationem

417 2639 667 2708 aliquam
697 2643 956 2706 possunt,
994 2642 1053 2691 ut
1084 2637 1253 2706 ignis.
1284 2641 1540 2708 Namque
1572 2638 1719 2708 ignis
1749 2645 1952 2709 praeter
1979 2654 2070 2693 ra-

425 2727 639 2781 tionem
669 2725 921 2794 aliquam
951 2724 1173 2780 calidus
1202 2732 1306 2791 est,
1342 2741 1457 2781 non
1497 2733 1581 2781 est
1636 2727 1791 2782 enim
1840 2728 2071 2782 reddere

423 2819 701 2870 rationem
732 2830 833 2870 cur
856 2814 1006 2883 ignis
1030 2814 1101 2868 sit
1131 2812 1371 2879 calidus,
1398 2822 1598 2871 natura
1628 2816 1781 2872 enim
1813 2823 1896 2872 est
1925 2817 2066 2872 cali-

423 2904 549 2969 dus,
585 2910 636 2957 et
669 2918 799 2958 cum
834 2901 1011 2973 possit
1039 2918 1162 2958 esse
1192 2902 1432 2969 calidus,
1466 2919 1581 2958 non
1639 2908 1833 2961 tamen
1891 2911 2073 2975 potest

426 2993 481 3048 id
506 2992 651 3062 quod
687 2999 767 3047 est
798 2991 1145 3061 Oppositum.
1170 2992 1224 3047 id
1249 2998 1333 3047 est
1363 3008 1479 3049 non
1512 3000 1693 3063 potest
1716 3010 1833 3050 non
1864 2994 2069 3062 calere,

425 3082 570 3152 quod
596 3088 680 3137 est
708 3081 1027 3151 Oppositum
1061 3080 1135 3149 ei,
1156 3080 1372 3137 scilicet
1404 3083 1551 3153 quod
1582 3090 1665 3139 est
1697 3082 1882 3139 calere
1905 3099 1919 3151 ;
1940 3100 2072 3154 ergo

426 3151 743 3225 secundum
776 3169 1050 3223 rationem
1074 3174 1376 3238 potestates
1398 3151 1530 3240 ipsae
1560 3173 1767 3228 easdem
1793 3151 2065 3241 plurimo-
2097 3178 2142 3247 α

428 3273 553 3311 rum
574 3257 742 3311 etiam
762 3257 1171 3312 contrariorum
1194 3267 1346 3314 sunt.
1366 3264 1693 3327 Polestates,
1718 3262 1925 3332 inquit,
1942 3277 2067 3332 quas

429 3351 562 3399 sunt
592 3344 906 3399 secundum
941 3344 1317 3414 rationem,id
1343 3355 1424 3403 est
1457 3348 1517 3404 in
1538 3349 1741 3419 quibus
1768 3354 1853 3405 est
1882 3351 2073 3422 aliqua

434 3436 597 3499 ratio,
624 3451 738 3491 non
773 3436 940 3489 unius
973 3436 1386 3505 possibilitatis,
1414 3441 1507 3494 sed
1542 3441 1915 3510 plurimorum
1942 3452 2073 3497 sunt

433 3534 605 3597 atque
630 3526 1043 3596 oppositorum,
1070 3534 1131 3580 ut
1163 3529 1513 3597 possibilitas
1543 3532 1843 3587 medicinas
1876 3541 2072 3589 estcu-

436 3632 583 3684 rare,
608 3630 728 3685 qum
757 3615 1025 3683 quoniam
1058 3618 1377 3673 secundum
1410 3619 1689 3675 rationem
1723 3621 1804 3691 fit,
1839 3628 2075 3678 utcuret

436 3706 716 3771 medicus,
736 3714 787 3758 cl
818 3713 899 3760 est
921 3703 1272 3761 rationabilis
1302 3715 1544 3777 potestas
1570 3710 1789 3766 medico
1811 3711 2073 3779 curandi,

435 3811 557 3851 non
588 3793 769 3849 solum
804 3800 987 3863 potest
1017 3810 1239 3865 curare,
1288 3797 1386 3852 sed
1418 3799 1588 3854 etiam
1631 3816 1743 3855 non
1775 3816 1992 3867 curare,
2023 3809 2077 3857 et

440 3888 620 3955 potest
652 3885 865 3954 aliquid
902 3885 1201 3957 plusquam
1231 3903 1431 3957 unum,
1462 3896 1516 3943 et
1560 3889 1746 3959 ipsum
1795 3890 1942 3959 quod
1978 3907 2075 3960 po-

443 3980 546 4027 test
572 3975 900 4043 oppositum
933 3981 1035 4041 est,
1085 3974 1139 4030 id
1189 3984 1271 4031 est
1317 3992 1433 4031 nou
1482 3992 1696 4033 curare.
1744 3978 2077 4048 Oppositum

443 4078 688 4132 namque
718 4073 803 4118 est
834 4063 882 4119 ei
914 4065 1062 4133 quod
1093 4070 1185 4119 est
1215 4081 1411 4121 curare
1441 4064 1499 4120 id
1532 4068 1678 4136 quod
1728 4068 1933 4123 dicitur
1964 4084 2078 4123 non

441 4166 658 4219 curare,
692 4167 815 4222 quae
845 4154 1100 4222 Opposita
1129 4154 1413 4209 contraria
1433 4161 1730 4212 vocantur.
1764 4156 2082 4213 Aliirmatio

442 4256 686 4311 namque
712 4251 763 4295 et
794 4243 1018 4311 negatio
1050 4244 1542 4299 contrarietatibus
1562 4245 1985 4302 discernuntur.
2006 4248 2083 4303 Ir-

444 4330 795 4385 rationabilis
828 4348 955 4387 vero
988 4348 1101 4386 non
1133 4334 1339 4403 omnis,
1366 4335 1459 4389 sed
1489 4336 1966 4404 quemadmodum
1993 4337 2085 4392 di-

442 4425 597 4472 ctum
621 4425 723 4483 est,
748 4418 940 4487 ignem
972 4436 1086 4475 non
1115 4430 1194 4475 est
1229 4422 1499 4492 possibile
1529 4422 1857 4490 calefacere,
1891 4432 2084 4483 etnon

445 4506 655 4575 omnis,
689 4508 1235 4599 inquihsecundum
1262 4512 1540 4567 rationem
1563 4516 1805 4582 potestas
1828 4517 2085 4585 Opposita
2116 4535 2161 4599 Ι)

445 4612 672 4667 quoque
695 4598 858 4653 valet.
883 4599 1363 4657 Irrationabilium
1386 4619 1516 4659 vero
1548 4618 1662 4659 non
1686 4606 1872 4659 omnis
1895 4605 2085 4676 hujus-

448 4688 600 4742 modi
632 4695 872 4755 potestas
903 4695 1006 4753 est,
1034 4695 1090 4743 ut
1121 4692 1379 4758 Opposita
1410 4709 1523 4747 non
1557 4693 1766 4749 valeat:
1802 4711 1931 4750 nam
1955 4710 2085 4751 cum

443 4777 652 4830 ferrum
689 4776 874 4831 calere
897 4778 1020 4831 sine
1038 4778 1259 4833 ratione
1293 4788 1534 4847 potestas
1564 4782 1636 4835 sit
1665 4790 1803 4848 (non
1831 4785 1987 4839 enim
2019 4802 2089 4840 ex

446 4865 664 4919 ratione
695 4865 858 4931 calet,
887 4867 1157 4936 quoniam
1185 4868 1461 4923 rationem
1496 4886 1610 4925 non
1644 4871 1852 4941 habet),
1909 4881 2089 4941 potest

445 4954 614 5007 etiam
646 4970 760 5008 non
788 4956 990 5021 calere,
1022 4956 1169 5025 ignis
1188 4965 1373 5011 autent
1396 4973 1527 5013 cum
1562 4958 1968 5015 irrationabilis
1989 4977 2089 5032 po-

443 5048 617 5097 testas
649 5042 721 5096 sit
779 5041 1089 5099 calefacere
1148 5062 1261 5100 non
1303 5054 1483 5115 potest
1512 5056 1564 5102 et
1598 5063 1714 5103 non
1760 5050 2087 5107 calefacere.

448 5134 630 5196 Quare
663 5135 813 5186 recte
834 5132 1046 5187 dictum
1083 5138 1169 5188 est
1198 5134 1613 5191 irrationabiles
1645 5144 1944 5206 potestates
1974 5154 2091 5194 non

447 5236 649 5275 omnes
681 5236 793 5275 non
827 5236 991 5289 posse
1022 5224 1324 5293 contraria,
1356 5227 1450 5279 sed
1478 5228 1772 5295 quasdam,
1792 5234 1850 5281 ut
1878 5227 2091 5297 ignem,

445 5308 539 5377 qui
572 5323 699 5362 cum
733 5309 806 5362 sit
836 5309 1255 5379 calefactibilis,
1275 5327 1392 5367 non
1426 5313 1819 5370 calefactibilis
1850 5330 1965 5369 non
1987 5322 2091 5371 est.

444 5399 578 5461 Quae
611 5404 797 5450 autem
831 5398 943 5451 sint
980 5399 1413 5468 irrationabilia,
1462 5417 1585 5471 quae
1637 5418 1809 5457 unam
1873 5410 2095 5458 tantum

447 5484 691 5540 habeant
710 5494 1035 5555 potestatem
1067 5503 1179 5541 non
1202 5489 1371 5543 etiam
1399 5491 1738 5559 oppositam,
1756 5492 1839 5547 sic
1856 5492 2094 5547 demon-

446 5582 582 5629 strat
603 5574 818 5642 dicens,
847 5592 948 5631 uec
973 5591 1321 5647 quaecunque
1343 5578 1455 5633 alia
1485 5594 1710 5648 semper
1729 5587 1924 5650 agunt.
1946 5582 2098 5650 Ignis

445 5664 599 5721 enim
626 5665 883 5736 opposita
908 5681 1021 5721 non
1066 5673 1272 5737 potest,
1304 5667 1400 5723 sed
1434 5683 1549 5725 non
1573 5668 1760 5724 solum
1790 5667 1964 5739 ignis,
1999 5671 2098 5729 sed

2182 545 2464 615 Opposita,
2490 558 2841 612 quaecunque
2868 550 2993 597 actu
3026 557 3253 612 semper
3283 548 3439 611 sunt,
3463 543 3525 595 ut
3555 538 3641 594 sol
3671 554 3831 596 sem-

2184 650 2281 703 per
2303 640 2430 687 actu
2454 636 2541 688 est
2570 632 2821 697 lucidus,
2844 631 3056 687 idcirco
3080 646 3195 687 non
3228 634 3411 701 potest
3440 645 3559 686 non
3590 628 3825 697 lucere;

2183 732 2235 781 et
2257 725 2353 781 nix
2376 739 2599 794 semper
2618 731 2745 779 actu
2769 723 2965 794 frigida
2988 728 3095 787 est,
3125 726 3182 776 et
3212 723 3338 778 ideo
3370 736 3661 790 nunquam
3720 736 3823 789 po-

2182 821 2285 869 test
2306 829 2432 869 esse
2457 828 2567 868 non
2593 813 2827 883 frigida;
2850 828 2982 884 ergo
3004 826 3360 883 quaecunque
3381 826 3603 881 semper
3622 814 3824 880 agunt,

2182 903 2234 957 id
2260 904 2419 958 estin
2441 918 2506 958 eo
2528 904 2678 973 quod
2702 908 2853 971 sunt,
2884 917 3109 973 semper
3144 901 3202 955 in
3226 904 3356 955 actu
3393 904 3550 955 sunt.
3580 898 3824 955 Manife-

2180 1000 2331 1051 stum
2360 1000 2462 1059 est,
2497 992 2768 1062 quoniam
2805 991 2951 1046 sicut
2981 990 3130 1060 ignis
3188 1005 3300 1046 non
3336 988 3486 1059 capit
3518 989 3717 1058 frigus,
3750 989 3832 1044 ita

2182 1097 2286 1136 nec
2320 1081 2419 1137 illa
2442 1098 2665 1152 quoque
2689 1080 2953 1150 opposita
2975 1085 3239 1150 possunt.
3262 1077 3479 1134 Idcirco
3497 1077 3652 1133 enim
3676 1078 3831 1149 ignis

2178 1187 2403 1241 quoque
2434 1172 2693 1241 opposita
2726 1186 2841 1226 non
2883 1175 3086 1239 potest,
3146 1168 3275 1238 quia
3326 1184 3550 1237 semper
3578 1167 3640 1222 in
3688 1175 3825 1222 actu

2179 1263 2342 1319 habet
2394 1260 2682 1333 prOpriam
2714 1266 3065 1330 potestatem.
3115 1258 3349 1327 Semper
3379 1257 3531 1312 enim
3564 1265 3646 1311 est
3675 1257 3823 1313 cali-

2177 1353 2307 1420 dus,
2356 1351 2453 1406 sed
2514 1365 2629 1405 non
2686 1348 2881 1403 omnia
2912 1345 3326 1402 irrationabilia
3350 1346 3431 1416 (ut
3462 1346 3677 1401 dictum
3714 1346 3825 1415 est)

2176 1456 2349 1496 unum
2406 1443 2630 1494 tantum
2680 1436 2887 1492 habent
2920 1444 3279 1507 potestatem,
3315 1439 3377 1492 ut
3409 1436 3669 1506 Opposita
3698 1451 3819 1490 non

2175 1529 2421 1601 possint,
2456 1527 2555 1582 sed
2584 1532 2716 1580 sunt
2748 1526 3010 1595 quaedam
3034 1524 3456 1579 irrationabiles
3490 1529 3817 1593 potestates,

2175 1634 2297 1689 quin
2330 1624 2628 1686 utrumque
2649 1622 2911 1685 possunt,
2944 1621 2999 1668 ut
3032 1612 3088 1668 in
3125 1629 3191 1668 eo
3222 1613 3364 1683 quod
3389 1616 3474 1667 est
3496 1611 3672 1667 secari
3696 1610 3821 1681 pel-

2175 1707 2286 1762 lem
2320 1705 2402 1762 vel
2437 1720 2551 1760 non
2610 1705 2791 1760 secari
2842 1703 3073 1773 pellem.
3136 1706 3322 1757 Potest
3358 1717 3606 1772 namque
3637 1701 3821 1756 secari

2097 1824 2146 1889 Β
2178 1795 2363 1866 pellis,
2385 1798 2561 1863 potest
2586 1794 2755 1848 etiam
2789 1808 2904 1847 non
2937 1788 3257 1889 secari,lsed
3294 1790 3416 1846 haec
3464 1793 3601 1845 sunt
3649 1806 3825 1860 oppo-

2175 1886 2312 1952 sita;
2339 1883 2652 1939 secundum
2678 1882 2849 1951 igitur
2868 1878 3290 1935 irrationabiles
3320 1895 3544 1950 quoque
3575 1886 3825 1949 potesta-

2173 1981 2254 2028 tes
2285 1975 2527 2044 possunt
2549 1971 2807 2042 quaedam
2835 1969 3092 2040 Opposita
3118 1988 3131 2036 ;
3167 1968 3262 2024 sed
3290 1969 3500 2024 idcirco
3528 1968 3827 2038 superiora

2172 2062 2503 2125 suntdicta,
2537 2061 2741 2131 inquit,
2794 2058 2998 2130 quibus
3048 2059 3491 2115 monstravimus
3548 2057 3824 2128 quoniam

2173 2153 2323 2223 ignis
2353 2159 2403 2206 et
2454 2164 2803 2220 quaecunque
2832 2163 3057 2217 semper
3085 2153 3217 2201 sunt
3246 2155 3402 2213 actu,
3429 2163 3545 2201 non
3577 2150 3826 2216 possunt

2173 2239 2451 2312 opposita,
2478 2245 2539 2294 ut
2556 2240 2888 2294 doceremus
2916 2253 3030 2292 non
3050 2252 3277 2291 omnem
3305 2241 3631 2305 potestatem
3651 2252 3829 2309 oppo-

2172 2332 2411 2387 sitorum
2442 2344 2563 2385 esse
2593 2327 2932 2398 potentiam,
2965 2325 3065 2381 sed
3099 2326 3240 2380 alias
3269 2341 3429 2380 veras
3459 2341 3581 2380 esse
3614 2325 3826 2394 hujus-

2174 2420 2328 2476 modi
2357 2424 2659 2488 potestates
2693 2432 2817 2488 quas
2840 2420 2968 2470 actu
2994 2421 3202 2480 essent,
3228 2418 3283 2469 et
3306 2430 3475 2469 unam
3503 2429 3618 2469 rem
3638 2413 3825 2469 solam

2174 2515 2423 2579 possent,
2453 2507 2523 2562 ab
2550 2506 2935 2576 Oppositorum
2963 2520 3093 2559 vero
3130 2510 3402 2573 potestate
3438 2503 3824 2559 discederent.

2174 2596 2291 2653 Hoc
2311 2603 2499 2652 autem
2523 2610 2639 2650 non
2662 2594 2843 2649 solum
2868 2593 2926 2648 in
2950 2592 3037 2648 his
3058 2608 3179 2667 quas
3203 2592 3522 2647 secundum
3543 2591 3825 2647 rationem

2175 2689 2478 2757 potestates
2508 2685 2797 2752 dicuntur,
2831 2682 2927 2737 sed
2961 2683 3130 2738 etiam
3163 2682 3479 2738 secundum
3533 2697 3654 2737 eam
3689 2698 3823 2754 spe-

2176 2778 2320 2831 ciem
2354 2790 2477 2844 que:
2510 2771 2919 2829 irrationabilis
2949 2772 3182 2828 dicitur.
3217 2771 3538 2826 Suutenim
3565 2772 3828 2842 quaedam

2176 2876 2371 2917 eorum
2403 2875 2526 2931 quas
2566 2858 2987 2914 irrationabiles
3018 2862 3326 2929 potestates
3356 2874 3477 2913 esse
3528 2858 3832 2929 dicuntur,

2177 2968 2299 3022 qua
2325 2966 2441 3006 non
2472 2949 2653 3005 solum
2684 2948 2740 3002 id
2775 2947 2919 3017 quod
2944 2954 3096 3018 sunt,
3137 2963 3332 3003 verum
3364 2948 3532 3003 etiam
3564 2947 3833 3018 Opposita

2178 3040 2420 3112 possint,
2446 3040 2556 3095 alia
2575 3055 2705 3095 vero
2729 3054 2908 3093 unum
2935 3042 3156 3094 tantum
3184 3046 3443 3108 possunt.
3471 3036 3639 3092 Pellis
3669 3037 3831 3093 enim

2218 3136 2361 3188 otest
2391 3134 2566 3188 secari
2604 3138 2656 3184 et
2687 3145 2802 3185 non
2834 3129 3031 3197 secari,
3079 3136 3133 3184 et
3184 3128 3397 3185 idcirco
3421 3129 3678 3199 Opposita
3717 3145 3829 3200 po-

2182 3226 2328 3289 test;
2392 3221 2540 3291 ignis
2597 3235 2749 3285 vero,
2808 3234 2937 3274 cum
2998 3218 3069 3273 sit
3134 3219 3371 3285 calidus,
3421 3218 3656 3288 frigidus
3700 3235 3833 3274 esse

2177 3331 2292 3369 non
2326 3320 2525 3384 potest.
2560 3311 2628 3365 Et
2658 3308 2872 3366 idcirco
2932 3308 3093 3364 nulla
3146 3308 3539 3380 oppositorum
3597 3314 3679 3363 est
3737 3308 3830 3364 illi

2179 3410 2444 3474 potestas.

2248 3508 2517 3581 Quadam
2546 3522 2672 3564 vero
2695 3511 2983 3577 potestates
3030 3506 3303 3575 aequivoce
3358 3513 3504 3561 sunt.
3556 3504 3828 3560 Possibile

2178 3603 2327 3657 enim
2356 3614 2467 3654 non
2492 3594 2753 3653 similiter
2777 3596 3010 3660 dicetur,
3039 3594 3135 3649 sed
3164 3594 3261 3649 hoc
3284 3595 3502 3666 quidem
3560 3593 3830 3664 quoniam

2179 3692 2563 3751 verumesl,ut
2583 3684 2643 3740 in
2666 3687 2818 3750 actu,
2842 3692 2902 3740 ut
2916 3682 3176 3753 possibile
3217 3692 3293 3737 est
3342 3682 3651 3750 ambulare,
3693 3698 3828 3753 quo-

2178 3780 2330 3834 niam
2348 3775 2617 3838 ambulat,
2640 3778 2692 3829 et
2710 3772 2936 3829 omnino
2954 3772 3211 3844 possibile
3224 3775 3300 3827 est
3320 3773 3724 3843 esse,quoniam
3743 3776 3828 3829 es!

2173 3870 2294 3939 jam
2325 3874 2473 3931 actu,
2502 3862 2643 3934 quod
2672 3862 2882 3917 dicitur
2906 3860 3184 3933 possibile.
3219 3860 3361 3916 Illud
3389 3877 3515 3917 vero
3564 3862 3833 3932 quoniam

2179 3958 2424 4030 forsitan
2444 3956 2589 4022 aget,
2613 3956 2673 4006 ut
2685 3952 2947 4021 possibile
2966 3960 3046 4007 est
3067 3950 3639 4022 ambulare,quoniam
3656 3953 3834 4021 forsi-

2184 4057 2278 4104 tan
2298 4040 2685 4103 ambulabit.et
2710 4040 3055 4112 hachuidem
3081 4040 3139 4097 in
3166 4041 3297 4096 solis
3320 4040 3619 4096 mobilibus
3640 4042 3717 4096 est
3729 4056 3832 4112 po-

2185 4133 2482 4193 testalela
2498 4147 2620 4187 vero
2634 4135 2683 4186 et
2698 4130 3091 4186 immobilibus.
3109 4131 3168 4185 In
3190 4129 3440 4200 utrisque
3478 4146 3603 4187 vero
3636 4145 3834 4184 verum

2184 4236 2265 4282 est
2296 4223 2492 4287 dicere,
2516 4237 2623 4276 non
2655 4220 3001 4291 impossibile
3029 4224 3106 4275 est
3135 4219 3427 4275 ambulare
3455 4217 3544 4274 vel
3597 4235 3730 4286 esse,
3780 4224 3837 4275 et

2188 4314 2326 4387 quod
2348 4312 2729 4381 ambulutjam
2749 4319 2802 4365 et
2819 4312 2954 4381 agit,
2978 4318 3030 4367 et
3046 4308 3384 4365 ambulabile
3403 4319 3501 4365 est.
3522 4309 3612 4364 Sic
3656 4311 3837 4379 igitur

2187 4403 2446 4479 possibile
2466 4418 2573 4459 non
2596 4406 2672 4457 est
2692 4418 2883 4458 verum
2904 4402 2968 4456 de
2990 4402 3296 4457 necessario
3322 4401 3649 4471 simpliciter
3696 4401 3840 4456 dice-

2190 4512 2269 4561 re,
2301 4496 2543 4549 alterum
2575 4495 2758 4546 autem
2785 4507 2973 4546 verum
3004 4496 3103 4547 est.
3136 4492 3317 4555 Quare
3345 4488 3605 4561 quoniam
3620 4494 3839 4560 partem

2193 4583 2515 4640 universale
2535 4583 2801 4652 sequitur,
2834 4578 2980 4635 illud
3036 4579 3185 4650 quod
3239 4594 3308 4635 ea:
3361 4581 3676 4635 necessitate
3734 4582 3839 4645 est,

2191 4674 2541 4745 consequitur
2555 4686 2715 4741 posse
2745 4686 2877 4735 esse,
2909 4669 3002 4725 sed
3031 4686 3141 4723 non
3175 4672 3422 4725 omnino.

2261 4777 2659 4837 Possibilitatis
2690 4777 2933 4832 breviter
2962 4776 3163 4831 divisio
3192 4775 3452 4831 facienda
3499 4781 3602 4845 est,
3655 4776 3843 4845 possi-

2193 4875 2305 4931 bile
2329 4874 2482 4929 enim
2502 4869 2723 4925 duobus
2751 4868 2958 4923 dicitur
2990 4867 3190 4921 modis.
3218 4867 3312 4921 Est
3336 4867 3487 4921 enim
3514 4880 3691 4920 unum
3715 4882 3848 4936 pos-

2194 4964 2359 5019 sibile
2390 4960 2537 5031 quod
2571 4974 2700 5015 cum
2736 4972 2849 5012 non
2884 4956 2975 5018 sit,
3012 4971 3135 5011 esse
3165 4955 3367 5025 possit,
3404 4963 3461 5008 ut
3494 4954 3662 5009 homo
3707 4969 3843 5009 cum

2195 5054 2369 5117 sedet,
2402 5065 2517 5105 non
2550 5047 2778 5116 quidem
2826 5044 3101 5113 ambulat,
3156 5046 3251 5100 scd
3312 5044 3603 5099 ambulare
3635 5051 3842 5113 potest.

2196 5141 2355 5196 Aliud
2390 5136 2661 5208 possibile
2689 5142 2775 5189 est
2806 5135 2955 5204 quod
2988 5148 3118 5189 cum
3152 5134 3245 5201 sit,
3269 5149 3391 5189 esse
3422 5132 3699 5202 possibile
3732 5142 3843 5199 est,

2200 5236 2257 5284 ut
2290 5227 2555 5297 quoniam
2588 5224 2735 5292 ignis
2774 5224 2943 5291 calet,
2978 5230 3165 5293 potest
3197 5237 3320 5278 esse
3352 5222 3592 5288 calidus,
3628 5229 3683 5276 et
3712 5237 3854 5291 quo-

2200 5318 2350 5373 niam
2386 5316 2555 5370 homo
2587 5314 2764 5379 sedet,
2800 5317 2983 5381 potest
3009 5314 3221 5366 sedere.
3259 5312 3433 5381 Hujus
3453 5320 3637 5367 autem
3663 5312 3853 5380 possi-

2202 5406 2333 5462 bilis
2359 5405 2489 5460 dum
2528 5409 2664 5458 sunt
2702 5402 2944 5473 species,
2976 5416 3087 5456 una
3118 5416 3247 5455 cum
3278 5400 3637 5470 estquidem,
3664 5407 3855 5468 potest

2202 5500 2387 5547 tamen
2428 5506 2541 5545 non
2575 5506 2720 5557 esse,
2756 5493 2820 5543 ut
2850 5490 2894 5544 si
2930 5488 3054 5558 quis
3085 5488 3294 5553 sedeat,
3321 5488 3393 5542 ita
3415 5487 3643 5555 quidem
3663 5491 3858 5556 potest

2202 5582 2419 5649 sedere,
2452 5586 2515 5635 ut
2544 5577 2719 5649 possit
2752 5578 2921 5633 etiam
2955 5592 3071 5631 non
3093 5576 3306 5632 sedere.
3331 5576 3456 5630 Alia
3475 5590 3607 5629 vero
3631 5582 3690 5629 ut
3714 5590 3852 5633 cum

2204 5669 2297 5737 sit,
2326 5682 2446 5725 non
2469 5683 2593 5725 esse
2622 5682 2736 5724 non
2768 5666 2966 5737 possit,
2990 5669 3051 5721 ut
3082 5664 3229 5736 ignis
3250 5663 3469 5722 calidus
3487 5669 3589 5732 est,
3607 5665 3705 5720 sed
3731 5680 3853 5722 non
