4090 6184
294 280 397 337 381

1088 289 1163 341 ΙΝ
1200 290 1474 345 LIBRUM
1513 291 1605 344 DE
1644 284 2322 343 INTEBPRETATIONE
2361 284 2601 338 EDITIO
2638 285 2887 339 PRIMA.

3585 283 3692 342 382

296 416 473 479 potest
507 424 630 466 essu
661 424 777 465 non
807 410 1050 468 calidus.
1074 414 1255 482 Atque
1283 414 1389 469 hoc
1413 422 1495 470 est
1517 414 1665 485 quod
1691 414 1943 481 ait,quae-
1969 412 2023 477 Α
2053 425 2194 473 εεεε,
2229 424 2344 465 non
2395 412 2482 463 est
2528 424 2717 465 verum
2767 408 2838 463 de
2887 406 3205 465 necessario
3237 409 3573 479 simpliciter
3603 413 3688 467 di-

294 503 419 554 dam
466 517 593 555 vero
630 510 934 571 potestates
971 504 1261 573 tequivoce
1297 513 1450 561 sunt.
1486 505 1755 561 Possibile
1782 504 1937 559 enim

294 605 407 644 non
443 589 784 658 simpliciter
842 592 1069 660 dicitur,
1128 594 1224 648 sed
1278 593 1383 649 hoc
1408 595 1636 664 quidem
1666 594 1937 664 quoniam

293 694 484 733 verum
511 687 612 744 est,
640 680 777 735 utin
802 689 953 745 actu,
976 682 1027 736 id
1049 689 1133 737 est
1155 684 1305 752 quod
1340 692 1421 747 est
1451 687 1507 738 et
1530 683 1609 748 iit,
1632 684 1779 753 quod
1804 681 1942 737 dici-

286 775 375 823 tur
402 784 527 823 esse
552 769 851 838 possibile,
880 780 935 824 ut
970 771 1026 825 in
1050 776 1178 826 actu
1210 772 1479 842 possibile
1509 779 1593 827 est
1624 772 1938 838 ambulare,

283 859 558 929 quoniam
588 861 704 929 jam
728 860 1008 925 ambulat,
1041 868 1091 916 et
1122 870 1201 916 est
1238 863 1293 917 in
1323 870 1455 917 actu
1479 870 1531 918 et
1556 863 1793 918 omnino
1818 878 1943 932 pos-

282 948 449 1003 sibile
480 954 570 1002 est
600 965 721 1003 esse
751 950 1024 1020 quidquid
1058 951 1117 1005 in
1148 959 1273 1007 actu
1308 960 1414 1007 est.
1451 953 1591 1007 Illud
1618 968 1753 1006 vero
1788 952 1936 1019 quod

282 1037 520 1094 forsitan
546 1044 757 1107 agel,ut
788 1038 1057 1108 possibile
1084 1046 1163 1095 est
1194 1039 1487 1095 ambulare.
1512 1041 1778 1110 quoniam
1812 1055 1941 1093 am-

284 1128 595 1194 bulabit,id
621 1136 701 1182 est
722 1130 869 1198 quod
897 1146 1007 1184 non
1031 1137 1115 1184 est
1145 1129 1400 1199 quidem,
1426 1131 1520 1187 sed
1556 1146 1677 1186 esse
1709 1130 1938 1201 poterit.

283 1227 341 1272 ut
363 1216 641 1287 possibile
665 1223 750 1273 est
769 1218 1087 1282 ambulare,
1112 1236 1223 1273 non
1246 1220 1510 1289 quoniam
1540 1235 1692 1275 uch
1707 1220 1936 1288 quidem

275 1306 571 1374 ambulat,
605 1308 701 1362 sed
728 1308 998 1376 quoniam
1021 1308 1416 1364 ambulaturus
1446 1317 1527 1364 est
1548 1308 1772 1377 aliquis.
1811 1309 1938 1363 llaec

272 1402 474 1449 autem
500 1403 636 1450 sunt
659 1410 1015 1464 quascunque
1050 1412 1163 1451 non
1184 1397 1499 1452 secundum
1522 1405 1708 1452 aetum
1744 1395 1943 1452 dicun-

273 1484 499 1552 tur,sed
527 1486 847 1539 secundum
876 1492 1207 1553 potestatem
1243 1494 1489 1554 tantum,
1524 1501 1644 1555 quae
1680 1485 1937 1540 nondum

275 1573 515 1643 quidem
550 1573 611 1627 in
644 1582 770 1629 actu
803 1574 893 1639 sil,
928 1590 1054 1629 esse
1086 1582 1274 1630 tamen
1323 1575 1517 1644 possit.
1552 1575 1682 1630 Haec
1713 1574 1938 1644 quidem

272 1662 339 1716 in
366 1661 509 1717 solis
534 1661 845 1717 mobilibus
872 1670 952 1717 est
985 1664 1355 1732 possibilitas,
1390 1664 1486 1720 illa
1514 1679 1640 1719 vero
1670 1670 1723 1717 ει
1754 1663 1812 1719 in
1838 1663 1939 1718 im-

2048 514 2195 554 cere.
2230 497 2481 555 Alterum
2533 505 2720 553 autem
2773 513 2970 552 verum
3019 504 3122 564 est,
3154 513 3285 553 nam
3320 501 3466 569 quod
3498 501 3577 556 ita
3607 509 3692 558 est

2046 597 2195 654 actu,
2232 596 2290 643 ut
2313 605 2428 644 non
2453 604 2581 643 esse
2606 604 2718 644 non
2743 588 2936 659 possit,
2970 594 3021 642 et
3045 604 3266 658 semper
3286 597 3412 645 actu
3445 598 3548 658 est,
3586 592 3691 649 hoc

2040 678 2190 746 juste
2232 678 2301 735 de
2336 678 2655 733 necessario
2682 677 3040 746 prmdicatur.
3076 678 3229 741 Quod
3265 680 3419 735 enim
3458 696 3689 737 necesse

2047 776 2130 822 est
2162 784 2304 833 esse,
2327 777 2409 822 est
2432 767 2687 837 quidem,
2723 768 2818 821 sed
2846 783 2958 821 non
2983 782 3103 822 esse
3127 782 3240 821 non
3273 773 3473 837 potest.
3509 771 3690 835 Quare

2047 856 2316 927 quoniam
2367 866 2583 926 partem
2632 856 2688 911 id
2740 856 2886 926 quod
2927 864 3008 911 est
3056 855 3379 911 universale
3409 859 3685 927 sequitur,

2046 945 2183 1000 illud
2210 946 2356 1014 quod
2384 961 2448 999 ex
2477 943 2807 999 necessitate
2836 952 2941 1012 est,
2973 960 3329 1014 consequens
3347 956 3428 1000 est
3460 946 3514 1001 id
3538 948 3685 1016 quod

2047 1043 2129 1091 est
2156 1051 2318 1105 posse
2347 1051 2488 1101 esse,
2522 1036 2620 1089 sed
2666 1052 2781 1091 non
2832 1035 3089 1089 omnino.
3124 1036 3403 1099 Quoniam
3442 1051 3691 1106 semper,

2048 1126 2253 1195 inquit,
2287 1126 2531 1195 speciem
2565 1126 2818 1195 sequitur
2846 1141 3044 1193 genus,
3077 1131 3129 1178 et
3163 1128 3379 1193 partem
3412 1140 3567 1180 suam
3603 1141 3689 1181 se-

2049 1216 2241 1285 quitur
2275 1214 2686 1270 universalitas.
2722 1214 2783 1269 Si
2812 1214 2963 1268 enim
3000 1213 3169 1267 homo
3199 1220 3302 1279 εει,
3335 1214 3550 1269 animal
3585 1222 3688 1282 est,

2047 1304 2103 1357 id
2136 1312 2217 1359 εει
2247 1304 2297 1358 si
2322 1320 2450 1373 pars
2468 1311 2520 1358 et
2546 1303 2765 1373 species
2788 1311 2889 1367 est,
2917 1300 3400 1357 uuiversalitatem
3427 1311 3477 1357 et
3507 1319 3687 1372 genus

2046 1408 2168 1448 esse
2218 1408 2450 1448 necesse
2494 1398 2594 1447 est.
2628 1392 2785 1455 Quod
2833 1391 2881 1446 si
2911 1391 2987 1445 ita
3037 1397 3142 1453 est,
3173 1390 3433 1461 sequitur
3465 1392 3686 1447 scilicet

2045 1497 2166 1536 eam
2201 1481 2642 1551 propositionem
2674 1496 2796 1549 quas
2828 1480 2963 1534 dicit
2999 1494 3226 1533 necesse
3257 1494 3400 1546 esse,
3428 1479 3525 1533 illa
3556 1496 3685 1549 pro-

2046 1571 2250 1641 positio
2277 1587 2399 1640 quaa
2431 1571 2571 1626 dicit
2603 1569 2869 1639 possibile
2899 1569 3223 1638 esse,eique
3253 1568 3554 1638 consentit,
3588 1570 3680 1624 sed

2046 1678 2160 1716 non
2193 1661 2385 1717 omnis
2417 1660 2764 1731 signiﬁcatio
2798 1657 3189 1729 possibilitatis
3219 1658 3471 1726 sequitur
3496 1674 3688 1714 neces-

272 1750 623 1807 mobilibus.
660 1750 893 1806 Mobilia
916 1760 1074 1807 vocat
1097 1768 1449 1823 quascunque
1472 1756 1605 1807 sunt
1636 1752 1935 1818 naturalia,
1970 1773 2014 1837 Β
2048 1751 2394 1808 surium.llla
2422 1751 2577 1807 enim
2609 1766 2737 1821 quae
2789 1749 2866 1803 ita
2901 1754 3153 1819 possunt,
3184 1756 3241 1802 ut
3274 1763 3384 1803 non
3416 1748 3531 1802 sint
3561 1749 3685 1817 qui-

272 1847 331 1897 et
367 1841 428 1895 in
458 1841 831 1912 generatione
849 1845 903 1896 et
926 1841 982 1897 in
1007 1843 1758 1911 corruptioneQumcunque
1783 1841 1937 1897 enim

268 1938 555 2001 generata
609 1938 739 1986 sunt
788 1938 841 1985 et
899 1933 1191 2001 corrumpi
1237 1938 1494 2000 possunt,
1528 1948 1592 1986 ea
1623 1947 1848 1999 semper
1880 1932 1939 1987 in

268 2028 436 2075 motu
457 2028 621 2083 sunt,
652 2020 772 2088 ipsa
798 2020 1009 2076 etenim
1038 2021 1328 2092 generatio
1363 2028 1544 2075 motus
1575 2020 1801 2089 quidam
1834 2028 1937 2085 est,

264 2128 449 2189 atque
474 2119 603 2190 ipsa
620 2118 930 2188 corrUptio.
967 2120 1109 2187 Ergo
1140 2118 1199 2173 in
1234 2119 1560 2188 bujusmodi
1593 2118 1760 2173 rebus
1793 2134 1937 2189 quaa-

267 2224 516 2277 cunque
566 2212 836 2277 generata
884 2212 1020 2262 sunt
1064 2215 1233 2277 atque
1284 2208 1562 2271 mortalia,
1597 2207 1654 2261 in
1688 2206 1777 2263 his
1808 2223 1938 2263 vera

265 2305 359 2351 est
391 2296 497 2351 illa
530 2302 802 2365 potestas,
838 2312 959 2364 quae
993 2312 1107 2351 non
1140 2297 1454 2351 secundum
1488 2301 1677 2351 actum
1709 2296 1933 2366 dicitur,

2047 1844 2199 1911 dem,
2234 1858 2353 1897 esse
2384 1852 2568 1897 tamen
2599 1840 2833 1910 possint,
2856 1839 3017 1895 nulla
3039 1839 3251 1893 ratione
3277 1839 3345 1894 de
3367 1838 3684 1894 necessario

2044 1933 2441 2002 praedicantur.
2492 1930 2884 1986 Necessarium
2935 1945 3062 1985 vero
3098 1944 3209 1983 non
3244 1930 3411 1983 modo
3446 1943 3683 1985 necesse

2043 2028 2147 2089 est,
2180 2022 2272 2077 sed
2306 2021 2475 2076 etiam
2522 2027 2626 2087 est,
2657 2019 2767 2075 hoc
2814 2026 2897 2073 est
2926 2018 3081 2074 enim
3127 2018 3274 2087 quod
3307 2018 3406 2081 ait,
3435 2017 3529 2072 sed
3567 2032 3681 2073 non

2042 2112 2301 2167 omnino.
2335 2111 2557 2165 Etenim
2607 2111 2676 2164 de
2726 2107 3048 2164 necessario
3096 2107 3243 2178 quod
3273 2108 3387 2175 jam
3418 2113 3523 2171 est,
3563 2123 3682 2163 non

2044 2208 2223 2270 potest
2255 2198 2394 2254 illud
2430 2198 2699 2269 possibile
2730 2198 3208 2267 praedicari,quod
3242 2212 3357 2252 non
3389 2211 3474 2252 est
3503 2196 3687 2253 adhuc

2042 2291 2289 2360 quidem,
2323 2290 2417 2343 sed
2452 2304 2572 2343 esse
2604 2288 2826 2357 poterit.

2112 2380 2175 2433 Et
2189 2377 2500 2448 estquidem
2520 2382 2750 2447 fortasse
2767 2376 3109 2448 principium
3130 2376 3275 2446 quod
3311 2375 3684 2431 necessarium

2042 2471 2177 2523 estet
2190 2468 2447 2538 quodnon
2461 2467 2837 2523 necessarium
2854 2467 3209 2531 estomnium,
3224 2466 3312 2521 vet
3335 2481 3451 2519 esse
3469 2464 3561 2521 vel
3576 2481 3687 2521 non

2041 2572 2174 2613 esse.
2192 2561 2258 2613 Et
2270 2556 2386 2611 alia
2396 2561 2457 2611 ut
2470 2555 2663 2615 horum
2677 2555 3060 2624 consequentia
3074 2553 3426 2609 considerare
3457 2558 3684 2625 oportet.

262 2387 369 2442 sed
387 2386 709 2442 secundum
739 2386 790 2439 id
810 2386 955 2455 quod
977 2402 1090 2441 non
1115 2395 1196 2441 est
1222 2386 1575 2456 quidem,scd
1598 2402 1720 2440 esse
1738 2393 1936 2455 potest.

261 2476 579 2545 Nusquam
617 2475 771 2530 enim
801 2476 988 2531 evenit
1013 2475 1333 2543 bujusmodi
1360 2480 1605 2543 potestas
1628 2474 1737 2528 nisi
1759 2476 1819 2529 in
1854 2474 1940 2529 bis

260 2582 401 2637 quas
438 2572 764 2620 nascuntur
809 2570 864 2619 et
914 2573 1151 2620 mortem
1198 2571 1494 2634 oppetunt,
1528 2562 1626 2619 illa
1655 2579 1785 2619 vero
1816 2580 1941 2634 quas

262 2662 411 2711 sunt
446 2652 793 2718 immobilia,
824 2654 879 2709 id
902 2660 983 2707 est
1006 2669 1131 2725 qua:
1155 2654 1215 2709 in
1237 2669 1336 2707 sua
1358 2659 1566 2708 natura
1590 2653 1704 2707 fixa
1729 2660 1859 2708 sunt
1888 2660 1942 2709 et

258 2742 630 2807 constituta,
666 2750 724 2797 ut
755 2742 959 2798 mutari
993 2742 1318 2812 moverique
1348 2757 1466 2797 non
1498 2741 1733 2811 possint,
1766 2742 1823 2796 id
1856 2750 1941 2797 est

264 2834 482 2889 divina
513 2832 697 2887 solam
727 2832 886 2887 illam
912 2832 1119 2888 habent
1146 2832 1453 2901 potentiam
1476 2847 1598 2901 qua:
1622 2831 1941 2887 secundum

261 2930 476 2979 actum
509 2922 807 2990 dicitur,ut
837 2922 919 2977 sol
952 2920 1263 2977 immobilis
1306 2921 1533 2991 quidem
1568 2922 1634 2975 ad
1669 2920 1938 2975 substan-

2051 2936 2105 2990 in
2138 2939 2261 2989 loco
2295 2931 2566 3004 possibile
2596 2946 2719 2987 esse
2750 2932 3056 3000 ειςεεειειοδ,
3090 2928 3424 2983 naturaliter
3448 2928 3599 2982 enim
3627 2928 3684 2981 id

264 3014 443 3081 tiam,
479 3026 807 3081 quanquam
840 3011 916 3065 sit
946 3010 1175 3065 mobilis
1204 3010 1518 3066 secundum
1550 3009 1761 3066 locum.
1793 3012 1938 3075 Quo-

2051 3024 2193 3095 [μιοά
2243 3022 2625 3078 necessarium
2676 3028 2755 3075 est
2788 3018 2947 3089 prius
2977 3024 3079 3087 est,
3114 3032 3244 3071 nam
3291 3016 3339 3071 si
3371 3018 3691 3073 necessaria

261 3102 434 3158 niam
454 3116 593 3170 ergo
618 3108 705 3155 θδι
727 3099 1370 3155 immobilissecundum
1392 3098 1766 3155 substantiam
1791 3106 1843 3154 et
1864 3097 1934 3153 ab
1967 3133 2010 3200 Ε
2049 3120 2186 3169 sunt
2227 3128 2291 3167 ea
2338 3126 2462 3182 qua
2505 3125 2730 3178 semper
2776 3115 2899 3163 actu
2951 3114 3103 3173 sunt,
3149 3122 3273 3176 qum
3318 3114 3504 3161 aulam
3538 3122 3685 3161 sem.

260 3209 327 3248 ea
351 3206 483 3247 non
505 3196 1073 3260 permutalur,neque
1092 3188 1553 3257 movetur,habet
1570 3188 1628 3244 in
1646 3187 1932 3257 selumen,

2051 3220 2149 3277 per
2197 3209 2324 3258 actu
2374 3208 2509 3256 sunt
2558 3199 2909 3269 sempiterna
2958 3202 3109 3262 sunt,
3159 3196 3505 3266 sempiterna
3553 3209 3688 3251 vero

265 3291 424 3361 quod
458 3290 537 3343 ita
564 3288 769 3343 habere
791 3293 995 3358 potest,
1021 3296 1217 3343 utnon
1240 3287 1449 3343 habere
1474 3303 1589 3342 non
1614 3287 1805 3357 possit.
1839 3288 1944 3342 Sed
2049 3310 2236 3351 rerum
2270 3292 2528 3349 omnium
2579 3290 2861 3361 principia
2909 3295 3063 3357 sunt,
3098 3294 3247 3343 recte
3288 3287 3515 3342 initium
3548 3301 3690 3356 quo.

2119 2665 2487 2736 Principium,
2520 2664 2822 2735 inquit,est
2856 2662 3089 2717 fortasse
3118 2662 3314 2717 harum
3347 2664 3684 2732 prepositio-

2045 2771 2181 2810 num
2206 2754 2638 2824 consequentias
2660 2751 3085 2807 inveniendi.Si
3109 2752 3233 2819 quis
3266 2750 3449 2822 primo
3470 2751 3528 2805 in
3560 2751 3685 2807 loco

2046 2845 2427 2901 necessarium
2456 2850 2705 2914 ponat,et
2729 2858 2841 2898 non
2864 2840 3528 2907 necessarium,secundo
3552 2854 3686 2895 vero

266 3381 327 3436 in
362 3378 637 3447 utrisque
670 3377 758 3432 his
788 3376 873 3431 vel
908 3377 1217 3433 mobilibus
1246 3376 1335 3431 vel
1376 3375 1775 3431 immobilibus
1798 3374 1942 3431 illud

268 3483 480 3525 verum
513 3472 601 3520 est
632 3466 779 3536 quod
812 3466 881 3521 de
914 3466 1001 3521 bis
1054 3466 1285 3533 dicitur,
1318 3482 1437 3521 non
1469 3465 1827 3536 impossibile
1857 3468 1944 3520 est

271 3573 429 3614 esse.
468 3556 614 3611 Nam
650 3563 703 3609 et
734 3556 882 3624 quod
916 3562 1041 3609 actu
1065 3555 1292 3625 quidem
1322 3570 1435 3609 non
1458 3562 1561 3623 est,
1594 3570 1721 3609 esse
1752 3558 1943 3610 tamen

270 3645 588 3717 poterit,ut
610 3643 785 3699 homo
807 3659 934 3698 cum
962 3659 1080 3700 non
1102 3642 1381 3709 ambulat,
1397 3642 1731 3698 ambulandi
1754 3650 1945 3699 tamen

271 3737 499 3792 retinet
523 3739 879 3803 potestatem.
914 3733 1038 3788 Non
1064 3739 1147 3788 est
1178 3732 1332 3788 enim
1369 3732 1657 3788 hominem
1690 3732 1947 3802 impossi-

270 3826 392 3881 bile
426 3822 755 3892 ambulare,
784 3831 839 3877 et
866 3821 1043 3877 solem
1077 3838 1192 3877 non
1226 3828 1312 3877 est
1341 3820 1706 3893 impossibile
1741 3820 1947 3876 habere

270 3916 498 3978 lucem,
537 3927 707 3982 quam
758 3918 884 3968 actu
935 3911 1140 3967 retinet
1191 3911 1558 3981 sempiterno.
1595 3910 1661 3965 In
1694 3911 1946 3979 utrisque

268 4004 462 4073 igitur
492 4008 549 4056 et
583 4000 895 4056 mobilibus
925 4008 978 4055 et
1024 4000 1439 4066 immobilibus,
1472 4015 1662 4055 verum
1694 3998 1837 4055 illud
1863 4007 1946 4056 est

269 4093 430 4164 quod
465 4090 706 4157 dicitur,
740 4105 856 4145 non
909 4089 1269 4161 impossibile
1323 4105 1461 4144 esse.
1498 4088 1641 4144 Nam
1692 4093 1751 4144 et
1778 4089 1850 4144 de
1878 4105 1944 4145 eo

269 4182 434 4253 quod
470 4180 608 4248 agit,
644 4185 697 4232 et
729 4179 801 4233 de
850 4194 916 4233 eo
946 4178 1091 4249 quod
1142 4194 1307 4247 agere
1350 4186 1549 4248 potest,
1584 4178 1653 4233 de
1694 4176 1944 4246 utrisque

271 4271 434 4325 idem
466 4282 602 4324 vere
622 4266 1137 4337 dicitur,quoniam
1165 4282 1278 4321 non
1303 4274 1384 4321 est
1408 4265 1761 4335 impossibile
1793 4281 1934 4321 esse.

272 4358 427 4414 Nam
452 4364 505 4412 et
530 4356 679 4425 quod
697 4354 971 4422 ambulat,
1004 4371 1118 4409 non
1142 4362 1224 4410 est
1246 4355 1601 4424 impossibile
1622 4354 1940 4419 ambulare,

273 4457 327 4503 et
368 4445 530 4516 quod
555 4451 635 4499 est
655 4443 1021 4509 ambulabile,
1057 4444 1110 4498 id
1134 4450 1217 4497 est
1239 4444 1387 4512 quod
1413 4442 1707 4497 ambulare
1731 4450 1932 4511 potest,

274 4564 397 4602 non
431 4545 521 4600 illi
556 4551 636 4599 est
666 4542 1027 4612 impossibile
1046 4542 1467 4598 ambulare.Sed
1498 4545 1769 4613 quoniam
1795 4544 1938 4601 dixi-

275 4653 414 4691 mus
442 4649 571 4689 eam
596 4648 722 4703 quas
752 4633 1065 4687 secundum
1096 4640 1283 4688 actum
1319 4642 1403 4688 est
1435 4640 1765 4703 potestatem
1795 4636 1939 4690 duas

274 4725 494 4781 habere
526 4720 947 4792 species,unam
973 4722 1200 4792 quidem
1226 4738 1357 4776 cum
1384 4723 1440 4777 in
1465 4726 1593 4777 actu
1622 4724 1848 4793 quidem
1869 4725 1938 4780 sit

276 4822 328 4869 et
358 4826 669 4881 nunquam
702 4811 875 4880 possit
908 4826 1023 4865 non
1068 4826 1211 4875 esse,
1244 4816 1305 4866 ut
1334 4812 1453 4872 igni
1480 4817 1609 4867 actu
1641 4820 1726 4868 est
1757 4817 1939 4869 calere

274 4912 329 4958 et
378 4915 682 4969 nunquam
732 4914 855 4954 esse
903 4914 1016 4953 non
1057 4906 1241 4970 potest
1294 4898 1549 4967 calidus;
1605 4902 1774 4956 aliam
1808 4918 1938 4958 vero

279 4991 604 5048 secundum
640 4988 695 5043 id
732 4988 879 5057 quod
911 4988 1155 5043 dicimus
1183 5005 1305 5043 esse
1336 4990 1563 5058 quidem
1595 4996 1744 5057 actu,
1769 5006 1937 5062 posse

277 5090 475 5135 tamen
512 5092 625 5131 non
659 5092 805 5145 esse,
833 5083 891 5131 ut
921 5075 1128 5146 aliquis
1155 5093 1285 5133 cum
1317 5079 1683 5148 sedet,potest
1707 5080 1935 5149 quidem

276 5174 501 5233 sedere,
534 5167 636 5222 sed
667 5175 846 5236 potest
869 5166 1041 5221 etiam
1067 5184 1181 5223 non
1206 5169 1423 5225 sedere.
1455 5154 1795 5238 Hujusmodi
1816 5173 1936 5241 qui-

277 5262 406 5314 dem
438 5258 763 5313 secundum
798 5261 987 5312 actum
1022 5258 1294 5328 possibile
1324 5260 1393 5314 de
1426 5262 1748 5316 necessario
1774 5261 1935 5317 nullo

279 5349 448 5403 modo
484 5347 842 5417 praedicatur,
880 5347 1032 5415 quod
1084 5347 1235 5401 enim
1271 5350 1326 5402 in
1359 5353 1487 5403 actu
1522 5357 1624 5414 est,
1660 5360 1711 5405 et
1743 5366 1933 5406 neces-

278 5437 486 5489 sarium
521 5438 607 5488 est
638 5448 781 5497 esse,
817 5440 899 5486 est
935 5434 1187 5503 quidem,
1221 5436 1316 5490 sed
1350 5436 1429 5491 ita
1458 5442 1545 5491 est
1574 5445 1629 5491 ut
1662 5454 1775 5492 non
1808 5454 1934 5493 esse

281 5539 392 5578 non
426 5522 629 5592 possit.
657 5525 779 5576 Hoc
809 5528 891 5576 est
924 5522 1077 5576 enim
1110 5524 1261 5594 quod
1294 5524 1389 5579 ait.
1422 5526 1514 5581 Sic
1548 5526 1723 5595 igitur
1756 5527 1930 5597 possi-

282 5610 413 5678 bile,
444 5612 500 5666 id
533 5616 615 5666 est
672 5610 825 5681 quod
884 5626 1016 5667 cum
1047 5620 1173 5669 actu
1234 5612 1327 5682 sit,
1364 5615 1540 5685 possit
1587 5621 1774 5671 tamen
1810 5632 1928 5673 non

1967 4491 2014 4556 D

2049 3401 2156 3456 que
2187 3381 2543 3454 speculandi,
2576 3395 2701 3449 qua:
2751 3379 2949 3433 harum
2999 3376 3448 3447 propositionum
3491 3390 3690 3430 conse-

2050 3474 2281 3548 quentia
2312 3474 2403 3540 sit,
2432 3488 2500 3527 ex
2524 3471 2611 3533 his
2634 3486 2921 3533 sumemus
2946 3484 3070 3541 quae
3092 3474 3223 3525 sunt
3251 3466 3604 3533 necessaria,
3639 3472 3693 3520 et

2050 3572 2277 3635 prepter
2304 3563 2401 3617 has
2424 3577 2491 3616 ex
2512 3559 2817 3616 necessarii
2843 3557 3260 3629 negatiouibus,
3287 3556 3341 3611 id
3368 3562 3450 3610 est
3476 3571 3541 3609 ex
3575 3571 3689 3609 non

2050 3652 2394 3707 necessario.
2428 3650 2655 3704 Constat
2687 3648 2858 3717 igitur
2879 3663 2911 3701 a
2933 3645 3255 3701 necessario
3274 3652 3326 3698 et
3354 3659 3466 3698 non
3492 3657 3690 3697 neces-

2050 3741 2200 3796 sario
2226 3740 2428 3795 barum
2458 3736 2896 3806 consequentiae
2922 3734 3253 3789 inveniendi
3277 3732 3551 3787 sumenda
3572 3747 3695 3787 esse

2049 3830 2353 3901 principia.
2388 3828 2502 3883 Illas
2534 3827 2709 3892 enim,
2735 3826 2787 3880 id
2818 3830 2899 3879 est
2930 3822 3201 3894 possibile
3231 3837 3351 3876 esse
3382 3824 3438 3875 et
3466 3821 3693 3876 contiu-

2048 3937 2187 3991 geus
2218 3935 2365 3984 esse,
2390 3921 2446 3974 et
2475 3933 2597 3973 esse
2629 3913 3015 3971 necessarium
3050 3921 3104 3967 et
3134 3928 3247 3967 non
3280 3910 3689 3977 necessarium,

2046 4009 2201 4064 velut
2228 4008 2285 4063 in
2309 4014 2513 4062 natura
2542 4006 2661 4075 ipsa
2684 4004 3069 4074 praecedentes
3101 4001 3545 4070 subsequuntur.
3582 4004 3689 4053 Αι-

2050 4115 2158 4169 que
2180 4098 2305 4152 ideo
2336 4097 2440 4151 ait:
2472 4095 2534 4149 Et
2565 4093 2696 4161 alia,
2728 4094 2785 4148 id
2819 4099 2902 4146 est
2936 4090 3204 4160 possibile
3226 4096 3430 4155 esse,et
3460 4088 3691 4143 contin-

2048 4205 2186 4257 gens
2216 4194 2427 4255 esse,ut
2460 4184 2661 4239 borum
2692 4179 3096 4250 consequentia
3128 4177 3486 4233 considerare
3516 4193 3688 4244 Opor-

2050 4282 2273 4334 tet.Hoc
2306 4283 2406 4344 est,
2440 4274 2516 4328 ita
2547 4273 2635 4327 hae
2682 4270 3027 4327 considerari
3074 4267 3301 4331 debent,
3337 4274 3607 4335 tanquam
3643 4266 3691 4319 si

2050 4369 2197 4438 quod
2231 4371 2320 4421 est
2374 4363 2784 4427 necessarium,
2819 4368 2870 4415 et
2915 4374 3027 4413 non
3061 4356 3448 4412 necessarium
3485 4370 3690 4425 praece-

2049 4460 2204 4527 dant,
2239 4458 2662 4526 consequantur
2693 4467 2820 4507 vero
2854 4446 3125 4520 possibile
3162 4452 3215 4500 et
3247 4445 3605 4513 contingens,
3637 4449 3691 4498 et

2046 4556 2267 4604 caetera.

2120 4636 2469 4703 Manifestum
2494 4633 2570 4687 est
2600 4636 2782 4683 autem
2811 4644 2881 4682 ex
2912 4626 2999 4681 his
3033 4641 3151 4695 quae
3181 4624 3331 4679 dicta
3360 4626 3508 4687 sunt,
3553 4636 3690 4691 quo-

2046 4725 2201 4779 niam
2228 4723 2369 4796 quod
2399 4738 2467 4777 ea:
2494 4721 2815 4775 necessitate
2842 4724 2938 4783 est,
3000 4715 3299 4771 secundum
3353 4716 3538 4766 actum
3589 4718 3685 4765 est.

2050 4819 2239 4887 Quare
2266 4814 2315 4867 si
2343 4813 2535 4882 priora
2565 4818 2691 4864 sunt
2722 4808 3074 4879 sempiterna,
3108 4814 3161 4859 et
3207 4817 3333 4875 quae
3382 4809 3506 4855 actu
3535 4805 3689 4869 sunt,

2044 4907 2305 4977 potestate
2323 4903 2511 4974 priora
2541 4904 2669 4954 sunt
2699 4919 2718 4963 ,-
2746 4902 2795 4953 et
2828 4897 2941 4951 haec
2964 4912 3083 4967 qum
3112 4894 3231 4948 sine
3259 4897 3521 4963 potestate
3537 4895 3690 4958 sunt,

2046 4997 2171 5049 actu
2201 4997 2353 5056 sunt,
2378 5001 2436 5045 ut
2463 4990 2665 5061 prima?
2688 4984 3029 5043 substantia.
3064 4984 3189 5038 Atia
3216 4997 3346 5037 vero
3376 4985 3503 5035 sunt
3558 4984 3688 5034 actu

2044 5100 2167 5138 cum
2192 5080 2583 5153 possibilitate,
2615 5093 2731 5147 quae
2760 5080 2967 5131 natura
3014 5072 3229 5144 quidem
3286 5070 3482 5142 priora
3538 5076 3685 5134 sunt,

2044 5176 2284 5242 tempore
2308 5185 2432 5224 vero
2460 5168 2779 5238 posteriora,
2811 5165 2932 5219 alia
2963 5179 3089 5218 vero
3119 5177 3405 5231 nunquam
3438 5162 3567 5213 sunt
3596 5174 3686 5212 ac-

2042 5266 2122 5326 tu,
2155 5259 2248 5314 sed
2283 5259 2551 5329 potestate
2582 5262 2819 5310 tantum.

2116 5348 2290 5415 Patet,
2320 5347 2521 5415 inquit,
2557 5360 2623 5399 ac
2655 5344 2827 5413 liquet
2877 5338 3069 5397 omnia
3100 5352 3455 5409 quaecunque
3482 5348 3684 5390 secun-

2041 5441 2177 5493 dum
2239 5435 2631 5491 necessitatem
2694 5436 2853 5498 sunt,
2899 5445 3121 5499 semper
3181 5442 3303 5482 esse
3366 5425 3683 5479 secundum

2038 5533 2252 5583 actum.
2286 5525 2567 5592 Quoniam
2613 5523 2768 5579 enim
2823 5521 2969 5592 ignis
3000 5536 3067 5574 ex
3101 5517 3435 5573 necessitate
3464 5512 3683 5567 calidus

2039 5623 2278 5687 est,aclu
2306 5628 2525 5685 quoque
2547 5628 2765 5683 semper
2798 5609 3016 5667 calidus
3045 5614 3147 5664 est.
3182 5604 3450 5671 Quocirca
3482 5600 3529 5655 si
3559 5614 3679 5670 quas
