  <div class='ocr_page' id='page_1' title='image "/cluster/home/n/w/nwhite01/storage/ocr_20150623/64/hvd.32044073505125/197.png"; bbox 0 0 4060 6178; ppageno 0'>
   <div class='ocr_carea' id='block_1_1' title="bbox 448 305 555 359">
    <p class='ocr_par' dir='ltr' id='par_1_1' title="bbox 448 305 555 359">
     <span class='ocr_line' id='line_1_1' title="bbox 448 305 555 359; baseline 0 0"><span class='ocrx_word' id='word_1_1' title='bbox 448 305 555 359; x_wconf 90' lang='lat'><strong>383</strong></span> 
     </span>
    </p>
   </div>
   <div class='ocr_carea' id='block_1_2' title="bbox 1736 304 2109 374">
    <p class='ocr_par' dir='ltr' id='par_1_2' title="bbox 1736 304 2109 359">
     <span class='ocr_line' id='line_1_2' title="bbox 1736 304 2109 359; baseline 0 -3"><span class='ocrx_word' id='word_1_2' title='bbox 1736 306 1856 359; x_wconf 81' lang='lat' dir='ltr'><strong>AN.</strong></span> <span class='ocrx_word' id='word_1_3' title='bbox 1893 304 2109 359; x_wconf 80' lang='lat' dir='ltr'><strong>MANL.</strong></span> 
     </span>
    </p>
   </div>
   <div class='ocr_carea' id='block_1_3' title="bbox 2218 304 3805 374">
    <p class='ocr_par' dir='ltr' id='par_1_3' title="bbox 2218 305 3805 374">
     <span class='ocr_line' id='line_1_3' title="bbox 2218 305 3805 374; baseline 0.006 -17"><span class='ocrx_word' id='word_1_4' title='bbox 2218 305 2313 360; x_wconf 68' lang='lat' dir='ltr'><strong>tv.</strong></span> <span class='ocrx_word' id='word_1_5' title='bbox 2352 309 2589 369; x_wconf 72' lang='lat' dir='ltr'><strong>eoum</strong></span> <span class='ocrx_word' id='word_1_6' title='bbox 3719 320 3805 374; x_wconf 64' lang='lat'><strong>384</strong></span> 
     </span>
    </p>
   </div>
   <div class='ocr_carea' id='block_1_4' title="bbox 461 429 3801 513">
    <p class='ocr_par' dir='ltr' id='par_1_4' title="bbox 461 429 3801 513">
     <span class='ocr_line' id='line_1_4' title="bbox 461 429 3801 513; baseline 0.004 -26"><span class='ocrx_word' id='word_1_7' title='bbox 461 429 813 501; x_wconf 87' lang='lat' dir='ltr'><strong>sempiterna</strong></span> <span class='ocrx_word' id='word_1_8' title='bbox 841 437 974 485; x_wconf 90' lang='lat' dir='ltr'><strong>sunt</strong></span> <span class='ocrx_word' id='word_1_9' title='bbox 1002 432 1272 489; x_wconf 90' lang='lat' dir='ltr'><strong>omnibus</strong></span> <span class='ocrx_word' id='word_1_10' title='bbox 1303 450 1421 504; x_wconf 71' lang='lat' dir='ltr'><strong>quae</strong></span> <span class='ocrx_word' id='word_1_11' title='bbox 1450 451 1567 492; x_wconf 92' lang='lat' dir='ltr'><strong>non</strong></span> <span class='ocrx_word' id='word_1_12' title='bbox 1600 439 1733 491; x_wconf 85' lang='lat' dir='ltr'><strong>sunt</strong></span> <span class='ocrx_word' id='word_1_13' title='bbox 1761 433 2106 501; x_wconf 90' lang='lat' dir='ltr'><strong>sempiterna</strong></span> <span class='ocrx_word' id='word_1_14' title='bbox 2135 430 2188 496; x_wconf 80' lang='grc' dir='ltr'><strong>Α</strong></span> <span class='ocrx_word' id='word_1_15' title='bbox 2219 439 2307 489; x_wconf 87' lang='lat' dir='ltr'><strong>tur</strong></span> <span class='ocrx_word' id='word_1_16' title='bbox 2337 439 2629 507; x_wconf 71' lang='lat' dir='ltr'><strong>oppositae,</strong></span> <span class='ocrx_word' id='word_1_17' title='bbox 2663 457 2790 513; x_wconf 61' lang='lat' dir='ltr'><strong>quas</strong></span> <span class='ocrx_word' id='word_1_18' title='bbox 2847 440 3044 498; x_wconf 90' lang='lat' dir='ltr'><strong>harum</strong></span> <span class='ocrx_word' id='word_1_19' title='bbox 3078 442 3260 513; x_wconf 85' lang='lat' dir='ltr'><strong>magis</strong></span> <span class='ocrx_word' id='word_1_20' title='bbox 3292 442 3557 513; x_wconf 83' lang='lat' dir='ltr'><strong>superiori</strong></span> <span class='ocrx_word' id='word_1_21' title='bbox 3585 442 3801 499; x_wconf 83' lang='lat' dir='ltr'><strong>afﬁrma-</strong></span> 
     </span>
    </p>
   </div>
   <div class='ocr_carea' id='block_1_5' title="bbox 459 521 2106 594">
    <p class='ocr_par' dir='ltr' id='par_1_5' title="bbox 459 521 2106 594">
     <span class='ocr_line' id='line_1_5' title="bbox 459 521 2106 594; baseline 0.001 -20"><span class='ocrx_word' id='word_1_22' title='bbox 459 521 651 593; x_wconf 83' lang='lat' dir='ltr'><strong>priora</strong></span> <span class='ocrx_word' id='word_1_23' title='bbox 677 521 1002 586; x_wconf 87' lang='lat' dir='ltr'><strong>sunt,etiam</strong></span> <span class='ocrx_word' id='word_1_24' title='bbox 1031 537 1095 576; x_wconf 90' lang='lat' dir='ltr'><strong>ea</strong></span> <span class='ocrx_word' id='word_1_25' title='bbox 1117 538 1244 591; x_wconf 64' lang='lat' dir='ltr'><strong>quae</strong></span> <span class='ocrx_word' id='word_1_26' title='bbox 1265 538 1495 594; x_wconf 85' lang='lat' dir='ltr'><strong>semper</strong></span> <span class='ocrx_word' id='word_1_27' title='bbox 1516 532 1644 580; x_wconf 90' lang='lat' dir='ltr'><strong>actu</strong></span> <span class='ocrx_word' id='word_1_28' title='bbox 1676 526 1838 591; x_wconf 85' lang='lat' dir='ltr'><strong>sunt,</strong></span> <span class='ocrx_word' id='word_1_29' title='bbox 1874 521 1961 576; x_wconf 86' lang='lat' dir='ltr'><strong>his</strong></span> <span class='ocrx_word' id='word_1_30' title='bbox 1985 536 2106 592; x_wconf 65' lang='lat' dir='ltr'><strong>quas</strong></span> 
     </span>
    </p>
   </div>
   <div class='ocr_carea' id='block_1_6' title="bbox 462 610 2108 679">
    <p class='ocr_par' dir='ltr' id='par_1_6' title="bbox 462 610 2108 679">
     <span class='ocr_line' id='line_1_6' title="bbox 462 610 2108 679; baseline -0.001 -13"><span class='ocrx_word' id='word_1_31' title='bbox 462 618 600 666; x_wconf 82' lang='lat' dir='ltr'><strong>sunt</strong></span> <span class='ocrx_word' id='word_1_32' title='bbox 632 614 908 679; x_wconf 88' lang='lat' dir='ltr'><strong>potestate</strong></span> <span class='ocrx_word' id='word_1_33' title='bbox 956 610 1149 679; x_wconf 81' lang='lat' dir='ltr'><strong>priora</strong></span> <span class='ocrx_word' id='word_1_34' title='bbox 1195 619 1348 667; x_wconf 87' lang='lat' dir='ltr'><strong>sunt.</strong></span> <span class='ocrx_word' id='word_1_35' title='bbox 1376 612 1591 668; x_wconf 84' lang='lat' dir='ltr'><strong>Horum</strong></span> <span class='ocrx_word' id='word_1_36' title='bbox 1625 616 1816 667; x_wconf 85' lang='lat' dir='ltr'><strong>autem</strong></span> <span class='ocrx_word' id='word_1_37' title='bbox 1848 611 2108 666; x_wconf 90' lang='lat' dir='ltr'><strong>omnium</strong></span> 
     </span>
    </p>
   </div>
   <div class='ocr_carea' id='block_1_7' title="bbox 465 699 2112 771">
    <p class='ocr_par' dir='ltr' id='par_1_7' title="bbox 465 699 2112 771">
     <span class='ocr_line' id='line_1_7' title="bbox 465 699 2112 771; baseline -0.001 -16"><span class='ocrx_word' id='word_1_38' title='bbox 465 700 808 755; x_wconf 88' lang='lat' dir='ltr'><strong>divisionem</strong></span> <span class='ocrx_word' id='word_1_39' title='bbox 830 699 965 754; x_wconf 82' lang='lat' dir='ltr'><strong>facit</strong></span> <span class='ocrx_word' id='word_1_40' title='bbox 990 717 1004 755; x_wconf 91' lang='lat'><strong>:</strong></span> <span class='ocrx_word' id='word_1_41' title='bbox 1029 708 1163 755; x_wconf 91' lang='lat' dir='ltr'><strong>sunt</strong></span> <span class='ocrx_word' id='word_1_42' title='bbox 1183 701 1695 771; x_wconf 87' lang='lat' dir='ltr'><strong>enim,inquit,alia</strong></span> <span class='ocrx_word' id='word_1_43' title='bbox 1711 700 1939 771; x_wconf 85' lang='lat' dir='ltr'><strong>quidem</strong></span> <span class='ocrx_word' id='word_1_44' title='bbox 1973 716 2112 771; x_wconf 62' lang='lat' dir='ltr'><strong>prae-</strong></span> 
     </span>
    </p>
   </div>
   <div class='ocr_carea' id='block_1_8' title="bbox 462 791 2110 859">
    <p class='ocr_par' dir='ltr' id='par_1_8' title="bbox 462 791 2110 859">
     <span class='ocr_line' id='line_1_8' title="bbox 462 791 2110 859; baseline 0 -14"><span class='ocrx_word' id='word_1_45' title='bbox 462 794 549 845; x_wconf 88' lang='lat' dir='ltr'><strong>ter</strong></span> <span class='ocrx_word' id='word_1_46' title='bbox 576 794 926 858; x_wconf 87' lang='lat' dir='ltr'><strong>potestatem,</strong></span> <span class='ocrx_word' id='word_1_47' title='bbox 973 796 1100 844; x_wconf 90' lang='lat' dir='ltr'><strong>actu</strong></span> <span class='ocrx_word' id='word_1_48' title='bbox 1152 798 1393 857; x_wconf 89' lang='lat' dir='ltr'><strong>tantum,</strong></span> <span class='ocrx_word' id='word_1_49' title='bbox 1451 798 1510 846; x_wconf 89' lang='lat' dir='ltr'><strong>ut</strong></span> <span class='ocrx_word' id='word_1_50' title='bbox 1558 791 1640 847; x_wconf 92' lang='lat' dir='ltr'><strong>sol</strong></span> <span class='ocrx_word' id='word_1_51' title='bbox 1690 806 1806 845; x_wconf 91' lang='lat' dir='ltr'><strong>non</strong></span> <span class='ocrx_word' id='word_1_52' title='bbox 1838 794 2110 859; x_wconf 90' lang='lat' dir='ltr'><strong>potestate</strong></span> 
     </span>
    </p>
   </div>
   <div class='ocr_carea' id='block_1_9' title="bbox 462 878 2108 947">
    <p class='ocr_par' dir='ltr' id='par_1_9' title="bbox 462 878 2108 947">
     <span class='ocr_line' id='line_1_9' title="bbox 462 878 2108 947; baseline -0.002 -12"><span class='ocrx_word' id='word_1_53' title='bbox 462 885 739 943; x_wconf 77' lang='lat' dir='ltr'><strong>movetur,</strong></span> <span class='ocrx_word' id='word_1_54' title='bbox 801 878 898 932; x_wconf 90' lang='lat' dir='ltr'><strong>sed</strong></span> <span class='ocrx_word' id='word_1_55' title='bbox 957 885 1108 944; x_wconf 89' lang='lat' dir='ltr'><strong>actu,</strong></span> <span class='ocrx_word' id='word_1_56' title='bbox 1140 886 1193 933; x_wconf 91' lang='lat' dir='ltr'><strong>et</strong></span> <span class='ocrx_word' id='word_1_57' title='bbox 1247 878 1405 935; x_wconf 84' lang='lat' dir='ltr'><strong>illam</strong></span> <span class='ocrx_word' id='word_1_58' title='bbox 1461 880 1724 935; x_wconf 84' lang='lat' dir='ltr'><strong>movendi</strong></span> <span class='ocrx_word' id='word_1_59' title='bbox 1778 884 2108 947; x_wconf 87' lang='lat' dir='ltr'><strong>potestatem</strong></span> 
     </span>
    </p>
   </div>
   <div class='ocr_carea' id='block_1_10' title="bbox 461 966 2106 1038">
    <p class='ocr_par' dir='ltr' id='par_1_10' title="bbox 461 966 2106 1038">
     <span class='ocr_line' id='line_1_10' title="bbox 461 966 2106 1038; baseline -0.002 -15"><span class='ocrx_word' id='word_1_60' title='bbox 461 983 579 1023; x_wconf 88' lang='lat' dir='ltr'><strong>non</strong></span> <span class='ocrx_word' id='word_1_61' title='bbox 614 966 803 1032; x_wconf 91' lang='lat' dir='ltr'><strong>habet,</strong></span> <span class='ocrx_word' id='word_1_62' title='bbox 835 982 963 1036; x_wconf 76' lang='lat' dir='ltr'><strong>quze</strong></span> <span class='ocrx_word' id='word_1_63' title='bbox 1014 983 1130 1022; x_wconf 92' lang='lat' dir='ltr'><strong>non</strong></span> <span class='ocrx_word' id='word_1_64' title='bbox 1184 975 1271 1023; x_wconf 89' lang='lat' dir='ltr'><strong>est</strong></span> <span class='ocrx_word' id='word_1_65' title='bbox 1316 969 1572 1038; x_wconf 87' lang='lat' dir='ltr'><strong>quidem,</strong></span> <span class='ocrx_word' id='word_1_66' title='bbox 1606 968 1702 1022; x_wconf 90' lang='lat' dir='ltr'><strong>sed</strong></span> <span class='ocrx_word' id='word_1_67' title='bbox 1751 982 1874 1022; x_wconf 87' lang='lat' dir='ltr'><strong>esse</strong></span> <span class='ocrx_word' id='word_1_68' title='bbox 1904 970 2106 1036; x_wconf 89' lang='lat' dir='ltr'><strong>potest,</strong></span> 
     </span>
    </p>
   </div>
   <div class='ocr_carea' id='block_1_11' title="bbox 457 1057 2109 1129">
    <p class='ocr_par' dir='ltr' id='par_1_11' title="bbox 457 1057 2109 1129">
     <span class='ocr_line' id='line_1_11' title="bbox 457 1057 2109 1129; baseline 0 -16"><span class='ocrx_word' id='word_1_69' title='bbox 457 1060 553 1113; x_wconf 86' lang='lat' dir='ltr'><strong>sed</strong></span> <span class='ocrx_word' id='word_1_70' title='bbox 587 1065 776 1113; x_wconf 83' lang='lat' dir='ltr'><strong>actum</strong></span> <span class='ocrx_word' id='word_1_71' title='bbox 811 1057 976 1113; x_wconf 89' lang='lat' dir='ltr'><strong>habet</strong></span> <span class='ocrx_word' id='word_1_72' title='bbox 1023 1058 1228 1126; x_wconf 90' lang='lat' dir='ltr'><strong>solum,</strong></span> <span class='ocrx_word' id='word_1_73' title='bbox 1260 1077 1292 1113; x_wconf 91' lang='lat' dir='ltr'><strong>a</strong></span> <span class='ocrx_word' id='word_1_74' title='bbox 1341 1064 1619 1129; x_wconf 80' lang='lat' dir='ltr'><strong>potestate</strong></span> <span class='ocrx_word' id='word_1_75' title='bbox 1650 1076 1778 1115; x_wconf 86' lang='lat' dir='ltr'><strong>vero</strong></span> <span class='ocrx_word' id='word_1_76' title='bbox 1810 1075 1932 1129; x_wconf 66' lang='lat' dir='ltr'><strong>quas</strong></span> <span class='ocrx_word' id='word_1_77' title='bbox 1965 1075 2109 1128; x_wconf 61' lang='lat' dir='ltr'><strong>prai-</strong></span> 
     </span>
    </p>
   </div>
   <div class='ocr_carea' id='block_1_12' title="bbox 457 1145 2107 1218">
    <p class='ocr_par' dir='ltr' id='par_1_12' title="bbox 457 1145 2107 1218">
     <span class='ocr_line' id='line_1_12' title="bbox 457 1145 2107 1218; baseline -0.001 -16"><span class='ocrx_word' id='word_1_78' title='bbox 457 1154 539 1203; x_wconf 91' lang='lat' dir='ltr'><strong>tcr</strong></span> <span class='ocrx_word' id='word_1_79' title='bbox 594 1154 784 1201; x_wconf 89' lang='lat' dir='ltr'><strong>actum</strong></span> <span class='ocrx_word' id='word_1_80' title='bbox 842 1145 983 1202; x_wconf 91' lang='lat' dir='ltr'><strong>solet</strong></span> <span class='ocrx_word' id='word_1_81' title='bbox 1056 1163 1200 1213; x_wconf 91' lang='lat' dir='ltr'><strong>esse,</strong></span> <span class='ocrx_word' id='word_1_82' title='bbox 1263 1148 1618 1218; x_wconf 81' lang='lat' dir='ltr'><strong>relinquitur.</strong></span> <span class='ocrx_word' id='word_1_83' title='bbox 1678 1149 1880 1203; x_wconf 64' lang='lat' dir='ltr'><strong>Prima;</strong></span> <span class='ocrx_word' id='word_1_84' title='bbox 1938 1147 2107 1203; x_wconf 90' lang='lat' dir='ltr'><strong>etiam</strong></span> 
     </span>
    </p>
   </div>
   <div class='ocr_carea' id='block_1_13' title="bbox 456 1236 2109 1308">
    <p class='ocr_par' dir='ltr' id='par_1_13' title="bbox 456 1236 2109 1308">
     <span class='ocr_line' id='line_1_13' title="bbox 456 1236 2109 1308; baseline 0.001 -17"><span class='ocrx_word' id='word_1_85' title='bbox 456 1236 784 1291; x_wconf 75' lang='lat' dir='ltr'><strong>substantias</strong></span> <span class='ocrx_word' id='word_1_86' title='bbox 832 1242 961 1290; x_wconf 90' lang='lat' dir='ltr'><strong>actu</strong></span> <span class='ocrx_word' id='word_1_87' title='bbox 1017 1236 1245 1305; x_wconf 92' lang='lat' dir='ltr'><strong>quidem</strong></span> <span class='ocrx_word' id='word_1_88' title='bbox 1295 1244 1448 1305; x_wconf 90' lang='lat' dir='ltr'><strong>sunt,</strong></span> <span class='ocrx_word' id='word_1_89' title='bbox 1500 1253 1799 1308; x_wconf 85' lang='lat' dir='ltr'><strong>nunquam</strong></span> <span class='ocrx_word' id='word_1_90' title='bbox 1848 1252 1980 1291; x_wconf 90' lang='lat' dir='ltr'><strong>vero</strong></span> <span class='ocrx_word' id='word_1_91' title='bbox 2012 1252 2109 1305; x_wconf 86' lang='lat' dir='ltr'><strong>po-</strong></span> 
     </span>
    </p>
   </div>
   <div class='ocr_carea' id='block_1_14' title="bbox 457 1323 2109 1393">
    <p class='ocr_par' dir='ltr' id='par_1_14' title="bbox 457 1323 2109 1393">
     <span class='ocr_line' id='line_1_14' title="bbox 457 1323 2109 1393; baseline 0 -14"><span class='ocrx_word' id='word_1_92' title='bbox 457 1329 677 1391; x_wconf 79' lang='lat' dir='ltr'><strong>testate,</strong></span> <span class='ocrx_word' id='word_1_93' title='bbox 712 1323 926 1393; x_wconf 85' lang='lat' dir='ltr'><strong>primas</strong></span> <span class='ocrx_word' id='word_1_94' title='bbox 956 1328 1149 1379; x_wconf 83' lang='lat' dir='ltr'><strong>autem</strong></span> <span class='ocrx_word' id='word_1_95' title='bbox 1182 1325 1527 1381; x_wconf 83' lang='lat' dir='ltr'><strong>substantias</strong></span> <span class='ocrx_word' id='word_1_96' title='bbox 1554 1326 1718 1391; x_wconf 85' lang='lat' dir='ltr'><strong>dicit,</strong></span> <span class='ocrx_word' id='word_1_97' title='bbox 1750 1325 1971 1380; x_wconf 91' lang='lat' dir='ltr'><strong>divinas</strong></span> <span class='ocrx_word' id='word_1_98' title='bbox 2000 1325 2109 1380; x_wconf 89' lang='lat' dir='ltr'><strong>sci-</strong></span> 
     </span>
    </p>
   </div>
   <div class='ocr_carea' id='block_1_15' title="bbox 456 1412 2111 1484">
    <p class='ocr_par' dir='ltr' id='par_1_15' title="bbox 456 1412 2111 1484">
     <span class='ocr_line' id='line_1_15' title="bbox 456 1412 2111 1484; baseline -0.001 -16"><span class='ocrx_word' id='word_1_99' title='bbox 456 1414 591 1469; x_wconf 89' lang='lat' dir='ltr'><strong>licet</strong></span> <span class='ocrx_word' id='word_1_100' title='bbox 621 1422 674 1468; x_wconf 90' lang='lat' dir='ltr'><strong>et</strong></span> <span class='ocrx_word' id='word_1_101' title='bbox 706 1412 1099 1482; x_wconf 88' lang='lat' dir='ltr'><strong>sempiternas,</strong></span> <span class='ocrx_word' id='word_1_102' title='bbox 1131 1430 1250 1469; x_wconf 91' lang='lat' dir='ltr'><strong>non</strong></span> <span class='ocrx_word' id='word_1_103' title='bbox 1278 1432 1372 1469; x_wconf 90' lang='lat' dir='ltr'><strong>eas</strong></span> <span class='ocrx_word' id='word_1_104' title='bbox 1394 1431 1531 1484; x_wconf 88' lang='lat' dir='ltr'><strong>quas</strong></span> <span class='ocrx_word' id='word_1_105' title='bbox 1563 1415 1621 1469; x_wconf 92' lang='lat' dir='ltr'><strong>in</strong></span> <span class='ocrx_word' id='word_1_106' title='bbox 1655 1412 2111 1483; x_wconf 66' lang='lat' dir='ltr'><strong>praedicamentis</strong></span> 
     </span>
    </p>
   </div>
   <div class='ocr_carea' id='block_1_16' title="bbox 459 1501 2109 1574">
    <p class='ocr_par' dir='ltr' id='par_1_16' title="bbox 459 1501 2109 1574">
     <span class='ocr_line' id='line_1_16' title="bbox 459 1501 2109 1574; baseline -0.001 -17"><span class='ocrx_word' id='word_1_107' title='bbox 459 1503 676 1574; x_wconf 87' lang='lat' dir='ltr'><strong>primas</strong></span> <span class='ocrx_word' id='word_1_108' title='bbox 730 1517 852 1557; x_wconf 88' lang='lat' dir='ltr'><strong>esse</strong></span> <span class='ocrx_word' id='word_1_109' title='bbox 902 1501 1254 1567; x_wconf 88' lang='lat' dir='ltr'><strong>monstravit,</strong></span> <span class='ocrx_word' id='word_1_110' title='bbox 1299 1503 1355 1557; x_wconf 94' lang='lat' dir='ltr'><strong>id</strong></span> <span class='ocrx_word' id='word_1_111' title='bbox 1423 1509 1508 1557; x_wconf 92' lang='lat' dir='ltr'><strong>est</strong></span> <span class='ocrx_word' id='word_1_112' title='bbox 1552 1502 1902 1557; x_wconf 76' lang='lat' dir='ltr'><strong>individuus.</strong></span> <span class='ocrx_word' id='word_1_113' title='bbox 1948 1501 2109 1556; x_wconf 90' lang='lat' dir='ltr'><strong>Tunc</strong></span> 
     </span>
    </p>
   </div>
   <div class='ocr_carea' id='block_1_17' title="bbox 459 1589 2107 1663">
    <p class='ocr_par' dir='ltr' id='par_1_17' title="bbox 459 1589 2107 1663">
     <span class='ocr_line' id='line_1_17' title="bbox 459 1589 2107 1663; baseline -0.003 -15"><span class='ocrx_word' id='word_1_114' title='bbox 459 1593 618 1649; x_wconf 89' lang='lat' dir='ltr'><strong>enim</strong></span> <span class='ocrx_word' id='word_1_115' title='bbox 650 1591 718 1646; x_wconf 87' lang='lat' dir='ltr'><strong>dc</strong></span> <span class='ocrx_word' id='word_1_116' title='bbox 754 1590 841 1645; x_wconf 86' lang='lat' dir='ltr'><strong>his</strong></span> <span class='ocrx_word' id='word_1_117' title='bbox 888 1589 1226 1658; x_wconf 88' lang='lat' dir='ltr'><strong>loquebatur</strong></span> <span class='ocrx_word' id='word_1_118' title='bbox 1275 1592 1501 1661; x_wconf 87' lang='lat' dir='ltr'><strong>primis,</strong></span> <span class='ocrx_word' id='word_1_119' title='bbox 1548 1606 1668 1663; x_wconf 60' lang='lat' dir='ltr'><strong>quas</strong></span> <span class='ocrx_word' id='word_1_120' title='bbox 1719 1590 1887 1647; x_wconf 88' lang='lat' dir='ltr'><strong>nobis</strong></span> <span class='ocrx_word' id='word_1_121' title='bbox 1913 1590 2107 1659; x_wconf 81' lang='lat' dir='ltr'><strong>primae</strong></span> 
     </span>
    </p>
   </div>
   <div class='ocr_carea' id='block_1_18' title="bbox 460 1678 2107 1751">
    <p class='ocr_par' dir='ltr' id='par_1_18' title="bbox 460 1678 2107 1751">
     <span class='ocr_line' id='line_1_18' title="bbox 460 1678 2107 1751; baseline -0.003 -14"><span class='ocrx_word' id='word_1_122' title='bbox 460 1688 620 1747; x_wconf 90' lang='lat' dir='ltr'><strong>sunt,</strong></span> <span class='ocrx_word' id='word_1_123' title='bbox 651 1694 807 1734; x_wconf 92' lang='lat' dir='ltr'><strong>nunc</strong></span> <span class='ocrx_word' id='word_1_124' title='bbox 839 1679 907 1733; x_wconf 91' lang='lat' dir='ltr'><strong>de</strong></span> <span class='ocrx_word' id='word_1_125' title='bbox 941 1678 1027 1732; x_wconf 86' lang='lat' dir='ltr'><strong>his</strong></span> <span class='ocrx_word' id='word_1_126' title='bbox 1057 1695 1181 1750; x_wconf 82' lang='lat' dir='ltr'><strong>quae</strong></span> <span class='ocrx_word' id='word_1_127' title='bbox 1221 1687 1423 1735; x_wconf 89' lang='lat' dir='ltr'><strong>natura</strong></span> <span class='ocrx_word' id='word_1_128' title='bbox 1453 1687 1587 1735; x_wconf 90' lang='lat' dir='ltr'><strong>sunt</strong></span> <span class='ocrx_word' id='word_1_129' title='bbox 1620 1678 1836 1751; x_wconf 66' lang='lat' dir='ltr'><strong>primae,</strong></span> <span class='ocrx_word' id='word_1_130' title='bbox 1869 1694 1991 1748; x_wconf 79' lang='lat' dir='ltr'><strong>quae</strong></span> <span class='ocrx_word' id='word_1_131' title='bbox 2022 1678 2107 1732; x_wconf 87' lang='lat' dir='ltr'><strong>di-</strong></span> 
     </span>
    </p>
   </div>
   <div class='ocr_carea' id='block_1_19' title="bbox 2222 523 3802 601">
    <p class='ocr_par' dir='ltr' id='par_1_19' title="bbox 2222 523 3802 601">
     <span class='ocr_line' id='line_1_19' title="bbox 2222 523 3802 601; baseline 0.007 -24"><span class='ocrx_word' id='word_1_132' title='bbox 2222 523 2384 596; x_wconf 87' lang='lat' dir='ltr'><strong>tioni,</strong></span> <span class='ocrx_word' id='word_1_133' title='bbox 2418 542 2541 596; x_wconf 66' lang='lat' dir='ltr'><strong>quas</strong></span> <span class='ocrx_word' id='word_1_134' title='bbox 2574 529 2731 596; x_wconf 88' lang='lat' dir='ltr'><strong>dicit,</strong></span> <span class='ocrx_word' id='word_1_135' title='bbox 2764 529 2951 585; x_wconf 85' lang='lat' dir='ltr'><strong>omnis</strong></span> <span class='ocrx_word' id='word_1_136' title='bbox 3010 530 3181 586; x_wconf 94' lang='lat' dir='ltr'><strong>homo</strong></span> <span class='ocrx_word' id='word_1_137' title='bbox 3223 532 3405 601; x_wconf 87' lang='lat' dir='ltr'><strong>justus</strong></span> <span class='ocrx_word' id='word_1_138' title='bbox 3433 538 3530 598; x_wconf 88' lang='lat' dir='ltr'><strong>est,</strong></span> <span class='ocrx_word' id='word_1_139' title='bbox 3556 534 3802 588; x_wconf 82' lang='lat' dir='ltr'><strong>contraria</strong></span> 
     </span>
    </p>
   </div>
   <div class='ocr_carea' id='block_1_20' title="bbox 2222 620 3805 690">
    <p class='ocr_par' dir='ltr' id='par_1_20' title="bbox 2222 620 3805 690">
     <span class='ocr_line' id='line_1_20' title="bbox 2222 620 3805 690; baseline 0.005 -22"><span class='ocrx_word' id='word_1_140' title='bbox 2222 622 2323 681; x_wconf 91' lang='grc' dir='ltr'>εει,</span> <span class='ocrx_word' id='word_1_141' title='bbox 2359 624 2547 672; x_wconf 91' lang='lat' dir='ltr'><strong>utrum</strong></span> <span class='ocrx_word' id='word_1_142' title='bbox 2577 634 2642 674; x_wconf 91' lang='lat' dir='ltr'><strong>ea</strong></span> <span class='ocrx_word' id='word_1_143' title='bbox 2673 636 2772 690; x_wconf 90' lang='lat' dir='ltr'><strong>per</strong></span> <span class='ocrx_word' id='word_1_144' title='bbox 2829 635 2997 689; x_wconf 90' lang='lat' dir='ltr'><strong>quam</strong></span> <span class='ocrx_word' id='word_1_145' title='bbox 3044 620 3429 689; x_wconf 88' lang='lat' dir='ltr'><strong>pr0ponimus,</strong></span> <span class='ocrx_word' id='word_1_146' title='bbox 3462 621 3636 675; x_wconf 93' lang='lat' dir='ltr'><strong>omnis</strong></span> <span class='ocrx_word' id='word_1_147' title='bbox 3662 620 3805 678; x_wconf 92' lang='lat' dir='ltr'><strong>homo</strong></span> 
     </span>
    </p>
   </div>
   <div class='ocr_carea' id='block_1_21' title="bbox 2220 700 3804 779">
    <p class='ocr_par' dir='ltr' id='par_1_21' title="bbox 2220 700 3804 779">
     <span class='ocr_line' id='line_1_21' title="bbox 2220 700 3804 779; baseline 0.006 -23"><span class='ocrx_word' id='word_1_148' title='bbox 2220 700 2469 773; x_wconf 83' lang='lat' dir='ltr'><strong>injustas</strong></span> <span class='ocrx_word' id='word_1_149' title='bbox 2499 710 2605 773; x_wconf 89' lang='lat' dir='ltr'><strong>est,</strong></span> <span class='ocrx_word' id='word_1_150' title='bbox 2636 723 2710 762; x_wconf 86' lang='lat' dir='ltr'><strong>an</strong></span> <span class='ocrx_word' id='word_1_151' title='bbox 2758 711 2910 763; x_wconf 88' lang='lat' dir='ltr'><strong>certe</strong></span> <span class='ocrx_word' id='word_1_152' title='bbox 2961 709 3184 779; x_wconf 84' lang='lat' dir='ltr'><strong>negatio</strong></span> <span class='ocrx_word' id='word_1_153' title='bbox 3238 708 3579 773; x_wconf 83' lang='lat' dir='ltr'><strong>universalis,</strong></span> <span class='ocrx_word' id='word_1_154' title='bbox 3621 724 3804 777; x_wconf 70' lang='lat' dir='ltr'><strong>eaquae</strong></span> 
     </span>
    </p>
   </div>
   <div class='ocr_carea' id='block_1_22' title="bbox 2222 793 3811 866">
    <p class='ocr_par' dir='ltr' id='par_1_22' title="bbox 2222 793 3811 866">
     <span class='ocr_line' id='line_1_22' title="bbox 2222 793 3811 866; baseline 0.003 -18"><span class='ocrx_word' id='word_1_155' title='bbox 2222 801 2327 862; x_wconf 90' lang='lat' dir='ltr'><strong>est,</strong></span> <span class='ocrx_word' id='word_1_156' title='bbox 2363 793 2554 849; x_wconf 78' lang='lat' dir='ltr'><strong>nullus</strong></span> <span class='ocrx_word' id='word_1_157' title='bbox 2606 795 2772 852; x_wconf 92' lang='lat' dir='ltr'><strong>homo</strong></span> <span class='ocrx_word' id='word_1_158' title='bbox 2816 798 3001 866; x_wconf 87' lang='lat' dir='ltr'><strong>justus</strong></span> <span class='ocrx_word' id='word_1_159' title='bbox 3048 804 3151 853; x_wconf 90' lang='lat' dir='ltr'><strong>est.</strong></span> <span class='ocrx_word' id='word_1_160' title='bbox 3198 797 3467 853; x_wconf 87' lang='lat' dir='ltr'><strong>Similiter</strong></span> <span class='ocrx_word' id='word_1_161' title='bbox 3517 798 3672 851; x_wconf 88' lang='lat' dir='ltr'><strong>etiam</strong></span> <span class='ocrx_word' id='word_1_162' title='bbox 3700 797 3811 853; x_wconf 86' lang='lat' dir='ltr'><strong>huic</strong></span> 
     </span>
    </p>
   </div>
   <div class='ocr_carea' id='block_1_23' title="bbox 2223 883 3811 955">
    <p class='ocr_par' dir='ltr' id='par_1_23' title="bbox 2223 883 3811 955">
     <span class='ocr_line' id='line_1_23' title="bbox 2223 883 3811 955; baseline 0.003 -19"><span class='ocrx_word' id='word_1_163' title='bbox 2223 883 2598 953; x_wconf 88' lang='lat' dir='ltr'><strong>propositioni</strong></span> <span class='ocrx_word' id='word_1_164' title='bbox 2629 902 2757 955; x_wconf 71' lang='lat' dir='ltr'><strong>quae</strong></span> <span class='ocrx_word' id='word_1_165' title='bbox 2813 890 2917 950; x_wconf 85' lang='lat' dir='ltr'><strong>est,</strong></span> <span class='ocrx_word' id='word_1_166' title='bbox 2950 885 3158 941; x_wconf 91' lang='lat' dir='ltr'><strong>Callias</strong></span> <span class='ocrx_word' id='word_1_167' title='bbox 3205 886 3388 955; x_wconf 83' lang='lat' dir='ltr'><strong>justus</strong></span> <span class='ocrx_word' id='word_1_168' title='bbox 3417 897 3516 952; x_wconf 88' lang='lat' dir='ltr'><strong>est,</strong></span> <span class='ocrx_word' id='word_1_169' title='bbox 3545 887 3811 955; x_wconf 88' lang='lat' dir='ltr'><strong>pr0positio</strong></span> 
     </span>
    </p>
   </div>
   <div class='ocr_carea' id='block_1_24' title="bbox 2221 974 3816 1044">
    <p class='ocr_par' dir='ltr' id='par_1_24' title="bbox 2221 974 3816 1044">
     <span class='ocr_line' id='line_1_24' title="bbox 2221 974 3816 1044; baseline 0.001 -18"><span class='ocrx_word' id='word_1_170' title='bbox 2221 988 2344 1043; x_wconf 65' lang='lat' dir='ltr'><strong>quas</strong></span> <span class='ocrx_word' id='word_1_171' title='bbox 2403 974 2687 1043; x_wconf 88' lang='lat' dir='ltr'><strong>proponit,</strong></span> <span class='ocrx_word' id='word_1_172' title='bbox 2748 974 2953 1029; x_wconf 88' lang='lat' dir='ltr'><strong>Callias</strong></span> <span class='ocrx_word' id='word_1_173' title='bbox 3022 974 3268 1044; x_wconf 80' lang='lat' dir='ltr'><strong>injustas</strong></span> <span class='ocrx_word' id='word_1_174' title='bbox 3324 978 3429 1043; x_wconf 89' lang='lat' dir='ltr'><strong>est,</strong></span> <span class='ocrx_word' id='word_1_175' title='bbox 3484 990 3553 1029; x_wconf 87' lang='lat' dir='ltr'><strong>an</strong></span> <span class='ocrx_word' id='word_1_176' title='bbox 3606 989 3665 1028; x_wconf 89' lang='lat' dir='ltr'><strong>ea</strong></span> <span class='ocrx_word' id='word_1_177' title='bbox 3714 990 3816 1044; x_wconf 69' lang='lat' dir='ltr'><strong>qua:</strong></span> 
     </span>
    </p>
   </div>
   <div class='ocr_carea' id='block_1_25' title="bbox 2222 1061 3818 1133">
    <p class='ocr_par' dir='ltr' id='par_1_25' title="bbox 2222 1061 3818 1133">
     <span class='ocr_line' id='line_1_25' title="bbox 2222 1061 3818 1133; baseline 0.001 -17"><span class='ocrx_word' id='word_1_178' title='bbox 2222 1061 2378 1130; x_wconf 88' lang='lat' dir='ltr'><strong>dicit,</strong></span> <span class='ocrx_word' id='word_1_179' title='bbox 2433 1061 2640 1116; x_wconf 87' lang='lat' dir='ltr'><strong>Callias</strong></span> <span class='ocrx_word' id='word_1_180' title='bbox 2693 1064 2882 1133; x_wconf 89' lang='lat' dir='ltr'><strong>justus</strong></span> <span class='ocrx_word' id='word_1_181' title='bbox 2938 1079 3051 1118; x_wconf 91' lang='lat' dir='ltr'><strong>non</strong></span> <span class='ocrx_word' id='word_1_182' title='bbox 3109 1072 3217 1127; x_wconf 89' lang='lat' dir='ltr'><strong>est,</strong></span> <span class='ocrx_word' id='word_1_183' title='bbox 3274 1063 3551 1120; x_wconf 88' lang='lat' dir='ltr'><strong>contraria</strong></span> <span class='ocrx_word' id='word_1_184' title='bbox 3606 1071 3698 1117; x_wconf 85' lang='lat' dir='ltr'><strong>est.</strong></span> <span class='ocrx_word' id='word_1_185' title='bbox 3752 1069 3818 1119; x_wconf 86' lang='lat' dir='ltr'><strong>De</strong></span> 
     </span>
    </p>
   </div>
   <div class='ocr_carea' id='block_1_26' title="bbox 2222 1150 3823 1222">
    <p class='ocr_par' dir='ltr' id='par_1_26' title="bbox 2222 1150 3823 1222">
     <span class='ocr_line' id='line_1_26' title="bbox 2222 1150 3823 1222; baseline 0.001 -18"><span class='ocrx_word' id='word_1_186' title='bbox 2222 1166 2399 1221; x_wconf 88' lang='lat' dir='ltr'><strong>quare</strong></span> <span class='ocrx_word' id='word_1_187' title='bbox 2432 1150 2578 1206; x_wconf 91' lang='lat' dir='ltr'><strong>hanc</strong></span> <span class='ocrx_word' id='word_1_188' title='bbox 2608 1151 2757 1207; x_wconf 89' lang='lat' dir='ltr'><strong>viam</strong></span> <span class='ocrx_word' id='word_1_189' title='bbox 2814 1152 3212 1222; x_wconf 87' lang='lat' dir='ltr'><strong>disputationis</strong></span> <span class='ocrx_word' id='word_1_190' title='bbox 3260 1151 3565 1217; x_wconf 67' lang='lat' dir='ltr'><strong>ingreditur</strong></span> <span class='ocrx_word' id='word_1_191' title='bbox 3595 1167 3608 1207; x_wconf 90' lang='lat'>:</span> <span class='ocrx_word' id='word_1_192' title='bbox 3637 1168 3755 1207; x_wconf 89' lang='lat' dir='ltr'><strong>nam</strong></span> <span class='ocrx_word' id='word_1_193' title='bbox 3783 1152 3823 1206; x_wconf 82' lang='lat' dir='ltr'><strong>si</strong></span> 
     </span>
    </p>
   </div>
   <div class='ocr_carea' id='block_1_27' title="bbox 2221 1239 3823 1311">
    <p class='ocr_par' dir='ltr' id='par_1_27' title="bbox 2221 1239 3823 1311">
     <span class='ocr_line' id='line_1_27' title="bbox 2221 1239 3823 1311; baseline -0.001 -16"><span class='ocrx_word' id='word_1_194' title='bbox 2221 1254 2306 1308; x_wconf 91' lang='lat' dir='ltr'><strong>ea,</strong></span> <span class='ocrx_word' id='word_1_195' title='bbox 2370 1239 2579 1309; x_wconf 90' lang='lat' dir='ltr'><strong>inquit,</strong></span> <span class='ocrx_word' id='word_1_196' title='bbox 2611 1256 2732 1310; x_wconf 69' lang='lat' dir='ltr'><strong>qua:</strong></span> <span class='ocrx_word' id='word_1_197' title='bbox 2791 1248 2922 1296; x_wconf 90' lang='lat' dir='ltr'><strong>sunt</strong></span> <span class='ocrx_word' id='word_1_198' title='bbox 2982 1242 3042 1296; x_wconf 93' lang='lat' dir='ltr'><strong>in</strong></span> <span class='ocrx_word' id='word_1_199' title='bbox 3105 1257 3239 1297; x_wconf 91' lang='lat' dir='ltr'><strong>voce</strong></span> <span class='ocrx_word' id='word_1_200' title='bbox 3297 1241 3411 1295; x_wconf 84' lang='lat' dir='ltr'><strong>illis</strong></span> <span class='ocrx_word' id='word_1_201' title='bbox 3461 1255 3577 1311; x_wconf 82' lang='lat' dir='ltr'><strong>quae</strong></span> <span class='ocrx_word' id='word_1_202' title='bbox 3625 1239 3823 1295; x_wconf 89' lang='lat' dir='ltr'><strong>suntin</strong></span> 
     </span>
    </p>
   </div>
   <div class='ocr_carea' id='block_1_28' title="bbox 2220 1328 3823 1401">
    <p class='ocr_par' dir='ltr' id='par_1_28' title="bbox 2220 1328 3823 1401">
     <span class='ocr_line' id='line_1_28' title="bbox 2220 1328 3823 1401; baseline -0.001 -18"><span class='ocrx_word' id='word_1_203' title='bbox 2220 1328 2411 1383; x_wconf 86' lang='lat' dir='ltr'><strong>anima</strong></span> <span class='ocrx_word' id='word_1_204' title='bbox 2444 1329 2809 1399; x_wconf 86' lang='lat' dir='ltr'><strong>famulantur,</strong></span> <span class='ocrx_word' id='word_1_205' title='bbox 2838 1329 3043 1401; x_wconf 90' lang='lat' dir='ltr'><strong>hisque</strong></span> <span class='ocrx_word' id='word_1_206' title='bbox 3070 1328 3135 1385; x_wconf 91' lang='lat' dir='ltr'><strong>in</strong></span> <span class='ocrx_word' id='word_1_207' title='bbox 3165 1328 3577 1400; x_wconf 85' lang='lat' dir='ltr'><strong>signiﬁcatione</strong></span> <span class='ocrx_word' id='word_1_208' title='bbox 3604 1344 3823 1384; x_wconf 88' lang='lat' dir='ltr'><strong>consen-</strong></span> 
     </span>
    </p>
   </div>
   <div class='ocr_carea' id='block_1_29' title="bbox 2220 1416 3827 1489">
    <p class='ocr_par' dir='ltr' id='par_1_29' title="bbox 2220 1416 3827 1489">
     <span class='ocr_line' id='line_1_29' title="bbox 2220 1416 3827 1489; baseline 0 -18"><span class='ocrx_word' id='word_1_209' title='bbox 2220 1417 2395 1483; x_wconf 92' lang='lat' dir='ltr'><strong>tiunt,</strong></span> <span class='ocrx_word' id='word_1_210' title='bbox 2428 1433 2659 1474; x_wconf 87' lang='lat' dir='ltr'><strong>necesse</strong></span> <span class='ocrx_word' id='word_1_211' title='bbox 2702 1422 2789 1473; x_wconf 89' lang='lat' dir='ltr'><strong>est</strong></span> <span class='ocrx_word' id='word_1_212' title='bbox 2838 1427 2895 1473; x_wconf 94' lang='lat' dir='ltr'><strong>ut</strong></span> <span class='ocrx_word' id='word_1_213' title='bbox 2949 1419 3094 1488; x_wconf 90' lang='lat' dir='ltr'><strong>quod</strong></span> <span class='ocrx_word' id='word_1_214' title='bbox 3148 1420 3208 1474; x_wconf 95' lang='lat' dir='ltr'><strong>in</strong></span> <span class='ocrx_word' id='word_1_215' title='bbox 3257 1417 3622 1489; x_wconf 85' lang='lat' dir='ltr'><strong>Opinionibus</strong></span> <span class='ocrx_word' id='word_1_216' title='bbox 3649 1416 3827 1472; x_wconf 73' lang='lat' dir='ltr'><strong>animis</strong></span> 
     </span>
    </p>
   </div>
   <div class='ocr_carea' id='block_1_30' title="bbox 2220 1506 3823 1576">
    <p class='ocr_par' dir='ltr' id='par_1_30' title="bbox 2220 1506 3823 1576">
     <span class='ocr_line' id='line_1_30' title="bbox 2220 1506 3823 1576; baseline 0.001 -17"><span class='ocrx_word' id='word_1_217' title='bbox 2220 1506 2518 1576; x_wconf 87' lang='lat' dir='ltr'><strong>reperitur,</strong></span> <span class='ocrx_word' id='word_1_218' title='bbox 2554 1506 2657 1562; x_wconf 91' lang='lat' dir='ltr'><strong>hoc</strong></span> <span class='ocrx_word' id='word_1_219' title='bbox 2689 1508 2849 1562; x_wconf 87' lang='lat' dir='ltr'><strong>idem</strong></span> <span class='ocrx_word' id='word_1_220' title='bbox 2881 1508 3107 1564; x_wconf 87' lang='lat' dir='ltr'><strong>evenire</strong></span> <span class='ocrx_word' id='word_1_221' title='bbox 3144 1508 3408 1563; x_wconf 89' lang='lat' dir='ltr'><strong>videatur</strong></span> <span class='ocrx_word' id='word_1_222' title='bbox 3437 1507 3495 1561; x_wconf 92' lang='lat' dir='ltr'><strong>in</strong></span> <span class='ocrx_word' id='word_1_223' title='bbox 3526 1522 3668 1572; x_wconf 89' lang='lat' dir='ltr'><strong>voce,</strong></span> <span class='ocrx_word' id='word_1_224' title='bbox 3701 1506 3823 1575; x_wconf 87' lang='lat' dir='ltr'><strong>quod</strong></span> 
     </span>
    </p>
   </div>
   <div class='ocr_carea' id='block_1_31' title="bbox 2220 1593 3821 1667">
    <p class='ocr_par' dir='ltr' id='par_1_31' title="bbox 2220 1593 3821 1667">
     <span class='ocr_line' id='line_1_31' title="bbox 2220 1593 3821 1667; baseline -0.001 -19"><span class='ocrx_word' id='word_1_225' title='bbox 2220 1593 2270 1649; x_wconf 88' lang='lat' dir='ltr'><strong>si</strong></span> <span class='ocrx_word' id='word_1_226' title='bbox 2298 1593 2417 1650; x_wconf 90' lang='lat' dir='ltr'><strong>illic</strong></span> <span class='ocrx_word' id='word_1_227' title='bbox 2447 1595 2496 1649; x_wconf 86' lang='lat' dir='ltr'><strong>ei</strong></span> <span class='ocrx_word' id='word_1_228' title='bbox 2528 1595 2785 1667; x_wconf 86' lang='lat' dir='ltr'><strong>Opinioni</strong></span> <span class='ocrx_word' id='word_1_229' title='bbox 2817 1612 2945 1666; x_wconf 63' lang='lat' dir='ltr'><strong>quae</strong></span> <span class='ocrx_word' id='word_1_230' title='bbox 2979 1595 3284 1651; x_wconf 85' lang='lat' dir='ltr'><strong>arbitratur</strong></span> <span class='ocrx_word' id='word_1_231' title='bbox 3313 1612 3537 1651; x_wconf 90' lang='lat' dir='ltr'><strong>omnem</strong></span> <span class='ocrx_word' id='word_1_232' title='bbox 3569 1595 3821 1649; x_wconf 88' lang='lat' dir='ltr'><strong>hominem</strong></span> 
     </span>
    </p>
   </div>
   <div class='ocr_carea' id='block_1_32' title="bbox 2213 1682 3823 1755">
    <p class='ocr_par' dir='ltr' id='par_1_32' title="bbox 2213 1682 3823 1755">
     <span class='ocr_line' id='line_1_32' title="bbox 2213 1682 3823 1755; baseline -0.001 -18"><span class='ocrx_word' id='word_1_233' title='bbox 2213 1683 2435 1752; x_wconf 88' lang='lat' dir='ltr'><strong>justum</strong></span> <span class='ocrx_word' id='word_1_234' title='bbox 2475 1701 2598 1740; x_wconf 86' lang='lat' dir='ltr'><strong>esse</strong></span> <span class='ocrx_word' id='word_1_235' title='bbox 2653 1683 2755 1739; x_wconf 89' lang='lat' dir='ltr'><strong>illa</strong></span> <span class='ocrx_word' id='word_1_236' title='bbox 2810 1685 3005 1754; x_wconf 89' lang='lat' dir='ltr'><strong>opinio</strong></span> <span class='ocrx_word' id='word_1_237' title='bbox 3061 1686 3327 1755; x_wconf 88' lang='lat' dir='ltr'><strong>opposita</strong></span> <span class='ocrx_word' id='word_1_238' title='bbox 3381 1688 3485 1750; x_wconf 89' lang='lat' dir='ltr'><strong>est,</strong></span> <span class='ocrx_word' id='word_1_239' title='bbox 3516 1690 3568 1739; x_wconf 90' lang='lat' dir='ltr'><strong>et</strong></span> <span class='ocrx_word' id='word_1_240' title='bbox 3614 1682 3707 1737; x_wconf 91' lang='lat' dir='ltr'><strong>illa</strong></span> <span class='ocrx_word' id='word_1_241' title='bbox 3753 1689 3823 1737; x_wconf 84' lang='lat' dir='ltr'><strong>est</strong></span> 
     </span>
    </p>
   </div>
   <div class='ocr_carea' id='block_1_33' title="bbox 460 1767 3828 1848">
    <p class='ocr_par' dir='ltr' id='par_1_33' title="bbox 460 1767 3828 1848">
     <span class='ocr_line' id='line_1_33' title="bbox 460 1767 3828 1848; baseline 0 -23"><span class='ocrx_word' id='word_1_242' title='bbox 460 1772 604 1825; x_wconf 81' lang='lat' dir='ltr'><strong>vinas</strong></span> <span class='ocrx_word' id='word_1_243' title='bbox 629 1777 763 1823; x_wconf 92' lang='lat' dir='ltr'><strong>sunt</strong></span> <span class='ocrx_word' id='word_1_244' title='bbox 788 1767 1003 1824; x_wconf 89' lang='lat' dir='ltr'><strong>scilicet</strong></span> <span class='ocrx_word' id='word_1_245' title='bbox 1037 1776 1093 1824; x_wconf 92' lang='lat' dir='ltr'><strong>et</strong></span> <span class='ocrx_word' id='word_1_246' title='bbox 1123 1770 1502 1839; x_wconf 66' lang='lat' dir='ltr'><strong>sempiternas.</strong></span> <span class='ocrx_word' id='word_1_247' title='bbox 1536 1768 1661 1824; x_wconf 84' lang='lat' dir='ltr'><strong>Alia</strong></span> <span class='ocrx_word' id='word_1_248' title='bbox 1690 1784 1842 1837; x_wconf 86' lang='lat' dir='ltr'><strong>vero,</strong></span> <span class='ocrx_word' id='word_1_249' title='bbox 1864 1768 2112 1836; x_wconf 89' lang='lat' dir='ltr'><strong>ait,sunt</strong></span> <span class='ocrx_word' id='word_1_250' title='bbox 2145 1783 2192 1848; x_wconf 79' lang='grc' dir='ltr'><strong>Β</strong></span> <span class='ocrx_word' id='word_1_251' title='bbox 2226 1773 2475 1828; x_wconf 86' lang='lat' dir='ltr'><strong>maxime</strong></span> <span class='ocrx_word' id='word_1_252' title='bbox 2505 1774 2789 1830; x_wconf 87' lang='lat' dir='ltr'><strong>contraria</strong></span> <span class='ocrx_word' id='word_1_253' title='bbox 2819 1790 2941 1844; x_wconf 68' lang='lat' dir='ltr'><strong>quae</strong></span> <span class='ocrx_word' id='word_1_254' title='bbox 2966 1779 3124 1845; x_wconf 84' lang='lat' dir='ltr'><strong>putat</strong></span> <span class='ocrx_word' id='word_1_255' title='bbox 3148 1790 3381 1829; x_wconf 89' lang='lat' dir='ltr'><strong>omnem</strong></span> <span class='ocrx_word' id='word_1_256' title='bbox 3408 1771 3828 1842; x_wconf 82' lang='lat' dir='ltr'><strong>homineminju-</strong></span> 
     </span>
    </p>
   </div>
   <div class='ocr_carea' id='block_1_34' title="bbox 460 1856 2115 1930">
    <p class='ocr_par' dir='ltr' id='par_1_34' title="bbox 460 1856 2115 1930">
     <span class='ocr_line' id='line_1_34' title="bbox 460 1856 2115 1930; baseline -0.003 -16"><span class='ocrx_word' id='word_1_257' title='bbox 460 1876 585 1930; x_wconf 68' lang='lat' dir='ltr'><strong>quae</strong></span> <span class='ocrx_word' id='word_1_258' title='bbox 618 1866 749 1913; x_wconf 92' lang='lat' dir='ltr'><strong>sunt</strong></span> <span class='ocrx_word' id='word_1_259' title='bbox 779 1863 909 1913; x_wconf 90' lang='lat' dir='ltr'><strong>actu</strong></span> <span class='ocrx_word' id='word_1_260' title='bbox 961 1875 1093 1915; x_wconf 92' lang='lat' dir='ltr'><strong>cum</strong></span> <span class='ocrx_word' id='word_1_261' title='bbox 1145 1866 1439 1929; x_wconf 90' lang='lat' dir='ltr'><strong>potestate,</strong></span> <span class='ocrx_word' id='word_1_262' title='bbox 1470 1856 1526 1913; x_wconf 93' lang='lat' dir='ltr'><strong>id</strong></span> <span class='ocrx_word' id='word_1_263' title='bbox 1573 1865 1656 1912; x_wconf 92' lang='lat' dir='ltr'><strong>est</strong></span> <span class='ocrx_word' id='word_1_264' title='bbox 1689 1873 1814 1927; x_wconf 86' lang='lat' dir='ltr'><strong>quae</strong></span> <span class='ocrx_word' id='word_1_265' title='bbox 1845 1863 1899 1911; x_wconf 92' lang='lat' dir='ltr'><strong>et</strong></span> <span class='ocrx_word' id='word_1_266' title='bbox 1928 1863 2115 1911; x_wconf 81' lang='lat' dir='ltr'><strong>actum</strong></span> 
     </span>
    </p>
   </div>
   <div class='ocr_carea' id='block_1_35' title="bbox 469 1944 2119 2019">
    <p class='ocr_par' dir='ltr' id='par_1_35' title="bbox 469 1944 2119 2019">
     <span class='ocr_line' id='line_1_35' title="bbox 469 1944 2119 2019; baseline -0.004 -14"><span class='ocrx_word' id='word_1_267' title='bbox 469 1949 701 2016; x_wconf 89' lang='lat' dir='ltr'><strong>habent,</strong></span> <span class='ocrx_word' id='word_1_268' title='bbox 728 1956 781 2004; x_wconf 88' lang='lat' dir='ltr'><strong>et</strong></span> <span class='ocrx_word' id='word_1_269' title='bbox 804 1949 1110 2019; x_wconf 90' lang='lat' dir='ltr'><strong>aliquando</strong></span> <span class='ocrx_word' id='word_1_270' title='bbox 1135 1948 1457 2005; x_wconf 91' lang='lat' dir='ltr'><strong>habuerunt</strong></span> <span class='ocrx_word' id='word_1_271' title='bbox 1480 1955 1831 2019; x_wconf 84' lang='lat' dir='ltr'><strong>potestatem,</strong></span> <span class='ocrx_word' id='word_1_272' title='bbox 1864 1954 1923 2001; x_wconf 90' lang='lat' dir='ltr'><strong>ut</strong></span> <span class='ocrx_word' id='word_1_273' title='bbox 1956 1944 2119 2000; x_wconf 90' lang='lat' dir='ltr'><strong>fabri-</strong></span> 
     </span>
    </p>
   </div>
   <div class='ocr_carea' id='block_1_36' title="bbox 467 2034 2119 2108">
    <p class='ocr_par' dir='ltr' id='par_1_36' title="bbox 467 2034 2119 2108">
     <span class='ocr_line' id='line_1_36' title="bbox 467 2034 2119 2108; baseline -0.005 -13"><span class='ocrx_word' id='word_1_274' title='bbox 467 2047 593 2095; x_wconf 89' lang='lat' dir='ltr'><strong>cata</strong></span> <span class='ocrx_word' id='word_1_275' title='bbox 619 2039 738 2107; x_wconf 89' lang='lat' dir='ltr'><strong>jam</strong></span> <span class='ocrx_word' id='word_1_276' title='bbox 771 2039 995 2108; x_wconf 90' lang='lat' dir='ltr'><strong>domus,</strong></span> <span class='ocrx_word' id='word_1_277' title='bbox 1014 2038 1320 2107; x_wconf 87' lang='lat' dir='ltr'><strong>aliquando</strong></span> <span class='ocrx_word' id='word_1_278' title='bbox 1353 2037 1533 2107; x_wconf 92' lang='lat' dir='ltr'><strong>potuit</strong></span> <span class='ocrx_word' id='word_1_279' title='bbox 1564 2036 1848 2102; x_wconf 81' lang='lat' dir='ltr'><strong>fabricari,</strong></span> <span class='ocrx_word' id='word_1_280' title='bbox 1881 2043 1933 2090; x_wconf 92' lang='lat' dir='ltr'><strong>et</strong></span> <span class='ocrx_word' id='word_1_281' title='bbox 1962 2034 2119 2106; x_wconf 90' lang='lat' dir='ltr'><strong>prius</strong></span> 
     </span>
    </p>
   </div>
   <div class='ocr_carea' id='block_1_37' title="bbox 468 2126 2118 2196">
    <p class='ocr_par' dir='ltr' id='par_1_37' title="bbox 468 2126 2118 2196">
     <span class='ocr_line' id='line_1_37' title="bbox 468 2126 2118 2196; baseline -0.002 -14"><span class='ocrx_word' id='word_1_282' title='bbox 468 2126 665 2182; x_wconf 90' lang='lat' dir='ltr'><strong>habuit</strong></span> <span class='ocrx_word' id='word_1_283' title='bbox 716 2134 1045 2196; x_wconf 84' lang='lat' dir='ltr'><strong>potestatem</strong></span> <span class='ocrx_word' id='word_1_284' title='bbox 1097 2127 1414 2183; x_wconf 88' lang='lat' dir='ltr'><strong>secundum</strong></span> <span class='ocrx_word' id='word_1_285' title='bbox 1471 2130 1720 2195; x_wconf 88' lang='lat' dir='ltr'><strong>tempus,</strong></span> <span class='ocrx_word' id='word_1_286' title='bbox 1765 2128 1957 2194; x_wconf 89' lang='lat' dir='ltr'><strong>postea</strong></span> <span class='ocrx_word' id='word_1_287' title='bbox 1988 2138 2118 2178; x_wconf 87' lang='lat' dir='ltr'><strong>vero</strong></span> 
     </span>
    </p>
   </div>
   <div class='ocr_carea' id='block_1_38' title="bbox 468 2214 2119 2285">
    <p class='ocr_par' dir='ltr' id='par_1_38' title="bbox 468 2214 2119 2285">
     <span class='ocr_line' id='line_1_38' title="bbox 468 2214 2119 2285; baseline -0.003 -14"><span class='ocrx_word' id='word_1_288' title='bbox 468 2224 697 2284; x_wconf 87' lang='lat' dir='ltr'><strong>actum;</strong></span> <span class='ocrx_word' id='word_1_289' title='bbox 734 2216 832 2271; x_wconf 80' lang='lat' dir='ltr'><strong>sed</strong></span> <span class='ocrx_word' id='word_1_290' title='bbox 883 2219 1088 2271; x_wconf 89' lang='lat' dir='ltr'><strong>natura</strong></span> <span class='ocrx_word' id='word_1_291' title='bbox 1134 2223 1293 2271; x_wconf 87' lang='lat' dir='ltr'><strong>actus</strong></span> <span class='ocrx_word' id='word_1_292' title='bbox 1343 2214 1494 2285; x_wconf 89' lang='lat' dir='ltr'><strong>prior</strong></span> <span class='ocrx_word' id='word_1_293' title='bbox 1542 2221 1625 2268; x_wconf 88' lang='lat' dir='ltr'><strong>est</strong></span> <span class='ocrx_word' id='word_1_294' title='bbox 1676 2216 1970 2283; x_wconf 82' lang='lat' dir='ltr'><strong>potestate.</strong></span> <span class='ocrx_word' id='word_1_295' title='bbox 2012 2214 2119 2266; x_wconf 85' lang='lat' dir='ltr'><strong>Ars</strong></span> 
     </span>
    </p>
   </div>
   <div class='ocr_carea' id='block_1_39' title="bbox 464 2301 2120 2374">
    <p class='ocr_par' dir='ltr' id='par_1_39' title="bbox 464 2301 2120 2374">
     <span class='ocr_line' id='line_1_39' title="bbox 464 2301 2120 2374; baseline -0.002 -15"><span class='ocrx_word' id='word_1_296' title='bbox 464 2321 598 2360; x_wconf 88' lang='lat' dir='ltr'><strong>vero</strong></span> <span class='ocrx_word' id='word_1_297' title='bbox 628 2303 756 2373; x_wconf 88' lang='lat' dir='ltr'><strong>ipsa</strong></span> <span class='ocrx_word' id='word_1_298' title='bbox 803 2311 992 2360; x_wconf 90' lang='lat' dir='ltr'><strong>actum</strong></span> <span class='ocrx_word' id='word_1_299' title='bbox 1047 2304 1386 2374; x_wconf 84' lang='lat' dir='ltr'><strong>cogitatione</strong></span> <span class='ocrx_word' id='word_1_300' title='bbox 1438 2302 1716 2373; x_wconf 66' lang='lat' dir='ltr'><strong>praecipit,</strong></span> <span class='ocrx_word' id='word_1_301' title='bbox 1767 2301 2120 2370; x_wconf 87' lang='lat' dir='ltr'><strong>formamque</strong></span> 
     </span>
    </p>
   </div>
   <div class='ocr_carea' id='block_1_40' title="bbox 465 2390 2118 2463">
    <p class='ocr_par' dir='ltr' id='par_1_40' title="bbox 465 2390 2118 2463">
     <span class='ocr_line' id='line_1_40' title="bbox 465 2390 2118 2463; baseline -0.003 -15"><span class='ocrx_word' id='word_1_302' title='bbox 465 2394 673 2449; x_wconf 89' lang='lat' dir='ltr'><strong>domus</strong></span> <span class='ocrx_word' id='word_1_303' title='bbox 705 2393 862 2463; x_wconf 90' lang='lat' dir='ltr'><strong>prius</strong></span> <span class='ocrx_word' id='word_1_304' title='bbox 891 2392 998 2448; x_wconf 87' lang='lat' dir='ltr'><strong>sibi</strong></span> <span class='ocrx_word' id='word_1_305' title='bbox 1035 2394 1159 2463; x_wconf 89' lang='lat' dir='ltr'><strong>ipsa</strong></span> <span class='ocrx_word' id='word_1_306' title='bbox 1189 2392 1446 2461; x_wconf 82' lang='lat' dir='ltr'><strong>designat</strong></span> <span class='ocrx_word' id='word_1_307' title='bbox 1475 2400 1528 2447; x_wconf 90' lang='lat' dir='ltr'><strong>et</strong></span> <span class='ocrx_word' id='word_1_308' title='bbox 1560 2390 1734 2446; x_wconf 81' lang='lat' dir='ltr'><strong>efﬁcit</strong></span> <span class='ocrx_word' id='word_1_309' title='bbox 1768 2408 1781 2452; x_wconf 88' lang='lat'><strong>;</strong></span> <span class='ocrx_word' id='word_1_310' title='bbox 1811 2404 1983 2460; x_wconf 88' lang='lat' dir='ltr'><strong>quare</strong></span> <span class='ocrx_word' id='word_1_311' title='bbox 2012 2404 2118 2443; x_wconf 87' lang='lat' dir='ltr'><strong>na-</strong></span> 
     </span>
    </p>
   </div>
   <div class='ocr_carea' id='block_1_41' title="bbox 467 2478 2120 2553">
    <p class='ocr_par' dir='ltr' id='par_1_41' title="bbox 467 2478 2120 2553">
     <span class='ocr_line' id='line_1_41' title="bbox 467 2478 2120 2553; baseline -0.003 -14"><span class='ocrx_word' id='word_1_312' title='bbox 467 2491 594 2539; x_wconf 87' lang='lat' dir='ltr'><strong>tura</strong></span> <span class='ocrx_word' id='word_1_313' title='bbox 625 2490 784 2539; x_wconf 86' lang='lat' dir='ltr'><strong>actus</strong></span> <span class='ocrx_word' id='word_1_314' title='bbox 831 2482 984 2553; x_wconf 90' lang='lat' dir='ltr'><strong>prior</strong></span> <span class='ocrx_word' id='word_1_315' title='bbox 1038 2487 1124 2538; x_wconf 88' lang='lat' dir='ltr'><strong>est</strong></span> <span class='ocrx_word' id='word_1_316' title='bbox 1172 2489 1465 2553; x_wconf 87' lang='lat' dir='ltr'><strong>potestate,</strong></span> <span class='ocrx_word' id='word_1_317' title='bbox 1510 2483 1757 2551; x_wconf 87' lang='lat' dir='ltr'><strong>potestas</strong></span> <span class='ocrx_word' id='word_1_318' title='bbox 1805 2487 1934 2535; x_wconf 87' lang='lat' dir='ltr'><strong>actu</strong></span> <span class='ocrx_word' id='word_1_319' title='bbox 1967 2478 2120 2548; x_wconf 88' lang='lat' dir='ltr'><strong>prior</strong></span> 
     </span>
    </p>
   </div>
   <div class='ocr_carea' id='block_1_42' title="bbox 465 2568 2118 2642">
    <p class='ocr_par' dir='ltr' id='par_1_42' title="bbox 465 2568 2118 2642">
     <span class='ocr_line' id='line_1_42' title="bbox 465 2568 2118 2642; baseline -0.005 -13"><span class='ocrx_word' id='word_1_320' title='bbox 465 2579 547 2629; x_wconf 89' lang='lat' dir='ltr'><strong>est</strong></span> <span class='ocrx_word' id='word_1_321' title='bbox 575 2580 848 2642; x_wconf 85' lang='lat' dir='ltr'><strong>tempore.</strong></span> <span class='ocrx_word' id='word_1_322' title='bbox 874 2572 1001 2628; x_wconf 84' lang='lat' dir='ltr'><strong>Alia</strong></span> <span class='ocrx_word' id='word_1_323' title='bbox 1017 2587 1146 2627; x_wconf 90' lang='lat' dir='ltr'><strong>vero</strong></span> <span class='ocrx_word' id='word_1_324' title='bbox 1164 2577 1319 2639; x_wconf 90' lang='lat' dir='ltr'><strong>sunt,</strong></span> <span class='ocrx_word' id='word_1_325' title='bbox 1355 2569 1560 2641; x_wconf 90' lang='lat' dir='ltr'><strong>inquit,</strong></span> <span class='ocrx_word' id='word_1_326' title='bbox 1590 2584 1715 2639; x_wconf 63' lang='lat' dir='ltr'><strong>quae</strong></span> <span class='ocrx_word' id='word_1_327' title='bbox 1734 2575 1862 2623; x_wconf 88' lang='lat' dir='ltr'><strong>actu</strong></span> <span class='ocrx_word' id='word_1_328' title='bbox 1886 2568 2118 2637; x_wconf 90' lang='lat' dir='ltr'><strong>quidem</strong></span> 
     </span>
    </p>
   </div>
   <div class='ocr_carea' id='block_1_43' title="bbox 463 2660 2118 2732">
    <p class='ocr_par' dir='ltr' id='par_1_43' title="bbox 463 2660 2118 2732">
     <span class='ocr_line' id='line_1_43' title="bbox 463 2660 2118 2732; baseline -0.005 -13"><span class='ocrx_word' id='word_1_329' title='bbox 463 2677 759 2732; x_wconf 85' lang='lat' dir='ltr'><strong>nunquam</strong></span> <span class='ocrx_word' id='word_1_330' title='bbox 790 2668 942 2729; x_wconf 89' lang='lat' dir='ltr'><strong>sunt,</strong></span> <span class='ocrx_word' id='word_1_331' title='bbox 968 2677 1192 2731; x_wconf 80' lang='lat' dir='ltr'><strong>semper</strong></span> <span class='ocrx_word' id='word_1_332' title='bbox 1212 2668 1397 2716; x_wconf 88' lang='lat' dir='ltr'><strong>autem</strong></span> <span class='ocrx_word' id='word_1_333' title='bbox 1422 2666 1555 2715; x_wconf 88' lang='lat' dir='ltr'><strong>sunt</strong></span> <span class='ocrx_word' id='word_1_334' title='bbox 1583 2660 1882 2729; x_wconf 82' lang='lat' dir='ltr'><strong>potestate,</strong></span> <span class='ocrx_word' id='word_1_335' title='bbox 1916 2664 1972 2711; x_wconf 92' lang='lat' dir='ltr'><strong>ut</strong></span> <span class='ocrx_word' id='word_1_336' title='bbox 2006 2671 2118 2711; x_wconf 89' lang='lat' dir='ltr'><strong>nu-</strong></span> 
     </span>
    </p>
   </div>
   <div class='ocr_carea' id='block_1_44' title="bbox 464 2744 2116 2821">
    <p class='ocr_par' dir='ltr' id='par_1_44' title="bbox 464 2744 2116 2821">
     <span class='ocr_line' id='line_1_44' title="bbox 464 2744 2116 2821; baseline -0.004 -14"><span class='ocrx_word' id='word_1_337' title='bbox 464 2767 655 2807; x_wconf 92' lang='lat' dir='ltr'><strong>merus</strong></span> <span class='ocrx_word' id='word_1_338' title='bbox 716 2749 979 2805; x_wconf 83' lang='lat' dir='ltr'><strong>inﬁnitus</strong></span> <span class='ocrx_word' id='word_1_339' title='bbox 1030 2751 1260 2821; x_wconf 89' lang='lat' dir='ltr'><strong>quidem</strong></span> <span class='ocrx_word' id='word_1_340' title='bbox 1312 2752 1416 2815; x_wconf 88' lang='lat' dir='ltr'><strong>est,</strong></span> <span class='ocrx_word' id='word_1_341' title='bbox 1450 2748 1599 2819; x_wconf 90' lang='lat' dir='ltr'><strong>quod</strong></span> <span class='ocrx_word' id='word_1_342' title='bbox 1644 2762 1775 2803; x_wconf 91' lang='lat' dir='ltr'><strong>cum</strong></span> <span class='ocrx_word' id='word_1_343' title='bbox 1806 2761 2029 2816; x_wconf 86' lang='lat' dir='ltr'><strong>semper</strong></span> <span class='ocrx_word' id='word_1_344' title='bbox 2057 2744 2116 2800; x_wconf 92' lang='lat' dir='ltr'><strong>in</strong></span> 
     </span>
    </p>
   </div>
   <div class='ocr_carea' id='block_1_45' title="bbox 462 2837 2117 2911">
    <p class='ocr_par' dir='ltr' id='par_1_45' title="bbox 462 2837 2117 2911">
     <span class='ocr_line' id='line_1_45' title="bbox 462 2837 2117 2911; baseline -0.003 -15"><span class='ocrx_word' id='word_1_345' title='bbox 462 2840 761 2896; x_wconf 88' lang='lat' dir='ltr'><strong>inﬁnitum</strong></span> <span class='ocrx_word' id='word_1_346' title='bbox 798 2841 986 2911; x_wconf 85' lang='lat' dir='ltr'><strong>possis</strong></span> <span class='ocrx_word' id='word_1_347' title='bbox 1018 2855 1243 2910; x_wconf 85' lang='lat' dir='ltr'><strong>augere,</strong></span> <span class='ocrx_word' id='word_1_348' title='bbox 1278 2841 1373 2895; x_wconf 90' lang='lat' dir='ltr'><strong>sed</strong></span> <span class='ocrx_word' id='word_1_349' title='bbox 1404 2846 1531 2894; x_wconf 89' lang='lat' dir='ltr'><strong>actu</strong></span> <span class='ocrx_word' id='word_1_350' title='bbox 1565 2837 1826 2893; x_wconf 87' lang='lat' dir='ltr'><strong>inﬁnitus</strong></span> <span class='ocrx_word' id='word_1_351' title='bbox 1866 2852 1983 2890; x_wconf 88' lang='lat' dir='ltr'><strong>non</strong></span> <span class='ocrx_word' id='word_1_352' title='bbox 2011 2837 2117 2891; x_wconf 86' lang='lat' dir='ltr'><strong>est.</strong></span> 
     </span>
    </p>
   </div>
   <div class='ocr_carea' id='block_1_46' title="bbox 459 2924 2120 2999">
    <p class='ocr_par' dir='ltr' id='par_1_46' title="bbox 459 2924 2120 2999">
     <span class='ocr_line' id='line_1_46' title="bbox 459 2924 2120 2999; baseline -0.004 -14"><span class='ocrx_word' id='word_1_353' title='bbox 459 2930 872 2999; x_wconf 87' lang='lat' dir='ltr'><strong>Quemcunque</strong></span> <span class='ocrx_word' id='word_1_354' title='bbox 903 2929 1056 2985; x_wconf 87' lang='lat' dir='ltr'><strong>enim</strong></span> <span class='ocrx_word' id='word_1_355' title='bbox 1089 2944 1395 2984; x_wconf 87' lang='lat' dir='ltr'><strong>numerum</strong></span> <span class='ocrx_word' id='word_1_356' title='bbox 1426 2925 1893 2997; x_wconf 88' lang='lat' dir='ltr'><strong>sumpseris,actu</strong></span> <span class='ocrx_word' id='word_1_357' title='bbox 1923 2924 2120 2979; x_wconf 83' lang='lat' dir='ltr'><strong>ﬁnitus</strong></span> 
     </span>
    </p>
   </div>
   <div class='ocr_carea' id='block_1_47' title="bbox 462 3015 2118 3092">
    <p class='ocr_par' dir='ltr' id='par_1_47' title="bbox 462 3015 2118 3092">
     <span class='ocr_line' id='line_1_47' title="bbox 462 3015 2118 3092; baseline -0.004 -14"><span class='ocrx_word' id='word_1_358' title='bbox 462 3030 580 3090; x_wconf 88' lang='lat' dir='ltr'><strong>est;</strong></span> <span class='ocrx_word' id='word_1_359' title='bbox 616 3021 928 3092; x_wconf 81' lang='lat' dir='ltr'><strong>quemlibet.</strong></span> <span class='ocrx_word' id='word_1_360' title='bbox 976 3023 1131 3077; x_wconf 86' lang='lat' dir='ltr'><strong>enim</strong></span> <span class='ocrx_word' id='word_1_361' title='bbox 1190 3022 1349 3077; x_wconf 88' lang='lat' dir='ltr'><strong>dicas</strong></span> <span class='ocrx_word' id='word_1_362' title='bbox 1398 3034 1725 3085; x_wconf 89' lang='lat' dir='ltr'><strong>numerum,</strong></span> <span class='ocrx_word' id='word_1_363' title='bbox 1758 3018 1922 3072; x_wconf 84' lang='lat' dir='ltr'><strong>ﬁnita</strong></span> <span class='ocrx_word' id='word_1_364' title='bbox 1953 3015 2118 3072; x_wconf 90' lang='lat' dir='ltr'><strong>illum</strong></span> 
     </span>
    </p>
   </div>
   <div class='ocr_carea' id='block_1_48' title="bbox 2228 1862 3826 1935">
    <p class='ocr_par' dir='ltr' id='par_1_48' title="bbox 2228 1862 3826 1935">
     <span class='ocr_line' id='line_1_48' title="bbox 2228 1862 3826 1935; baseline -0.003 -17"><span class='ocrx_word' id='word_1_365' title='bbox 2228 1870 2377 1918; x_wconf 85' lang='lat' dir='ltr'><strong>stum</strong></span> <span class='ocrx_word' id='word_1_366' title='bbox 2406 1878 2552 1929; x_wconf 89' lang='lat' dir='ltr'><strong>esse,</strong></span> <span class='ocrx_word' id='word_1_367' title='bbox 2586 1870 2639 1919; x_wconf 88' lang='lat' dir='ltr'><strong>et</strong></span> <span class='ocrx_word' id='word_1_368' title='bbox 2686 1862 2746 1918; x_wconf 92' lang='lat' dir='ltr'><strong>in</strong></span> <span class='ocrx_word' id='word_1_369' title='bbox 2776 1864 3014 1919; x_wconf 89' lang='lat' dir='ltr'><strong>vocibus</strong></span> <span class='ocrx_word' id='word_1_370' title='bbox 3068 1878 3291 1935; x_wconf 88' lang='lat' dir='ltr'><strong>quoque</strong></span> <span class='ocrx_word' id='word_1_371' title='bbox 3321 1863 3616 1918; x_wconf 89' lang='lat' dir='ltr'><strong>afﬁrmatio</strong></span> <span class='ocrx_word' id='word_1_372' title='bbox 3644 1878 3701 1917; x_wconf 86' lang='lat' dir='ltr'><strong>ea</strong></span> <span class='ocrx_word' id='word_1_373' title='bbox 3726 1876 3826 1931; x_wconf 71' lang='lat' dir='ltr'><strong>qua</strong></span> 
     </span>
    </p>
   </div>
   <div class='ocr_carea' id='block_1_49' title="bbox 2227 1951 3826 2022">
    <p class='ocr_par' dir='ltr' id='par_1_49' title="bbox 2227 1951 3826 2022">
     <span class='ocr_line' id='line_1_49' title="bbox 2227 1951 3826 2022; baseline -0.001 -16"><span class='ocrx_word' id='word_1_374' title='bbox 2227 1960 2331 2018; x_wconf 90' lang='lat' dir='ltr'><strong>est,</strong></span> <span class='ocrx_word' id='word_1_375' title='bbox 2360 1951 2548 2006; x_wconf 91' lang='lat' dir='ltr'><strong>omnis</strong></span> <span class='ocrx_word' id='word_1_376' title='bbox 2604 1955 2774 2008; x_wconf 88' lang='lat' dir='ltr'><strong>homo</strong></span> <span class='ocrx_word' id='word_1_377' title='bbox 2828 1953 3012 2022; x_wconf 89' lang='lat' dir='ltr'><strong>justus</strong></span> <span class='ocrx_word' id='word_1_378' title='bbox 3041 1958 3142 2019; x_wconf 88' lang='lat' dir='ltr'><strong>est,</strong></span> <span class='ocrx_word' id='word_1_379' title='bbox 3176 1954 3229 2008; x_wconf 92' lang='lat' dir='ltr'><strong>ei</strong></span> <span class='ocrx_word' id='word_1_380' title='bbox 3284 1952 3649 2008; x_wconf 89' lang='lat' dir='ltr'><strong>aftirmationi</strong></span> <span class='ocrx_word' id='word_1_381' title='bbox 3676 1951 3826 2020; x_wconf 83' lang='lat' dir='ltr'><strong>magis</strong></span> 
     </span>
    </p>
   </div>
   <div class='ocr_carea' id='block_1_50' title="bbox 2227 2041 3831 2112">
    <p class='ocr_par' dir='ltr' id='par_1_50' title="bbox 2227 2041 3831 2112">
     <span class='ocr_line' id='line_1_50' title="bbox 2227 2041 3831 2112; baseline -0.002 -15"><span class='ocrx_word' id='word_1_382' title='bbox 2227 2041 2509 2097; x_wconf 90' lang='lat' dir='ltr'><strong>contraria</strong></span> <span class='ocrx_word' id='word_1_383' title='bbox 2538 2050 2621 2097; x_wconf 90' lang='grc' dir='ltr'><strong>εει</strong></span> <span class='ocrx_word' id='word_1_384' title='bbox 2667 2057 2789 2112; x_wconf 65' lang='lat' dir='ltr'><strong>quae</strong></span> <span class='ocrx_word' id='word_1_385' title='bbox 2837 2042 2997 2111; x_wconf 81' lang='lat' dir='ltr'><strong>dixit,</strong></span> <span class='ocrx_word' id='word_1_386' title='bbox 3044 2042 3234 2097; x_wconf 86' lang='lat' dir='ltr'><strong>omnis</strong></span> <span class='ocrx_word' id='word_1_387' title='bbox 3289 2043 3463 2098; x_wconf 92' lang='lat' dir='ltr'><strong>homo</strong></span> <span class='ocrx_word' id='word_1_388' title='bbox 3492 2042 3721 2111; x_wconf 87' lang='lat' dir='ltr'><strong>injustus</strong></span> <span class='ocrx_word' id='word_1_389' title='bbox 3746 2047 3831 2095; x_wconf 82' lang='lat' dir='ltr'><strong>est.</strong></span> 
     </span>
    </p>
   </div>
   <div class='ocr_carea' id='block_1_51' title="bbox 2227 2128 3831 2199">
    <p class='ocr_par' dir='ltr' id='par_1_51' title="bbox 2227 2128 3831 2199">
     <span class='ocr_line' id='line_1_51' title="bbox 2227 2128 3831 2199; baseline 0.001 -17"><span class='ocrx_word' id='word_1_390' title='bbox 2227 2128 2382 2193; x_wconf 88' lang='lat' dir='ltr'><strong>Quod</strong></span> <span class='ocrx_word' id='word_1_391' title='bbox 2414 2128 2463 2182; x_wconf 91' lang='lat' dir='ltr'><strong>si</strong></span> <span class='ocrx_word' id='word_1_392' title='bbox 2493 2128 2556 2183; x_wconf 93' lang='lat' dir='ltr'><strong>in</strong></span> <span class='ocrx_word' id='word_1_393' title='bbox 2607 2128 2980 2198; x_wconf 88' lang='lat' dir='ltr'><strong>opinionibus</strong></span> <span class='ocrx_word' id='word_1_394' title='bbox 3027 2145 3143 2184; x_wconf 93' lang='lat' dir='ltr'><strong>non</strong></span> <span class='ocrx_word' id='word_1_395' title='bbox 3203 2129 3327 2185; x_wconf 69' lang='lat' dir='ltr'><strong>haec</strong></span> <span class='ocrx_word' id='word_1_396' title='bbox 3359 2130 3534 2199; x_wconf 85' lang='lat' dir='ltr'><strong>magis</strong></span> <span class='ocrx_word' id='word_1_397' title='bbox 3564 2130 3831 2199; x_wconf 81' lang='lat' dir='ltr'><strong>Opponitur</strong></span> 
     </span>
    </p>
   </div>
   <div class='ocr_carea' id='block_1_52' title="bbox 2227 2215 3830 2288">
    <p class='ocr_par' dir='ltr' id='par_1_52' title="bbox 2227 2215 3830 2288">
     <span class='ocr_line' id='line_1_52' title="bbox 2227 2215 3830 2288; baseline 0.001 -18"><span class='ocrx_word' id='word_1_398' title='bbox 2227 2216 2416 2287; x_wconf 88' lang='lat' dir='ltr'><strong>potius</strong></span> <span class='ocrx_word' id='word_1_399' title='bbox 2447 2231 2615 2286; x_wconf 89' lang='lat' dir='ltr'><strong>quam</strong></span> <span class='ocrx_word' id='word_1_400' title='bbox 2647 2215 2747 2271; x_wconf 87' lang='lat' dir='ltr'><strong>illa</strong></span> <span class='ocrx_word' id='word_1_401' title='bbox 2801 2233 2923 2288; x_wconf 80' lang='lat' dir='ltr'><strong>quae</strong></span> <span class='ocrx_word' id='word_1_402' title='bbox 2957 2217 3329 2283; x_wconf 82' lang='lat' dir='ltr'><strong>dicit,nullus</strong></span> <span class='ocrx_word' id='word_1_403' title='bbox 3362 2218 3527 2274; x_wconf 93' lang='lat' dir='ltr'><strong>homo</strong></span> <span class='ocrx_word' id='word_1_404' title='bbox 3551 2224 3722 2287; x_wconf 83' lang='lat' dir='ltr'><strong>justus</strong></span> <span class='ocrx_word' id='word_1_405' title='bbox 3745 2224 3830 2281; x_wconf 88' lang='lat' dir='ltr'><strong>est,</strong></span> 
     </span>
    </p>
   </div>
   <div class='ocr_carea' id='block_1_53' title="bbox 2226 2304 3834 2376">
    <p class='ocr_par' dir='ltr' id='par_1_53' title="bbox 2226 2304 3834 2376">
     <span class='ocr_line' id='line_1_53' title="bbox 2226 2304 3834 2376; baseline -0.001 -16"><span class='ocrx_word' id='word_1_406' title='bbox 2226 2312 2279 2360; x_wconf 85' lang='lat' dir='ltr'><strong>et</strong></span> <span class='ocrx_word' id='word_1_407' title='bbox 2311 2304 2370 2360; x_wconf 92' lang='lat' dir='ltr'><strong>in</strong></span> <span class='ocrx_word' id='word_1_408' title='bbox 2400 2304 2633 2360; x_wconf 80' lang='lat' dir='ltr'><strong>vocibus</strong></span> <span class='ocrx_word' id='word_1_409' title='bbox 2662 2321 2886 2376; x_wconf 88' lang='lat' dir='ltr'><strong>quoque</strong></span> <span class='ocrx_word' id='word_1_410' title='bbox 2920 2306 3224 2363; x_wconf 85' lang='lat' dir='ltr'><strong>afﬁrmatio</strong></span> <span class='ocrx_word' id='word_1_411' title='bbox 3256 2308 3594 2363; x_wconf 85' lang='lat' dir='ltr'><strong>universalis</strong></span> <span class='ocrx_word' id='word_1_412' title='bbox 3615 2306 3834 2362; x_wconf 87' lang='lat' dir='ltr'><strong>videatur</strong></span> 
     </span>
    </p>
   </div>
   <div class='ocr_carea' id='block_1_54' title="bbox 2225 2394 3828 2465">
    <p class='ocr_par' dir='ltr' id='par_1_54' title="bbox 2225 2394 3828 2465">
     <span class='ocr_line' id='line_1_54' title="bbox 2225 2394 3828 2465; baseline -0.001 -16"><span class='ocrx_word' id='word_1_413' title='bbox 2225 2409 2347 2449; x_wconf 89' lang='lat' dir='ltr'><strong>esse</strong></span> <span class='ocrx_word' id='word_1_414' title='bbox 2376 2394 2682 2462; x_wconf 89' lang='lat' dir='ltr'><strong>contraria,</strong></span> <span class='ocrx_word' id='word_1_415' title='bbox 2720 2398 2966 2465; x_wconf 65' lang='lat' dir='ltr'><strong>utraeque</strong></span> <span class='ocrx_word' id='word_1_416' title='bbox 2992 2412 3122 2465; x_wconf 87' lang='lat' dir='ltr'><strong>ergo</strong></span> <span class='ocrx_word' id='word_1_417' title='bbox 3153 2402 3205 2451; x_wconf 91' lang='lat' dir='ltr'><strong>et</strong></span> <span class='ocrx_word' id='word_1_418' title='bbox 3234 2396 3544 2451; x_wconf 85' lang='lat' dir='ltr'><strong>afﬁrmatio</strong></span> <span class='ocrx_word' id='word_1_419' title='bbox 3560 2412 3674 2465; x_wconf 72' lang='lat' dir='ltr'><strong>quin</strong></span> <span class='ocrx_word' id='word_1_420' title='bbox 3697 2394 3828 2458; x_wconf 91' lang='lat' dir='ltr'><strong>dicit,</strong></span> 
     </span>
    </p>
   </div>
   <div class='ocr_carea' id='block_1_55' title="bbox 2224 2481 3833 2555">
    <p class='ocr_par' dir='ltr' id='par_1_55' title="bbox 2224 2481 3833 2555">
     <span class='ocr_line' id='line_1_55' title="bbox 2224 2481 3833 2555; baseline -0.002 -16"><span class='ocrx_word' id='word_1_421' title='bbox 2224 2482 2419 2539; x_wconf 88' lang='lat' dir='ltr'><strong>omnis</strong></span> <span class='ocrx_word' id='word_1_422' title='bbox 2451 2482 2620 2538; x_wconf 89' lang='lat' dir='ltr'><strong>homo</strong></span> <span class='ocrx_word' id='word_1_423' title='bbox 2650 2482 2894 2552; x_wconf 85' lang='lat' dir='ltr'><strong>injustus</strong></span> <span class='ocrx_word' id='word_1_424' title='bbox 2924 2492 3027 2552; x_wconf 91' lang='lat' dir='ltr'><strong>est,</strong></span> <span class='ocrx_word' id='word_1_425' title='bbox 3051 2493 3103 2540; x_wconf 91' lang='lat' dir='ltr'><strong>ct</strong></span> <span class='ocrx_word' id='word_1_426' title='bbox 3135 2486 3365 2555; x_wconf 86' lang='lat' dir='ltr'><strong>negatio</strong></span> <span class='ocrx_word' id='word_1_427' title='bbox 3396 2501 3519 2555; x_wconf 67' lang='lat' dir='ltr'><strong>quae</strong></span> <span class='ocrx_word' id='word_1_428' title='bbox 3551 2484 3697 2553; x_wconf 90' lang='lat' dir='ltr'><strong>dicit,</strong></span> <span class='ocrx_word' id='word_1_429' title='bbox 3724 2481 3833 2537; x_wconf 91' lang='lat' dir='ltr'><strong>nul-</strong></span> 
     </span>
    </p>
   </div>
   <div class='ocr_carea' id='block_1_56' title="bbox 2223 2572 3830 2643">
    <p class='ocr_par' dir='ltr' id='par_1_56' title="bbox 2223 2572 3830 2643">
     <span class='ocr_line' id='line_1_56' title="bbox 2223 2572 3830 2643; baseline -0.001 -16"><span class='ocrx_word' id='word_1_430' title='bbox 2223 2573 2316 2628; x_wconf 91' lang='lat' dir='ltr'><strong>lus</strong></span> <span class='ocrx_word' id='word_1_431' title='bbox 2346 2572 2517 2628; x_wconf 88' lang='lat' dir='ltr'><strong>homo</strong></span> <span class='ocrx_word' id='word_1_432' title='bbox 2542 2573 2734 2643; x_wconf 88' lang='lat' dir='ltr'><strong>justus</strong></span> <span class='ocrx_word' id='word_1_433' title='bbox 2764 2581 2870 2641; x_wconf 88' lang='lat' dir='ltr'><strong>est,</strong></span> <span class='ocrx_word' id='word_1_434' title='bbox 2902 2582 3070 2629; x_wconf 87' lang='lat' dir='ltr'><strong>erunt</strong></span> <span class='ocrx_word' id='word_1_435' title='bbox 3118 2574 3425 2631; x_wconf 77' lang='lat' dir='ltr'><strong>contrarias</strong></span> <span class='ocrx_word' id='word_1_436' title='bbox 3474 2576 3525 2631; x_wconf 90' lang='lat' dir='ltr'><strong>ei</strong></span> <span class='ocrx_word' id='word_1_437' title='bbox 3556 2590 3668 2643; x_wconf 65' lang='lat' dir='ltr'><strong>quae</strong></span> <span class='ocrx_word' id='word_1_438' title='bbox 3696 2572 3830 2640; x_wconf 90' lang='lat' dir='ltr'><strong>dicit,</strong></span> 
     </span>
    </p>
   </div>
   <div class='ocr_carea' id='block_1_57' title="bbox 2224 2657 3835 2732">
    <p class='ocr_par' dir='ltr' id='par_1_57' title="bbox 2224 2657 3835 2732">
     <span class='ocr_line' id='line_1_57' title="bbox 2224 2657 3835 2732; baseline -0.004 -15"><span class='ocrx_word' id='word_1_439' title='bbox 2224 2661 2414 2717; x_wconf 88' lang='lat' dir='ltr'><strong>omnis</strong></span> <span class='ocrx_word' id='word_1_440' title='bbox 2446 2659 2618 2717; x_wconf 86' lang='lat' dir='ltr'><strong>homo</strong></span> <span class='ocrx_word' id='word_1_441' title='bbox 2664 2661 2847 2731; x_wconf 87' lang='lat' dir='ltr'><strong>justus</strong></span> <span class='ocrx_word' id='word_1_442' title='bbox 2892 2670 2994 2718; x_wconf 88' lang='lat' dir='ltr'><strong>est.</strong></span> <span class='ocrx_word' id='word_1_443' title='bbox 3028 2662 3191 2726; x_wconf 87' lang='lat' dir='ltr'><strong>Quod</strong></span> <span class='ocrx_word' id='word_1_444' title='bbox 3231 2670 3427 2719; x_wconf 87' lang='lat' dir='ltr'><strong>autem</strong></span> <span class='ocrx_word' id='word_1_445' title='bbox 3461 2662 3612 2729; x_wconf 90' lang='lat' dir='ltr'><strong>dicit,</strong></span> <span class='ocrx_word' id='word_1_446' title='bbox 3640 2661 3768 2732; x_wconf 91' lang='lat' dir='ltr'><strong>quod</strong></span> <span class='ocrx_word' id='word_1_447' title='bbox 3797 2657 3835 2711; x_wconf 83' lang='lat' dir='ltr'><strong>si</strong></span> 
     </span>
    </p>
   </div>
   <div class='ocr_carea' id='block_1_58' title="bbox 2226 2748 3837 2821">
    <p class='ocr_par' dir='ltr' id='par_1_58' title="bbox 2226 2748 3837 2821">
     <span class='ocr_line' id='line_1_58' title="bbox 2226 2748 3837 2821; baseline -0.003 -15"><span class='ocrx_word' id='word_1_448' title='bbox 2226 2765 2410 2820; x_wconf 88' lang='lat' dir='ltr'><strong>neque</strong></span> <span class='ocrx_word' id='word_1_449' title='bbox 2441 2748 2559 2805; x_wconf 88' lang='lat' dir='ltr'><strong>illic</strong></span> <span class='ocrx_word' id='word_1_450' title='bbox 2589 2749 2861 2806; x_wconf 86' lang='lat' dir='ltr'><strong>contrarii</strong></span> <span class='ocrx_word' id='word_1_451' title='bbox 2891 2750 3143 2821; x_wconf 83' lang='lat' dir='ltr'><strong>Opinatio</strong></span> <span class='ocrx_word' id='word_1_452' title='bbox 3169 2752 3463 2807; x_wconf 85' lang='lat' dir='ltr'><strong>contraria</strong></span> <span class='ocrx_word' id='word_1_453' title='bbox 3493 2760 3593 2807; x_wconf 90' lang='lat' dir='ltr'><strong>est.</strong></span> <span class='ocrx_word' id='word_1_454' title='bbox 3624 2748 3744 2803; x_wconf 83' lang='lat' dir='ltr'><strong>Tale</strong></span> <span class='ocrx_word' id='word_1_455' title='bbox 3767 2752 3837 2803; x_wconf 85' lang='lat' dir='ltr'><strong>est</strong></span> 
     </span>
    </p>
   </div>
   <div class='ocr_carea' id='block_1_59' title="bbox 2225 2838 3835 2911">
    <p class='ocr_par' dir='ltr' id='par_1_59' title="bbox 2225 2838 3835 2911">
     <span class='ocr_line' id='line_1_59' title="bbox 2225 2838 3835 2911; baseline -0.004 -16"><span class='ocrx_word' id='word_1_456' title='bbox 2225 2840 2380 2895; x_wconf 88' lang='lat' dir='ltr'><strong>enim</strong></span> <span class='ocrx_word' id='word_1_457' title='bbox 2399 2840 2613 2909; x_wconf 86' lang='lat' dir='ltr'><strong>justum</strong></span> <span class='ocrx_word' id='word_1_458' title='bbox 2639 2855 2761 2895; x_wconf 84' lang='lat' dir='ltr'><strong>csse</strong></span> <span class='ocrx_word' id='word_1_459' title='bbox 2790 2846 2845 2895; x_wconf 89' lang='grc' dir='ltr'><strong>ει</strong></span> <span class='ocrx_word' id='word_1_460' title='bbox 2869 2839 3147 2909; x_wconf 87' lang='lat' dir='ltr'><strong>iniustum</strong></span> <span class='ocrx_word' id='word_1_461' title='bbox 3179 2856 3332 2909; x_wconf 88' lang='lat' dir='ltr'><strong>esse,</strong></span> <span class='ocrx_word' id='word_1_462' title='bbox 3354 2855 3669 2911; x_wconf 86' lang='lat' dir='ltr'><strong>quanquam</strong></span> <span class='ocrx_word' id='word_1_463' title='bbox 3688 2838 3750 2893; x_wconf 87' lang='lat' dir='ltr'><strong>sit</strong></span> <span class='ocrx_word' id='word_1_464' title='bbox 3770 2850 3835 2890; x_wconf 92' lang='lat' dir='ltr'><strong>se-</strong></span> 
     </span>
    </p>
   </div>
   <div class='ocr_carea' id='block_1_60' title="bbox 2226 2927 3832 3000">
    <p class='ocr_par' dir='ltr' id='par_1_60' title="bbox 2226 2927 3832 3000">
     <span class='ocr_line' id='line_1_60' title="bbox 2226 2927 3832 3000; baseline -0.002 -18"><span class='ocrx_word' id='word_1_465' title='bbox 2226 2928 2478 2983; x_wconf 91' lang='lat' dir='ltr'><strong>cundum</strong></span> <span class='ocrx_word' id='word_1_466' title='bbox 2511 2927 2764 2983; x_wconf 89' lang='lat' dir='ltr'><strong>habitum</strong></span> <span class='ocrx_word' id='word_1_467' title='bbox 2796 2937 2850 2984; x_wconf 91' lang='lat' dir='ltr'><strong>et</strong></span> <span class='ocrx_word' id='word_1_468' title='bbox 2890 2928 3285 3000; x_wconf 87' lang='lat' dir='ltr'><strong>privationem,</strong></span> <span class='ocrx_word' id='word_1_469' title='bbox 3331 2929 3645 2999; x_wconf 54' lang='lat' dir='ltr'><strong>praedicatio</strong></span> <span class='ocrx_word' id='word_1_470' title='bbox 3674 2934 3832 2982; x_wconf 88' lang='lat' dir='ltr'><strong>tamen</strong></span> 
     </span>
    </p>
   </div>
   <div class='ocr_carea' id='block_1_61' title="bbox 2227 3011 3837 3095">
    <p class='ocr_par' dir='ltr' id='par_1_61' title="bbox 2227 3011 3837 3095">
     <span class='ocr_line' id='line_1_61' title="bbox 2227 3011 3837 3095; baseline -0.003 -24"><span class='ocrx_word' id='word_1_471' title='bbox 2227 3015 2346 3072; x_wconf 72' lang='lat' dir='ltr'><strong>haec</strong></span> <span class='ocrx_word' id='word_1_472' title='bbox 2377 3031 2555 3083; x_wconf 90' lang='lat' dir='ltr'><strong>nunc,</strong></span> <span class='ocrx_word' id='word_1_473' title='bbox 2589 3016 2647 3071; x_wconf 91' lang='lat' dir='ltr'><strong>id</strong></span> <span class='ocrx_word' id='word_1_474' title='bbox 2665 3026 2749 3072; x_wconf 91' lang='lat' dir='ltr'><strong>est</strong></span> <span class='ocrx_word' id='word_1_475' title='bbox 2767 3017 3042 3087; x_wconf 88' lang='lat' dir='ltr'><strong>injustum</strong></span> <span class='ocrx_word' id='word_1_476' title='bbox 3074 3033 3220 3095; x_wconf 81' lang='lat' dir='ltr'><strong>esse,</strong></span> <span class='ocrx_word' id='word_1_477' title='bbox 3253 3034 3363 3087; x_wconf 83' lang='lat' dir='ltr'><strong>pro</strong></span> <span class='ocrx_word' id='word_1_478' title='bbox 3388 3017 3660 3075; x_wconf 91' lang='lat' dir='ltr'><strong>contrario</strong></span> <span class='ocrx_word' id='word_1_479' title='bbox 3686 3011 3837 3070; x_wconf 88' lang='lat' dir='ltr'><strong>sumi-</strong></span> 
     </span>
    </p>
   </div>
   <div class='ocr_carea' id='block_1_62' title="bbox 459 3101 3836 3196">
    <p class='ocr_par' dir='ltr' id='par_1_62' title="bbox 459 3101 3836 3196">
     <span class='ocr_line' id='line_1_62' title="bbox 459 3101 3836 3196; baseline -0.004 -29"><span class='ocrx_word' id='word_1_480' title='bbox 459 3112 834 3167; x_wconf 89' lang='lat' dir='ltr'><strong>numerositas</strong></span> <span class='ocrx_word' id='word_1_481' title='bbox 864 3127 1102 3167; x_wconf 87' lang='lat' dir='ltr'><strong>necesse</strong></span> <span class='ocrx_word' id='word_1_482' title='bbox 1127 3119 1211 3166; x_wconf 89' lang='lat' dir='ltr'><strong>est</strong></span> <span class='ocrx_word' id='word_1_483' title='bbox 1238 3111 1670 3180; x_wconf 86' lang='lat' dir='ltr'><strong>complectatur,</strong></span> <span class='ocrx_word' id='word_1_484' title='bbox 1705 3114 1763 3162; x_wconf 92' lang='lat' dir='ltr'><strong>ut</strong></span> <span class='ocrx_word' id='word_1_485' title='bbox 1794 3108 1991 3163; x_wconf 88' lang='lat' dir='ltr'><strong>decem</strong></span> <span class='ocrx_word' id='word_1_486' title='bbox 2024 3105 2108 3161; x_wconf 86' lang='lat' dir='ltr'><strong>vel</strong></span> <span class='ocrx_word' id='word_1_487' title='bbox 2139 3134 2184 3196; x_wconf 66' lang='grc' dir='ltr'><strong>ρ</strong></span> <span class='ocrx_word' id='word_1_488' title='bbox 2225 3110 2334 3160; x_wconf 90' lang='lat' dir='ltr'><strong>tur.</strong></span> <span class='ocrx_word' id='word_1_489' title='bbox 2362 3106 2505 3176; x_wconf 88' lang='lat' dir='ltr'><strong>Ergo</strong></span> <span class='ocrx_word' id='word_1_490' title='bbox 2531 3106 2578 3160; x_wconf 89' lang='lat' dir='ltr'><strong>si</strong></span> <span class='ocrx_word' id='word_1_491' title='bbox 2611 3104 2672 3161; x_wconf 94' lang='lat' dir='ltr'><strong>in</strong></span> <span class='ocrx_word' id='word_1_492' title='bbox 2720 3106 3089 3176; x_wconf 82' lang='lat' dir='ltr'><strong>Opinionibus</strong></span> <span class='ocrx_word' id='word_1_493' title='bbox 3135 3108 3438 3177; x_wconf 86' lang='lat' dir='ltr'><strong>contrarii,</strong></span> <span class='ocrx_word' id='word_1_494' title='bbox 3470 3108 3525 3163; x_wconf 89' lang='lat' dir='ltr'><strong>id</strong></span> <span class='ocrx_word' id='word_1_495' title='bbox 3554 3113 3633 3163; x_wconf 90' lang='lat' dir='ltr'><strong>est</strong></span> <span class='ocrx_word' id='word_1_496' title='bbox 3667 3101 3836 3174; x_wconf 89' lang='lat' dir='ltr'><strong>injusti</strong></span> 
     </span>
    </p>
   </div>
   <div class='ocr_carea' id='block_1_63' title="bbox 460 3195 2109 3268">
    <p class='ocr_par' dir='ltr' id='par_1_63' title="bbox 460 3195 2109 3268">
     <span class='ocr_line' id='line_1_63' title="bbox 460 3195 2109 3268; baseline -0.002 -15"><span class='ocrx_word' id='word_1_497' title='bbox 460 3206 714 3253; x_wconf 89' lang='lat' dir='ltr'><strong>centum.</strong></span> <span class='ocrx_word' id='word_1_498' title='bbox 750 3200 1012 3254; x_wconf 90' lang='lat' dir='ltr'><strong>lnﬁnitus</strong></span> <span class='ocrx_word' id='word_1_499' title='bbox 1060 3216 1191 3254; x_wconf 90' lang='lat' dir='ltr'><strong>vero</strong></span> <span class='ocrx_word' id='word_1_500' title='bbox 1249 3199 1463 3255; x_wconf 90' lang='lat' dir='ltr'><strong>idcirco</strong></span> <span class='ocrx_word' id='word_1_501' title='bbox 1515 3202 1602 3253; x_wconf 79' lang='lat' dir='ltr'><strong>est</strong></span> <span class='ocrx_word' id='word_1_502' title='bbox 1635 3201 1926 3268; x_wconf 87' lang='lat' dir='ltr'><strong>potestate,</strong></span> <span class='ocrx_word' id='word_1_503' title='bbox 1960 3195 2109 3264; x_wconf 90' lang='lat' dir='ltr'><strong>quod</strong></span> 
     </span>
    </p>
   </div>
   <div class='ocr_carea' id='block_1_64' title="bbox 455 3287 2111 3357">
    <p class='ocr_par' dir='ltr' id='par_1_64' title="bbox 455 3287 2111 3357">
     <span class='ocr_line' id='line_1_64' title="bbox 455 3287 2111 3357; baseline -0.001 -16"><span class='ocrx_word' id='word_1_504' title='bbox 455 3302 586 3342; x_wconf 88' lang='lat' dir='ltr'><strong>eum</strong></span> <span class='ocrx_word' id='word_1_505' title='bbox 618 3287 801 3357; x_wconf 84' lang='lat' dir='ltr'><strong>possis</strong></span> <span class='ocrx_word' id='word_1_506' title='bbox 842 3288 1026 3343; x_wconf 83' lang='lat' dir='ltr'><strong>facere</strong></span> <span class='ocrx_word' id='word_1_507' title='bbox 1055 3288 1113 3342; x_wconf 93' lang='lat' dir='ltr'><strong>in</strong></span> <span class='ocrx_word' id='word_1_508' title='bbox 1144 3288 1439 3343; x_wconf 82' lang='lat' dir='ltr'><strong>inﬁnitum</strong></span> <span class='ocrx_word' id='word_1_509' title='bbox 1467 3300 1855 3354; x_wconf 88' lang='lat' dir='ltr'><strong>concrescere,</strong></span> <span class='ocrx_word' id='word_1_510' title='bbox 1887 3300 2004 3339; x_wconf 91' lang='lat' dir='ltr'><strong>non</strong></span> <span class='ocrx_word' id='word_1_511' title='bbox 2035 3292 2111 3339; x_wconf 86' lang='lat' dir='ltr'><strong>ta-</strong></span> 
     </span>
    </p>
   </div>
   <div class='ocr_carea' id='block_1_65' title="bbox 461 3374 1828 3445">
    <p class='ocr_par' dir='ltr' id='par_1_65' title="bbox 461 3374 1828 3445">
     <span class='ocr_line' id='line_1_65' title="bbox 461 3374 1828 3445; baseline -0.002 -14"><span class='ocrx_word' id='word_1_512' title='bbox 461 3391 594 3431; x_wconf 88' lang='lat' dir='ltr'><strong>men</strong></span> <span class='ocrx_word' id='word_1_513' title='bbox 629 3382 689 3431; x_wconf 92' lang='lat' dir='ltr'><strong>ut</strong></span> <span class='ocrx_word' id='word_1_514' title='bbox 714 3374 954 3445; x_wconf 90' lang='lat' dir='ltr'><strong>quilibet</strong></span> <span class='ocrx_word' id='word_1_515' title='bbox 981 3383 1110 3432; x_wconf 91' lang='lat' dir='ltr'><strong>actu</strong></span> <span class='ocrx_word' id='word_1_516' title='bbox 1145 3376 1217 3430; x_wconf 87' lang='lat' dir='ltr'><strong>sit</strong></span> <span class='ocrx_word' id='word_1_517' title='bbox 1246 3392 1520 3432; x_wconf 86' lang='lat' dir='ltr'><strong>nnmerus</strong></span> <span class='ocrx_word' id='word_1_518' title='bbox 1548 3374 1828 3431; x_wconf 89' lang='lat' dir='ltr'><strong>inﬁnitus.</strong></span> 
     </span>
    </p>
   </div>
   <div class='ocr_carea' id='block_1_66' title="bbox 456 3524 2110 3579">
    <p class='ocr_par' dir='ltr' id='par_1_66' title="bbox 456 3524 2110 3579">
     <span class='ocr_line' id='line_1_66' title="bbox 456 3524 2110 3579; baseline -0.003 -12"><span class='ocrx_word' id='word_1_519' title='bbox 456 3528 585 3579; x_wconf 55' lang='lat' dir='ltr'><strong>QUI!</strong></span> <span class='ocrx_word' id='word_1_520' title='bbox 615 3528 786 3568; x_wconf 77' lang='lat' dir='ltr'><strong>MAGIS</strong></span> <span class='ocrx_word' id='word_1_521' title='bbox 818 3528 971 3568; x_wconf 67' lang='grc' dir='ltr'><strong>ΔΡΤιΒ</strong></span> <span class='ocrx_word' id='word_1_522' title='bbox 1000 3527 1424 3567; x_wconf 72' lang='lat' dir='ltr'><strong>BNUNTIATIONES</strong></span> <span class='ocrx_word' id='word_1_523' title='bbox 1454 3526 1773 3565; x_wconf 68' lang='lat' dir='ltr'><strong>CONTRARIE</strong></span> <span class='ocrx_word' id='word_1_524' title='bbox 1803 3524 2110 3563; x_wconf 75' lang='lat' dir='ltr'><strong>DICANTUB.</strong></span> 
     </span>
    </p>
   </div>
   <div class='ocr_carea' id='block_1_67' title="bbox 528 3641 2112 3713">
    <p class='ocr_par' dir='ltr' id='par_1_67' title="bbox 528 3641 2112 3713">
     <span class='ocr_line' id='line_1_67' title="bbox 528 3641 2112 3713; baseline -0.006 -10"><span class='ocrx_word' id='word_1_525' title='bbox 528 3648 725 3704; x_wconf 86' lang='lat' dir='ltr'><strong>Utrum</strong></span> <span class='ocrx_word' id='word_1_526' title='bbox 756 3650 942 3701; x_wconf 83' lang='lat' dir='ltr'><strong>autem</strong></span> <span class='ocrx_word' id='word_1_527' title='bbox 961 3646 1248 3700; x_wconf 86' lang='lat' dir='ltr'><strong>contraria</strong></span> <span class='ocrx_word' id='word_1_528' title='bbox 1272 3648 1349 3699; x_wconf 82' lang='lat' dir='ltr'><strong>est</strong></span> <span class='ocrx_word' id='word_1_529' title='bbox 1388 3642 1689 3713; x_wconf 86' lang='lat' dir='ltr'><strong>afﬁrmatio</strong></span> <span class='ocrx_word' id='word_1_530' title='bbox 1724 3641 2112 3709; x_wconf 81' lang='lat' dir='ltr'><strong>negationi,an</strong></span> 
     </span>
    </p>
   </div>
   <div class='ocr_carea' id='block_1_68' title="bbox 458 3728 2111 3805">
    <p class='ocr_par' dir='ltr' id='par_1_68' title="bbox 458 3728 2111 3805">
     <span class='ocr_line' id='line_1_68' title="bbox 458 3728 2111 3805; baseline -0.005 -15"><span class='ocrx_word' id='word_1_531' title='bbox 458 3737 761 3805; x_wconf 74' lang='lat' dir='ltr'><strong>afﬁrmatio</strong></span> <span class='ocrx_word' id='word_1_532' title='bbox 785 3733 1188 3804; x_wconf 75' lang='lat' dir='ltr'><strong>a/firmationi,</strong></span> <span class='ocrx_word' id='word_1_533' title='bbox 1213 3739 1266 3787; x_wconf 88' lang='lat' dir='ltr'><strong>et</strong></span> <span class='ocrx_word' id='word_1_534' title='bbox 1290 3732 1488 3797; x_wconf 79' lang='lat' dir='ltr'><strong>oratio,</strong></span> <span class='ocrx_word' id='word_1_535' title='bbox 1514 3734 1574 3784; x_wconf 87' lang='lat' dir='ltr'><strong>ut</strong></span> <span class='ocrx_word' id='word_1_536' title='bbox 1594 3746 1715 3800; x_wconf 63' lang='lat' dir='ltr'><strong>qum</strong></span> <span class='ocrx_word' id='word_1_537' title='bbox 1751 3728 1885 3783; x_wconf 86' lang='lat' dir='ltr'><strong>dicit</strong></span> <span class='ocrx_word' id='word_1_538' title='bbox 1910 3729 2111 3795; x_wconf 88' lang='lat' dir='ltr'><strong>omnis,</strong></span> 
     </span>
    </p>
   </div>
   <div class='ocr_carea' id='block_1_69' title="bbox 458 3818 2109 3892">
    <p class='ocr_par' dir='ltr' id='par_1_69' title="bbox 458 3818 2109 3892">
     <span class='ocr_line' id='line_1_69' title="bbox 458 3818 2109 3892; baseline -0.004 -15"><span class='ocrx_word' id='word_1_539' title='bbox 458 3824 623 3877; x_wconf 88' lang='lat' dir='ltr'><strong>homo</strong></span> <span class='ocrx_word' id='word_1_540' title='bbox 638 3823 826 3891; x_wconf 84' lang='lat' dir='ltr'><strong>justus</strong></span> <span class='ocrx_word' id='word_1_541' title='bbox 839 3826 936 3887; x_wconf 83' lang='lat' dir='ltr'><strong>est,</strong></span> <span class='ocrx_word' id='word_1_542' title='bbox 962 3822 1019 3876; x_wconf 84' lang='lat' dir='ltr'><strong>ei</strong></span> <span class='ocrx_word' id='word_1_543' title='bbox 1036 3837 1162 3892; x_wconf 69' lang='lat' dir='ltr'><strong>qua?</strong></span> <span class='ocrx_word' id='word_1_544' title='bbox 1181 3824 1279 3885; x_wconf 84' lang='grc' dir='ltr'>εει,</span> <span class='ocrx_word' id='word_1_545' title='bbox 1298 3820 1486 3875; x_wconf 84' lang='lat' dir='ltr'><strong>nullus</strong></span> <span class='ocrx_word' id='word_1_546' title='bbox 1506 3818 1662 3873; x_wconf 88' lang='lat' dir='ltr'><strong>homo</strong></span> <span class='ocrx_word' id='word_1_547' title='bbox 1674 3818 1865 3889; x_wconf 83' lang='lat' dir='ltr'><strong>justus</strong></span> <span class='ocrx_word' id='word_1_548' title='bbox 1903 3819 2002 3884; x_wconf 83' lang='lat' dir='ltr'><strong>est,</strong></span> <span class='ocrx_word' id='word_1_549' title='bbox 2035 3834 2109 3871; x_wconf 85' lang='lat' dir='ltr'><strong>an.</strong></span> 
     </span>
    </p>
   </div>
   <div class='ocr_carea' id='block_1_70' title="bbox 461 3907 2107 3981">
    <p class='ocr_par' dir='ltr' id='par_1_70' title="bbox 461 3907 2107 3981">
     <span class='ocr_line' id='line_1_70' title="bbox 461 3907 2107 3981; baseline -0.004 -14"><span class='ocrx_word' id='word_1_550' title='bbox 461 3913 640 3967; x_wconf 89' lang='lat' dir='ltr'><strong>omnis</strong></span> <span class='ocrx_word' id='word_1_551' title='bbox 663 3910 824 3965; x_wconf 90' lang='lat' dir='ltr'><strong>homo</strong></span> <span class='ocrx_word' id='word_1_552' title='bbox 836 3914 1019 3981; x_wconf 79' lang='lat' dir='ltr'><strong>justus</strong></span> <span class='ocrx_word' id='word_1_553' title='bbox 1038 3919 1138 3977; x_wconf 83' lang='lat' dir='ltr'><strong>est,</strong></span> <span class='ocrx_word' id='word_1_554' title='bbox 1154 3911 1207 3965; x_wconf 82' lang='lat' dir='ltr'><strong>ei</strong></span> <span class='ocrx_word' id='word_1_555' title='bbox 1237 3924 1362 3980; x_wconf 66' lang='lat' dir='ltr'><strong>quae</strong></span> <span class='ocrx_word' id='word_1_556' title='bbox 1377 3909 1663 3974; x_wconf 85' lang='lat' dir='ltr'><strong>est,omnis</strong></span> <span class='ocrx_word' id='word_1_557' title='bbox 1684 3907 1842 3961; x_wconf 86' lang='lat' dir='ltr'><strong>homo</strong></span> <span class='ocrx_word' id='word_1_558' title='bbox 1866 3907 2107 3975; x_wconf 78' lang='lat' dir='ltr'><strong>injustas</strong></span> 
     </span>
    </p>
   </div>
   <div class='ocr_carea' id='block_1_71' title="bbox 460 3995 2112 4070">
    <p class='ocr_par' dir='ltr' id='par_1_71' title="bbox 460 3995 2112 4070">
     <span class='ocr_line' id='line_1_71' title="bbox 460 3995 2112 4070; baseline -0.003 -14"><span class='ocrx_word' id='word_1_559' title='bbox 460 4003 560 4066; x_wconf 79' lang='lat' dir='ltr'><strong>est,</strong></span> <span class='ocrx_word' id='word_1_560' title='bbox 589 4005 648 4054; x_wconf 85' lang='lat' dir='ltr'><strong>ut</strong></span> <span class='ocrx_word' id='word_1_561' title='bbox 672 3998 888 4055; x_wconf 81' lang='lat' dir='ltr'><strong>Callias</strong></span> <span class='ocrx_word' id='word_1_562' title='bbox 897 4002 1089 4070; x_wconf 83' lang='lat' dir='ltr'><strong>justus</strong></span> <span class='ocrx_word' id='word_1_563' title='bbox 1110 4007 1207 4066; x_wconf 83' lang='lat' dir='ltr'><strong>est,</strong></span> <span class='ocrx_word' id='word_1_564' title='bbox 1236 3999 1442 4054; x_wconf 83' lang='lat' dir='ltr'><strong>Callias</strong></span> <span class='ocrx_word' id='word_1_565' title='bbox 1461 4000 1632 4067; x_wconf 78' lang='lat' dir='ltr'><strong>justus</strong></span> <span class='ocrx_word' id='word_1_566' title='bbox 1651 4012 1761 4052; x_wconf 84' lang='lat' dir='ltr'><strong>non</strong></span> <span class='ocrx_word' id='word_1_567' title='bbox 1780 3999 1879 4060; x_wconf 84' lang='grc' dir='ltr'>εει,</span> <span class='ocrx_word' id='word_1_568' title='bbox 1901 3995 2112 4051; x_wconf 84' lang='lat' dir='ltr'><strong>Callias</strong></span> 
     </span>
    </p>
   </div>
   <div class='ocr_carea' id='block_1_72' title="bbox 460 4083 2111 4159">
    <p class='ocr_par' dir='ltr' id='par_1_72' title="bbox 460 4083 2111 4159">
     <span class='ocr_line' id='line_1_72' title="bbox 460 4083 2111 4159; baseline -0.002 -16"><span class='ocrx_word' id='word_1_569' title='bbox 460 4089 710 4159; x_wconf 86' lang='lat' dir='ltr'><strong>injustus</strong></span> <span class='ocrx_word' id='word_1_570' title='bbox 731 4094 831 4144; x_wconf 81' lang='lat' dir='ltr'><strong>est.</strong></span> <span class='ocrx_word' id='word_1_571' title='bbox 860 4089 1120 4156; x_wconf 54' lang='lat' dir='ltr'><strong>Quanam</strong></span> <span class='ocrx_word' id='word_1_572' title='bbox 1141 4090 1340 4144; x_wconf 87' lang='lat' dir='ltr'><strong>harum</strong></span> <span class='ocrx_word' id='word_1_573' title='bbox 1364 4087 1647 4145; x_wconf 85' lang='lat' dir='ltr'><strong>contraria</strong></span> <span class='ocrx_word' id='word_1_574' title='bbox 1668 4095 1765 4141; x_wconf 84' lang='lat' dir='ltr'><strong>est.</strong></span> <span class='ocrx_word' id='word_1_575' title='bbox 1802 4085 1937 4140; x_wconf 84' lang='lat' dir='ltr'><strong>Nam</strong></span> <span class='ocrx_word' id='word_1_576' title='bbox 1969 4083 2020 4139; x_wconf 86' lang='lat' dir='ltr'><strong>si</strong></span> <span class='ocrx_word' id='word_1_577' title='bbox 2046 4100 2111 4140; x_wconf 82' lang='lat' dir='ltr'><strong>ea</strong></span> 
     </span>
    </p>
   </div>
   <div class='ocr_carea' id='block_1_73' title="bbox 460 4171 2108 4249">
    <p class='ocr_par' dir='ltr' id='par_1_73' title="bbox 460 4171 2108 4249">
     <span class='ocr_line' id='line_1_73' title="bbox 460 4171 2108 4249; baseline -0.005 -15"><span class='ocrx_word' id='word_1_578' title='bbox 460 4195 568 4249; x_wconf 89' lang='lat' dir='ltr'><strong>qua</strong></span> <span class='ocrx_word' id='word_1_579' title='bbox 583 4187 711 4234; x_wconf 85' lang='lat' dir='ltr'><strong>sunt</strong></span> <span class='ocrx_word' id='word_1_580' title='bbox 736 4180 792 4233; x_wconf 91' lang='lat' dir='ltr'><strong>in</strong></span> <span class='ocrx_word' id='word_1_581' title='bbox 827 4193 955 4233; x_wconf 82' lang='lat' dir='ltr'><strong>voce</strong></span> <span class='ocrx_word' id='word_1_582' title='bbox 981 4186 1289 4249; x_wconf 80' lang='lat' dir='ltr'><strong>sequuntur</strong></span> <span class='ocrx_word' id='word_1_583' title='bbox 1313 4192 1377 4231; x_wconf 84' lang='lat' dir='ltr'><strong>ea</strong></span> <span class='ocrx_word' id='word_1_584' title='bbox 1398 4190 1524 4246; x_wconf 73' lang='lat' dir='ltr'><strong>quae</strong></span> <span class='ocrx_word' id='word_1_585' title='bbox 1552 4185 1682 4229; x_wconf 86' lang='lat' dir='ltr'><strong>sunt</strong></span> <span class='ocrx_word' id='word_1_586' title='bbox 1716 4174 1776 4228; x_wconf 88' lang='lat' dir='ltr'><strong>in</strong></span> <span class='ocrx_word' id='word_1_587' title='bbox 1798 4172 2018 4237; x_wconf 86' lang='lat' dir='ltr'><strong>anima,</strong></span> <span class='ocrx_word' id='word_1_588' title='bbox 2042 4171 2108 4226; x_wconf 80' lang='lat' dir='ltr'><strong>ii-</strong></span> 
     </span>
    </p>
   </div>
   <div class='ocr_carea' id='block_1_74' title="bbox 458 4260 2110 4337">
    <p class='ocr_par' dir='ltr' id='par_1_74' title="bbox 458 4260 2110 4337">
     <span class='ocr_line' id='line_1_74' title="bbox 458 4260 2110 4337; baseline -0.003 -16"><span class='ocrx_word' id='word_1_589' title='bbox 458 4267 532 4323; x_wconf 86' lang='lat' dir='ltr'><strong>lic</strong></span> <span class='ocrx_word' id='word_1_590' title='bbox 562 4278 745 4323; x_wconf 80' lang='lat' dir='ltr'><strong>autem</strong></span> <span class='ocrx_word' id='word_1_591' title='bbox 775 4268 1058 4322; x_wconf 83' lang='lat' dir='ltr'><strong>contraria</strong></span> <span class='ocrx_word' id='word_1_592' title='bbox 1088 4274 1166 4322; x_wconf 82' lang='lat' dir='ltr'><strong>est</strong></span> <span class='ocrx_word' id='word_1_593' title='bbox 1195 4267 1387 4337; x_wconf 78' lang='lat' dir='ltr'><strong>Opinio</strong></span> <span class='ocrx_word' id='word_1_594' title='bbox 1418 4265 1713 4331; x_wconf 82' lang='lat' dir='ltr'><strong>contrarii,</strong></span> <span class='ocrx_word' id='word_1_595' title='bbox 1730 4272 1790 4317; x_wconf 84' lang='lat' dir='ltr'><strong>ut</strong></span> <span class='ocrx_word' id='word_1_596' title='bbox 1815 4262 1991 4316; x_wconf 85' lang='lat' dir='ltr'><strong>omnis</strong></span> <span class='ocrx_word' id='word_1_597' title='bbox 2012 4260 2110 4316; x_wconf 84' lang='lat' dir='ltr'><strong>ho-</strong></span> 
     </span>
    </p>
   </div>
   <div class='ocr_carea' id='block_1_75' title="bbox 453 4351 2105 4427">
    <p class='ocr_par' dir='ltr' id='par_1_75' title="bbox 453 4351 2105 4427">
     <span class='ocr_line' id='line_1_75' title="bbox 453 4351 2105 4427; baseline -0.004 -17"><span class='ocrx_word' id='word_1_598' title='bbox 453 4373 539 4410; x_wconf 89' lang='lat' dir='ltr'><strong>mo</strong></span> <span class='ocrx_word' id='word_1_599' title='bbox 560 4358 748 4425; x_wconf 85' lang='lat' dir='ltr'><strong>justus</strong></span> <span class='ocrx_word' id='word_1_600' title='bbox 778 4366 877 4422; x_wconf 84' lang='lat' dir='ltr'><strong>est,</strong></span> <span class='ocrx_word' id='word_1_601' title='bbox 907 4356 960 4410; x_wconf 88' lang='lat' dir='ltr'><strong>ei</strong></span> <span class='ocrx_word' id='word_1_602' title='bbox 986 4371 1112 4427; x_wconf 64' lang='lat' dir='ltr'><strong>quae</strong></span> <span class='ocrx_word' id='word_1_603' title='bbox 1140 4365 1240 4425; x_wconf 82' lang='lat' dir='ltr'><strong>est,</strong></span> <span class='ocrx_word' id='word_1_604' title='bbox 1272 4356 1450 4410; x_wconf 84' lang='lat' dir='ltr'><strong>omnis</strong></span> <span class='ocrx_word' id='word_1_605' title='bbox 1502 4354 1663 4408; x_wconf 83' lang='lat' dir='ltr'><strong>homo</strong></span> <span class='ocrx_word' id='word_1_606' title='bbox 1714 4351 1956 4421; x_wconf 81' lang='lat' dir='ltr'><strong>injustas</strong></span> <span class='ocrx_word' id='word_1_607' title='bbox 2005 4358 2105 4419; x_wconf 76' lang='lat' dir='ltr'><strong>est,</strong></span> 
     </span>
    </p>
   </div>
   <div class='ocr_carea' id='block_1_76' title="bbox 450 4440 2110 4514">
    <p class='ocr_par' dir='ltr' id='par_1_76' title="bbox 450 4440 2110 4514">
     <span class='ocr_line' id='line_1_76' title="bbox 450 4440 2110 4514; baseline -0.005 -15"><span class='ocrx_word' id='word_1_608' title='bbox 450 4445 618 4499; x_wconf 83' lang='lat' dir='ltr'><strong>etiam</strong></span> <span class='ocrx_word' id='word_1_609' title='bbox 648 4447 705 4498; x_wconf 84' lang='lat' dir='ltr'><strong>in</strong></span> <span class='ocrx_word' id='word_1_610' title='bbox 736 4445 821 4498; x_wconf 80' lang='lat' dir='ltr'><strong>his</strong></span> <span class='ocrx_word' id='word_1_611' title='bbox 841 4459 962 4514; x_wconf 69' lang='lat' dir='ltr'><strong>quae</strong></span> <span class='ocrx_word' id='word_1_612' title='bbox 982 4450 1111 4498; x_wconf 83' lang='lat' dir='ltr'><strong>sunt</strong></span> <span class='ocrx_word' id='word_1_613' title='bbox 1145 4446 1201 4499; x_wconf 85' lang='lat' dir='ltr'><strong>in</strong></span> <span class='ocrx_word' id='word_1_614' title='bbox 1232 4460 1360 4498; x_wconf 84' lang='lat' dir='ltr'><strong>voce</strong></span> <span class='ocrx_word' id='word_1_615' title='bbox 1375 4440 1872 4513; x_wconf 75' lang='lat' dir='ltr'><strong>afﬁrmationibus,</strong></span> <span class='ocrx_word' id='word_1_616' title='bbox 1895 4453 2110 4492; x_wconf 81' lang='lat' dir='ltr'><strong>necesse</strong></span> 
     </span>
    </p>
   </div>
   <div class='ocr_carea' id='block_1_77' title="bbox 450 4529 2107 4601">
    <p class='ocr_par' dir='ltr' id='par_1_77' title="bbox 450 4529 2107 4601">
     <span class='ocr_line' id='line_1_77' title="bbox 450 4529 2107 4601; baseline -0.007 -10"><span class='ocrx_word' id='word_1_617' title='bbox 450 4542 527 4591; x_wconf 76' lang='lat' dir='ltr'><strong>est</strong></span> <span class='ocrx_word' id='word_1_618' title='bbox 557 4533 821 4589; x_wconf 77' lang='lat' dir='ltr'><strong>similiter</strong></span> <span class='ocrx_word' id='word_1_619' title='bbox 845 4550 959 4588; x_wconf 85' lang='grc' dir='ltr'>εεεε</span> <span class='ocrx_word' id='word_1_620' title='bbox 988 4534 1208 4587; x_wconf 83' lang='lat' dir='ltr'><strong>habere.</strong></span> <span class='ocrx_word' id='word_1_621' title='bbox 1242 4532 1401 4601; x_wconf 87' lang='lat' dir='ltr'><strong>Quod</strong></span> <span class='ocrx_word' id='word_1_622' title='bbox 1430 4532 1478 4585; x_wconf 86' lang='lat' dir='ltr'><strong>si</strong></span> <span class='ocrx_word' id='word_1_623' title='bbox 1505 4547 1675 4601; x_wconf 79' lang='lat' dir='ltr'><strong>neque</strong></span> <span class='ocrx_word' id='word_1_624' title='bbox 1699 4530 1818 4585; x_wconf 83' lang='lat' dir='ltr'><strong>illic</strong></span> <span class='ocrx_word' id='word_1_625' title='bbox 1835 4529 2107 4583; x_wconf 84' lang='lat' dir='ltr'><strong>contrarii</strong></span> 
     </span>
    </p>
   </div>
   <div class='ocr_carea' id='block_1_78' title="bbox 454 4617 2108 4695">
    <p class='ocr_par' dir='ltr' id='par_1_78' title="bbox 454 4617 2108 4695">
     <span class='ocr_line' id='line_1_78' title="bbox 454 4617 2108 4695; baseline -0.004 -17"><span class='ocrx_word' id='word_1_626' title='bbox 454 4624 700 4695; x_wconf 86' lang='lat' dir='ltr'><strong>opinatio</strong></span> <span class='ocrx_word' id='word_1_627' title='bbox 730 4623 1010 4678; x_wconf 87' lang='lat' dir='ltr'><strong>contraria</strong></span> <span class='ocrx_word' id='word_1_628' title='bbox 1064 4626 1164 4688; x_wconf 83' lang='lat' dir='ltr'><strong>est,</strong></span> <span class='ocrx_word' id='word_1_629' title='bbox 1220 4638 1321 4676; x_wconf 78' lang='lat' dir='ltr'><strong>nec</strong></span> <span class='ocrx_word' id='word_1_630' title='bbox 1376 4621 1677 4690; x_wconf 82' lang='lat' dir='ltr'><strong>afﬁrmatio</strong></span> <span class='ocrx_word' id='word_1_631' title='bbox 1734 4617 2108 4688; x_wconf 75' lang='lat' dir='ltr'><strong>afﬁrmationi</strong></span> 
     </span>
    </p>
   </div>
   <div class='ocr_carea' id='block_1_79' title="bbox 449 4706 2104 4778">
    <p class='ocr_par' dir='ltr' id='par_1_79' title="bbox 449 4706 2104 4778">
     <span class='ocr_line' id='line_1_79' title="bbox 449 4706 2104 4778; baseline -0.004 -13"><span class='ocrx_word' id='word_1_632' title='bbox 449 4712 737 4765; x_wconf 84' lang='lat' dir='ltr'><strong>contraria</strong></span> <span class='ocrx_word' id='word_1_633' title='bbox 767 4710 897 4778; x_wconf 87' lang='lat' dir='ltr'><strong>erit,</strong></span> <span class='ocrx_word' id='word_1_634' title='bbox 927 4709 1021 4766; x_wconf 85' lang='lat' dir='ltr'><strong>sed</strong></span> <span class='ocrx_word' id='word_1_635' title='bbox 1048 4725 1113 4764; x_wconf 79' lang='lat' dir='ltr'><strong>ea</strong></span> <span class='ocrx_word' id='word_1_636' title='bbox 1143 4725 1246 4777; x_wconf 81' lang='lat' dir='ltr'><strong>que</strong></span> <span class='ocrx_word' id='word_1_637' title='bbox 1276 4708 1422 4762; x_wconf 86' lang='lat' dir='ltr'><strong>dicta</strong></span> <span class='ocrx_word' id='word_1_638' title='bbox 1468 4716 1571 4769; x_wconf 82' lang='grc' dir='ltr'>εει,</span> <span class='ocrx_word' id='word_1_639' title='bbox 1628 4708 1870 4773; x_wconf 85' lang='lat' dir='ltr'><strong>negatio.</strong></span> <span class='ocrx_word' id='word_1_640' title='bbox 1925 4706 2104 4773; x_wconf 82' lang='lat' dir='ltr'><strong>Quare</strong></span> 
     </span>
    </p>
   </div>
   <div class='ocr_carea' id='block_1_80' title="bbox 451 4794 2103 4869">
    <p class='ocr_par' dir='ltr' id='par_1_80' title="bbox 451 4794 2103 4869">
     <span class='ocr_line' id='line_1_80' title="bbox 451 4794 2103 4869; baseline -0.003 -16"><span class='ocrx_word' id='word_1_641' title='bbox 451 4798 910 4853; x_wconf 77' lang='lat' dir='ltr'><strong>considerandum</strong></span> <span class='ocrx_word' id='word_1_642' title='bbox 940 4807 1162 4869; x_wconf 70' lang='lat' dir='ltr'><strong>estquae</strong></span> <span class='ocrx_word' id='word_1_643' title='bbox 1211 4795 1401 4866; x_wconf 82' lang='lat' dir='ltr'><strong>Opinio</strong></span> <span class='ocrx_word' id='word_1_644' title='bbox 1456 4796 1601 4863; x_wconf 79' lang='lat' dir='ltr'><strong>[also</strong></span> <span class='ocrx_word' id='word_1_645' title='bbox 1656 4794 1915 4864; x_wconf 85' lang='lat' dir='ltr'><strong>opinioni</strong></span> <span class='ocrx_word' id='word_1_646' title='bbox 1956 4808 2103 4849; x_wconf 58' lang='lat' dir='ltr'><strong>verm</strong></span> 
     </span>
    </p>
   </div>
   <div class='ocr_carea' id='block_1_81' title="bbox 450 4885 2103 4956">
    <p class='ocr_par' dir='ltr' id='par_1_81' title="bbox 450 4885 2103 4956">
     <span class='ocr_line' id='line_1_81' title="bbox 450 4885 2103 4956; baseline -0.004 -15"><span class='ocrx_word' id='word_1_647' title='bbox 450 4887 733 4941; x_wconf 86' lang='lat' dir='ltr'><strong>contraria</strong></span> <span class='ocrx_word' id='word_1_648' title='bbox 758 4886 850 4953; x_wconf 86' lang='lat' dir='ltr'><strong>sit,</strong></span> <span class='ocrx_word' id='word_1_649' title='bbox 883 4891 1069 4941; x_wconf 86' lang='lat' dir='ltr'><strong>utrum</strong></span> <span class='ocrx_word' id='word_1_650' title='bbox 1099 4885 1435 4956; x_wconf 78' lang='lat' dir='ltr'><strong>negationis,</strong></span> <span class='ocrx_word' id='word_1_651' title='bbox 1466 4899 1539 4937; x_wconf 90' lang='lat' dir='ltr'><strong>an</strong></span> <span class='ocrx_word' id='word_1_652' title='bbox 1569 4886 1713 4937; x_wconf 83' lang='lat' dir='ltr'><strong>certe</strong></span> <span class='ocrx_word' id='word_1_653' title='bbox 1737 4898 1802 4936; x_wconf 86' lang='lat' dir='ltr'><strong>ea</strong></span> <span class='ocrx_word' id='word_1_654' title='bbox 1830 4897 1953 4952; x_wconf 77' lang='lat' dir='ltr'><strong>qua:</strong></span> <span class='ocrx_word' id='word_1_655' title='bbox 1982 4897 2103 4936; x_wconf 84' lang='lat' dir='ltr'><strong>con-</strong></span> 
     </span>
    </p>
   </div>
   <div class='ocr_carea' id='block_1_82' title="bbox 451 4968 2101 5045">
    <p class='ocr_par' dir='ltr' id='par_1_82' title="bbox 451 4968 2101 5045">
     <span class='ocr_line' id='line_1_82' title="bbox 451 4968 2101 5045; baseline -0.002 -18"><span class='ocrx_word' id='word_1_656' title='bbox 451 4975 695 5029; x_wconf 85' lang='lat' dir='ltr'><strong>trarium</strong></span> <span class='ocrx_word' id='word_1_657' title='bbox 747 4991 860 5030; x_wconf 82' lang='lat' dir='ltr'><strong>esse</strong></span> <span class='ocrx_word' id='word_1_658' title='bbox 916 4974 1198 5045; x_wconf 87' lang='lat' dir='ltr'><strong>opinatur.</strong></span> <span class='ocrx_word' id='word_1_659' title='bbox 1260 4974 1389 5026; x_wconf 87' lang='lat' dir='ltr'><strong>Dico</strong></span> <span class='ocrx_word' id='word_1_660' title='bbox 1446 4974 1630 5024; x_wconf 87' lang='lat' dir='ltr'><strong>autem</strong></span> <span class='ocrx_word' id='word_1_661' title='bbox 1686 4975 1785 5024; x_wconf 81' lang='lat' dir='ltr'><strong>hoc</strong></span> <span class='ocrx_word' id='word_1_662' title='bbox 1812 4968 1988 5039; x_wconf 89' lang='lat' dir='ltr'><strong>modo,</strong></span> <span class='ocrx_word' id='word_1_663' title='bbox 2019 4974 2101 5023; x_wconf 84' lang='grc' dir='ltr'><strong>εει</strong></span> 
     </span>
    </p>
   </div>
   <div class='ocr_carea' id='block_1_83' title="bbox 446 5057 2100 5134">
    <p class='ocr_par' dir='ltr' id='par_1_83' title="bbox 446 5057 2100 5134">
     <span class='ocr_line' id='line_1_83' title="bbox 446 5057 2100 5134; baseline -0.002 -18"><span class='ocrx_word' id='word_1_664' title='bbox 446 5062 698 5134; x_wconf 73' lang='lat' dir='ltr'><strong>quaedam</strong></span> <span class='ocrx_word' id='word_1_665' title='bbox 727 5063 978 5134; x_wconf 83' lang='lat' dir='ltr'><strong>opinatio</strong></span> <span class='ocrx_word' id='word_1_666' title='bbox 1008 5079 1135 5118; x_wconf 82' lang='lat' dir='ltr'><strong>vera</strong></span> <span class='ocrx_word' id='word_1_667' title='bbox 1166 5062 1313 5129; x_wconf 87' lang='lat' dir='ltr'><strong>boni,</strong></span> <span class='ocrx_word' id='word_1_668' title='bbox 1346 5060 1607 5131; x_wconf 85' lang='lat' dir='ltr'><strong>quoniam</strong></span> <span class='ocrx_word' id='word_1_669' title='bbox 1639 5060 1836 5113; x_wconf 88' lang='lat' dir='ltr'><strong>bonum</strong></span> <span class='ocrx_word' id='word_1_670' title='bbox 1857 5061 1951 5112; x_wconf 84' lang='grc' dir='ltr'>εει.</span> <span class='ocrx_word' id='word_1_671' title='bbox 1977 5057 2100 5112; x_wconf 85' lang='lat' dir='ltr'><strong>Atia</strong></span> 
     </span>
    </p>
   </div>
   <div class='ocr_carea' id='block_1_84' title="bbox 450 5146 2100 5223">
    <p class='ocr_par' dir='ltr' id='par_1_84' title="bbox 450 5146 2100 5223">
     <span class='ocr_line' id='line_1_84' title="bbox 450 5146 2100 5223; baseline -0.003 -17"><span class='ocrx_word' id='word_1_672' title='bbox 450 5167 575 5206; x_wconf 81' lang='lat' dir='ltr'><strong>vero</strong></span> <span class='ocrx_word' id='word_1_673' title='bbox 604 5153 772 5222; x_wconf 77' lang='lat' dir='ltr'><strong>falsa,</strong></span> <span class='ocrx_word' id='word_1_674' title='bbox 805 5154 1068 5223; x_wconf 86' lang='lat' dir='ltr'><strong>quoniam</strong></span> <span class='ocrx_word' id='word_1_675' title='bbox 1099 5152 1298 5205; x_wconf 87' lang='lat' dir='ltr'><strong>bonum</strong></span> <span class='ocrx_word' id='word_1_676' title='bbox 1356 5164 1467 5203; x_wconf 87' lang='lat' dir='ltr'><strong>non</strong></span> <span class='ocrx_word' id='word_1_677' title='bbox 1526 5153 1621 5214; x_wconf 87' lang='grc' dir='ltr'>εει,</span> <span class='ocrx_word' id='word_1_678' title='bbox 1681 5146 1799 5201; x_wconf 81' lang='lat' dir='ltr'><strong>alia</strong></span> <span class='ocrx_word' id='word_1_679' title='bbox 1836 5149 2100 5218; x_wconf 84' lang='lat' dir='ltr'><strong>quoniam</strong></span> 
     </span>
    </p>
   </div>
   <div class='ocr_carea' id='block_1_85' title="bbox 452 5237 2101 5311">
    <p class='ocr_par' dir='ltr' id='par_1_85' title="bbox 452 5237 2101 5311">
     <span class='ocr_line' id='line_1_85' title="bbox 452 5237 2101 5311; baseline -0.003 -17"><span class='ocrx_word' id='word_1_680' title='bbox 452 5241 666 5295; x_wconf 82' lang='lat' dir='ltr'><strong>malum</strong></span> <span class='ocrx_word' id='word_1_681' title='bbox 697 5250 795 5310; x_wconf 85' lang='lat' dir='ltr'><strong>est,</strong></span> <span class='ocrx_word' id='word_1_682' title='bbox 822 5258 1079 5311; x_wconf 74' lang='lat' dir='ltr'><strong>quamam</strong></span> <span class='ocrx_word' id='word_1_683' title='bbox 1110 5239 1312 5293; x_wconf 86' lang='lat' dir='ltr'><strong>harum</strong></span> <span class='ocrx_word' id='word_1_684' title='bbox 1341 5237 1628 5292; x_wconf 83' lang='lat' dir='ltr'><strong>contraria</strong></span> <span class='ocrx_word' id='word_1_685' title='bbox 1687 5238 1765 5290; x_wconf 85' lang='grc' dir='ltr'><strong>εει</strong></span> <span class='ocrx_word' id='word_1_686' title='bbox 1822 5250 1993 5303; x_wconf 65' lang='lat' dir='ltr'><strong>verae,</strong></span> <span class='ocrx_word' id='word_1_687' title='bbox 2046 5239 2101 5290; x_wconf 82' lang='lat' dir='ltr'><strong>et</strong></span> 
     </span>
    </p>
   </div>
   <div class='ocr_carea' id='block_1_86' title="bbox 450 5324 1630 5399">
    <p class='ocr_par' dir='ltr' id='par_1_86' title="bbox 450 5324 1630 5399">
     <span class='ocr_line' id='line_1_86' title="bbox 450 5324 1630 5399; baseline -0.004 -16"><span class='ocrx_word' id='word_1_688' title='bbox 450 5327 501 5383; x_wconf 84' lang='lat' dir='ltr'><strong>si</strong></span> <span class='ocrx_word' id='word_1_689' title='bbox 529 5333 605 5383; x_wconf 86' lang='lat' dir='ltr'><strong>est</strong></span> <span class='ocrx_word' id='word_1_690' title='bbox 636 5346 769 5395; x_wconf 86' lang='lat' dir='ltr'><strong>una,</strong></span> <span class='ocrx_word' id='word_1_691' title='bbox 803 5330 1103 5385; x_wconf 85' lang='lat' dir='ltr'><strong>secundum</strong></span> <span class='ocrx_word' id='word_1_692' title='bbox 1133 5345 1296 5399; x_wconf 83' lang='lat' dir='ltr'><strong>quam</strong></span> <span class='ocrx_word' id='word_1_693' title='bbox 1327 5324 1630 5381; x_wconf 84' lang='lat' dir='ltr'><strong>contraria.</strong></span> 
     </span>
    </p>
   </div>
   <div class='ocr_carea' id='block_1_87' title="bbox 519 5412 2096 5488">
    <p class='ocr_par' dir='ltr' id='par_1_87' title="bbox 519 5412 2096 5488">
     <span class='ocr_line' id='line_1_87' title="bbox 519 5412 2096 5488; baseline -0.003 -16"><span class='ocrx_word' id='word_1_694' title='bbox 519 5417 832 5486; x_wconf 86' lang='lat' dir='ltr'><strong>PrOpositio</strong></span> <span class='ocrx_word' id='word_1_695' title='bbox 850 5418 1077 5488; x_wconf 87' lang='lat' dir='ltr'><strong>quidem</strong></span> <span class='ocrx_word' id='word_1_696' title='bbox 1101 5414 1429 5486; x_wconf 77' lang='lat' dir='ltr'><strong>quaestionis</strong></span> <span class='ocrx_word' id='word_1_697' title='bbox 1453 5412 1583 5467; x_wconf 88' lang='lat' dir='ltr'><strong>talis</strong></span> <span class='ocrx_word' id='word_1_698' title='bbox 1607 5413 1924 5478; x_wconf 73' lang='lat' dir='ltr'><strong>est.Quaarit</strong></span> <span class='ocrx_word' id='word_1_699' title='bbox 1942 5413 2096 5468; x_wconf 90' lang='lat' dir='ltr'><strong>enim</strong></span> 
     </span>
    </p>
   </div>
   <div class='ocr_carea' id='block_1_88' title="bbox 444 5501 2094 5577">
    <p class='ocr_par' dir='ltr' id='par_1_88' title="bbox 444 5501 2094 5577">
     <span class='ocr_line' id='line_1_88' title="bbox 444 5501 2094 5577; baseline -0.003 -15"><span class='ocrx_word' id='word_1_700' title='bbox 444 5507 718 5577; x_wconf 87' lang='lat' dir='ltr'><strong>quoniam</strong></span> <span class='ocrx_word' id='word_1_701' title='bbox 753 5506 888 5562; x_wconf 89' lang='lat' dir='ltr'><strong>huic</strong></span> <span class='ocrx_word' id='word_1_702' title='bbox 922 5504 1293 5576; x_wconf 82' lang='lat' dir='ltr'><strong>propositioni</strong></span> <span class='ocrx_word' id='word_1_703' title='bbox 1353 5519 1480 5573; x_wconf 68' lang='lat' dir='ltr'><strong>quae</strong></span> <span class='ocrx_word' id='word_1_704' title='bbox 1512 5502 1669 5569; x_wconf 89' lang='lat' dir='ltr'><strong>dicit,</strong></span> <span class='ocrx_word' id='word_1_705' title='bbox 1704 5502 1894 5557; x_wconf 87' lang='lat' dir='ltr'><strong>omnis</strong></span> <span class='ocrx_word' id='word_1_706' title='bbox 1928 5501 2094 5557; x_wconf 88' lang='lat' dir='ltr'><strong>homo</strong></span> 
     </span>
    </p>
   </div>
   <div class='ocr_carea' id='block_1_89' title="bbox 440 5589 2091 5666">
    <p class='ocr_par' dir='ltr' id='par_1_89' title="bbox 440 5589 2091 5666">
     <span class='ocr_line' id='line_1_89' title="bbox 440 5589 2091 5666; baseline -0.003 -16"><span class='ocrx_word' id='word_1_707' title='bbox 440 5595 636 5666; x_wconf 86' lang='lat' dir='ltr'><strong>justus</strong></span> <span class='ocrx_word' id='word_1_708' title='bbox 666 5602 842 5664; x_wconf 89' lang='lat' dir='ltr'><strong>est,ea</strong></span> <span class='ocrx_word' id='word_1_709' title='bbox 872 5610 993 5665; x_wconf 82' lang='lat' dir='ltr'><strong>quae</strong></span> <span class='ocrx_word' id='word_1_710' title='bbox 1023 5591 1311 5664; x_wconf 90' lang='lat' dir='ltr'><strong>pr0ponit,</strong></span> <span class='ocrx_word' id='word_1_711' title='bbox 1343 5589 1538 5645; x_wconf 89' lang='lat' dir='ltr'><strong>nullus</strong></span> <span class='ocrx_word' id='word_1_712' title='bbox 1569 5590 1737 5644; x_wconf 85' lang='lat' dir='ltr'><strong>homo</strong></span> <span class='ocrx_word' id='word_1_713' title='bbox 1765 5590 1954 5657; x_wconf 88' lang='lat' dir='ltr'><strong>justus</strong></span> <span class='ocrx_word' id='word_1_714' title='bbox 1982 5596 2091 5659; x_wconf 87' lang='lat' dir='ltr'><strong>est,</strong></span> 
     </span>
    </p>
   </div>
   <div class='ocr_carea' id='block_1_90' title="bbox 451 5681 2097 5757">
    <p class='ocr_par' dir='ltr' id='par_1_90' title="bbox 451 5681 2097 5757">
     <span class='ocr_line' id='line_1_90' title="bbox 451 5681 2097 5757; baseline -0.001 -16"><span class='ocrx_word' id='word_1_715' title='bbox 451 5694 504 5741; x_wconf 90' lang='lat' dir='ltr'><strong>et</strong></span> <span class='ocrx_word' id='word_1_716' title='bbox 523 5702 725 5743; x_wconf 87' lang='lat' dir='ltr'><strong>rursus</strong></span> <span class='ocrx_word' id='word_1_717' title='bbox 742 5703 810 5743; x_wconf 85' lang='lat' dir='ltr'><strong>ea</strong></span> <span class='ocrx_word' id='word_1_718' title='bbox 831 5702 952 5757; x_wconf 73' lang='lat' dir='ltr'><strong>quae</strong></span> <span class='ocrx_word' id='word_1_719' title='bbox 976 5684 1326 5752; x_wconf 90' lang='lat' dir='ltr'><strong>dicit,omnis</strong></span> <span class='ocrx_word' id='word_1_720' title='bbox 1351 5681 1518 5738; x_wconf 91' lang='lat' dir='ltr'><strong>homo</strong></span> <span class='ocrx_word' id='word_1_721' title='bbox 1539 5681 2097 5751; x_wconf 86' lang='lat' dir='ltr'><strong>injustusest,viden-</strong></span> 
     </span>
    </p>
   </div>
   <div class='ocr_carea' id='block_1_91' title="bbox 2225 3192 3836 3267">
    <p class='ocr_par' dir='ltr' id='par_1_91' title="bbox 2225 3192 3836 3267">
     <span class='ocr_line' id='line_1_91' title="bbox 2225 3192 3836 3267; baseline -0.004 -17"><span class='ocrx_word' id='word_1_722' title='bbox 2225 3194 2527 3250; x_wconf 81' lang='lat' dir='ltr'><strong>afﬁrmatio</strong></span> <span class='ocrx_word' id='word_1_723' title='bbox 2558 3195 2840 3251; x_wconf 88' lang='lat' dir='ltr'><strong>contraria</strong></span> <span class='ocrx_word' id='word_1_724' title='bbox 2888 3212 3004 3252; x_wconf 89' lang='lat' dir='ltr'><strong>non</strong></span> <span class='ocrx_word' id='word_1_725' title='bbox 3034 3207 3140 3267; x_wconf 92' lang='grc' dir='ltr'>εει,</span> <span class='ocrx_word' id='word_1_726' title='bbox 3167 3212 3284 3252; x_wconf 92' lang='lat' dir='ltr'><strong>non</strong></span> <span class='ocrx_word' id='word_1_727' title='bbox 3331 3198 3439 3254; x_wconf 93' lang='lat' dir='ltr'><strong>erit</strong></span> <span class='ocrx_word' id='word_1_728' title='bbox 3466 3205 3521 3252; x_wconf 92' lang='lat' dir='ltr'><strong>et</strong></span> <span class='ocrx_word' id='word_1_729' title='bbox 3550 3196 3607 3251; x_wconf 90' lang='lat' dir='ltr'><strong>in</strong></span> <span class='ocrx_word' id='word_1_730' title='bbox 3633 3192 3836 3249; x_wconf 87' lang='lat' dir='ltr'><strong>vocibus</strong></span> 
     </span>
    </p>
   </div>
   <div class='ocr_carea' id='block_1_92' title="bbox 2221 3280 3837 3358">
    <p class='ocr_par' dir='ltr' id='par_1_92' title="bbox 2221 3280 3837 3358">
     <span class='ocr_line' id='line_1_92' title="bbox 2221 3280 3837 3358; baseline -0.004 -17"><span class='ocrx_word' id='word_1_731' title='bbox 2221 3283 2507 3341; x_wconf 90' lang='lat' dir='ltr'><strong>contraria</strong></span> <span class='ocrx_word' id='word_1_732' title='bbox 2526 3283 2853 3352; x_wconf 79' lang='lat' dir='ltr'><strong>afﬁrmatio,</strong></span> <span class='ocrx_word' id='word_1_733' title='bbox 2885 3284 2981 3341; x_wconf 87' lang='lat' dir='ltr'><strong>sed</strong></span> <span class='ocrx_word' id='word_1_734' title='bbox 3006 3285 3191 3356; x_wconf 87' lang='lat' dir='ltr'><strong>potius</strong></span> <span class='ocrx_word' id='word_1_735' title='bbox 3212 3288 3450 3358; x_wconf 81' lang='lat' dir='ltr'><strong>negatio</strong></span> <span class='ocrx_word' id='word_1_736' title='bbox 3470 3302 3590 3358; x_wconf 80' lang='lat' dir='ltr'><strong>quas</strong></span> <span class='ocrx_word' id='word_1_737' title='bbox 3611 3292 3706 3350; x_wconf 90' lang='lat' dir='ltr'><strong>est,</strong></span> <span class='ocrx_word' id='word_1_738' title='bbox 3730 3280 3837 3337; x_wconf 89' lang='lat' dir='ltr'><strong>nul-</strong></span> 
     </span>
    </p>
   </div>
   <div class='ocr_carea' id='block_1_93' title="bbox 2222 3373 3835 3445">
    <p class='ocr_par' dir='ltr' id='par_1_93' title="bbox 2222 3373 3835 3445">
     <span class='ocr_line' id='line_1_93' title="bbox 2222 3373 3835 3445; baseline -0.003 -16"><span class='ocrx_word' id='word_1_739' title='bbox 2222 3375 2310 3429; x_wconf 93' lang='lat' dir='ltr'><strong>lus</strong></span> <span class='ocrx_word' id='word_1_740' title='bbox 2342 3373 2515 3430; x_wconf 90' lang='lat' dir='ltr'><strong>homo</strong></span> <span class='ocrx_word' id='word_1_741' title='bbox 2539 3374 2728 3444; x_wconf 89' lang='lat' dir='ltr'><strong>justus</strong></span> <span class='ocrx_word' id='word_1_742' title='bbox 2772 3381 2874 3429; x_wconf 88' lang='lat' dir='ltr'><strong>est.</strong></span> <span class='ocrx_word' id='word_1_743' title='bbox 2907 3374 3111 3443; x_wconf 88' lang='lat' dir='ltr'><strong>Quare,</strong></span> <span class='ocrx_word' id='word_1_744' title='bbox 3141 3374 3363 3445; x_wconf 88' lang='lat' dir='ltr'><strong>inquit,</strong></span> <span class='ocrx_word' id='word_1_745' title='bbox 3394 3373 3835 3432; x_wconf 88' lang='lat' dir='ltr'><strong>considerandum</strong></span> 
     </span>
    </p>
   </div>
   <div class='ocr_carea' id='block_1_94' title="bbox 2219 3462 3832 3534">
    <p class='ocr_par' dir='ltr' id='par_1_94' title="bbox 2219 3462 3832 3534">
     <span class='ocr_line' id='line_1_94' title="bbox 2219 3462 3832 3534; baseline -0.004 -15"><span class='ocrx_word' id='word_1_746' title='bbox 2219 3470 2309 3519; x_wconf 88' lang='lat' dir='ltr'><strong>est</strong></span> <span class='ocrx_word' id='word_1_747' title='bbox 2333 3464 2427 3519; x_wconf 90' lang='lat' dir='ltr'><strong>cui</strong></span> <span class='ocrx_word' id='word_1_748' title='bbox 2450 3462 2706 3533; x_wconf 92' lang='lat' dir='ltr'><strong>opinioni</strong></span> <span class='ocrx_word' id='word_1_749' title='bbox 2731 3463 2887 3518; x_wconf 80' lang='lat' dir='ltr'><strong>falsae</strong></span> <span class='ocrx_word' id='word_1_750' title='bbox 2908 3464 3104 3534; x_wconf 90' lang='lat' dir='ltr'><strong>opinio</strong></span> <span class='ocrx_word' id='word_1_751' title='bbox 3128 3480 3257 3518; x_wconf 81' lang='lat' dir='ltr'><strong>vera</strong></span> <span class='ocrx_word' id='word_1_752' title='bbox 3290 3466 3369 3521; x_wconf 81' lang='lat' dir='ltr'><strong>sit</strong></span> <span class='ocrx_word' id='word_1_753' title='bbox 3398 3463 3692 3529; x_wconf 85' lang='lat' dir='ltr'><strong>contraria,</strong></span> <span class='ocrx_word' id='word_1_754' title='bbox 3722 3472 3832 3514; x_wconf 87' lang='lat' dir='ltr'><strong>nam</strong></span> 
     </span>
    </p>
   </div>
   <div class='ocr_carea' id='block_1_95' title="bbox 2218 3550 3831 3622">
    <p class='ocr_par' dir='ltr' id='par_1_95' title="bbox 2218 3550 3831 3622">
     <span class='ocr_line' id='line_1_95' title="bbox 2218 3550 3831 3622; baseline -0.004 -15"><span class='ocrx_word' id='word_1_755' title='bbox 2218 3551 2265 3607; x_wconf 89' lang='lat' dir='ltr'><strong>si</strong></span> <span class='ocrx_word' id='word_1_756' title='bbox 2298 3568 2406 3622; x_wconf 91' lang='lat' dir='ltr'><strong>qua</strong></span> <span class='ocrx_word' id='word_1_757' title='bbox 2435 3567 2523 3607; x_wconf 86' lang='lat' dir='ltr'><strong>res</strong></span> <span class='ocrx_word' id='word_1_758' title='bbox 2553 3551 2701 3607; x_wconf 89' lang='lat' dir='ltr'><strong>bona</strong></span> <span class='ocrx_word' id='word_1_759' title='bbox 2730 3552 3027 3619; x_wconf 90' lang='lat' dir='ltr'><strong>sit,verum</strong></span> <span class='ocrx_word' id='word_1_760' title='bbox 3059 3560 3142 3607; x_wconf 89' lang='lat' dir='ltr'><strong>est</strong></span> <span class='ocrx_word' id='word_1_761' title='bbox 3171 3553 3240 3608; x_wconf 91' lang='lat' dir='ltr'><strong>de</strong></span> <span class='ocrx_word' id='word_1_762' title='bbox 3257 3568 3331 3608; x_wconf 75' lang='lat' dir='ltr'><strong>ea</strong></span> <span class='ocrx_word' id='word_1_763' title='bbox 3357 3556 3569 3619; x_wconf 87' lang='lat' dir='ltr'><strong>dicere,</strong></span> <span class='ocrx_word' id='word_1_764' title='bbox 3599 3550 3831 3622; x_wconf 83' lang='lat' dir='ltr'><strong>quoniam</strong></span> 
     </span>
    </p>
   </div>
   <div class='ocr_carea' id='block_1_96' title="bbox 2219 3640 3833 3711">
    <p class='ocr_par' dir='ltr' id='par_1_96' title="bbox 2219 3640 3833 3711">
     <span class='ocr_line' id='line_1_96' title="bbox 2219 3640 3833 3711; baseline -0.002 -15"><span class='ocrx_word' id='word_1_765' title='bbox 2219 3640 2432 3696; x_wconf 91' lang='lat' dir='ltr'><strong>bonum</strong></span> <span class='ocrx_word' id='word_1_766' title='bbox 2462 3648 2565 3707; x_wconf 90' lang='lat' dir='ltr'><strong>est,</strong></span> <span class='ocrx_word' id='word_1_767' title='bbox 2598 3644 2795 3695; x_wconf 89' lang='lat' dir='ltr'><strong>contra</strong></span> <span class='ocrx_word' id='word_1_768' title='bbox 2840 3657 3008 3711; x_wconf 89' lang='lat' dir='ltr'><strong>quam</strong></span> <span class='ocrx_word' id='word_1_769' title='bbox 3062 3641 3518 3711; x_wconf 84' lang='lat' dir='ltr'><strong>propositionem</strong></span> <span class='ocrx_word' id='word_1_770' title='bbox 3548 3642 3738 3697; x_wconf 86' lang='lat' dir='ltr'><strong>falsum</strong></span> <span class='ocrx_word' id='word_1_771' title='bbox 3764 3642 3833 3692; x_wconf 84' lang='lat' dir='ltr'><strong>est</strong></span> 
     </span>
    </p>
   </div>
   <div class='ocr_carea' id='block_1_97' title="bbox 2218 3727 3833 3801">
    <p class='ocr_par' dir='ltr' id='par_1_97' title="bbox 2218 3727 3833 3801">
     <span class='ocr_line' id='line_1_97' title="bbox 2218 3727 3833 3801; baseline -0.002 -16"><span class='ocrx_word' id='word_1_772' title='bbox 2218 3730 2428 3797; x_wconf 89' lang='lat' dir='ltr'><strong>dicere,</strong></span> <span class='ocrx_word' id='word_1_773' title='bbox 2462 3727 2596 3799; x_wconf 88' lang='lat' dir='ltr'><strong>quia</strong></span> <span class='ocrx_word' id='word_1_774' title='bbox 2644 3729 2854 3783; x_wconf 89' lang='lat' dir='ltr'><strong>malum</strong></span> <span class='ocrx_word' id='word_1_775' title='bbox 2888 3728 3205 3795; x_wconf 87' lang='lat' dir='ltr'><strong>est,fa|sum</strong></span> <span class='ocrx_word' id='word_1_776' title='bbox 3248 3731 3429 3786; x_wconf 85' lang='lat' dir='ltr'><strong>etiam</strong></span> <span class='ocrx_word' id='word_1_777' title='bbox 3462 3731 3589 3801; x_wconf 91' lang='lat' dir='ltr'><strong>quia</strong></span> <span class='ocrx_word' id='word_1_778' title='bbox 3618 3745 3722 3784; x_wconf 91' lang='lat' dir='ltr'><strong>non</strong></span> <span class='ocrx_word' id='word_1_779' title='bbox 3751 3728 3833 3781; x_wconf 88' lang='lat' dir='ltr'><strong>bo-</strong></span> 
     </span>
    </p>
   </div>
   <div class='ocr_carea' id='block_1_98' title="bbox 2218 3814 3837 3888">
    <p class='ocr_par' dir='ltr' id='par_1_98' title="bbox 2218 3814 3837 3888">
     <span class='ocr_line' id='line_1_98' title="bbox 2218 3814 3837 3888; baseline -0.005 -15"><span class='ocrx_word' id='word_1_780' title='bbox 2218 3835 2354 3875; x_wconf 92' lang='lat' dir='ltr'><strong>num</strong></span> <span class='ocrx_word' id='word_1_781' title='bbox 2386 3826 2487 3874; x_wconf 87' lang='lat' dir='ltr'><strong>est.</strong></span> <span class='ocrx_word' id='word_1_782' title='bbox 2523 3817 2634 3873; x_wconf 81' lang='lat' dir='ltr'><strong>Sed</strong></span> <span class='ocrx_word' id='word_1_783' title='bbox 2681 3817 2992 3873; x_wconf 91' lang='lat' dir='ltr'><strong>videndum</strong></span> <span class='ocrx_word' id='word_1_784' title='bbox 3038 3826 3121 3873; x_wconf 89' lang='lat' dir='ltr'><strong>est</strong></span> <span class='ocrx_word' id='word_1_785' title='bbox 3174 3834 3295 3888; x_wconf 67' lang='lat' dir='ltr'><strong>quae</strong></span> <span class='ocrx_word' id='word_1_786' title='bbox 3354 3820 3554 3874; x_wconf 90' lang='lat' dir='ltr'><strong>harum</strong></span> <span class='ocrx_word' id='word_1_787' title='bbox 3586 3817 3654 3872; x_wconf 89' lang='lat' dir='ltr'><strong>sit</strong></span> <span class='ocrx_word' id='word_1_788' title='bbox 3682 3814 3837 3882; x_wconf 80' lang='lat' dir='ltr'><strong>magis</strong></span> 
     </span>
    </p>
   </div>
   <div class='ocr_carea' id='block_1_99' title="bbox 2216 3906 3834 3977">
    <p class='ocr_par' dir='ltr' id='par_1_99' title="bbox 2216 3906 3834 3977">
     <span class='ocr_line' id='line_1_99' title="bbox 2216 3906 3834 3977; baseline -0.005 -13"><span class='ocrx_word' id='word_1_789' title='bbox 2216 3907 2502 3964; x_wconf 87' lang='lat' dir='ltr'><strong>contraria</strong></span> <span class='ocrx_word' id='word_1_790' title='bbox 2537 3923 2681 3962; x_wconf 69' lang='lat' dir='ltr'><strong>vera:</strong></span> <span class='ocrx_word' id='word_1_791' title='bbox 2729 3906 3124 3975; x_wconf 85' lang='lat' dir='ltr'><strong>alﬁrmatloni,</strong></span> <span class='ocrx_word' id='word_1_792' title='bbox 3156 3923 3277 3977; x_wconf 73' lang='lat' dir='ltr'><strong>quae</strong></span> <span class='ocrx_word' id='word_1_793' title='bbox 3330 3908 3473 3963; x_wconf 86' lang='lat' dir='ltr'><strong>dicit</strong></span> <span class='ocrx_word' id='word_1_794' title='bbox 3504 3909 3704 3963; x_wconf 84' lang='lat' dir='ltr'><strong>bonum</strong></span> <span class='ocrx_word' id='word_1_795' title='bbox 3732 3918 3834 3959; x_wconf 84' lang='lat' dir='ltr'><strong>esse</strong></span> 
     </span>
    </p>
   </div>
   <div class='ocr_carea' id='block_1_100' title="bbox 2215 3995 3833 4067">
    <p class='ocr_par' dir='ltr' id='par_1_100' title="bbox 2215 3995 3833 4067">
     <span class='ocr_line' id='line_1_100' title="bbox 2215 3995 3833 4067; baseline -0.006 -15"><span class='ocrx_word' id='word_1_796' title='bbox 2215 3997 2366 4067; x_wconf 90' lang='lat' dir='ltr'><strong>quod</strong></span> <span class='ocrx_word' id='word_1_797' title='bbox 2401 3996 2611 4051; x_wconf 90' lang='lat' dir='ltr'><strong>bonum</strong></span> <span class='ocrx_word' id='word_1_798' title='bbox 2633 4002 2719 4049; x_wconf 88' lang='lat' dir='ltr'><strong>est</strong></span> <span class='ocrx_word' id='word_1_799' title='bbox 2747 4013 2760 4063; x_wconf 88' lang='lat'>;</span> <span class='ocrx_word' id='word_1_800' title='bbox 2795 4002 2982 4049; x_wconf 91' lang='lat' dir='ltr'><strong>utrum</strong></span> <span class='ocrx_word' id='word_1_801' title='bbox 3012 3995 3155 4050; x_wconf 87' lang='lat' dir='ltr'><strong>falsa</strong></span> <span class='ocrx_word' id='word_1_802' title='bbox 3184 3995 3284 4049; x_wconf 89' lang='lat' dir='ltr'><strong>illa</strong></span> <span class='ocrx_word' id='word_1_803' title='bbox 3321 3997 3604 4053; x_wconf 88' lang='lat' dir='ltr'><strong>contraria</strong></span> <span class='ocrx_word' id='word_1_804' title='bbox 3632 4002 3833 4063; x_wconf 69' lang='lat' dir='ltr'><strong>est,qus:</strong></span> 
     </span>
    </p>
   </div>
   <div class='ocr_carea' id='block_1_101' title="bbox 2215 4079 3831 4155">
    <p class='ocr_par' dir='ltr' id='par_1_101' title="bbox 2215 4079 3831 4155">
     <span class='ocr_line' id='line_1_101' title="bbox 2215 4079 3831 4155; baseline -0.004 -14"><span class='ocrx_word' id='word_1_805' title='bbox 2215 4086 2268 4141; x_wconf 90' lang='lat' dir='ltr'><strong>id</strong></span> <span class='ocrx_word' id='word_1_806' title='bbox 2302 4086 2451 4155; x_wconf 90' lang='lat' dir='ltr'><strong>quod</strong></span> <span class='ocrx_word' id='word_1_807' title='bbox 2483 4085 2698 4139; x_wconf 89' lang='lat' dir='ltr'><strong>bonum</strong></span> <span class='ocrx_word' id='word_1_808' title='bbox 2731 4090 2817 4140; x_wconf 88' lang='lat' dir='ltr'><strong>est</strong></span> <span class='ocrx_word' id='word_1_809' title='bbox 2846 4085 2986 4140; x_wconf 89' lang='lat' dir='ltr'><strong>dicit</strong></span> <span class='ocrx_word' id='word_1_810' title='bbox 3016 4101 3143 4140; x_wconf 88' lang='lat' dir='ltr'><strong>esse</strong></span> <span class='ocrx_word' id='word_1_811' title='bbox 3174 4084 3420 4153; x_wconf 88' lang='lat' dir='ltr'><strong>malum,</strong></span> <span class='ocrx_word' id='word_1_812' title='bbox 3454 4106 3527 4143; x_wconf 92' lang='lat' dir='ltr'><strong>an</strong></span> <span class='ocrx_word' id='word_1_813' title='bbox 3558 4103 3619 4140; x_wconf 77' lang='lat' dir='ltr'><strong>ea</strong></span> <span class='ocrx_word' id='word_1_814' title='bbox 3648 4100 3756 4155; x_wconf 69' lang='lat' dir='ltr'><strong>quas</strong></span> <span class='ocrx_word' id='word_1_815' title='bbox 3785 4079 3831 4135; x_wconf 89' lang='lat' dir='ltr'><strong>id</strong></span> 
     </span>
    </p>
   </div>
   <div class='ocr_carea' id='block_1_102' title="bbox 2215 4171 3829 4243">
    <p class='ocr_par' dir='ltr' id='par_1_102' title="bbox 2215 4171 3829 4243">
     <span class='ocr_line' id='line_1_102' title="bbox 2215 4171 3829 4243; baseline -0.004 -15"><span class='ocrx_word' id='word_1_816' title='bbox 2215 4174 2361 4243; x_wconf 92' lang='lat' dir='ltr'><strong>quod</strong></span> <span class='ocrx_word' id='word_1_817' title='bbox 2395 4173 2607 4228; x_wconf 90' lang='lat' dir='ltr'><strong>bonum</strong></span> <span class='ocrx_word' id='word_1_818' title='bbox 2638 4181 2723 4228; x_wconf 89' lang='lat' dir='ltr'><strong>est</strong></span> <span class='ocrx_word' id='word_1_819' title='bbox 2767 4174 2907 4228; x_wconf 86' lang='lat' dir='ltr'><strong>dicit</strong></span> <span class='ocrx_word' id='word_1_820' title='bbox 2954 4188 3075 4229; x_wconf 81' lang='lat' dir='ltr'><strong>esse</strong></span> <span class='ocrx_word' id='word_1_821' title='bbox 3106 4189 3221 4229; x_wconf 91' lang='lat' dir='ltr'><strong>non</strong></span> <span class='ocrx_word' id='word_1_822' title='bbox 3267 4173 3513 4230; x_wconf 90' lang='lat' dir='ltr'><strong>bonum.</strong></span> <span class='ocrx_word' id='word_1_823' title='bbox 3544 4176 3714 4243; x_wconf 82' lang='lat' dir='ltr'><strong>Atque</strong></span> <span class='ocrx_word' id='word_1_824' title='bbox 3743 4171 3829 4224; x_wconf 90' lang='lat' dir='ltr'><strong>hoc</strong></span> 
     </span>
    </p>
   </div>
   <div class='ocr_carea' id='block_1_103' title="bbox 2213 4261 3831 4334">
    <p class='ocr_par' dir='ltr' id='par_1_103' title="bbox 2213 4261 3831 4334">
     <span class='ocr_line' id='line_1_103' title="bbox 2213 4261 3831 4334; baseline -0.004 -15"><span class='ocrx_word' id='word_1_825' title='bbox 2213 4263 2475 4333; x_wconf 89' lang='lat' dir='ltr'><strong>estquod</strong></span> <span class='ocrx_word' id='word_1_826' title='bbox 2523 4262 2621 4329; x_wconf 91' lang='lat' dir='ltr'><strong>ait,</strong></span> <span class='ocrx_word' id='word_1_827' title='bbox 2658 4262 2783 4317; x_wconf 87' lang='lat' dir='ltr'><strong>dico</strong></span> <span class='ocrx_word' id='word_1_828' title='bbox 2837 4270 3024 4317; x_wconf 89' lang='lat' dir='ltr'><strong>autem</strong></span> <span class='ocrx_word' id='word_1_829' title='bbox 3086 4262 3191 4318; x_wconf 91' lang='lat' dir='ltr'><strong>hoc</strong></span> <span class='ocrx_word' id='word_1_830' title='bbox 3239 4266 3414 4320; x_wconf 87' lang='lat' dir='ltr'><strong>modo</strong></span> <span class='ocrx_word' id='word_1_831' title='bbox 3444 4280 3457 4318; x_wconf 87' lang='lat'><strong>:</strong></span> <span class='ocrx_word' id='word_1_832' title='bbox 3490 4274 3573 4320; x_wconf 89' lang='lat' dir='ltr'><strong>est</strong></span> <span class='ocrx_word' id='word_1_833' title='bbox 3601 4261 3831 4334; x_wconf 82' lang='lat' dir='ltr'><strong>quaedam</strong></span> 
     </span>
    </p>
   </div>
   <div class='ocr_carea' id='block_1_104' title="bbox 2212 4350 3835 4422">
    <p class='ocr_par' dir='ltr' id='par_1_104' title="bbox 2212 4350 3835 4422">
     <span class='ocr_line' id='line_1_104' title="bbox 2212 4350 3835 4422; baseline -0.004 -14"><span class='ocrx_word' id='word_1_834' title='bbox 2212 4352 2465 4422; x_wconf 84' lang='lat' dir='ltr'><strong>Opinatio</strong></span> <span class='ocrx_word' id='word_1_835' title='bbox 2496 4366 2628 4407; x_wconf 87' lang='lat' dir='ltr'><strong>vera</strong></span> <span class='ocrx_word' id='word_1_836' title='bbox 2672 4351 2830 4417; x_wconf 88' lang='lat' dir='ltr'><strong>boni,</strong></span> <span class='ocrx_word' id='word_1_837' title='bbox 2863 4350 3133 4421; x_wconf 91' lang='lat' dir='ltr'><strong>quoniam</strong></span> <span class='ocrx_word' id='word_1_838' title='bbox 3182 4351 3402 4407; x_wconf 89' lang='lat' dir='ltr'><strong>bonum</strong></span> <span class='ocrx_word' id='word_1_839' title='bbox 3456 4360 3561 4419; x_wconf 89' lang='lat' dir='ltr'><strong>est,</strong></span> <span class='ocrx_word' id='word_1_840' title='bbox 3596 4352 3701 4406; x_wconf 83' lang='lat' dir='ltr'><strong>alia</strong></span> <span class='ocrx_word' id='word_1_841' title='bbox 3727 4362 3835 4403; x_wconf 85' lang='lat' dir='ltr'><strong>vero</strong></span> 
     </span>
    </p>
   </div>
   <div class='ocr_carea' id='block_1_105' title="bbox 2215 4439 3832 4511">
    <p class='ocr_par' dir='ltr' id='par_1_105' title="bbox 2215 4439 3832 4511">
     <span class='ocr_line' id='line_1_105' title="bbox 2215 4439 3832 4511; baseline -0.004 -15"><span class='ocrx_word' id='word_1_842' title='bbox 2215 4441 2373 4511; x_wconf 86' lang='lat' dir='ltr'><strong>falsa,</strong></span> <span class='ocrx_word' id='word_1_843' title='bbox 2406 4441 2675 4509; x_wconf 87' lang='lat' dir='ltr'><strong>quoniam</strong></span> <span class='ocrx_word' id='word_1_844' title='bbox 2710 4456 2824 4496; x_wconf 94' lang='lat' dir='ltr'><strong>non</strong></span> <span class='ocrx_word' id='word_1_845' title='bbox 2876 4439 3091 4495; x_wconf 89' lang='lat' dir='ltr'><strong>bonum</strong></span> <span class='ocrx_word' id='word_1_846' title='bbox 3131 4448 3232 4506; x_wconf 80' lang='lat' dir='ltr'><strong>est,</strong></span> <span class='ocrx_word' id='word_1_847' title='bbox 3265 4439 3382 4495; x_wconf 90' lang='lat' dir='ltr'><strong>alia</strong></span> <span class='ocrx_word' id='word_1_848' title='bbox 3412 4458 3565 4511; x_wconf 92' lang='lat' dir='ltr'><strong>vero,</strong></span> <span class='ocrx_word' id='word_1_849' title='bbox 3595 4439 3832 4511; x_wconf 77' lang='lat' dir='ltr'><strong>quoniam</strong></span> 
     </span>
    </p>
   </div>
   <div class='ocr_carea' id='block_1_106' title="bbox 2217 4528 3833 4599">
    <p class='ocr_par' dir='ltr' id='par_1_106' title="bbox 2217 4528 3833 4599">
     <span class='ocr_line' id='line_1_106' title="bbox 2217 4528 3833 4599; baseline -0.004 -15"><span class='ocrx_word' id='word_1_850' title='bbox 2217 4529 2429 4585; x_wconf 90' lang='lat' dir='ltr'><strong>malum</strong></span> <span class='ocrx_word' id='word_1_851' title='bbox 2461 4535 2562 4584; x_wconf 91' lang='lat' dir='ltr'><strong>est.</strong></span> <span class='ocrx_word' id='word_1_852' title='bbox 2596 4528 2868 4591; x_wconf 69' lang='lat' dir='ltr'><strong>Qumnam</strong></span> <span class='ocrx_word' id='word_1_853' title='bbox 2926 4544 3058 4599; x_wconf 87' lang='lat' dir='ltr'><strong>ergo</strong></span> <span class='ocrx_word' id='word_1_854' title='bbox 3108 4528 3305 4583; x_wconf 86' lang='lat' dir='ltr'><strong>harum</strong></span> <span class='ocrx_word' id='word_1_855' title='bbox 3342 4531 3625 4586; x_wconf 85' lang='lat' dir='ltr'><strong>contraria</strong></span> <span class='ocrx_word' id='word_1_856' title='bbox 3653 4535 3726 4584; x_wconf 87' lang='lat' dir='ltr'><strong>est</strong></span> <span class='ocrx_word' id='word_1_857' title='bbox 3753 4540 3833 4578; x_wconf 90' lang='lat' dir='ltr'><strong>ve-</strong></span> 
     </span>
    </p>
   </div>
   <div class='ocr_carea' id='block_1_107' title="bbox 2217 4617 3833 4689">
    <p class='ocr_par' dir='ltr' id='par_1_107' title="bbox 2217 4617 3833 4689">
     <span class='ocr_line' id='line_1_107' title="bbox 2217 4617 3833 4689; baseline -0.004 -15"><span class='ocrx_word' id='word_1_858' title='bbox 2217 4634 2312 4683; x_wconf 65' lang='lat' dir='ltr'><strong>rae,</strong></span> <span class='ocrx_word' id='word_1_859' title='bbox 2344 4617 2401 4672; x_wconf 90' lang='lat' dir='ltr'><strong>id</strong></span> <span class='ocrx_word' id='word_1_860' title='bbox 2434 4626 2519 4674; x_wconf 90' lang='lat' dir='ltr'><strong>est</strong></span> <span class='ocrx_word' id='word_1_861' title='bbox 2550 4625 2737 4671; x_wconf 90' lang='lat' dir='ltr'><strong>utrum</strong></span> <span class='ocrx_word' id='word_1_862' title='bbox 2768 4633 2833 4671; x_wconf 91' lang='lat' dir='ltr'><strong>ea</strong></span> <span class='ocrx_word' id='word_1_863' title='bbox 2890 4632 3022 4687; x_wconf 68' lang='lat' dir='ltr'><strong>quas</strong></span> <span class='ocrx_word' id='word_1_864' title='bbox 3073 4624 3241 4688; x_wconf 88' lang='lat' dir='ltr'><strong>negat</strong></span> <span class='ocrx_word' id='word_1_865' title='bbox 3282 4617 3340 4673; x_wconf 90' lang='lat' dir='ltr'><strong>id</strong></span> <span class='ocrx_word' id='word_1_866' title='bbox 3376 4622 3523 4689; x_wconf 90' lang='lat' dir='ltr'><strong>quod</strong></span> <span class='ocrx_word' id='word_1_867' title='bbox 3558 4625 3656 4687; x_wconf 90' lang='lat' dir='ltr'><strong>est,</strong></span> <span class='ocrx_word' id='word_1_868' title='bbox 3685 4633 3753 4671; x_wconf 81' lang='lat' dir='ltr'><strong>an</strong></span> <span class='ocrx_word' id='word_1_869' title='bbox 3779 4629 3833 4667; x_wconf 81' lang='lat' dir='ltr'><strong>ca</strong></span> 
     </span>
    </p>
   </div>
   <div class='ocr_carea' id='block_1_108' title="bbox 2211 4704 3831 4778">
    <p class='ocr_par' dir='ltr' id='par_1_108' title="bbox 2211 4704 3831 4778">
     <span class='ocr_line' id='line_1_108' title="bbox 2211 4704 3831 4778; baseline -0.004 -17"><span class='ocrx_word' id='word_1_870' title='bbox 2211 4722 2332 4778; x_wconf 76' lang='lat' dir='ltr'><strong>quae</strong></span> <span class='ocrx_word' id='word_1_871' title='bbox 2356 4706 2521 4777; x_wconf 79' lang='lat' dir='ltr'><strong>ponit.</strong></span> <span class='ocrx_word' id='word_1_872' title='bbox 2539 4705 2593 4760; x_wconf 92' lang='lat' dir='ltr'><strong>id</strong></span> <span class='ocrx_word' id='word_1_873' title='bbox 2617 4704 2764 4773; x_wconf 88' lang='lat' dir='ltr'><strong>quod</strong></span> <span class='ocrx_word' id='word_1_874' title='bbox 2789 4721 2903 4760; x_wconf 93' lang='lat' dir='ltr'><strong>non</strong></span> <span class='ocrx_word' id='word_1_875' title='bbox 2932 4717 3038 4774; x_wconf 87' lang='lat' dir='ltr'><strong>est,</strong></span> <span class='ocrx_word' id='word_1_876' title='bbox 3072 4720 3196 4775; x_wconf 73' lang='lat' dir='ltr'><strong>quae</strong></span> <span class='ocrx_word' id='word_1_877' title='bbox 3225 4707 3406 4776; x_wconf 91' lang='lat' dir='ltr'><strong>magis</strong></span> <span class='ocrx_word' id='word_1_878' title='bbox 3433 4707 3632 4762; x_wconf 84' lang='lat' dir='ltr'><strong>harum</strong></span> <span class='ocrx_word' id='word_1_879' title='bbox 3657 4706 3704 4760; x_wconf 89' lang='lat' dir='ltr'><strong>ei</strong></span> <span class='ocrx_word' id='word_1_880' title='bbox 3723 4716 3831 4773; x_wconf 66' lang='lat' dir='ltr'><strong>quas</strong></span> 
     </span>
    </p>
   </div>
   <div class='ocr_carea' id='block_1_109' title="bbox 2208 4793 3833 4864">
    <p class='ocr_par' dir='ltr' id='par_1_109' title="bbox 2208 4793 3833 4864">
     <span class='ocr_line' id='line_1_109' title="bbox 2208 4793 3833 4864; baseline -0.005 -13"><span class='ocrx_word' id='word_1_881' title='bbox 2208 4796 2345 4851; x_wconf 90' lang='lat' dir='ltr'><strong>dicit</strong></span> <span class='ocrx_word' id='word_1_882' title='bbox 2375 4811 2517 4864; x_wconf 90' lang='lat' dir='ltr'><strong>esse,</strong></span> <span class='ocrx_word' id='word_1_883' title='bbox 2547 4793 2605 4849; x_wconf 91' lang='lat' dir='ltr'><strong>id</strong></span> <span class='ocrx_word' id='word_1_884' title='bbox 2631 4795 2777 4864; x_wconf 91' lang='lat' dir='ltr'><strong>quod</strong></span> <span class='ocrx_word' id='word_1_885' title='bbox 2811 4798 2897 4849; x_wconf 90' lang='lat' dir='ltr'><strong>est</strong></span> <span class='ocrx_word' id='word_1_886' title='bbox 2952 4795 3210 4850; x_wconf 86' lang='lat' dir='ltr'><strong>videatur</strong></span> <span class='ocrx_word' id='word_1_887' title='bbox 3268 4811 3394 4850; x_wconf 87' lang='lat' dir='ltr'><strong>esse</strong></span> <span class='ocrx_word' id='word_1_888' title='bbox 3433 4793 3728 4859; x_wconf 90' lang='lat' dir='ltr'><strong>contraria,</strong></span> <span class='ocrx_word' id='word_1_889' title='bbox 3758 4805 3833 4843; x_wconf 83' lang='lat' dir='ltr'><strong>rc-</strong></span> 
     </span>
    </p>
   </div>
   <div class='ocr_carea' id='block_1_110' title="bbox 2209 4882 3833 4956">
    <p class='ocr_par' dir='ltr' id='par_1_110' title="bbox 2209 4882 3833 4956">
     <span class='ocr_line' id='line_1_110' title="bbox 2209 4882 3833 4956; baseline -0.005 -17"><span class='ocrx_word' id='word_1_890' title='bbox 2209 4886 2549 4956; x_wconf 90' lang='lat' dir='ltr'><strong>quirendum</strong></span> <span class='ocrx_word' id='word_1_891' title='bbox 2582 4888 2688 4938; x_wconf 89' lang='lat' dir='ltr'><strong>est.</strong></span> <span class='ocrx_word' id='word_1_892' title='bbox 2721 4884 2827 4939; x_wconf 78' lang='lat' dir='ltr'><strong>Sed</strong></span> <span class='ocrx_word' id='word_1_893' title='bbox 2881 4883 3029 4953; x_wconf 87' lang='lat' dir='ltr'><strong>quod</strong></span> <span class='ocrx_word' id='word_1_894' title='bbox 3078 4882 3164 4938; x_wconf 92' lang='lat' dir='ltr'><strong>his</strong></span> <span class='ocrx_word' id='word_1_895' title='bbox 3197 4884 3415 4954; x_wconf 81' lang='lat' dir='ltr'><strong>adjecit</strong></span> <span class='ocrx_word' id='word_1_896' title='bbox 3453 4892 3505 4939; x_wconf 89' lang='lat' dir='ltr'><strong>et</strong></span> <span class='ocrx_word' id='word_1_897' title='bbox 3538 4885 3583 4939; x_wconf 92' lang='lat' dir='ltr'><strong>si</strong></span> <span class='ocrx_word' id='word_1_898' title='bbox 3612 4891 3689 4939; x_wconf 91' lang='lat' dir='ltr'><strong>est</strong></span> <span class='ocrx_word' id='word_1_899' title='bbox 3719 4896 3833 4942; x_wconf 88' lang='lat' dir='ltr'><strong>una,</strong></span> 
     </span>
    </p>
   </div>
   <div class='ocr_carea' id='block_1_111' title="bbox 2209 4971 3834 5041">
    <p class='ocr_par' dir='ltr' id='par_1_111' title="bbox 2209 4971 3834 5041">
     <span class='ocr_line' id='line_1_111' title="bbox 2209 4971 3834 5041; baseline -0.004 -13"><span class='ocrx_word' id='word_1_900' title='bbox 2209 4973 2522 5028; x_wconf 86' lang='lat' dir='ltr'><strong>secundum</strong></span> <span class='ocrx_word' id='word_1_901' title='bbox 2568 4987 2737 5041; x_wconf 89' lang='lat' dir='ltr'><strong>quam</strong></span> <span class='ocrx_word' id='word_1_902' title='bbox 2790 4972 3092 5041; x_wconf 89' lang='lat' dir='ltr'><strong>contraria,</strong></span> <span class='ocrx_word' id='word_1_903' title='bbox 3127 4972 3234 5027; x_wconf 87' lang='lat' dir='ltr'><strong>tale</strong></span> <span class='ocrx_word' id='word_1_904' title='bbox 3287 4979 3393 5027; x_wconf 91' lang='lat' dir='ltr'><strong>est.</strong></span> <span class='ocrx_word' id='word_1_905' title='bbox 3438 4971 3834 5027; x_wconf 84' lang='lat' dir='ltr'><strong>Contrariorum</strong></span> 
     </span>
    </p>
   </div>
   <div class='ocr_carea' id='block_1_112' title="bbox 2207 5057 3833 5129">
    <p class='ocr_par' dir='ltr' id='par_1_112' title="bbox 2207 5057 3833 5129">
     <span class='ocr_line' id='line_1_112' title="bbox 2207 5057 3833 5129; baseline -0.004 -14"><span class='ocrx_word' id='word_1_906' title='bbox 2207 5062 2319 5115; x_wconf 91' lang='lat' dir='ltr'><strong>alia</strong></span> <span class='ocrx_word' id='word_1_907' title='bbox 2350 5065 2485 5115; x_wconf 90' lang='lat' dir='ltr'><strong>sunt</strong></span> <span class='ocrx_word' id='word_1_908' title='bbox 2517 5059 2781 5114; x_wconf 82' lang='lat' dir='ltr'><strong>habentia</strong></span> <span class='ocrx_word' id='word_1_909' title='bbox 2812 5059 3084 5129; x_wconf 89' lang='lat' dir='ltr'><strong>medium,</strong></span> <span class='ocrx_word' id='word_1_910' title='bbox 3112 5058 3222 5114; x_wconf 90' lang='lat' dir='ltr'><strong>alia</strong></span> <span class='ocrx_word' id='word_1_911' title='bbox 3282 5076 3417 5115; x_wconf 87' lang='lat' dir='ltr'><strong>vero</strong></span> <span class='ocrx_word' id='word_1_912' title='bbox 3450 5069 3583 5115; x_wconf 90' lang='lat' dir='ltr'><strong>sunt</strong></span> <span class='ocrx_word' id='word_1_913' title='bbox 3615 5074 3721 5114; x_wconf 93' lang='lat' dir='ltr'><strong>non</strong></span> <span class='ocrx_word' id='word_1_914' title='bbox 3755 5057 3833 5110; x_wconf 85' lang='lat' dir='ltr'><strong>ha-</strong></span> 
     </span>
    </p>
   </div>
   <div class='ocr_carea' id='block_1_113' title="bbox 2209 5148 3827 5218">
    <p class='ocr_par' dir='ltr' id='par_1_113' title="bbox 2209 5148 3827 5218">
     <span class='ocr_line' id='line_1_113' title="bbox 2209 5148 3827 5218; baseline -0.004 -14"><span class='ocrx_word' id='word_1_915' title='bbox 2209 5150 2419 5204; x_wconf 88' lang='lat' dir='ltr'><strong>bentia.</strong></span> <span class='ocrx_word' id='word_1_916' title='bbox 2455 5150 2520 5203; x_wconf 88' lang='lat' dir='ltr'><strong>Et</strong></span> <span class='ocrx_word' id='word_1_917' title='bbox 2549 5148 2779 5203; x_wconf 87' lang='lat' dir='ltr'><strong>illorum</strong></span> <span class='ocrx_word' id='word_1_918' title='bbox 2810 5164 2932 5218; x_wconf 74' lang='lat' dir='ltr'><strong>quae</strong></span> <span class='ocrx_word' id='word_1_919' title='bbox 2994 5148 3222 5217; x_wconf 89' lang='lat' dir='ltr'><strong>habent,</strong></span> <span class='ocrx_word' id='word_1_920' title='bbox 3254 5149 3302 5203; x_wconf 90' lang='lat' dir='ltr'><strong>si</strong></span> <span class='ocrx_word' id='word_1_921' title='bbox 3343 5149 3472 5218; x_wconf 92' lang='lat' dir='ltr'><strong>quis</strong></span> <span class='ocrx_word' id='word_1_922' title='bbox 3503 5164 3675 5203; x_wconf 90' lang='lat' dir='ltr'><strong>unum</strong></span> <span class='ocrx_word' id='word_1_923' title='bbox 3704 5160 3827 5201; x_wconf 87' lang='lat' dir='ltr'><strong>cou-</strong></span> 
     </span>
    </p>
   </div>
   <div class='ocr_carea' id='block_1_114' title="bbox 2207 5235 3831 5307">
    <p class='ocr_par' dir='ltr' id='par_1_114' title="bbox 2207 5235 3831 5307">
     <span class='ocr_line' id='line_1_114' title="bbox 2207 5235 3831 5307; baseline -0.004 -13"><span class='ocrx_word' id='word_1_924' title='bbox 2207 5238 2443 5294; x_wconf 89' lang='lat' dir='ltr'><strong>trarium</strong></span> <span class='ocrx_word' id='word_1_925' title='bbox 2487 5245 2672 5307; x_wconf 82' lang='lat' dir='ltr'><strong>neget,</strong></span> <span class='ocrx_word' id='word_1_926' title='bbox 2706 5254 2820 5293; x_wconf 90' lang='lat' dir='ltr'><strong>non</strong></span> <span class='ocrx_word' id='word_1_927' title='bbox 2864 5252 3095 5293; x_wconf 88' lang='lat' dir='ltr'><strong>necesse</strong></span> <span class='ocrx_word' id='word_1_928' title='bbox 3144 5243 3230 5291; x_wconf 88' lang='lat' dir='ltr'><strong>est</strong></span> <span class='ocrx_word' id='word_1_929' title='bbox 3278 5253 3377 5306; x_wconf 88' lang='lat' dir='ltr'><strong>per</strong></span> <span class='ocrx_word' id='word_1_930' title='bbox 3409 5238 3568 5292; x_wconf 89' lang='lat' dir='ltr'><strong>illam</strong></span> <span class='ocrx_word' id='word_1_931' title='bbox 3597 5235 3831 5306; x_wconf 80' lang='lat' dir='ltr'><strong>negatio-</strong></span> 
     </span>
    </p>
   </div>
   <div class='ocr_carea' id='block_1_115' title="bbox 2207 5325 3833 5394">
    <p class='ocr_par' dir='ltr' id='par_1_115' title="bbox 2207 5325 3833 5394">
     <span class='ocr_line' id='line_1_115' title="bbox 2207 5325 3833 5394; baseline -0.004 -12"><span class='ocrx_word' id='word_1_932' title='bbox 2207 5343 2340 5382; x_wconf 86' lang='lat' dir='ltr'><strong>nem</strong></span> <span class='ocrx_word' id='word_1_933' title='bbox 2371 5326 2512 5381; x_wconf 91' lang='lat' dir='ltr'><strong>illud</strong></span> <span class='ocrx_word' id='word_1_934' title='bbox 2544 5326 2698 5384; x_wconf 86' lang='lat' dir='ltr'><strong>aliud</strong></span> <span class='ocrx_word' id='word_1_935' title='bbox 2757 5325 3101 5381; x_wconf 87' lang='lat' dir='ltr'><strong>contrarium</strong></span> <span class='ocrx_word' id='word_1_936' title='bbox 3160 5325 3501 5394; x_wconf 82' lang='lat' dir='ltr'><strong>intelligere.</strong></span> <span class='ocrx_word' id='word_1_937' title='bbox 3535 5326 3672 5381; x_wconf 81' lang='lat' dir='ltr'><strong>Nam</strong></span> <span class='ocrx_word' id='word_1_938' title='bbox 3703 5338 3833 5392; x_wconf 89' lang='lat' dir='ltr'><strong>quo-</strong></span> 
     </span>
    </p>
   </div>
   <div class='ocr_carea' id='block_1_116' title="bbox 2206 5410 3833 5482">
    <p class='ocr_par' dir='ltr' id='par_1_116' title="bbox 2206 5410 3833 5482">
     <span class='ocr_line' id='line_1_116' title="bbox 2206 5410 3833 5482; baseline -0.006 -14"><span class='ocrx_word' id='word_1_939' title='bbox 2206 5413 2359 5469; x_wconf 89' lang='lat' dir='ltr'><strong>niam</strong></span> <span class='ocrx_word' id='word_1_940' title='bbox 2392 5414 2540 5468; x_wconf 89' lang='lat' dir='ltr'><strong>inter</strong></span> <span class='ocrx_word' id='word_1_941' title='bbox 2566 5412 2760 5467; x_wconf 82' lang='lat' dir='ltr'><strong>album</strong></span> <span class='ocrx_word' id='word_1_942' title='bbox 2784 5421 2836 5467; x_wconf 89' lang='lat' dir='ltr'><strong>et</strong></span> <span class='ocrx_word' id='word_1_943' title='bbox 2859 5412 3082 5481; x_wconf 88' lang='lat' dir='ltr'><strong>nigrum</strong></span> <span class='ocrx_word' id='word_1_944' title='bbox 3112 5419 3191 5465; x_wconf 88' lang='lat' dir='ltr'><strong>est</strong></span> <span class='ocrx_word' id='word_1_945' title='bbox 3219 5410 3514 5479; x_wconf 84' lang='lat' dir='ltr'><strong>aliquid,si</strong></span> <span class='ocrx_word' id='word_1_946' title='bbox 3536 5411 3661 5482; x_wconf 91' lang='lat' dir='ltr'><strong>quis</strong></span> <span class='ocrx_word' id='word_1_947' title='bbox 3675 5410 3833 5473; x_wconf 88' lang='lat' dir='ltr'><strong>dicat,</strong></span> 
     </span>
    </p>
   </div>
   <div class='ocr_carea' id='block_1_117' title="bbox 2206 5495 3832 5570">
    <p class='ocr_par' dir='ltr' id='par_1_117' title="bbox 2206 5495 3832 5570">
     <span class='ocr_line' id='line_1_117' title="bbox 2206 5495 3832 5570; baseline -0.008 -11"><span class='ocrx_word' id='word_1_948' title='bbox 2206 5519 2321 5559; x_wconf 90' lang='lat' dir='ltr'><strong>non</strong></span> <span class='ocrx_word' id='word_1_949' title='bbox 2355 5510 2438 5558; x_wconf 90' lang='lat' dir='ltr'><strong>est</strong></span> <span class='ocrx_word' id='word_1_950' title='bbox 2468 5501 2686 5570; x_wconf 90' lang='lat' dir='ltr'><strong>album,</strong></span> <span class='ocrx_word' id='word_1_951' title='bbox 2720 5517 2833 5556; x_wconf 88' lang='lat' dir='ltr'><strong>non</strong></span> <span class='ocrx_word' id='word_1_952' title='bbox 2857 5500 3069 5556; x_wconf 92' lang='lat' dir='ltr'><strong>idcirco</strong></span> <span class='ocrx_word' id='word_1_953' title='bbox 3104 5500 3322 5570; x_wconf 81' lang='lat' dir='ltr'><strong>nigrum</strong></span> <span class='ocrx_word' id='word_1_954' title='bbox 3349 5515 3479 5554; x_wconf 85' lang='lat' dir='ltr'><strong>esse</strong></span> <span class='ocrx_word' id='word_1_955' title='bbox 3498 5495 3832 5554; x_wconf 79' lang='lat' dir='ltr'><strong>monstravit.</strong></span> 
     </span>
    </p>
   </div>
   <div class='ocr_carea' id='block_1_118' title="bbox 2205 5584 3831 5658">
    <p class='ocr_par' dir='ltr' id='par_1_118' title="bbox 2205 5584 3831 5658">
     <span class='ocr_line' id='line_1_118' title="bbox 2205 5584 3831 5658; baseline -0.006 -12"><span class='ocrx_word' id='word_1_956' title='bbox 2205 5595 2395 5647; x_wconf 89' lang='lat' dir='ltr'><strong>Potest</strong></span> <span class='ocrx_word' id='word_1_957' title='bbox 2424 5591 2578 5646; x_wconf 88' lang='lat' dir='ltr'><strong>enim</strong></span> <span class='ocrx_word' id='word_1_958' title='bbox 2611 5607 2733 5646; x_wconf 90' lang='lat' dir='ltr'><strong>esse</strong></span> <span class='ocrx_word' id='word_1_959' title='bbox 2776 5597 2827 5646; x_wconf 91' lang='lat' dir='ltr'><strong>et</strong></span> <span class='ocrx_word' id='word_1_960' title='bbox 2884 5590 3139 5645; x_wconf 82' lang='lat' dir='ltr'><strong>rubrum.</strong></span> <span class='ocrx_word' id='word_1_961' title='bbox 3171 5590 3240 5643; x_wconf 90' lang='lat' dir='ltr'><strong>Et</strong></span> <span class='ocrx_word' id='word_1_962' title='bbox 3295 5587 3572 5658; x_wconf 90' lang='lat' dir='ltr'><strong>quidquid</strong></span> <span class='ocrx_word' id='word_1_963' title='bbox 3600 5585 3749 5642; x_wconf 90' lang='lat' dir='ltr'><strong>aliud</strong></span> <span class='ocrx_word' id='word_1_964' title='bbox 3782 5584 3831 5638; x_wconf 90' lang='lat' dir='ltr'><strong>in</strong></span> 
     </span>
    </p>
   </div>
   <div class='ocr_carea' id='block_1_119' title="bbox 2206 5671 3845 5736">
    <p class='ocr_par' dir='ltr' id='par_1_119' title="bbox 2206 5671 3845 5736">
     <span class='ocr_line' id='line_1_119' title="bbox 2206 5671 3845 5736; baseline -0.008 0"><span class='ocrx_word' id='word_1_965' title='bbox 2206 5679 2410 5736; x_wconf 91' lang='lat' dir='ltr'><strong>talium</strong></span> <span class='ocrx_word' id='word_1_966' title='bbox 2441 5679 2858 5735; x_wconf 87' lang='lat' dir='ltr'><strong>contrariorum</strong></span> <span class='ocrx_word' id='word_1_967' title='bbox 2911 5678 3178 5735; x_wconf 90' lang='lat' dir='ltr'><strong>meditate</strong></span> <span class='ocrx_word' id='word_1_968' title='bbox 3212 5677 3471 5734; x_wconf 75' lang='lat' dir='ltr'><strong>locatum</strong></span> <span class='ocrx_word' id='word_1_969' title='bbox 3517 5684 3621 5732; x_wconf 89' lang='lat' dir='ltr'><strong>est.</strong></span> <span class='ocrx_word' id='word_1_970' title='bbox 3652 5675 3717 5730; x_wconf 81' lang='lat' dir='ltr'><strong>1n</strong></span> <span class='ocrx_word' id='word_1_971' title='bbox 3743 5671 3845 5727; x_wconf 83' lang='lat' dir='ltr'><strong>illis</strong></span> 
     </span>
    </p>
   </div>
  </div>
