  <div class='ocr_page' id='page_1' title='image "/cluster/home/n/w/nwhite01/storage/ocr_20150623/64/hvd.32044073505125/198.png"; bbox 0 0 4090 6184; ppageno 0'>
   <div class='ocr_carea' id='block_1_1' title="bbox 383 336 493 393">
    <p class='ocr_par' dir='ltr' id='par_1_1' title="bbox 383 336 493 393">
     <span class='ocr_line' id='line_1_1' title="bbox 383 336 493 393; baseline 0 0"><span class='ocrx_word' id='word_1_1' title='bbox 383 336 493 393; x_wconf 85' lang='grc'><strong>385</strong></span> 
     </span>
    </p>
   </div>
   <div class='ocr_carea' id='block_1_2' title="bbox 1204 341 3010 405">
    <p class='ocr_par' dir='ltr' id='par_1_2' title="bbox 1204 341 3010 405">
     <span class='ocr_line' id='line_1_2' title="bbox 1204 341 3010 405; baseline 0.004 -11"><span class='ocrx_word' id='word_1_2' title='bbox 1204 344 1279 397; x_wconf 85' lang='lat' dir='ltr'><strong>IN</strong></span> <span class='ocrx_word' id='word_1_3' title='bbox 1316 344 1593 397; x_wconf 84' lang='lat' dir='ltr'><strong>LIBRUM</strong></span> <span class='ocrx_word' id='word_1_4' title='bbox 1628 343 1726 395; x_wconf 84' lang='lat' dir='ltr'>DE</span> <span class='ocrx_word' id='word_1_5' title='bbox 1764 341 2441 401; x_wconf 78' lang='grc' dir='ltr'><strong>ῙΝΤΕΒΡΒΕΤΑΤΙΟΝΕ</strong></span> <span class='ocrx_word' id='word_1_6' title='bbox 2477 348 2723 404; x_wconf 85' lang='lat' dir='ltr'><strong>EDITIO</strong></span> <span class='ocrx_word' id='word_1_7' title='bbox 2761 352 3010 405; x_wconf 83' lang='lat' dir='ltr'><strong>PRIMA.</strong></span> 
     </span>
    </p>
   </div>
   <div class='ocr_carea' id='block_1_3' title="bbox 3699 357 3805 411">
    <p class='ocr_par' dir='ltr' id='par_1_3' title="bbox 3699 357 3805 411">
     <span class='ocr_line' id='line_1_3' title="bbox 3699 357 3805 411; baseline 0 -1"><span class='ocrx_word' id='word_1_8' title='bbox 3699 357 3805 411; x_wconf 84' lang='lat'><strong>386</strong></span> 
     </span>
    </p>
   </div>
   <div class='ocr_carea' id='block_1_4' title="bbox 379 464 3805 545">
    <p class='ocr_par' dir='ltr' id='par_1_4' title="bbox 379 464 3805 545">
     <span class='ocr_line' id='line_1_4' title="bbox 379 464 3805 545; baseline 0.006 -27"><span class='ocrx_word' id='word_1_9' title='bbox 379 480 511 520; x_wconf 85' lang='lat' dir='ltr'><strong>vero</strong></span> <span class='ocrx_word' id='word_1_10' title='bbox 540 464 845 520; x_wconf 86' lang='lat' dir='ltr'><strong>contrariis</strong></span> <span class='ocrx_word' id='word_1_11' title='bbox 894 480 1014 534; x_wconf 84' lang='lat' dir='ltr'><strong>quae</strong></span> <span class='ocrx_word' id='word_1_12' title='bbox 1050 466 1239 521; x_wconf 82' lang='lat' dir='ltr'><strong>medio</strong></span> <span class='ocrx_word' id='word_1_13' title='bbox 1270 474 1494 535; x_wconf 70' lang='lat' dir='ltr'><strong>carent,</strong></span> <span class='ocrx_word' id='word_1_14' title='bbox 1554 465 1695 521; x_wconf 84' lang='lat' dir='ltr'><strong>nihil</strong></span> <span class='ocrx_word' id='word_1_15' title='bbox 1728 464 1919 520; x_wconf 76' lang='lat' dir='ltr'><strong>differt</strong></span> <span class='ocrx_word' id='word_1_16' title='bbox 1946 480 2041 521; x_wconf 90' lang='lat' dir='ltr'><strong>ne-</strong></span> <span class='ocrx_word' id='word_1_17' title='bbox 2073 466 2121 530; x_wconf 85' lang='grc' dir='ltr'><strong>Α</strong></span> <span class='ocrx_word' id='word_1_18' title='bbox 2157 468 2337 523; x_wconf 81' lang='lat' dir='ltr'><strong>tiones</strong></span> <span class='ocrx_word' id='word_1_19' title='bbox 2370 481 2500 528; x_wconf 91' lang='lat' dir='ltr'><strong>sunt</strong></span> <span class='ocrx_word' id='word_1_20' title='bbox 2531 474 2852 541; x_wconf 51' lang='lat' dir='ltr'><strong>contraria,</strong></span> <span class='ocrx_word' id='word_1_21' title='bbox 2892 490 3007 530; x_wconf 91' lang='lat' dir='ltr'><strong>non</strong></span> <span class='ocrx_word' id='word_1_22' title='bbox 3036 491 3101 530; x_wconf 93' lang='lat' dir='ltr'><strong>eo</strong></span> <span class='ocrx_word' id='word_1_23' title='bbox 3134 478 3287 545; x_wconf 87' lang='lat' dir='ltr'><strong>quod</strong></span> <span class='ocrx_word' id='word_1_24' title='bbox 3318 487 3451 535; x_wconf 85' lang='lat' dir='ltr'><strong>sunt</strong></span> <span class='ocrx_word' id='word_1_25' title='bbox 3483 483 3805 539; x_wconf 86' lang='lat' dir='ltr'><strong>contrario-</strong></span> 
     </span>
    </p>
   </div>
   <div class='ocr_carea' id='block_1_5' title="bbox 380 555 2040 624">
    <p class='ocr_par' dir='ltr' id='par_1_5' title="bbox 380 555 2040 624">
     <span class='ocr_line' id='line_1_5' title="bbox 380 555 2040 624; baseline 0.002 -17"><span class='ocrx_word' id='word_1_26' title='bbox 380 570 510 623; x_wconf 79' lang='lat' dir='ltr'><strong>gare</strong></span> <span class='ocrx_word' id='word_1_27' title='bbox 542 569 661 608; x_wconf 87' lang='lat' dir='ltr'><strong>rem</strong></span> <span class='ocrx_word' id='word_1_28' title='bbox 696 558 1065 624; x_wconf 82' lang='lat' dir='ltr'><strong>propositam,</strong></span> <span class='ocrx_word' id='word_1_29' title='bbox 1098 572 1170 610; x_wconf 93' lang='lat' dir='ltr'><strong>an</strong></span> <span class='ocrx_word' id='word_1_30' title='bbox 1204 556 1489 612; x_wconf 81' lang='lat' dir='ltr'><strong>affirmare</strong></span> <span class='ocrx_word' id='word_1_31' title='bbox 1521 556 1886 612; x_wconf 76' lang='lat' dir='ltr'><strong>contrariam.</strong></span> <span class='ocrx_word' id='word_1_32' title='bbox 1940 555 2040 611; x_wconf 88' lang='lat' dir='ltr'><strong>Ni-</strong></span> 
     </span>
    </p>
   </div>
   <div class='ocr_carea' id='block_1_6' title="bbox 384 642 2041 716">
    <p class='ocr_par' dir='ltr' id='par_1_6' title="bbox 384 642 2041 716">
     <span class='ocr_line' id='line_1_6' title="bbox 384 642 2041 716; baseline 0.002 -21"><span class='ocrx_word' id='word_1_33' title='bbox 384 642 465 695; x_wconf 87' lang='lat' dir='ltr'><strong>hil</strong></span> <span class='ocrx_word' id='word_1_34' title='bbox 494 644 653 697; x_wconf 88' lang='lat' dir='ltr'><strong>enim</strong></span> <span class='ocrx_word' id='word_1_35' title='bbox 682 642 867 698; x_wconf 81' lang='lat' dir='ltr'><strong>differt</strong></span> <span class='ocrx_word' id='word_1_36' title='bbox 915 644 1103 699; x_wconf 82' lang='lat' dir='ltr'><strong>dicere</strong></span> <span class='ocrx_word' id='word_1_37' title='bbox 1133 646 1285 700; x_wconf 89' lang='lat' dir='ltr'><strong>diem</strong></span> <span class='ocrx_word' id='word_1_38' title='bbox 1320 662 1433 701; x_wconf 91' lang='lat' dir='ltr'><strong>non</strong></span> <span class='ocrx_word' id='word_1_39' title='bbox 1488 662 1611 701; x_wconf 89' lang='lat' dir='ltr'><strong>esse</strong></span> <span class='ocrx_word' id='word_1_40' title='bbox 1644 661 1815 716; x_wconf 86' lang='lat' dir='ltr'><strong>quam</strong></span> <span class='ocrx_word' id='word_1_41' title='bbox 1849 646 2041 700; x_wconf 85' lang='lat' dir='ltr'><strong>dicere</strong></span> 
     </span>
    </p>
   </div>
   <div class='ocr_carea' id='block_1_7' title="bbox 386 733 2041 805">
    <p class='ocr_par' dir='ltr' id='par_1_7' title="bbox 386 733 2041 805">
     <span class='ocr_line' id='line_1_7' title="bbox 386 733 2041 805; baseline 0.002 -20"><span class='ocrx_word' id='word_1_42' title='bbox 386 736 608 786; x_wconf 89' lang='lat' dir='ltr'><strong>noctem</strong></span> <span class='ocrx_word' id='word_1_43' title='bbox 633 747 775 786; x_wconf 86' lang='lat' dir='ltr'><strong>esse.</strong></span> <span class='ocrx_word' id='word_1_44' title='bbox 815 733 927 788; x_wconf 91' lang='lat' dir='ltr'><strong>lloc</strong></span> <span class='ocrx_word' id='word_1_45' title='bbox 958 741 1039 787; x_wconf 85' lang='lat' dir='ltr'><strong>est</strong></span> <span class='ocrx_word' id='word_1_46' title='bbox 1069 734 1223 788; x_wconf 82' lang='lat' dir='ltr'><strong>enim</strong></span> <span class='ocrx_word' id='word_1_47' title='bbox 1248 735 1397 789; x_wconf 89' lang='lat' dir='ltr'><strong>diem</strong></span> <span class='ocrx_word' id='word_1_48' title='bbox 1432 752 1544 789; x_wconf 88' lang='lat' dir='ltr'><strong>non</strong></span> <span class='ocrx_word' id='word_1_49' title='bbox 1570 751 1712 804; x_wconf 88' lang='lat' dir='ltr'><strong>esse,</strong></span> <span class='ocrx_word' id='word_1_50' title='bbox 1740 736 1883 805; x_wconf 88' lang='lat' dir='ltr'><strong>quod</strong></span> <span class='ocrx_word' id='word_1_51' title='bbox 1919 750 2041 790; x_wconf 88' lang='lat' dir='ltr'><strong>esse</strong></span> 
     </span>
    </p>
   </div>
   <div class='ocr_carea' id='block_1_8' title="bbox 383 821 2037 895">
    <p class='ocr_par' dir='ltr' id='par_1_8' title="bbox 383 821 2037 895">
     <span class='ocr_line' id='line_1_8' title="bbox 383 821 2037 895; baseline 0.001 -19"><span class='ocrx_word' id='word_1_52' title='bbox 383 828 632 876; x_wconf 89' lang='lat' dir='ltr'><strong>noctem.</strong></span> <span class='ocrx_word' id='word_1_53' title='bbox 691 821 845 876; x_wconf 87' lang='lat' dir='ltr'><strong>Nihil</strong></span> <span class='ocrx_word' id='word_1_54' title='bbox 914 823 1067 876; x_wconf 87' lang='lat' dir='ltr'><strong>enim</strong></span> <span class='ocrx_word' id='word_1_55' title='bbox 1116 832 1197 877; x_wconf 88' lang='lat' dir='ltr'><strong>est</strong></span> <span class='ocrx_word' id='word_1_56' title='bbox 1228 824 1377 879; x_wconf 86' lang='lat' dir='ltr'><strong>inter</strong></span> <span class='ocrx_word' id='word_1_57' title='bbox 1407 830 1635 880; x_wconf 83' lang='lat' dir='ltr'><strong>noctem</strong></span> <span class='ocrx_word' id='word_1_58' title='bbox 1666 829 1834 895; x_wconf 86' lang='lat' dir='ltr'><strong>atque</strong></span> <span class='ocrx_word' id='word_1_59' title='bbox 1866 825 2037 879; x_wconf 91' lang='lat' dir='ltr'><strong>diem.</strong></span> 
     </span>
    </p>
   </div>
   <div class='ocr_carea' id='block_1_9' title="bbox 378 908 2039 984">
    <p class='ocr_par' dir='ltr' id='par_1_9' title="bbox 378 908 2039 984">
     <span class='ocr_line' id='line_1_9' title="bbox 378 908 2039 984; baseline 0.005 -22"><span class='ocrx_word' id='word_1_60' title='bbox 378 908 525 977; x_wconf 79' lang='lat' dir='ltr'><strong>Ergo</strong></span> <span class='ocrx_word' id='word_1_61' title='bbox 557 910 616 963; x_wconf 91' lang='lat' dir='ltr'><strong>in</strong></span> <span class='ocrx_word' id='word_1_62' title='bbox 652 909 745 964; x_wconf 86' lang='lat' dir='ltr'><strong>bis</strong></span> <span class='ocrx_word' id='word_1_63' title='bbox 765 910 1067 966; x_wconf 78' lang='lat' dir='ltr'><strong>affirmatio</strong></span> <span class='ocrx_word' id='word_1_64' title='bbox 1116 914 1383 968; x_wconf 84' lang='lat' dir='ltr'><strong>contrarii</strong></span> <span class='ocrx_word' id='word_1_65' title='bbox 1410 913 1556 969; x_wconf 88' lang='lat' dir='ltr'><strong>idem</strong></span> <span class='ocrx_word' id='word_1_66' title='bbox 1589 913 1755 982; x_wconf 84' lang='lat' dir='ltr'><strong>valet,</strong></span> <span class='ocrx_word' id='word_1_67' title='bbox 1782 914 1930 984; x_wconf 89' lang='lat' dir='ltr'><strong>quod</strong></span> <span class='ocrx_word' id='word_1_68' title='bbox 1959 916 2039 970; x_wconf 90' lang='lat' dir='ltr'><strong>rei</strong></span> 
     </span>
    </p>
   </div>
   <div class='ocr_carea' id='block_1_10' title="bbox 380 996 2037 1071">
    <p class='ocr_par' dir='ltr' id='par_1_10' title="bbox 380 996 2037 1071">
     <span class='ocr_line' id='line_1_10' title="bbox 380 996 2037 1071; baseline 0.003 -20"><span class='ocrx_word' id='word_1_69' title='bbox 380 996 689 1068; x_wconf 65' lang='lat' dir='ltr'><strong>pr0posita:</strong></span> <span class='ocrx_word' id='word_1_70' title='bbox 716 1000 939 1065; x_wconf 80' lang='lat' dir='ltr'><strong>negatio</strong></span> <span class='ocrx_word' id='word_1_71' title='bbox 973 1018 986 1066; x_wconf 88' lang='lat'><strong>;</strong></span> <span class='ocrx_word' id='word_1_72' title='bbox 1016 1016 1148 1071; x_wconf 82' lang='lat' dir='ltr'><strong>ergo</strong></span> <span class='ocrx_word' id='word_1_73' title='bbox 1178 1016 1329 1055; x_wconf 85' lang='lat' dir='ltr'><strong>nunc</strong></span> <span class='ocrx_word' id='word_1_74' title='bbox 1363 1001 1469 1057; x_wconf 88' lang='lat' dir='ltr'><strong>hoc</strong></span> <span class='ocrx_word' id='word_1_75' title='bbox 1500 1003 1635 1057; x_wconf 90' lang='lat' dir='ltr'><strong>dicit</strong></span> <span class='ocrx_word' id='word_1_76' title='bbox 1671 1020 1682 1055; x_wconf 92' lang='lat'><strong>:</strong></span> <span class='ocrx_word' id='word_1_77' title='bbox 1719 1003 1944 1057; x_wconf 85' lang='lat' dir='ltr'><strong>etiamsi</strong></span> <span class='ocrx_word' id='word_1_78' title='bbox 1979 1002 2037 1056; x_wconf 88' lang='lat' dir='ltr'><strong>in</strong></span> 
     </span>
    </p>
   </div>
   <div class='ocr_carea' id='block_1_11' title="bbox 380 1085 2034 1161">
    <p class='ocr_par' dir='ltr' id='par_1_11' title="bbox 380 1085 2034 1161">
     <span class='ocr_line' id='line_1_11' title="bbox 380 1085 2034 1161; baseline 0.003 -21"><span class='ocrx_word' id='word_1_79' title='bbox 380 1085 697 1155; x_wconf 82' lang='lat' dir='ltr'><strong>aliquibus,</strong></span> <span class='ocrx_word' id='word_1_80' title='bbox 755 1088 963 1158; x_wconf 83' lang='lat' dir='ltr'><strong>inquit,</strong></span> <span class='ocrx_word' id='word_1_81' title='bbox 995 1088 1136 1145; x_wconf 81' lang='lat' dir='ltr'><strong>tales</strong></span> <span class='ocrx_word' id='word_1_82' title='bbox 1176 1092 1590 1161; x_wconf 83' lang='lat' dir='ltr'><strong>prepositiones</strong></span> <span class='ocrx_word' id='word_1_83' title='bbox 1646 1092 2034 1160; x_wconf 89' lang='lat' dir='ltr'><strong>inveniuntur,</strong></span> 
     </span>
    </p>
   </div>
   <div class='ocr_carea' id='block_1_12' title="bbox 382 1177 2039 1248">
    <p class='ocr_par' dir='ltr' id='par_1_12' title="bbox 382 1177 2039 1248">
     <span class='ocr_line' id='line_1_12' title="bbox 382 1177 2039 1248; baseline 0.005 -19"><span class='ocrx_word' id='word_1_84' title='bbox 382 1179 443 1229; x_wconf 87' lang='lat' dir='ltr'><strong>ut</strong></span> <span class='ocrx_word' id='word_1_85' title='bbox 474 1185 525 1230; x_wconf 91' lang='lat' dir='ltr'><strong>et</strong></span> <span class='ocrx_word' id='word_1_86' title='bbox 561 1177 786 1245; x_wconf 79' lang='lat' dir='ltr'><strong>negatio</strong></span> <span class='ocrx_word' id='word_1_87' title='bbox 836 1178 915 1231; x_wconf 89' lang='lat' dir='ltr'><strong>rei</strong></span> <span class='ocrx_word' id='word_1_88' title='bbox 970 1182 1293 1248; x_wconf 77' lang='lat' dir='ltr'><strong>propositae,</strong></span> <span class='ocrx_word' id='word_1_89' title='bbox 1327 1187 1380 1234; x_wconf 91' lang='lat' dir='ltr'><strong>et</strong></span> <span class='ocrx_word' id='word_1_90' title='bbox 1412 1180 1713 1236; x_wconf 82' lang='lat' dir='ltr'><strong>aflirmatio</strong></span> <span class='ocrx_word' id='word_1_91' title='bbox 1767 1183 2039 1237; x_wconf 78' lang='lat' dir='ltr'><strong>contrarii</strong></span> 
     </span>
    </p>
   </div>
   <div class='ocr_carea' id='block_1_13' title="bbox 383 1265 2029 1337">
    <p class='ocr_par' dir='ltr' id='par_1_13' title="bbox 383 1265 2029 1337">
     <span class='ocr_line' id='line_1_13' title="bbox 383 1265 2029 1337; baseline 0.004 -19"><span class='ocrx_word' id='word_1_92' title='bbox 383 1265 535 1319; x_wconf 84' lang='lat' dir='ltr'><strong>idern</strong></span> <span class='ocrx_word' id='word_1_93' title='bbox 566 1265 770 1331; x_wconf 82' lang='lat' dir='ltr'><strong>valeat,</strong></span> <span class='ocrx_word' id='word_1_94' title='bbox 795 1274 847 1320; x_wconf 92' lang='lat' dir='ltr'><strong>et</strong></span> <span class='ocrx_word' id='word_1_95' title='bbox 878 1267 991 1321; x_wconf 89' lang='lat' dir='ltr'><strong>sint</strong></span> <span class='ocrx_word' id='word_1_96' title='bbox 1019 1282 1146 1321; x_wconf 82' lang='lat' dir='ltr'><strong>unae</strong></span> <span class='ocrx_word' id='word_1_97' title='bbox 1176 1267 1615 1335; x_wconf 75' lang='lat' dir='ltr'><strong>significatione.</strong></span> <span class='ocrx_word' id='word_1_98' title='bbox 1648 1273 2029 1337; x_wconf 58' lang='lat' dir='ltr'><strong>Quaerendum</strong></span> 
     </span>
    </p>
   </div>
   <div class='ocr_carea' id='block_1_14' title="bbox 375 1355 2035 1429">
    <p class='ocr_par' dir='ltr' id='par_1_14' title="bbox 375 1355 2035 1429">
     <span class='ocr_line' id='line_1_14' title="bbox 375 1355 2035 1429; baseline 0.002 -20"><span class='ocrx_word' id='word_1_99' title='bbox 375 1360 457 1409; x_wconf 84' lang='lat' dir='ltr'><strong>est</strong></span> <span class='ocrx_word' id='word_1_100' title='bbox 490 1355 817 1408; x_wconf 87' lang='lat' dir='ltr'><strong>secundum</strong></span> <span class='ocrx_word' id='word_1_101' title='bbox 850 1371 1020 1425; x_wconf 84' lang='lat' dir='ltr'><strong>quam</strong></span> <span class='ocrx_word' id='word_1_102' title='bbox 1049 1357 1505 1413; x_wconf 88' lang='lat' dir='ltr'><strong>enuntiationem</strong></span> <span class='ocrx_word' id='word_1_103' title='bbox 1530 1360 1837 1429; x_wconf 85' lang='lat' dir='ltr'><strong>prepositio</strong></span> <span class='ocrx_word' id='word_1_104' title='bbox 1860 1360 2035 1429; x_wconf 76' lang='lat' dir='ltr'><strong>magis</strong></span> 
     </span>
    </p>
   </div>
   <div class='ocr_carea' id='block_1_15' title="bbox 374 1444 2034 1517">
    <p class='ocr_par' dir='ltr' id='par_1_15' title="bbox 374 1444 2034 1517">
     <span class='ocr_line' id='line_1_15' title="bbox 374 1444 2034 1517; baseline 0.003 -19"><span class='ocrx_word' id='word_1_105' title='bbox 374 1448 456 1498; x_wconf 83' lang='lat' dir='ltr'><strong>est</strong></span> <span class='ocrx_word' id='word_1_106' title='bbox 488 1444 797 1511; x_wconf 89' lang='lat' dir='ltr'><strong>contraria,</strong></span> <span class='ocrx_word' id='word_1_107' title='bbox 832 1461 904 1498; x_wconf 85' lang='lat' dir='ltr'><strong>an</strong></span> <span class='ocrx_word' id='word_1_108' title='bbox 939 1446 1258 1499; x_wconf 90' lang='lat' dir='ltr'><strong>secundum</strong></span> <span class='ocrx_word' id='word_1_109' title='bbox 1291 1462 1413 1501; x_wconf 86' lang='lat' dir='ltr'><strong>eam</strong></span> <span class='ocrx_word' id='word_1_110' title='bbox 1448 1464 1571 1517; x_wconf 70' lang='lat' dir='ltr'><strong>quae</strong></span> <span class='ocrx_word' id='word_1_111' title='bbox 1598 1448 1731 1503; x_wconf 86' lang='lat' dir='ltr'><strong>dicit</strong></span> <span class='ocrx_word' id='word_1_112' title='bbox 1767 1465 1880 1503; x_wconf 91' lang='lat' dir='ltr'><strong>non</strong></span> <span class='ocrx_word' id='word_1_113' title='bbox 1914 1465 2034 1503; x_wconf 83' lang='lat' dir='ltr'><strong>esse</strong></span> 
     </span>
    </p>
   </div>
   <div class='ocr_carea' id='block_1_16' title="bbox 373 1532 2029 1605">
    <p class='ocr_par' dir='ltr' id='par_1_16' title="bbox 373 1532 2029 1605">
     <span class='ocr_line' id='line_1_16' title="bbox 373 1532 2029 1605; baseline 0.005 -20"><span class='ocrx_word' id='word_1_114' title='bbox 373 1532 550 1597; x_wconf 88' lang='lat' dir='ltr'><strong>diem,</strong></span> <span class='ocrx_word' id='word_1_115' title='bbox 580 1548 655 1586; x_wconf 88' lang='lat' dir='ltr'><strong>an</strong></span> <span class='ocrx_word' id='word_1_116' title='bbox 688 1533 1002 1587; x_wconf 76' lang='lat' dir='ltr'><strong>secundum</strong></span> <span class='ocrx_word' id='word_1_117' title='bbox 1036 1550 1159 1588; x_wconf 89' lang='lat' dir='ltr'><strong>eam</strong></span> <span class='ocrx_word' id='word_1_118' title='bbox 1188 1551 1312 1604; x_wconf 81' lang='lat' dir='ltr'><strong>quae</strong></span> <span class='ocrx_word' id='word_1_119' title='bbox 1344 1537 1608 1605; x_wconf 83' lang='lat' dir='ltr'><strong>proponit</strong></span> <span class='ocrx_word' id='word_1_120' title='bbox 1632 1553 1753 1592; x_wconf 86' lang='lat' dir='ltr'><strong>esse</strong></span> <span class='ocrx_word' id='word_1_121' title='bbox 1785 1547 2029 1593; x_wconf 88' lang='lat' dir='ltr'><strong>noctem.</strong></span> 
     </span>
    </p>
   </div>
   <div class='ocr_carea' id='block_1_17' title="bbox 374 1622 2031 1697">
    <p class='ocr_par' dir='ltr' id='par_1_17' title="bbox 374 1622 2031 1697">
     <span class='ocr_line' id='line_1_17' title="bbox 374 1622 2031 1697; baseline 0.004 -24"><span class='ocrx_word' id='word_1_122' title='bbox 374 1622 843 1690; x_wconf 76' lang='lat' dir='ltr'><strong>lnvestigandum</strong></span> <span class='ocrx_word' id='word_1_123' title='bbox 906 1622 1077 1689; x_wconf 82' lang='lat' dir='ltr'><strong>igitur</strong></span> <span class='ocrx_word' id='word_1_124' title='bbox 1126 1630 1212 1678; x_wconf 90' lang='lat' dir='ltr'><strong>est</strong></span> <span class='ocrx_word' id='word_1_125' title='bbox 1264 1641 1387 1695; x_wconf 80' lang='lat' dir='ltr'><strong>quae</strong></span> <span class='ocrx_word' id='word_1_126' title='bbox 1441 1625 1665 1695; x_wconf 86' lang='lat' dir='ltr'><strong>harum,</strong></span> <span class='ocrx_word' id='word_1_127' title='bbox 1701 1642 2031 1697; x_wconf 89' lang='lat' dir='ltr'><strong>quanquam</strong></span> 
     </span>
    </p>
   </div>
   <div class='ocr_carea' id='block_1_18' title="bbox 378 1711 2033 1786">
    <p class='ocr_par' dir='ltr' id='par_1_18' title="bbox 378 1711 2033 1786">
     <span class='ocr_line' id='line_1_18' title="bbox 378 1711 2033 1786; baseline 0.004 -23"><span class='ocrx_word' id='word_1_128' title='bbox 378 1726 559 1764; x_wconf 89' lang='lat' dir='ltr'><strong>unum</strong></span> <span class='ocrx_word' id='word_1_129' title='bbox 595 1718 829 1782; x_wconf 79' lang='lat' dir='ltr'><strong>utraque</strong></span> <span class='ocrx_word' id='word_1_130' title='bbox 861 1711 1161 1781; x_wconf 71' lang='lat' dir='ltr'><strong>signiﬁcet,</strong></span> <span class='ocrx_word' id='word_1_131' title='bbox 1188 1714 1371 1785; x_wconf 83' lang='lat' dir='ltr'><strong>magis</strong></span> <span class='ocrx_word' id='word_1_132' title='bbox 1396 1722 1479 1770; x_wconf 87' lang='lat' dir='ltr'><strong>est</strong></span> <span class='ocrx_word' id='word_1_133' title='bbox 1510 1715 1792 1770; x_wconf 87' lang='lat' dir='ltr'><strong>contraria</strong></span> <span class='ocrx_word' id='word_1_134' title='bbox 1823 1716 1872 1770; x_wconf 92' lang='lat' dir='ltr'><strong>ei</strong></span> <span class='ocrx_word' id='word_1_135' title='bbox 1907 1733 2033 1786; x_wconf 69' lang='lat' dir='ltr'><strong>qua:</strong></span> 
     </span>
    </p>
   </div>
   <div class='ocr_carea' id='block_1_19' title="bbox 2152 563 3803 640">
    <p class='ocr_par' dir='ltr' id='par_1_19' title="bbox 2152 563 3803 640">
     <span class='ocr_line' id='line_1_19' title="bbox 2152 563 3803 640; baseline 0.009 -28"><span class='ocrx_word' id='word_1_136' title='bbox 2152 574 2298 625; x_wconf 90' lang='lat' dir='ltr'><strong>rum,</strong></span> <span class='ocrx_word' id='word_1_137' title='bbox 2334 563 2427 615; x_wconf 89' lang='lat' dir='ltr'><strong>sed</strong></span> <span class='ocrx_word' id='word_1_138' title='bbox 2454 564 2638 632; x_wconf 80' lang='lat' dir='ltr'><strong>potius</strong></span> <span class='ocrx_word' id='word_1_139' title='bbox 2661 580 2724 618; x_wconf 86' lang='lat' dir='ltr'><strong>eo</strong></span> <span class='ocrx_word' id='word_1_140' title='bbox 2756 564 2905 634; x_wconf 91' lang='lat' dir='ltr'><strong>quod</strong></span> <span class='ocrx_word' id='word_1_141' title='bbox 2931 565 2999 620; x_wconf 89' lang='lat' dir='ltr'><strong>de</strong></span> <span class='ocrx_word' id='word_1_142' title='bbox 3034 580 3146 619; x_wconf 90' lang='lat' dir='ltr'><strong>uno</strong></span> <span class='ocrx_word' id='word_1_143' title='bbox 3205 568 3521 638; x_wconf 88' lang='lat' dir='ltr'><strong>eodemque</strong></span> <span class='ocrx_word' id='word_1_144' title='bbox 3551 569 3803 640; x_wconf 86' lang='lat' dir='ltr'><strong>subjecto</strong></span> 
     </span>
    </p>
   </div>
   <div class='ocr_carea' id='block_1_20' title="bbox 2151 653 3796 729">
    <p class='ocr_par' dir='ltr' id='par_1_20' title="bbox 2151 653 3796 729">
     <span class='ocr_line' id='line_1_20' title="bbox 2151 653 3796 729; baseline 0.009 -26"><span class='ocrx_word' id='word_1_145' title='bbox 2151 653 2446 705; x_wconf 69' lang='lat' dir='ltr'><strong>contrariae</strong></span> <span class='ocrx_word' id='word_1_146' title='bbox 2480 654 2869 721; x_wconf 68' lang='lat' dir='ltr'><strong>suspicantur,</strong></span> <span class='ocrx_word' id='word_1_147' title='bbox 2924 661 2981 707; x_wconf 87' lang='lat' dir='ltr'><strong>ut</strong></span> <span class='ocrx_word' id='word_1_148' title='bbox 3013 654 3059 708; x_wconf 89' lang='lat' dir='ltr'><strong>si</strong></span> <span class='ocrx_word' id='word_1_149' title='bbox 3094 654 3219 723; x_wconf 89' lang='lat' dir='ltr'><strong>quis</strong></span> <span class='ocrx_word' id='word_1_150' title='bbox 3263 656 3332 710; x_wconf 92' lang='lat' dir='ltr'><strong>de</strong></span> <span class='ocrx_word' id='word_1_151' title='bbox 3368 656 3517 713; x_wconf 88' lang='lat' dir='ltr'><strong>bono</strong></span> <span class='ocrx_word' id='word_1_152' title='bbox 3551 661 3796 729; x_wconf 88' lang='lat' dir='ltr'><strong>suspice-</strong></span> 
     </span>
    </p>
   </div>
   <div class='ocr_carea' id='block_1_21' title="bbox 2153 740 3799 811">
    <p class='ocr_par' dir='ltr' id='par_1_21' title="bbox 2153 740 3799 811">
     <span class='ocr_line' id='line_1_21' title="bbox 2153 740 3799 811; baseline 0.009 -21"><span class='ocrx_word' id='word_1_153' title='bbox 2153 744 2243 792; x_wconf 88' lang='lat' dir='ltr'><strong>tur</strong></span> <span class='ocrx_word' id='word_1_154' title='bbox 2292 740 2564 810; x_wconf 82' lang='lat' dir='ltr'><strong>quoniam</strong></span> <span class='ocrx_word' id='word_1_155' title='bbox 2602 741 2810 796; x_wconf 91' lang='lat' dir='ltr'><strong>bonum</strong></span> <span class='ocrx_word' id='word_1_156' title='bbox 2846 750 2950 811; x_wconf 86' lang='lat' dir='ltr'><strong>est,</strong></span> <span class='ocrx_word' id='word_1_157' title='bbox 2985 751 3036 797; x_wconf 92' lang='lat' dir='ltr'><strong>et</strong></span> <span class='ocrx_word' id='word_1_158' title='bbox 3068 759 3262 798; x_wconf 88' lang='lat' dir='ltr'><strong>rursus</strong></span> <span class='ocrx_word' id='word_1_159' title='bbox 3297 745 3445 799; x_wconf 87' lang='lat' dir='ltr'><strong>alius</strong></span> <span class='ocrx_word' id='word_1_160' title='bbox 3494 748 3562 802; x_wconf 88' lang='lat' dir='ltr'><strong>de</strong></span> <span class='ocrx_word' id='word_1_161' title='bbox 3601 752 3799 804; x_wconf 87' lang='lat' dir='ltr'><strong>eodem</strong></span> 
     </span>
    </p>
   </div>
   <div class='ocr_carea' id='block_1_22' title="bbox 2151 826 3798 908">
    <p class='ocr_par' dir='ltr' id='par_1_22' title="bbox 2151 826 3798 908">
     <span class='ocr_line' id='line_1_22' title="bbox 2151 826 3798 908; baseline 0.006 -26"><span class='ocrx_word' id='word_1_162' title='bbox 2151 826 2299 882; x_wconf 90' lang='lat' dir='ltr'><strong>bono</strong></span> <span class='ocrx_word' id='word_1_163' title='bbox 2331 831 2598 898; x_wconf 90' lang='lat' dir='ltr'><strong>quoniam</strong></span> <span class='ocrx_word' id='word_1_164' title='bbox 2634 830 2846 884; x_wconf 86' lang='lat' dir='ltr'><strong>malum</strong></span> <span class='ocrx_word' id='word_1_165' title='bbox 2882 838 2984 895; x_wconf 85' lang='lat' dir='ltr'><strong>est,</strong></span> <span class='ocrx_word' id='word_1_166' title='bbox 3034 833 3150 887; x_wconf 82' lang='lat' dir='ltr'><strong>haec</strong></span> <span class='ocrx_word' id='word_1_167' title='bbox 3182 842 3331 888; x_wconf 89' lang='lat' dir='ltr'><strong>sunt</strong></span> <span class='ocrx_word' id='word_1_168' title='bbox 3362 837 3643 891; x_wconf 87' lang='lat' dir='ltr'><strong>contraria</strong></span> <span class='ocrx_word' id='word_1_169' title='bbox 3676 854 3798 908; x_wconf 68' lang='lat' dir='ltr'><strong>quae</strong></span> 
     </span>
    </p>
   </div>
   <div class='ocr_carea' id='block_1_23' title="bbox 2150 918 3803 997">
    <p class='ocr_par' dir='ltr' id='par_1_23' title="bbox 2150 918 3803 997">
     <span class='ocr_line' id='line_1_23' title="bbox 2150 918 3803 997; baseline 0.009 -30"><span class='ocrx_word' id='word_1_170' title='bbox 2150 931 2292 971; x_wconf 66' lang='lat' dir='ltr'><strong>verae</strong></span> <span class='ocrx_word' id='word_1_171' title='bbox 2315 918 2485 973; x_wconf 89' lang='lat' dir='ltr'><strong>simul</strong></span> <span class='ocrx_word' id='word_1_172' title='bbox 2518 934 2638 974; x_wconf 86' lang='lat' dir='ltr'><strong>esse</strong></span> <span class='ocrx_word' id='word_1_173' title='bbox 2671 936 2784 973; x_wconf 90' lang='lat' dir='ltr'><strong>non</strong></span> <span class='ocrx_word' id='word_1_174' title='bbox 2818 929 3074 988; x_wconf 80' lang='lat' dir='ltr'><strong>possunt.</strong></span> <span class='ocrx_word' id='word_1_175' title='bbox 3110 921 3171 975; x_wconf 86' lang='lat' dir='ltr'><strong>Et</strong></span> <span class='ocrx_word' id='word_1_176' title='bbox 3209 923 3276 976; x_wconf 89' lang='lat' dir='ltr'><strong>de</strong></span> <span class='ocrx_word' id='word_1_177' title='bbox 3309 924 3505 978; x_wconf 88' lang='lat' dir='ltr'><strong>eodem</strong></span> <span class='ocrx_word' id='word_1_178' title='bbox 3524 925 3803 997; x_wconf 84' lang='lat' dir='ltr'><strong>subjecto,</strong></span> 
     </span>
    </p>
   </div>
   <div class='ocr_carea' id='block_1_24' title="bbox 2150 1004 3802 1083">
    <p class='ocr_par' dir='ltr' id='par_1_24' title="bbox 2150 1004 3802 1083">
     <span class='ocr_line' id='line_1_24' title="bbox 2150 1004 3802 1083; baseline 0.008 -26"><span class='ocrx_word' id='word_1_179' title='bbox 2150 1004 2207 1058; x_wconf 91' lang='lat' dir='ltr'><strong>id</strong></span> <span class='ocrx_word' id='word_1_180' title='bbox 2240 1013 2325 1060; x_wconf 84' lang='lat' dir='ltr'><strong>est</strong></span> <span class='ocrx_word' id='word_1_181' title='bbox 2382 1006 2550 1073; x_wconf 90' lang='lat' dir='ltr'><strong>bono,</strong></span> <span class='ocrx_word' id='word_1_182' title='bbox 2594 1023 2749 1062; x_wconf 91' lang='lat' dir='ltr'><strong>nunc</strong></span> <span class='ocrx_word' id='word_1_183' title='bbox 2813 1009 2979 1075; x_wconf 89' lang='lat' dir='ltr'><strong>bene,</strong></span> <span class='ocrx_word' id='word_1_184' title='bbox 3048 1026 3207 1066; x_wconf 90' lang='lat' dir='ltr'><strong>nunc</strong></span> <span class='ocrx_word' id='word_1_185' title='bbox 3258 1027 3391 1068; x_wconf 87' lang='lat' dir='ltr'><strong>vero</strong></span> <span class='ocrx_word' id='word_1_186' title='bbox 3434 1014 3602 1083; x_wconf 86' lang='lat' dir='ltr'><strong>male,</strong></span> <span class='ocrx_word' id='word_1_187' title='bbox 3636 1015 3687 1068; x_wconf 87' lang='lat' dir='ltr'><strong>id</strong></span> <span class='ocrx_word' id='word_1_188' title='bbox 3722 1024 3802 1070; x_wconf 89' lang='lat' dir='ltr'><strong>est</strong></span> 
     </span>
    </p>
   </div>
   <div class='ocr_carea' id='block_1_25' title="bbox 2148 1094 2854 1165">
    <p class='ocr_par' dir='ltr' id='par_1_25' title="bbox 2148 1094 2854 1165">
     <span class='ocr_line' id='line_1_25' title="bbox 2148 1094 2854 1165; baseline 0.004 -19"><span class='ocrx_word' id='word_1_189' title='bbox 2148 1094 2448 1149; x_wconf 79' lang='lat' dir='ltr'><strong>contrariae</strong></span> <span class='ocrx_word' id='word_1_190' title='bbox 2475 1096 2854 1165; x_wconf 81' lang='lat' dir='ltr'><strong>suspicantur.</strong></span> 
     </span>
    </p>
   </div>
   <div class='ocr_carea' id='block_1_26' title="bbox 2215 1201 3792 1275">
    <p class='ocr_par' dir='ltr' id='par_1_26' title="bbox 2215 1201 3792 1275">
     <span class='ocr_line' id='line_1_26' title="bbox 2215 1201 3792 1275; baseline 0.006 -22"><span class='ocrx_word' id='word_1_191' title='bbox 2215 1201 2277 1253; x_wconf 84' lang='lat' dir='ltr'><strong>Si</strong></span> <span class='ocrx_word' id='word_1_192' title='bbox 2303 1216 2431 1267; x_wconf 87' lang='lat' dir='ltr'><strong>ergo</strong></span> <span class='ocrx_word' id='word_1_193' title='bbox 2463 1201 2608 1270; x_wconf 86' lang='lat' dir='ltr'><strong>boni,</strong></span> <span class='ocrx_word' id='word_1_194' title='bbox 2641 1203 2899 1271; x_wconf 87' lang='lat' dir='ltr'><strong>quoniam</strong></span> <span class='ocrx_word' id='word_1_195' title='bbox 2936 1202 3131 1257; x_wconf 86' lang='lat' dir='ltr'><strong>bonum</strong></span> <span class='ocrx_word' id='word_1_196' title='bbox 3164 1207 3258 1273; x_wconf 83' lang='lat' dir='ltr'><strong>est,</strong></span> <span class='ocrx_word' id='word_1_197' title='bbox 3292 1207 3534 1275; x_wconf 75' lang='lat' dir='ltr'><strong>opinatio</strong></span> <span class='ocrx_word' id='word_1_198' title='bbox 3555 1208 3792 1274; x_wconf 76' lang='lat' dir='ltr'><strong>es!,alia</strong></span> 
     </span>
    </p>
   </div>
   <div class='ocr_carea' id='block_1_27' title="bbox 2144 1291 3792 1366">
    <p class='ocr_par' dir='ltr' id='par_1_27' title="bbox 2144 1291 3792 1366">
     <span class='ocr_line' id='line_1_27' title="bbox 2144 1291 3792 1366; baseline 0.007 -26"><span class='ocrx_word' id='word_1_199' title='bbox 2144 1302 2291 1351; x_wconf 86' lang='lat' dir='ltr'><strong>vero,</strong></span> <span class='ocrx_word' id='word_1_200' title='bbox 2323 1291 2591 1358; x_wconf 76' lang='lat' dir='ltr'><strong>quoniam</strong></span> <span class='ocrx_word' id='word_1_201' title='bbox 2622 1305 2730 1343; x_wconf 85' lang='lat' dir='ltr'><strong>non</strong></span> <span class='ocrx_word' id='word_1_202' title='bbox 2763 1293 2843 1343; x_wconf 82' lang='lat' dir='ltr'><strong>est</strong></span> <span class='ocrx_word' id='word_1_203' title='bbox 2876 1292 3095 1344; x_wconf 81' lang='lat' dir='ltr'><strong>bonum.</strong></span> <span class='ocrx_word' id='word_1_204' title='bbox 3135 1296 3225 1346; x_wconf 81' lang='lat' dir='ltr'><strong>Est</strong></span> <span class='ocrx_word' id='word_1_205' title='bbox 3255 1310 3379 1348; x_wconf 85' lang='lat' dir='ltr'><strong>vero</strong></span> <span class='ocrx_word' id='word_1_206' title='bbox 3410 1299 3463 1348; x_wconf 77' lang='lat' dir='ltr'><strong>et</strong></span> <span class='ocrx_word' id='word_1_207' title='bbox 3495 1294 3616 1349; x_wconf 87' lang='lat' dir='ltr'><strong>alia</strong></span> <span class='ocrx_word' id='word_1_208' title='bbox 3658 1312 3792 1366; x_wconf 88' lang='lat' dir='ltr'><strong>quo-</strong></span> 
     </span>
    </p>
   </div>
   <div class='ocr_carea' id='block_1_28' title="bbox 2143 1376 3797 1455">
    <p class='ocr_par' dir='ltr' id='par_1_28' title="bbox 2143 1376 3797 1455">
     <span class='ocr_line' id='line_1_28' title="bbox 2143 1376 3797 1455; baseline 0.007 -27"><span class='ocrx_word' id='word_1_209' title='bbox 2143 1378 2299 1429; x_wconf 80' lang='lat' dir='ltr'><strong>niam</strong></span> <span class='ocrx_word' id='word_1_210' title='bbox 2329 1376 2491 1431; x_wconf 80' lang='lat' dir='ltr'><strong>aliud</strong></span> <span class='ocrx_word' id='word_1_211' title='bbox 2521 1378 2736 1447; x_wconf 83' lang='lat' dir='ltr'><strong>aliquid</strong></span> <span class='ocrx_word' id='word_1_212' title='bbox 2766 1388 2862 1445; x_wconf 81' lang='lat' dir='ltr'><strong>est,</strong></span> <span class='ocrx_word' id='word_1_213' title='bbox 2897 1379 3041 1449; x_wconf 85' lang='lat' dir='ltr'><strong>quod</strong></span> <span class='ocrx_word' id='word_1_214' title='bbox 3087 1396 3195 1434; x_wconf 81' lang='lat' dir='ltr'><strong>non</strong></span> <span class='ocrx_word' id='word_1_215' title='bbox 3250 1387 3349 1451; x_wconf 86' lang='lat' dir='ltr'><strong>est,</strong></span> <span class='ocrx_word' id='word_1_216' title='bbox 3409 1400 3582 1454; x_wconf 80' lang='lat' dir='ltr'><strong>neque</strong></span> <span class='ocrx_word' id='word_1_217' title='bbox 3623 1389 3797 1455; x_wconf 78' lang='lat' dir='ltr'><strong>potest</strong></span> 
     </span>
    </p>
   </div>
   <div class='ocr_carea' id='block_1_29' title="bbox 2145 1467 3799 1545">
    <p class='ocr_par' dir='ltr' id='par_1_29' title="bbox 2145 1467 3799 1545">
     <span class='ocr_line' id='line_1_29' title="bbox 2145 1467 3799 1545; baseline 0.006 -25"><span class='ocrx_word' id='word_1_218' title='bbox 2145 1482 2279 1520; x_wconf 79' lang='lat' dir='ltr'><strong>esse.</strong></span> <span class='ocrx_word' id='word_1_219' title='bbox 2315 1467 2568 1522; x_wconf 74' lang='lat' dir='ltr'><strong>Aliarum</strong></span> <span class='ocrx_word' id='word_1_220' title='bbox 2600 1468 2818 1539; x_wconf 79' lang='lat' dir='ltr'><strong>quidem</strong></span> <span class='ocrx_word' id='word_1_221' title='bbox 2855 1470 3014 1523; x_wconf 82' lang='lat' dir='ltr'><strong>nulla</strong></span> <span class='ocrx_word' id='word_1_222' title='bbox 3043 1470 3292 1541; x_wconf 81' lang='lat' dir='ltr'><strong>ponenda</strong></span> <span class='ocrx_word' id='word_1_223' title='bbox 3323 1476 3423 1538; x_wconf 78' lang='lat' dir='ltr'><strong>est,</strong></span> <span class='ocrx_word' id='word_1_224' title='bbox 3458 1490 3634 1543; x_wconf 83' lang='lat' dir='ltr'><strong>neque</strong></span> <span class='ocrx_word' id='word_1_225' title='bbox 3655 1490 3799 1545; x_wconf 71' lang='lat' dir='ltr'><strong>qua?-</strong></span> 
     </span>
    </p>
   </div>
   <div class='ocr_carea' id='block_1_30' title="bbox 2141 1558 3795 1637">
    <p class='ocr_par' dir='ltr' id='par_1_30' title="bbox 2141 1558 3795 1637">
     <span class='ocr_line' id='line_1_30' title="bbox 2141 1558 3795 1637; baseline 0.007 -27"><span class='ocrx_word' id='word_1_226' title='bbox 2141 1572 2355 1629; x_wconf 83' lang='lat' dir='ltr'><strong>cunque</strong></span> <span class='ocrx_word' id='word_1_227' title='bbox 2382 1574 2493 1612; x_wconf 82' lang='lat' dir='ltr'><strong>esse</strong></span> <span class='ocrx_word' id='word_1_228' title='bbox 2513 1558 2655 1629; x_wconf 78' lang='lat' dir='ltr'><strong>quod</strong></span> <span class='ocrx_word' id='word_1_229' title='bbox 2677 1574 2786 1613; x_wconf 78' lang='lat' dir='ltr'><strong>non</strong></span> <span class='ocrx_word' id='word_1_230' title='bbox 2802 1568 2880 1614; x_wconf 79' lang='lat' dir='ltr'><strong>est</strong></span> <span class='ocrx_word' id='word_1_231' title='bbox 2901 1559 3424 1632; x_wconf 62' lang='lat' dir='ltr'><strong>opinanturmeque</strong></span> <span class='ocrx_word' id='word_1_232' title='bbox 3451 1579 3795 1637; x_wconf 68' lang='lat' dir='ltr'><strong>quaecunque</strong></span> 
     </span>
    </p>
   </div>
   <div class='ocr_carea' id='block_1_31' title="bbox 2142 1648 3797 1726">
    <p class='ocr_par' dir='ltr' id='par_1_31' title="bbox 2142 1648 3797 1726">
     <span class='ocr_line' id='line_1_31' title="bbox 2142 1648 3797 1726; baseline 0.008 -29"><span class='ocrx_word' id='word_1_233' title='bbox 2142 1661 2253 1699; x_wconf 82' lang='lat' dir='ltr'><strong>non</strong></span> <span class='ocrx_word' id='word_1_234' title='bbox 2288 1662 2397 1700; x_wconf 82' lang='lat' dir='ltr'><strong>esse</strong></span> <span class='ocrx_word' id='word_1_235' title='bbox 2427 1648 2567 1717; x_wconf 83' lang='lat' dir='ltr'><strong>quod</strong></span> <span class='ocrx_word' id='word_1_236' title='bbox 2596 1656 2690 1702; x_wconf 81' lang='lat' dir='ltr'><strong>est.</strong></span> <span class='ocrx_word' id='word_1_237' title='bbox 2708 1648 2974 1719; x_wconf 73' lang='lat' dir='ltr'><strong>(Inﬁnita:</strong></span> <span class='ocrx_word' id='word_1_238' title='bbox 2995 1650 3141 1704; x_wconf 81' lang='lat' dir='ltr'><strong>enim</strong></span> <span class='ocrx_word' id='word_1_239' title='bbox 3167 1654 3419 1723; x_wconf 73' lang='lat' dir='ltr'><strong>utraeque</strong></span> <span class='ocrx_word' id='word_1_240' title='bbox 3436 1656 3580 1713; x_wconf 82' lang='lat' dir='ltr'><strong>sunt,</strong></span> <span class='ocrx_word' id='word_1_241' title='bbox 3607 1662 3797 1726; x_wconf 76' lang='lat' dir='ltr'><strong>etquae</strong></span> 
     </span>
    </p>
   </div>
   <div class='ocr_carea' id='block_1_32' title="bbox 2142 1736 3799 1813">
    <p class='ocr_par' dir='ltr' id='par_1_32' title="bbox 2142 1736 3799 1813">
     <span class='ocr_line' id='line_1_32' title="bbox 2142 1736 3799 1813; baseline 0.005 -24"><span class='ocrx_word' id='word_1_242' title='bbox 2142 1750 2255 1789; x_wconf 82' lang='lat' dir='ltr'><strong>esse</strong></span> <span class='ocrx_word' id='word_1_243' title='bbox 2283 1737 2585 1805; x_wconf 80' lang='lat' dir='ltr'><strong>apinantur</strong></span> <span class='ocrx_word' id='word_1_244' title='bbox 2613 1736 2760 1807; x_wconf 84' lang='lat' dir='ltr'><strong>quod</strong></span> <span class='ocrx_word' id='word_1_245' title='bbox 2790 1754 2903 1793; x_wconf 85' lang='lat' dir='ltr'><strong>non</strong></span> <span class='ocrx_word' id='word_1_246' title='bbox 2936 1742 3038 1805; x_wconf 84' lang='lat' dir='ltr'><strong>est,</strong></span> <span class='ocrx_word' id='word_1_247' title='bbox 3068 1744 3116 1793; x_wconf 86' lang='lat' dir='ltr'><strong>et</strong></span> <span class='ocrx_word' id='word_1_248' title='bbox 3147 1755 3267 1810; x_wconf 55' lang='lat' dir='ltr'><strong>qua</strong></span> <span class='ocrx_word' id='word_1_249' title='bbox 3326 1757 3436 1796; x_wconf 82' lang='lat' dir='ltr'><strong>non</strong></span> <span class='ocrx_word' id='word_1_250' title='bbox 3496 1758 3610 1796; x_wconf 76' lang='lat' dir='ltr'><strong>esse</strong></span> <span class='ocrx_word' id='word_1_251' title='bbox 3660 1742 3799 1813; x_wconf 84' lang='lat' dir='ltr'><strong>quod</strong></span> 
     </span>
    </p>
   </div>
   <div class='ocr_carea' id='block_1_33' title="bbox 377 1799 2034 1900">
    <p class='ocr_par' dir='ltr' id='par_1_33' title="bbox 377 1799 2033 1873">
     <span class='ocr_line' id='line_1_33' title="bbox 377 1799 2033 1873; baseline 0.005 -20"><span class='ocrx_word' id='word_1_252' title='bbox 377 1799 515 1854; x_wconf 89' lang='lat' dir='ltr'><strong>dicit</strong></span> <span class='ocrx_word' id='word_1_253' title='bbox 538 1816 669 1855; x_wconf 87' lang='lat' dir='ltr'><strong>esse</strong></span> <span class='ocrx_word' id='word_1_254' title='bbox 701 1800 890 1867; x_wconf 89' lang='lat' dir='ltr'><strong>diem;</strong></span> <span class='ocrx_word' id='word_1_255' title='bbox 926 1801 1031 1856; x_wconf 89' lang='lat' dir='ltr'><strong>hoc</strong></span> <span class='ocrx_word' id='word_1_256' title='bbox 1052 1809 1136 1857; x_wconf 86' lang='lat' dir='ltr'><strong>est</strong></span> <span class='ocrx_word' id='word_1_257' title='bbox 1168 1804 1319 1857; x_wconf 90' lang='lat' dir='ltr'><strong>enim</strong></span> <span class='ocrx_word' id='word_1_258' title='bbox 1345 1807 1490 1873; x_wconf 81' lang='lat' dir='ltr'><strong>quod</strong></span> <span class='ocrx_word' id='word_1_259' title='bbox 1516 1804 1613 1861; x_wconf 88' lang='lat' dir='ltr'><strong>ait.</strong></span> <span class='ocrx_word' id='word_1_260' title='bbox 1639 1805 1703 1858; x_wconf 86' lang='lat' dir='ltr'><strong>Et</strong></span> <span class='ocrx_word' id='word_1_261' title='bbox 1726 1805 1772 1859; x_wconf 90' lang='lat' dir='ltr'><strong>si</strong></span> <span class='ocrx_word' id='word_1_262' title='bbox 1804 1810 1889 1860; x_wconf 85' lang='lat' dir='ltr'><strong>est</strong></span> <span class='ocrx_word' id='word_1_263' title='bbox 1922 1823 2033 1861; x_wconf 90' lang='lat' dir='ltr'><strong>una</strong></span> 
     </span>
    </p>
   </div>
   <div class='ocr_carea' id='block_1_34' title="bbox 2147 1799 3800 1900">
    <p class='ocr_par' dir='ltr' id='par_1_34' title="bbox 2147 1799 3800 1900">
     <span class='ocr_line' id='line_1_34' title="bbox 2147 1799 3800 1900; baseline 0.005 -21"><span class='ocrx_word' id='word_1_264' title='bbox 2147 1826 2239 1894; x_wconf 78' lang='lat' dir='ltr'><strong>est)</strong></span> <span class='ocrx_word' id='word_1_265' title='bbox 2266 1799 2358 1878; x_wconf 76' lang='lat' dir='ltr'><strong>sed</strong></span> <span class='ocrx_word' id='word_1_266' title='bbox 2390 1826 2449 1880; x_wconf 86' lang='lat' dir='ltr'><strong>in</strong></span> <span class='ocrx_word' id='word_1_267' title='bbox 2480 1799 2683 1897; x_wconf 70' lang='lat' dir='ltr'><strong>quibus</strong></span> <span class='ocrx_word' id='word_1_268' title='bbox 2713 1827 2946 1896; x_wconf 79' lang='lat' dir='ltr'><strong>fallacia</strong></span> <span class='ocrx_word' id='word_1_269' title='bbox 2978 1799 3075 1881; x_wconf 74' lang='lat' dir='ltr'><strong>est.</strong></span> <span class='ocrx_word' id='word_1_270' title='bbox 3112 1799 3231 1883; x_wconf 44' lang='lat'><strong>(1:20</strong></span> <span class='ocrx_word' id='word_1_271' title='bbox 3282 1839 3466 1884; x_wconf 78' lang='lat' dir='ltr'><strong>autem</strong></span> <span class='ocrx_word' id='word_1_272' title='bbox 3517 1799 3680 1900; x_wconf 55' lang='lat' dir='ltr'><strong>sunt;</strong></span> <span class='ocrx_word' id='word_1_273' title='bbox 3727 1848 3800 1887; x_wconf 74' lang='lat' dir='ltr'><strong>ex</strong></span> 
     </span>
    </p>
   </div>
   <div class='ocr_carea' id='block_1_35' title="bbox 375 1888 2035 1966">
    <p class='ocr_par' dir='ltr' id='par_1_35' title="bbox 375 1888 2035 1966">
     <span class='ocr_line' id='line_1_35' title="bbox 375 1888 2035 1966; baseline 0.004 -25"><span class='ocrx_word' id='word_1_274' title='bbox 375 1888 701 1943; x_wconf 86' lang='lat' dir='ltr'><strong>secundum</strong></span> <span class='ocrx_word' id='word_1_275' title='bbox 720 1904 889 1958; x_wconf 88' lang='lat' dir='ltr'><strong>quam</strong></span> <span class='ocrx_word' id='word_1_276' title='bbox 923 1890 1224 1957; x_wconf 74' lang='lat' dir='ltr'><strong>contraria,</strong></span> <span class='ocrx_word' id='word_1_277' title='bbox 1260 1891 1313 1946; x_wconf 83' lang='lat' dir='ltr'><strong>id</strong></span> <span class='ocrx_word' id='word_1_278' title='bbox 1348 1900 1449 1960; x_wconf 85' lang='lat' dir='ltr'><strong>est,</strong></span> <span class='ocrx_word' id='word_1_279' title='bbox 1479 1901 1533 1948; x_wconf 90' lang='lat' dir='ltr'><strong>et</strong></span> <span class='ocrx_word' id='word_1_280' title='bbox 1563 1894 1609 1947; x_wconf 87' lang='lat' dir='ltr'><strong>si</strong></span> <span class='ocrx_word' id='word_1_281' title='bbox 1643 1909 1818 1948; x_wconf 90' lang='lat' dir='ltr'><strong>unum</strong></span> <span class='ocrx_word' id='word_1_282' title='bbox 1852 1894 2035 1966; x_wconf 79' lang='lat' dir='ltr'><strong>signi-</strong></span> 
     </span>
    </p>
   </div>
   <div class='ocr_carea' id='block_1_36' title="bbox 374 1978 2035 2052">
    <p class='ocr_par' dir='ltr' id='par_1_36' title="bbox 374 1978 2035 2052">
     <span class='ocr_line' id='line_1_36' title="bbox 374 1978 2035 2052; baseline 0.005 -21"><span class='ocrx_word' id='word_1_283' title='bbox 374 1978 634 2034; x_wconf 81' lang='lat' dir='ltr'><strong>ﬁcabunt</strong></span> <span class='ocrx_word' id='word_1_284' title='bbox 668 1980 975 2050; x_wconf 45' lang='lat' dir='ltr'><strong>aliquan&#39;lo</strong></span> <span class='ocrx_word' id='word_1_285' title='bbox 1009 1981 1087 2038; x_wconf 88' lang='lat' dir='ltr'><strong>rei</strong></span> <span class='ocrx_word' id='word_1_286' title='bbox 1140 1983 1362 2052; x_wconf 83' lang='lat' dir='ltr'><strong>negatio</strong></span> <span class='ocrx_word' id='word_1_287' title='bbox 1397 1992 1448 2039; x_wconf 87' lang='lat' dir='ltr'><strong>et</strong></span> <span class='ocrx_word' id='word_1_288' title='bbox 1479 1985 1752 2040; x_wconf 88' lang='lat' dir='ltr'><strong>contrarii</strong></span> <span class='ocrx_word' id='word_1_289' title='bbox 1781 1986 2035 2040; x_wconf 83' lang='lat' dir='ltr'><strong>afﬁrma-</strong></span> 
     </span>
    </p>
   </div>
   <div class='ocr_carea' id='block_1_37' title="bbox 377 2068 2039 2147">
    <p class='ocr_par' dir='ltr' id='par_1_37' title="bbox 377 2068 2039 2147">
     <span class='ocr_line' id='line_1_37' title="bbox 377 2068 2039 2147; baseline 0.007 -26"><span class='ocrx_word' id='word_1_290' title='bbox 377 2069 473 2135; x_wconf 90' lang='lat' dir='ltr'><strong>tio,</strong></span> <span class='ocrx_word' id='word_1_291' title='bbox 500 2068 825 2124; x_wconf 86' lang='lat' dir='ltr'><strong>secundum</strong></span> <span class='ocrx_word' id='word_1_292' title='bbox 862 2087 1027 2140; x_wconf 89' lang='lat' dir='ltr'><strong>quam</strong></span> <span class='ocrx_word' id='word_1_293' title='bbox 1064 2073 1261 2128; x_wconf 86' lang='lat' dir='ltr'><strong>harum</strong></span> <span class='ocrx_word' id='word_1_294' title='bbox 1288 2076 1467 2142; x_wconf 76' lang='lat' dir='ltr'><strong>magis</strong></span> <span class='ocrx_word' id='word_1_295' title='bbox 1497 2078 1583 2129; x_wconf 90' lang='lat' dir='ltr'><strong>est</strong></span> <span class='ocrx_word' id='word_1_296' title='bbox 1612 2078 1892 2131; x_wconf 84' lang='lat' dir='ltr'><strong>contraria</strong></span> <span class='ocrx_word' id='word_1_297' title='bbox 1915 2094 2039 2147; x_wconf 89' lang='lat' dir='ltr'><strong>pro-</strong></span> 
     </span>
    </p>
   </div>
   <div class='ocr_carea' id='block_1_38' title="bbox 373 2158 1671 2232">
    <p class='ocr_par' dir='ltr' id='par_1_38' title="bbox 373 2158 1671 2232">
     <span class='ocr_line' id='line_1_38' title="bbox 373 2158 1671 2232; baseline 0.005 -19"><span class='ocrx_word' id='word_1_298' title='bbox 373 2158 583 2225; x_wconf 85' lang='lat' dir='ltr'><strong>positio</strong></span> <span class='ocrx_word' id='word_1_299' title='bbox 606 2160 888 2229; x_wconf 84' lang='lat' dir='ltr'><strong>superiori</strong></span> <span class='ocrx_word' id='word_1_300' title='bbox 934 2163 1238 2232; x_wconf 77' lang='lat' dir='ltr'><strong>propositze</strong></span> <span class='ocrx_word' id='word_1_301' title='bbox 1266 2164 1671 2220; x_wconf 88' lang='lat' dir='ltr'><strong>enuntiationi.</strong></span> 
     </span>
    </p>
   </div>
   <div class='ocr_carea' id='block_1_39' title="bbox 448 2265 2037 2341">
    <p class='ocr_par' dir='ltr' id='par_1_39' title="bbox 448 2265 2037 2341">
     <span class='ocr_line' id='line_1_39' title="bbox 448 2265 2037 2341; baseline 0.006 -22"><span class='ocrx_word' id='word_1_302' title='bbox 448 2265 586 2319; x_wconf 78' lang='lat' dir='ltr'><strong>Nam</strong></span> <span class='ocrx_word' id='word_1_303' title='bbox 624 2265 905 2320; x_wconf 81' lang='lat' dir='ltr'><strong>arbitrari</strong></span> <span class='ocrx_word' id='word_1_304' title='bbox 935 2271 1247 2323; x_wconf 81' lang='lat' dir='ltr'><strong>contrarias</strong></span> <span class='ocrx_word' id='word_1_305' title='bbox 1277 2271 1561 2340; x_wconf 76' lang='lat' dir='ltr'><strong>Opiniones</strong></span> <span class='ocrx_word' id='word_1_306' title='bbox 1602 2271 1832 2341; x_wconf 82' lang='lat' dir='ltr'><strong>deﬁniri</strong></span> <span class='ocrx_word' id='word_1_307' title='bbox 1868 2272 1929 2327; x_wconf 83' lang='lat' dir='ltr'><strong>in</strong></span> <span class='ocrx_word' id='word_1_308' title='bbox 1977 2289 2037 2329; x_wconf 91' lang='lat' dir='ltr'><strong>eo</strong></span> 
     </span>
    </p>
   </div>
   <div class='ocr_carea' id='block_1_40' title="bbox 381 2354 2038 2432">
    <p class='ocr_par' dir='ltr' id='par_1_40' title="bbox 381 2354 2038 2432">
     <span class='ocr_line' id='line_1_40' title="bbox 381 2354 2038 2432; baseline 0.006 -25"><span class='ocrx_word' id='word_1_309' title='bbox 381 2354 523 2423; x_wconf 79' lang='lat' dir='ltr'><strong>quod</strong></span> <span class='ocrx_word' id='word_1_310' title='bbox 554 2357 972 2410; x_wconf 81' lang='lat' dir='ltr'><strong>contrariorum</strong></span> <span class='ocrx_word' id='word_1_311' title='bbox 1004 2361 1153 2424; x_wconf 84' lang='lat' dir='ltr'><strong>sunt,</strong></span> <span class='ocrx_word' id='word_1_312' title='bbox 1182 2359 1390 2427; x_wconf 82' lang='lat' dir='ltr'><strong>falsum</strong></span> <span class='ocrx_word' id='word_1_313' title='bbox 1419 2366 1521 2415; x_wconf 80' lang='lat' dir='ltr'><strong>est.</strong></span> <span class='ocrx_word' id='word_1_314' title='bbox 1560 2363 1699 2416; x_wconf 80' lang='lat' dir='ltr'><strong>Boni</strong></span> <span class='ocrx_word' id='word_1_315' title='bbox 1723 2363 1872 2416; x_wconf 81' lang='lat' dir='ltr'><strong>enim</strong></span> <span class='ocrx_word' id='word_1_316' title='bbox 1903 2378 2038 2432; x_wconf 86' lang='lat' dir='ltr'><strong>quo-</strong></span> 
     </span>
    </p>
   </div>
   <div class='ocr_carea' id='block_1_41' title="bbox 373 2444 2034 2520">
    <p class='ocr_par' dir='ltr' id='par_1_41' title="bbox 373 2444 2034 2520">
     <span class='ocr_line' id='line_1_41' title="bbox 373 2444 2034 2520; baseline 0.006 -24"><span class='ocrx_word' id='word_1_317' title='bbox 373 2444 528 2497; x_wconf 80' lang='lat' dir='ltr'><strong>niam</strong></span> <span class='ocrx_word' id='word_1_318' title='bbox 560 2444 764 2498; x_wconf 87' lang='lat' dir='ltr'><strong>bonum</strong></span> <span class='ocrx_word' id='word_1_319' title='bbox 787 2452 886 2511; x_wconf 79' lang='lat' dir='ltr'><strong>est,</strong></span> <span class='ocrx_word' id='word_1_320' title='bbox 921 2454 974 2500; x_wconf 79' lang='lat' dir='ltr'><strong>et</strong></span> <span class='ocrx_word' id='word_1_321' title='bbox 1005 2445 1151 2500; x_wconf 80' lang='lat' dir='ltr'><strong>mali</strong></span> <span class='ocrx_word' id='word_1_322' title='bbox 1180 2450 1441 2518; x_wconf 85' lang='lat' dir='ltr'><strong>quoniam</strong></span> <span class='ocrx_word' id='word_1_323' title='bbox 1472 2451 1683 2504; x_wconf 88' lang='lat' dir='ltr'><strong>malum</strong></span> <span class='ocrx_word' id='word_1_324' title='bbox 1714 2460 1812 2520; x_wconf 78' lang='lat' dir='ltr'><strong>est,</strong></span> <span class='ocrx_word' id='word_1_325' title='bbox 1846 2451 2034 2506; x_wconf 79' lang='lat' dir='ltr'><strong>eadem</strong></span> 
     </span>
    </p>
   </div>
   <div class='ocr_carea' id='block_1_42' title="bbox 374 2535 2030 2610">
    <p class='ocr_par' dir='ltr' id='par_1_42' title="bbox 374 2535 2030 2610">
     <span class='ocr_line' id='line_1_42' title="bbox 374 2535 2030 2610; baseline 0.005 -23"><span class='ocrx_word' id='word_1_326' title='bbox 374 2537 620 2603; x_wconf 77' lang='lat' dir='ltr'><strong>fortasse</strong></span> <span class='ocrx_word' id='word_1_327' title='bbox 649 2535 841 2605; x_wconf 84' lang='lat' dir='ltr'><strong>opinio</strong></span> <span class='ocrx_word' id='word_1_328' title='bbox 872 2539 1022 2591; x_wconf 79' lang='lat' dir='ltr'><strong>estet</strong></span> <span class='ocrx_word' id='word_1_329' title='bbox 1051 2553 1200 2603; x_wconf 85' lang='lat' dir='ltr'><strong>vera,</strong></span> <span class='ocrx_word' id='word_1_330' title='bbox 1232 2540 1350 2593; x_wconf 76' lang='lat' dir='ltr'><strong>sive</strong></span> <span class='ocrx_word' id='word_1_331' title='bbox 1376 2537 1592 2610; x_wconf 80' lang='lat' dir='ltr'><strong>plures,</strong></span> <span class='ocrx_word' id='word_1_332' title='bbox 1626 2540 1737 2596; x_wconf 84' lang='lat' dir='ltr'><strong>sive</strong></span> <span class='ocrx_word' id='word_1_333' title='bbox 1785 2558 1897 2596; x_wconf 84' lang='lat' dir='ltr'><strong>una</strong></span> <span class='ocrx_word' id='word_1_334' title='bbox 1941 2544 2030 2597; x_wconf 77' lang='lat' dir='ltr'><strong>sit.</strong></span> 
     </span>
    </p>
   </div>
   <div class='ocr_carea' id='block_1_43' title="bbox 373 2623 2031 2702">
    <p class='ocr_par' dir='ltr' id='par_1_43' title="bbox 373 2623 2031 2702">
     <span class='ocr_line' id='line_1_43' title="bbox 373 2623 2031 2702; baseline 0.006 -25"><span class='ocrx_word' id='word_1_335' title='bbox 373 2623 516 2677; x_wconf 81' lang='lat' dir='ltr'><strong>Sunt</strong></span> <span class='ocrx_word' id='word_1_336' title='bbox 550 2628 736 2679; x_wconf 82' lang='lat' dir='ltr'><strong>autem</strong></span> <span class='ocrx_word' id='word_1_337' title='bbox 770 2626 872 2679; x_wconf 86' lang='lat' dir='ltr'><strong>ista</strong></span> <span class='ocrx_word' id='word_1_338' title='bbox 902 2627 1215 2698; x_wconf 79' lang='lat' dir='ltr'><strong>contraria,</strong></span> <span class='ocrx_word' id='word_1_339' title='bbox 1247 2628 1339 2684; x_wconf 87' lang='lat' dir='ltr'><strong>sed</strong></span> <span class='ocrx_word' id='word_1_340' title='bbox 1368 2645 1475 2685; x_wconf 81' lang='lat' dir='ltr'><strong>non</strong></span> <span class='ocrx_word' id='word_1_341' title='bbox 1508 2630 1569 2684; x_wconf 85' lang='lat' dir='ltr'><strong>in</strong></span> <span class='ocrx_word' id='word_1_342' title='bbox 1598 2647 1658 2686; x_wconf 82' lang='lat' dir='ltr'><strong>eo</strong></span> <span class='ocrx_word' id='word_1_343' title='bbox 1708 2632 1849 2702; x_wconf 79' lang='lat' dir='ltr'><strong>quod</strong></span> <span class='ocrx_word' id='word_1_344' title='bbox 1902 2648 2031 2687; x_wconf 86' lang='lat' dir='ltr'><strong>con-</strong></span> 
     </span>
    </p>
   </div>
   <div class='ocr_carea' id='block_1_44' title="bbox 374 2717 2010 2794">
    <p class='ocr_par' dir='ltr' id='par_1_44' title="bbox 374 2717 2010 2794">
     <span class='ocr_line' id='line_1_44' title="bbox 374 2717 2010 2794; baseline 0.006 -27"><span class='ocrx_word' id='word_1_345' title='bbox 374 2717 692 2767; x_wconf 76' lang='lat' dir='ltr'><strong>trariorum</strong></span> <span class='ocrx_word' id='word_1_346' title='bbox 720 2718 853 2769; x_wconf 82' lang='lat' dir='ltr'><strong>sunt</strong></span> <span class='ocrx_word' id='word_1_347' title='bbox 880 2719 1186 2786; x_wconf 76' lang='lat' dir='ltr'><strong>contraria,</strong></span> <span class='ocrx_word' id='word_1_348' title='bbox 1220 2717 1310 2773; x_wconf 85' lang='lat' dir='ltr'><strong>sed</strong></span> <span class='ocrx_word' id='word_1_349' title='bbox 1342 2721 1516 2790; x_wconf 85' lang='lat' dir='ltr'><strong>magis</strong></span> <span class='ocrx_word' id='word_1_350' title='bbox 1548 2721 1608 2775; x_wconf 90' lang='lat' dir='ltr'><strong>in</strong></span> <span class='ocrx_word' id='word_1_351' title='bbox 1637 2736 1698 2794; x_wconf 87' lang='lat' dir='ltr'><strong>eo</strong></span> <span class='ocrx_word' id='word_1_352' title='bbox 1730 2721 1870 2792; x_wconf 80' lang='lat' dir='ltr'><strong>quod</strong></span> <span class='ocrx_word' id='word_1_353' title='bbox 1911 2737 2010 2776; x_wconf 83' lang='lat' dir='ltr'><strong>con</strong></span> 
     </span>
    </p>
   </div>
   <div class='ocr_carea' id='block_1_45' title="bbox 375 2801 579 2857">
    <p class='ocr_par' dir='ltr' id='par_1_45' title="bbox 375 2801 579 2857">
     <span class='ocr_line' id='line_1_45' title="bbox 375 2801 579 2857; baseline 0.01 -2"><span class='ocrx_word' id='word_1_354' title='bbox 375 2801 579 2857; x_wconf 81' lang='lat' dir='ltr'><strong>lrarie.</strong></span> 
     </span>
    </p>
   </div>
   <div class='ocr_carea' id='block_1_46' title="bbox 448 2909 2031 2988">
    <p class='ocr_par' dir='ltr' id='par_1_46' title="bbox 448 2909 2031 2988">
     <span class='ocr_line' id='line_1_46' title="bbox 448 2909 2031 2988; baseline 0.006 -25"><span class='ocrx_word' id='word_1_355' title='bbox 448 2909 882 2965; x_wconf 83' lang='lat' dir='ltr'><strong>Contrariorum</strong></span> <span class='ocrx_word' id='word_1_356' title='bbox 932 2918 1194 2968; x_wconf 87' lang='lat' dir='ltr'><strong>naturam</strong></span> <span class='ocrx_word' id='word_1_357' title='bbox 1256 2915 1411 2983; x_wconf 89' lang='lat' dir='ltr'><strong>prius</strong></span> <span class='ocrx_word' id='word_1_358' title='bbox 1469 2923 1619 2973; x_wconf 88' lang='lat' dir='ltr'><strong>recte</strong></span> <span class='ocrx_word' id='word_1_359' title='bbox 1670 2917 2031 2988; x_wconf 88' lang='lat' dir='ltr'><strong>determinat,</strong></span> 
     </span>
    </p>
   </div>
   <div class='ocr_carea' id='block_1_47' title="bbox 383 2998 2027 3072">
    <p class='ocr_par' dir='ltr' id='par_1_47' title="bbox 383 2998 2027 3072">
     <span class='ocr_line' id='line_1_47' title="bbox 383 2998 2027 3072; baseline 0.007 -21"><span class='ocrx_word' id='word_1_360' title='bbox 383 2998 479 3067; x_wconf 90' lang='lat' dir='ltr'><strong>qui</strong></span> <span class='ocrx_word' id='word_1_361' title='bbox 515 2999 588 3053; x_wconf 89' lang='lat' dir='ltr'><strong>de</strong></span> <span class='ocrx_word' id='word_1_362' title='bbox 639 3000 942 3056; x_wconf 84' lang='lat' dir='ltr'><strong>contrariis</strong></span> <span class='ocrx_word' id='word_1_363' title='bbox 998 3004 1483 3072; x_wconf 80' lang='lat' dir='ltr'><strong>prepositionibus</strong></span> <span class='ocrx_word' id='word_1_364' title='bbox 1535 3010 1734 3062; x_wconf 87' lang='lat' dir='ltr'><strong>tracta.</strong></span> <span class='ocrx_word' id='word_1_365' title='bbox 1787 3008 2027 3072; x_wconf 88' lang='lat' dir='ltr'><strong>Quidam</strong></span> 
     </span>
    </p>
   </div>
   <div class='ocr_carea' id='block_1_48' title="bbox 372 3088 2029 3167">
    <p class='ocr_par' dir='ltr' id='par_1_48' title="bbox 372 3088 2029 3167">
     <span class='ocr_line' id='line_1_48' title="bbox 372 3088 2029 3167; baseline 0.007 -27"><span class='ocrx_word' id='word_1_366' title='bbox 372 3088 533 3142; x_wconf 87' lang='lat' dir='ltr'><strong>enim</strong></span> <span class='ocrx_word' id='word_1_367' title='bbox 588 3096 934 3157; x_wconf 79' lang='lat' dir='ltr'><strong>putaverunt</strong></span> <span class='ocrx_word' id='word_1_368' title='bbox 990 3093 1305 3147; x_wconf 86' lang='lat' dir='ltr'><strong>contrarias</strong></span> <span class='ocrx_word' id='word_1_369' title='bbox 1360 3110 1484 3149; x_wconf 75' lang='lat' dir='ltr'><strong>csse</strong></span> <span class='ocrx_word' id='word_1_370' title='bbox 1538 3094 1860 3164; x_wconf 83' lang='lat' dir='ltr'><strong>Opiniones,</strong></span> <span class='ocrx_word' id='word_1_371' title='bbox 1906 3112 2029 3167; x_wconf 67' lang='lat' dir='ltr'><strong>qua:</strong></span> 
     </span>
    </p>
   </div>
   <div class='ocr_carea' id='block_1_49' title="bbox 2147 1914 3797 1991">
    <p class='ocr_par' dir='ltr' id='par_1_49' title="bbox 2147 1914 3797 1991">
     <span class='ocr_line' id='line_1_49' title="bbox 2147 1914 3797 1991; baseline 0.005 -24"><span class='ocrx_word' id='word_1_372' title='bbox 2147 1914 2342 1984; x_wconf 77' lang='lat' dir='ltr'><strong>quibus</strong></span> <span class='ocrx_word' id='word_1_373' title='bbox 2372 1917 2499 1969; x_wconf 83' lang='lat' dir='ltr'><strong>sunt</strong></span> <span class='ocrx_word' id='word_1_374' title='bbox 2530 1918 2936 1983; x_wconf 75' lang='lat' dir='ltr'><strong>generationes,</strong></span> <span class='ocrx_word' id='word_1_375' title='bbox 2970 1932 3040 1971; x_wconf 76' lang='lat' dir='ltr'><strong>ea:</strong></span> <span class='ocrx_word' id='word_1_376' title='bbox 3068 1920 3334 1987; x_wconf 80' lang='lat' dir='ltr'><strong>Opposilis</strong></span> <span class='ocrx_word' id='word_1_377' title='bbox 3362 1934 3490 1975; x_wconf 83' lang='lat' dir='ltr'><strong>vero</strong></span> <span class='ocrx_word' id='word_1_378' title='bbox 3521 1929 3652 1975; x_wconf 80' lang='lat' dir='ltr'><strong>sunt</strong></span> <span class='ocrx_word' id='word_1_379' title='bbox 3709 1937 3797 1991; x_wconf 80' lang='lat' dir='ltr'><strong>ge-</strong></span> 
     </span>
    </p>
   </div>
   <div class='ocr_carea' id='block_1_50' title="bbox 2146 2003 3185 2074">
    <p class='ocr_par' dir='ltr' id='par_1_50' title="bbox 2146 2003 3185 2074">
     <span class='ocr_line' id='line_1_50' title="bbox 2146 2003 3185 2074; baseline 0.007 -19"><span class='ocrx_word' id='word_1_380' title='bbox 2146 2004 2476 2058; x_wconf 80' lang='lat' dir='ltr'><strong>nerationes.</strong></span> <span class='ocrx_word' id='word_1_381' title='bbox 2502 2004 2689 2071; x_wconf 79' lang='lat' dir='ltr'><strong>Quare</strong></span> <span class='ocrx_word' id='word_1_382' title='bbox 2717 2003 2886 2059; x_wconf 77' lang='lat' dir='ltr'><strong>etiam</strong></span> <span class='ocrx_word' id='word_1_383' title='bbox 2915 2005 3185 2074; x_wconf 68' lang='lat' dir='ltr'><strong>fallacia}.</strong></span> 
     </span>
    </p>
   </div>
   <div class='ocr_carea' id='block_1_51' title="bbox 2216 2110 3796 2185">
    <p class='ocr_par' dir='ltr' id='par_1_51' title="bbox 2216 2110 3796 2185">
     <span class='ocr_line' id='line_1_51' title="bbox 2216 2110 3796 2185; baseline 0.007 -23"><span class='ocrx_word' id='word_1_384' title='bbox 2216 2110 2397 2179; x_wconf 79' lang='lat' dir='ltr'><strong>Hujus</strong></span> <span class='ocrx_word' id='word_1_385' title='bbox 2425 2111 2746 2181; x_wconf 80' lang='lat' dir='ltr'><strong>argumenti</strong></span> <span class='ocrx_word' id='word_1_386' title='bbox 2766 2111 3115 2183; x_wconf 88' lang='lat' dir='ltr'><strong>principium</strong></span> <span class='ocrx_word' id='word_1_387' title='bbox 3143 2117 3250 2183; x_wconf 88' lang='lat' dir='ltr'><strong>est,</strong></span> <span class='ocrx_word' id='word_1_388' title='bbox 3273 2130 3383 2185; x_wconf 91' lang='lat' dir='ltr'><strong>quo</strong></span> <span class='ocrx_word' id='word_1_389' title='bbox 3406 2132 3506 2185; x_wconf 93' lang='lat' dir='ltr'><strong>pro</strong></span> <span class='ocrx_word' id='word_1_390' title='bbox 3537 2118 3796 2174; x_wconf 85' lang='lat' dir='ltr'><strong>confesso</strong></span> 
     </span>
    </p>
   </div>
   <div class='ocr_carea' id='block_1_52' title="bbox 2146 2200 3797 2275">
    <p class='ocr_par' dir='ltr' id='par_1_52' title="bbox 2146 2200 3797 2275">
     <span class='ocr_line' id='line_1_52' title="bbox 2146 2200 3797 2275; baseline 0.004 -21"><span class='ocrx_word' id='word_1_391' title='bbox 2146 2200 2324 2255; x_wconf 90' lang='lat' dir='ltr'><strong>utitur</strong></span> <span class='ocrx_word' id='word_1_392' title='bbox 2352 2205 2407 2256; x_wconf 92' lang='lat' dir='ltr'><strong>et</strong></span> <span class='ocrx_word' id='word_1_393' title='bbox 2466 2200 2726 2270; x_wconf 86' lang='lat' dir='ltr'><strong>probato,</strong></span> <span class='ocrx_word' id='word_1_394' title='bbox 2761 2201 2909 2271; x_wconf 88' lang='lat' dir='ltr'><strong>quod</strong></span> <span class='ocrx_word' id='word_1_395' title='bbox 2972 2202 3140 2257; x_wconf 90' lang='lat' dir='ltr'><strong>unius</strong></span> <span class='ocrx_word' id='word_1_396' title='bbox 3172 2203 3252 2257; x_wconf 90' lang='lat' dir='ltr'><strong>rei</strong></span> <span class='ocrx_word' id='word_1_397' title='bbox 3282 2204 3450 2274; x_wconf 91' lang='lat' dir='ltr'><strong>plura</strong></span> <span class='ocrx_word' id='word_1_398' title='bbox 3481 2212 3646 2275; x_wconf 84' lang='lat' dir='ltr'><strong>atque</strong></span> <span class='ocrx_word' id='word_1_399' title='bbox 3674 2207 3797 2261; x_wconf 86' lang='lat' dir='ltr'><strong>inii-</strong></span> 
     </span>
    </p>
   </div>
   <div class='ocr_carea' id='block_1_53' title="bbox 2148 2289 3796 2361">
    <p class='ocr_par' dir='ltr' id='par_1_53' title="bbox 2148 2289 3796 2361">
     <span class='ocr_line' id='line_1_53' title="bbox 2148 2289 3796 2361; baseline 0.004 -18"><span class='ocrx_word' id='word_1_400' title='bbox 2148 2289 2266 2343; x_wconf 89' lang='lat' dir='ltr'><strong>nita</strong></span> <span class='ocrx_word' id='word_1_401' title='bbox 2298 2304 2413 2344; x_wconf 93' lang='lat' dir='ltr'><strong>non</strong></span> <span class='ocrx_word' id='word_1_402' title='bbox 2472 2290 2690 2358; x_wconf 87' lang='lat' dir='ltr'><strong>possint</strong></span> <span class='ocrx_word' id='word_1_403' title='bbox 2722 2304 2844 2344; x_wconf 90' lang='lat' dir='ltr'><strong>csse</strong></span> <span class='ocrx_word' id='word_1_404' title='bbox 2903 2291 3204 2360; x_wconf 86' lang='lat' dir='ltr'><strong>contraria,</strong></span> <span class='ocrx_word' id='word_1_405' title='bbox 3269 2308 3440 2361; x_wconf 87' lang='lat' dir='ltr'><strong>quare</strong></span> <span class='ocrx_word' id='word_1_406' title='bbox 3495 2294 3665 2350; x_wconf 91' lang='lat' dir='ltr'><strong>unius</strong></span> <span class='ocrx_word' id='word_1_407' title='bbox 3716 2296 3796 2349; x_wconf 91' lang='lat' dir='ltr'><strong>rei</strong></span> 
     </span>
    </p>
   </div>
   <div class='ocr_carea' id='block_1_54' title="bbox 2148 2378 3796 2453">
    <p class='ocr_par' dir='ltr' id='par_1_54' title="bbox 2148 2378 3796 2453">
     <span class='ocr_line' id='line_1_54' title="bbox 2148 2378 3796 2453; baseline 0.005 -21"><span class='ocrx_word' id='word_1_408' title='bbox 2148 2394 2332 2432; x_wconf 92' lang='lat' dir='ltr'><strong>unum</strong></span> <span class='ocrx_word' id='word_1_409' title='bbox 2349 2378 2454 2433; x_wconf 91' lang='lat' dir='ltr'><strong>erit</strong></span> <span class='ocrx_word' id='word_1_410' title='bbox 2472 2378 2842 2433; x_wconf 88' lang='lat' dir='ltr'><strong>contrarium.</strong></span> <span class='ocrx_word' id='word_1_411' title='bbox 2869 2379 2964 2433; x_wconf 83' lang='lat' dir='ltr'><strong>Est</strong></span> <span class='ocrx_word' id='word_1_412' title='bbox 2987 2395 3118 2449; x_wconf 76' lang='lat' dir='ltr'><strong>ergo</strong></span> <span class='ocrx_word' id='word_1_413' title='bbox 3144 2381 3338 2450; x_wconf 82' lang='lat' dir='ltr'><strong>Opinio</strong></span> <span class='ocrx_word' id='word_1_414' title='bbox 3366 2381 3501 2438; x_wconf 90' lang='lat' dir='ltr'><strong>boni</strong></span> <span class='ocrx_word' id='word_1_415' title='bbox 3523 2385 3796 2453; x_wconf 86' lang='lat' dir='ltr'><strong>quoniam</strong></span> 
     </span>
    </p>
   </div>
   <div class='ocr_carea' id='block_1_55' title="bbox 2149 2466 3795 2542">
    <p class='ocr_par' dir='ltr' id='par_1_55' title="bbox 2149 2466 3795 2542">
     <span class='ocr_line' id='line_1_55' title="bbox 2149 2466 3795 2542; baseline 0.004 -21"><span class='ocrx_word' id='word_1_416' title='bbox 2149 2466 2360 2521; x_wconf 92' lang='lat' dir='ltr'><strong>bonum</strong></span> <span class='ocrx_word' id='word_1_417' title='bbox 2393 2474 2501 2532; x_wconf 89' lang='lat' dir='ltr'><strong>est,</strong></span> <span class='ocrx_word' id='word_1_418' title='bbox 2533 2474 2588 2522; x_wconf 87' lang='lat' dir='ltr'><strong>et</strong></span> <span class='ocrx_word' id='word_1_419' title='bbox 2638 2467 2757 2522; x_wconf 59' lang='lat' dir='ltr'><strong>haec</strong></span> <span class='ocrx_word' id='word_1_420' title='bbox 2810 2483 2941 2523; x_wconf 82' lang='lat' dir='ltr'><strong>vera</strong></span> <span class='ocrx_word' id='word_1_421' title='bbox 2971 2476 3089 2535; x_wconf 87' lang='lat' dir='ltr'><strong>est;</strong></span> <span class='ocrx_word' id='word_1_422' title='bbox 3127 2477 3211 2524; x_wconf 89' lang='lat' dir='ltr'><strong>est</strong></span> <span class='ocrx_word' id='word_1_423' title='bbox 3241 2485 3436 2526; x_wconf 83' lang='lat' dir='ltr'><strong>rursus</strong></span> <span class='ocrx_word' id='word_1_424' title='bbox 3468 2471 3602 2527; x_wconf 92' lang='lat' dir='ltr'><strong>boni</strong></span> <span class='ocrx_word' id='word_1_425' title='bbox 3652 2490 3795 2542; x_wconf 86' lang='lat' dir='ltr'><strong>quo-</strong></span> 
     </span>
    </p>
   </div>
   <div class='ocr_carea' id='block_1_56' title="bbox 2144 2555 3793 2625">
    <p class='ocr_par' dir='ltr' id='par_1_56' title="bbox 2144 2555 3793 2625">
     <span class='ocr_line' id='line_1_56' title="bbox 2144 2555 3793 2625; baseline 0.004 -16"><span class='ocrx_word' id='word_1_426' title='bbox 2144 2556 2299 2611; x_wconf 87' lang='lat' dir='ltr'><strong>niam</strong></span> <span class='ocrx_word' id='word_1_427' title='bbox 2334 2555 2547 2611; x_wconf 90' lang='lat' dir='ltr'><strong>bonum</strong></span> <span class='ocrx_word' id='word_1_428' title='bbox 2582 2572 2697 2611; x_wconf 89' lang='lat' dir='ltr'><strong>non</strong></span> <span class='ocrx_word' id='word_1_429' title='bbox 2731 2564 2835 2625; x_wconf 89' lang='lat' dir='ltr'><strong>est,</strong></span> <span class='ocrx_word' id='word_1_430' title='bbox 2861 2566 2915 2612; x_wconf 93' lang='lat' dir='ltr'><strong>et</strong></span> <span class='ocrx_word' id='word_1_431' title='bbox 2942 2556 3065 2613; x_wconf 83' lang='lat' dir='ltr'><strong>haec</strong></span> <span class='ocrx_word' id='word_1_432' title='bbox 3099 2558 3237 2613; x_wconf 86' lang='lat' dir='ltr'><strong>falsa</strong></span> <span class='ocrx_word' id='word_1_433' title='bbox 3268 2566 3370 2614; x_wconf 86' lang='lat' dir='ltr'><strong>est.</strong></span> <span class='ocrx_word' id='word_1_434' title='bbox 3406 2559 3594 2616; x_wconf 82' lang='lat' dir='ltr'><strong>Potest</strong></span> <span class='ocrx_word' id='word_1_435' title='bbox 3624 2562 3793 2616; x_wconf 82' lang='lat' dir='ltr'><strong>etiam</strong></span> 
     </span>
    </p>
   </div>
   <div class='ocr_carea' id='block_1_57' title="bbox 2142 2645 3788 2719">
    <p class='ocr_par' dir='ltr' id='par_1_57' title="bbox 2142 2645 3788 2719">
     <span class='ocr_line' id='line_1_57' title="bbox 2142 2645 3788 2719; baseline 0.002 -19"><span class='ocrx_word' id='word_1_436' title='bbox 2142 2661 2265 2701; x_wconf 87' lang='lat' dir='ltr'><strong>esse</strong></span> <span class='ocrx_word' id='word_1_437' title='bbox 2295 2661 2419 2715; x_wconf 84' lang='lat' dir='ltr'><strong>quae</strong></span> <span class='ocrx_word' id='word_1_438' title='bbox 2450 2653 2607 2715; x_wconf 90' lang='lat' dir='ltr'><strong>putet</strong></span> <span class='ocrx_word' id='word_1_439' title='bbox 2660 2661 2782 2700; x_wconf 87' lang='lat' dir='ltr'><strong>esse</strong></span> <span class='ocrx_word' id='word_1_440' title='bbox 2812 2645 3021 2700; x_wconf 88' lang='lat' dir='ltr'><strong>bonum</strong></span> <span class='ocrx_word' id='word_1_441' title='bbox 3054 2646 3111 2701; x_wconf 88' lang='lat' dir='ltr'><strong>id</strong></span> <span class='ocrx_word' id='word_1_442' title='bbox 3145 2649 3297 2719; x_wconf 88' lang='lat' dir='ltr'><strong>quod</strong></span> <span class='ocrx_word' id='word_1_443' title='bbox 3331 2664 3444 2703; x_wconf 91' lang='lat' dir='ltr'><strong>non</strong></span> <span class='ocrx_word' id='word_1_444' title='bbox 3477 2656 3582 2717; x_wconf 77' lang='lat' dir='ltr'><strong>est,</strong></span> <span class='ocrx_word' id='word_1_445' title='bbox 3648 2655 3709 2704; x_wconf 90' lang='lat' dir='ltr'><strong>ut</strong></span> <span class='ocrx_word' id='word_1_446' title='bbox 3738 2650 3788 2705; x_wconf 92' lang='lat' dir='ltr'><strong>si</strong></span> 
     </span>
    </p>
   </div>
   <div class='ocr_carea' id='block_1_58' title="bbox 2142 2733 3789 2806">
    <p class='ocr_par' dir='ltr' id='par_1_58' title="bbox 2142 2733 3789 2806">
     <span class='ocr_line' id='line_1_58' title="bbox 2142 2733 3789 2806; baseline 0.002 -19"><span class='ocrx_word' id='word_1_447' title='bbox 2142 2734 2267 2806; x_wconf 86' lang='lat' dir='ltr'><strong>quis</strong></span> <span class='ocrx_word' id='word_1_448' title='bbox 2299 2734 2446 2789; x_wconf 85' lang='lat' dir='ltr'><strong>dicat</strong></span> <span class='ocrx_word' id='word_1_449' title='bbox 2479 2734 2535 2788; x_wconf 91' lang='lat' dir='ltr'><strong>id</strong></span> <span class='ocrx_word' id='word_1_450' title='bbox 2568 2734 2719 2805; x_wconf 92' lang='lat' dir='ltr'><strong>quod</strong></span> <span class='ocrx_word' id='word_1_451' title='bbox 2754 2738 2839 2788; x_wconf 84' lang='lat' dir='ltr'><strong>est</strong></span> <span class='ocrx_word' id='word_1_452' title='bbox 2880 2733 3091 2789; x_wconf 89' lang='lat' dir='ltr'><strong>bonum</strong></span> <span class='ocrx_word' id='word_1_453' title='bbox 3138 2736 3407 2806; x_wconf 84' lang='lat' dir='ltr'><strong>quoniam</strong></span> <span class='ocrx_word' id='word_1_454' title='bbox 3438 2739 3649 2792; x_wconf 89' lang='lat' dir='ltr'><strong>malum</strong></span> <span class='ocrx_word' id='word_1_455' title='bbox 3683 2747 3789 2803; x_wconf 88' lang='lat' dir='ltr'><strong>est,</strong></span> 
     </span>
    </p>
   </div>
   <div class='ocr_carea' id='block_1_59' title="bbox 2141 2822 3783 2896">
    <p class='ocr_par' dir='ltr' id='par_1_59' title="bbox 2141 2822 3783 2896">
     <span class='ocr_line' id='line_1_59' title="bbox 2141 2822 3783 2896; baseline 0.002 -19"><span class='ocrx_word' id='word_1_456' title='bbox 2141 2823 2226 2877; x_wconf 84' lang='lat' dir='ltr'><strong>vel</strong></span> <span class='ocrx_word' id='word_1_457' title='bbox 2259 2822 2526 2893; x_wconf 84' lang='lat' dir='ltr'><strong>quoniam</strong></span> <span class='ocrx_word' id='word_1_458' title='bbox 2553 2822 2844 2892; x_wconf 82' lang='lat' dir='ltr'><strong>quantitas</strong></span> <span class='ocrx_word' id='word_1_459' title='bbox 2866 2829 2969 2889; x_wconf 89' lang='lat' dir='ltr'><strong>est,</strong></span> <span class='ocrx_word' id='word_1_460' title='bbox 2996 2823 3079 2877; x_wconf 83' lang='lat' dir='ltr'><strong>vel</strong></span> <span class='ocrx_word' id='word_1_461' title='bbox 3105 2824 3372 2893; x_wconf 89' lang='lat' dir='ltr'><strong>quoniam</strong></span> <span class='ocrx_word' id='word_1_462' title='bbox 3395 2823 3609 2895; x_wconf 89' lang='lat' dir='ltr'><strong>aliquid</strong></span> <span class='ocrx_word' id='word_1_463' title='bbox 3638 2828 3783 2896; x_wconf 90' lang='lat' dir='ltr'><strong>quod</strong></span> 
     </span>
    </p>
   </div>
   <div class='ocr_carea' id='block_1_60' title="bbox 2140 2910 3786 2984">
    <p class='ocr_par' dir='ltr' id='par_1_60' title="bbox 2140 2910 3786 2984">
     <span class='ocr_line' id='line_1_60' title="bbox 2140 2910 3786 2984; baseline 0.001 -17"><span class='ocrx_word' id='word_1_464' title='bbox 2140 2927 2256 2967; x_wconf 91' lang='lat' dir='ltr'><strong>non</strong></span> <span class='ocrx_word' id='word_1_465' title='bbox 2288 2918 2392 2966; x_wconf 86' lang='lat' dir='ltr'><strong>est.</strong></span> <span class='ocrx_word' id='word_1_466' title='bbox 2426 2911 2530 2965; x_wconf 84' lang='lat' dir='ltr'><strong>Sed</strong></span> <span class='ocrx_word' id='word_1_467' title='bbox 2586 2910 2704 2965; x_wconf 83' lang='lat' dir='ltr'><strong>haec</strong></span> <span class='ocrx_word' id='word_1_468' title='bbox 2734 2926 2858 2980; x_wconf 86' lang='lat' dir='ltr'><strong>quae</strong></span> <span class='ocrx_word' id='word_1_469' title='bbox 2907 2911 2976 2964; x_wconf 92' lang='lat' dir='ltr'><strong>de</strong></span> <span class='ocrx_word' id='word_1_470' title='bbox 3009 2911 3156 2966; x_wconf 89' lang='lat' dir='ltr'><strong>bono</strong></span> <span class='ocrx_word' id='word_1_471' title='bbox 3217 2912 3329 2966; x_wconf 91' lang='lat' dir='ltr'><strong>dici</strong></span> <span class='ocrx_word' id='word_1_472' title='bbox 3365 2921 3623 2980; x_wconf 91' lang='lat' dir='ltr'><strong>possunt,</strong></span> <span class='ocrx_word' id='word_1_473' title='bbox 3664 2930 3786 2984; x_wconf 82' lang='lat' dir='ltr'><strong>quae</strong></span> 
     </span>
    </p>
   </div>
   <div class='ocr_carea' id='block_1_61' title="bbox 2140 2999 3788 3072">
    <p class='ocr_par' dir='ltr' id='par_1_61' title="bbox 2140 2999 3788 3072">
     <span class='ocr_line' id='line_1_61' title="bbox 2140 2999 3788 3072; baseline 0.001 -17"><span class='ocrx_word' id='word_1_474' title='bbox 2140 3001 2330 3072; x_wconf 92' lang='lat' dir='ltr'><strong>ipsum</strong></span> <span class='ocrx_word' id='word_1_475' title='bbox 2355 3001 2568 3055; x_wconf 90' lang='lat' dir='ltr'><strong>bonum</strong></span> <span class='ocrx_word' id='word_1_476' title='bbox 2593 3006 2733 3055; x_wconf 88' lang='lat' dir='ltr'><strong>nont</strong></span> <span class='ocrx_word' id='word_1_477' title='bbox 2751 3000 2884 3067; x_wconf 89' lang='lat' dir='ltr'><strong>sint,</strong></span> <span class='ocrx_word' id='word_1_478' title='bbox 2910 2999 3133 3054; x_wconf 84' lang='lat' dir='ltr'><strong>inﬁnita</strong></span> <span class='ocrx_word' id='word_1_479' title='bbox 3156 3005 3309 3055; x_wconf 87' lang='lat' dir='ltr'><strong>sunt.</strong></span> <span class='ocrx_word' id='word_1_480' title='bbox 3336 3000 3552 3055; x_wconf 82' lang='lat' dir='ltr'><strong>Rursus</strong></span> <span class='ocrx_word' id='word_1_481' title='bbox 3585 3018 3788 3071; x_wconf 90' lang='lat' dir='ltr'><strong>possu-</strong></span> 
     </span>
    </p>
   </div>
   <div class='ocr_carea' id='block_1_62' title="bbox 2148 3087 3792 3161">
    <p class='ocr_par' dir='ltr' id='par_1_62' title="bbox 2148 3087 3792 3161">
     <span class='ocr_line' id='line_1_62' title="bbox 2148 3087 3792 3161; baseline 0.001 -16"><span class='ocrx_word' id='word_1_482' title='bbox 2148 3107 2275 3146; x_wconf 88' lang='lat' dir='ltr'><strong>mus</strong></span> <span class='ocrx_word' id='word_1_483' title='bbox 2307 3090 2375 3144; x_wconf 83' lang='lat' dir='ltr'><strong>dc</strong></span> <span class='ocrx_word' id='word_1_484' title='bbox 2408 3089 2554 3144; x_wconf 92' lang='lat' dir='ltr'><strong>bono</strong></span> <span class='ocrx_word' id='word_1_485' title='bbox 2586 3088 2847 3143; x_wconf 86' lang='lat' dir='ltr'><strong>arbitrari</strong></span> <span class='ocrx_word' id='word_1_486' title='bbox 2881 3087 3058 3143; x_wconf 86' lang='lat' dir='ltr'><strong>multa</strong></span> <span class='ocrx_word' id='word_1_487' title='bbox 3116 3105 3229 3144; x_wconf 90' lang='lat' dir='ltr'><strong>non</strong></span> <span class='ocrx_word' id='word_1_488' title='bbox 3291 3106 3433 3155; x_wconf 88' lang='lat' dir='ltr'><strong>esse,</strong></span> <span class='ocrx_word' id='word_1_489' title='bbox 3479 3107 3605 3161; x_wconf 80' lang='lat' dir='ltr'><strong>quae</strong></span> <span class='ocrx_word' id='word_1_490' title='bbox 3638 3098 3792 3147; x_wconf 88' lang='lat' dir='ltr'><strong>sunt.</strong></span> 
     </span>
    </p>
   </div>
   <div class='ocr_carea' id='block_1_63' title="bbox 372 3177 3796 3256">
    <p class='ocr_par' dir='ltr' id='par_1_63' title="bbox 372 3177 3796 3256">
     <span class='ocr_line' id='line_1_63' title="bbox 372 3177 3796 3256; baseline 0.001 -25"><span class='ocrx_word' id='word_1_491' title='bbox 372 3178 489 3232; x_wconf 90' lang='lat' dir='ltr'><strong>sint</strong></span> <span class='ocrx_word' id='word_1_492' title='bbox 529 3178 950 3234; x_wconf 85' lang='lat' dir='ltr'><strong>contrariarum</strong></span> <span class='ocrx_word' id='word_1_493' title='bbox 1011 3196 1223 3246; x_wconf 86' lang='lat' dir='ltr'><strong>rerum.</strong></span> <span class='ocrx_word' id='word_1_494' title='bbox 1272 3184 1417 3252; x_wconf 90' lang='lat' dir='ltr'><strong>quod</strong></span> <span class='ocrx_word' id='word_1_495' title='bbox 1451 3184 1782 3241; x_wconf 86' lang='lat' dir='ltr'><strong>Aristotcles</strong></span> <span class='ocrx_word' id='word_1_496' title='bbox 1812 3194 1979 3256; x_wconf 80' lang='lat' dir='ltr'><strong>negat</strong></span> <span class='ocrx_word' id='word_1_497' title='bbox 2013 3205 2025 3249; x_wconf 87' lang='lat'><strong>;</strong></span> <span class='ocrx_word' id='word_1_498' title='bbox 2064 3189 2107 3256; x_wconf 72' lang='grc' dir='ltr'><strong>ρ</strong></span> <span class='ocrx_word' id='word_1_499' title='bbox 2148 3182 2371 3235; x_wconf 91' lang='lat' dir='ltr'><strong>Bonum</strong></span> <span class='ocrx_word' id='word_1_500' title='bbox 2425 3178 2579 3234; x_wconf 87' lang='lat' dir='ltr'><strong>enim</strong></span> <span class='ocrx_word' id='word_1_501' title='bbox 2616 3178 2761 3247; x_wconf 92' lang='lat' dir='ltr'><strong>quod</strong></span> <span class='ocrx_word' id='word_1_502' title='bbox 2819 3177 3118 3232; x_wconf 86' lang='lat' dir='ltr'><strong>honestum</strong></span> <span class='ocrx_word' id='word_1_503' title='bbox 3152 3186 3233 3233; x_wconf 89' lang='lat' dir='ltr'><strong>est</strong></span> <span class='ocrx_word' id='word_1_504' title='bbox 3275 3194 3576 3248; x_wconf 88' lang='lat' dir='ltr'><strong>possumus</strong></span> <span class='ocrx_word' id='word_1_505' title='bbox 3606 3180 3796 3236; x_wconf 89' lang='lat' dir='ltr'><strong>dicere</strong></span> 
     </span>
    </p>
   </div>
   <div class='ocr_carea' id='block_1_64' title="bbox 373 3265 2040 3343">
    <p class='ocr_par' dir='ltr' id='par_1_64' title="bbox 373 3265 2040 3343">
     <span class='ocr_line' id='line_1_64' title="bbox 373 3265 2040 3343; baseline 0.007 -24"><span class='ocrx_word' id='word_1_506' title='bbox 373 3265 695 3321; x_wconf 86' lang='lat' dir='ltr'><strong>dicitenim</strong></span> <span class='ocrx_word' id='word_1_507' title='bbox 730 3267 928 3322; x_wconf 86' lang='lat' dir='ltr'><strong>falsem</strong></span> <span class='ocrx_word' id='word_1_508' title='bbox 960 3283 1082 3324; x_wconf 84' lang='lat' dir='ltr'><strong>esse</strong></span> <span class='ocrx_word' id='word_1_509' title='bbox 1113 3269 1530 3343; x_wconf 85' lang='lat' dir='ltr'><strong>deﬁnitionem,</strong></span> <span class='ocrx_word' id='word_1_510' title='bbox 1551 3288 1676 3341; x_wconf 69' lang='lat' dir='ltr'><strong>quae</strong></span> <span class='ocrx_word' id='word_1_511' title='bbox 1697 3273 2040 3332; x_wconf 86' lang='lat' dir='ltr'><strong>determinat</strong></span> 
     </span>
    </p>
   </div>
   <div class='ocr_carea' id='block_1_65' title="bbox 369 3358 2039 3431">
    <p class='ocr_par' dir='ltr' id='par_1_65' title="bbox 369 3358 2039 3431">
     <span class='ocr_line' id='line_1_65' title="bbox 369 3358 2039 3431; baseline 0.006 -22"><span class='ocrx_word' id='word_1_512' title='bbox 369 3371 469 3409; x_wconf 84' lang='lat' dir='ltr'><strong>eas</strong></span> <span class='ocrx_word' id='word_1_513' title='bbox 506 3371 640 3411; x_wconf 88' lang='lat' dir='ltr'><strong>esse</strong></span> <span class='ocrx_word' id='word_1_514' title='bbox 674 3358 991 3412; x_wconf 85' lang='lat' dir='ltr'><strong>contrarias</strong></span> <span class='ocrx_word' id='word_1_515' title='bbox 1050 3359 1375 3428; x_wconf 89' lang='lat' dir='ltr'><strong>opiniones,</strong></span> <span class='ocrx_word' id='word_1_516' title='bbox 1406 3378 1528 3431; x_wconf 76' lang='lat' dir='ltr'><strong>quae</strong></span> <span class='ocrx_word' id='word_1_517' title='bbox 1561 3369 1692 3416; x_wconf 88' lang='lat' dir='ltr'><strong>sunt</strong></span> <span class='ocrx_word' id='word_1_518' title='bbox 1722 3363 2039 3419; x_wconf 87' lang='lat' dir='ltr'><strong>contraria-</strong></span> 
     </span>
    </p>
   </div>
   <div class='ocr_carea' id='block_1_66' title="bbox 368 3444 2039 3520">
    <p class='ocr_par' dir='ltr' id='par_1_66' title="bbox 368 3444 2039 3520">
     <span class='ocr_line' id='line_1_66' title="bbox 368 3444 2039 3520; baseline 0.004 -20"><span class='ocrx_word' id='word_1_519' title='bbox 368 3461 499 3500; x_wconf 88' lang='lat' dir='ltr'><strong>rum</strong></span> <span class='ocrx_word' id='word_1_520' title='bbox 538 3460 757 3499; x_wconf 89' lang='lat' dir='ltr'><strong>rcrum.</strong></span> <span class='ocrx_word' id='word_1_521' title='bbox 792 3444 935 3501; x_wconf 89' lang='lat' dir='ltr'><strong>Nam</strong></span> <span class='ocrx_word' id='word_1_522' title='bbox 967 3462 1097 3502; x_wconf 90' lang='lat' dir='ltr'><strong>cum</strong></span> <span class='ocrx_word' id='word_1_523' title='bbox 1129 3447 1201 3503; x_wconf 87' lang='lat' dir='ltr'><strong>sit</strong></span> <span class='ocrx_word' id='word_1_524' title='bbox 1229 3450 1578 3505; x_wconf 87' lang='lat' dir='ltr'><strong>contrarium</strong></span> <span class='ocrx_word' id='word_1_525' title='bbox 1614 3450 1828 3506; x_wconf 89' lang='lat' dir='ltr'><strong>bonum</strong></span> <span class='ocrx_word' id='word_1_526' title='bbox 1862 3452 2039 3520; x_wconf 88' lang='lat' dir='ltr'><strong>malo,</strong></span> 
     </span>
    </p>
   </div>
   <div class='ocr_carea' id='block_1_67' title="bbox 370 3533 2039 3610">
    <p class='ocr_par' dir='ltr' id='par_1_67' title="bbox 370 3533 2039 3610">
     <span class='ocr_line' id='line_1_67' title="bbox 370 3533 2039 3610; baseline 0.004 -20"><span class='ocrx_word' id='word_1_527' title='bbox 370 3549 687 3603; x_wconf 76' lang='lat' dir='ltr'><strong>possumus</strong></span> <span class='ocrx_word' id='word_1_528' title='bbox 718 3533 929 3591; x_wconf 85' lang='lat' dir='ltr'><strong>habere</strong></span> <span class='ocrx_word' id='word_1_529' title='bbox 968 3535 1300 3607; x_wconf 91' lang='lat' dir='ltr'><strong>opinionem</strong></span> <span class='ocrx_word' id='word_1_530' title='bbox 1333 3538 1402 3593; x_wconf 91' lang='lat' dir='ltr'><strong>de</strong></span> <span class='ocrx_word' id='word_1_531' title='bbox 1435 3537 1583 3595; x_wconf 89' lang='lat' dir='ltr'><strong>bono</strong></span> <span class='ocrx_word' id='word_1_532' title='bbox 1615 3539 1885 3610; x_wconf 91' lang='lat' dir='ltr'><strong>quoniam</strong></span> <span class='ocrx_word' id='word_1_533' title='bbox 1936 3541 2039 3597; x_wconf 84' lang='lat' dir='ltr'><strong>bo-</strong></span> 
     </span>
    </p>
   </div>
   <div class='ocr_carea' id='block_1_68' title="bbox 373 3623 2035 3700">
    <p class='ocr_par' dir='ltr' id='par_1_68' title="bbox 373 3623 2035 3700">
     <span class='ocr_line' id='line_1_68' title="bbox 373 3623 2035 3700; baseline 0.004 -21"><span class='ocrx_word' id='word_1_534' title='bbox 373 3639 515 3679; x_wconf 86' lang='lat' dir='ltr'><strong>num</strong></span> <span class='ocrx_word' id='word_1_535' title='bbox 550 3631 662 3689; x_wconf 83' lang='lat' dir='ltr'><strong>est,</strong></span> <span class='ocrx_word' id='word_1_536' title='bbox 698 3628 756 3678; x_wconf 87' lang='lat' dir='ltr'><strong>et</strong></span> <span class='ocrx_word' id='word_1_537' title='bbox 788 3623 907 3680; x_wconf 67' lang='lat' dir='ltr'><strong>haec</strong></span> <span class='ocrx_word' id='word_1_538' title='bbox 930 3641 1056 3681; x_wconf 82' lang='lat' dir='ltr'><strong>vera</strong></span> <span class='ocrx_word' id='word_1_539' title='bbox 1087 3634 1207 3695; x_wconf 84' lang='lat' dir='ltr'><strong>est;</strong></span> <span class='ocrx_word' id='word_1_540' title='bbox 1242 3643 1543 3696; x_wconf 90' lang='lat' dir='ltr'><strong>possumus</strong></span> <span class='ocrx_word' id='word_1_541' title='bbox 1576 3644 1768 3683; x_wconf 88' lang='lat' dir='ltr'><strong>rursus</strong></span> <span class='ocrx_word' id='word_1_542' title='bbox 1797 3629 1853 3684; x_wconf 87' lang='lat' dir='ltr'><strong>id</strong></span> <span class='ocrx_word' id='word_1_543' title='bbox 1886 3631 2035 3700; x_wconf 90' lang='lat' dir='ltr'><strong>quod</strong></span> 
     </span>
    </p>
   </div>
   <div class='ocr_carea' id='block_1_69' title="bbox 376 3713 2039 3785">
    <p class='ocr_par' dir='ltr' id='par_1_69' title="bbox 376 3713 2039 3785">
     <span class='ocr_line' id='line_1_69' title="bbox 376 3713 2039 3785; baseline 0.005 -19"><span class='ocrx_word' id='word_1_544' title='bbox 376 3713 605 3767; x_wconf 87' lang='lat' dir='ltr'><strong>malum</strong></span> <span class='ocrx_word' id='word_1_545' title='bbox 638 3720 722 3768; x_wconf 89' lang='lat' dir='ltr'><strong>est</strong></span> <span class='ocrx_word' id='word_1_546' title='bbox 754 3721 950 3781; x_wconf 86' lang='lat' dir='ltr'><strong>putare</strong></span> <span class='ocrx_word' id='word_1_547' title='bbox 973 3714 1282 3783; x_wconf 84' lang='lat' dir='ltr'><strong>malum,et</strong></span> <span class='ocrx_word' id='word_1_548' title='bbox 1314 3716 1432 3772; x_wconf 63' lang='lat' dir='ltr'><strong>haec</strong></span> <span class='ocrx_word' id='word_1_549' title='bbox 1464 3733 1661 3772; x_wconf 89' lang='lat' dir='ltr'><strong>rursus</strong></span> <span class='ocrx_word' id='word_1_550' title='bbox 1692 3735 1823 3774; x_wconf 87' lang='lat' dir='ltr'><strong>vera</strong></span> <span class='ocrx_word' id='word_1_551' title='bbox 1845 3728 1950 3785; x_wconf 89' lang='lat' dir='ltr'><strong>est,</strong></span> <span class='ocrx_word' id='word_1_552' title='bbox 1984 3727 2039 3775; x_wconf 90' lang='lat' dir='ltr'><strong>et</strong></span> 
     </span>
    </p>
   </div>
   <div class='ocr_carea' id='block_1_70' title="bbox 378 3803 2041 3877">
    <p class='ocr_par' dir='ltr' id='par_1_70' title="bbox 378 3803 2041 3877">
     <span class='ocr_line' id='line_1_70' title="bbox 378 3803 2041 3877; baseline 0.004 -19"><span class='ocrx_word' id='word_1_553' title='bbox 378 3804 698 3872; x_wconf 84' lang='lat' dir='ltr'><strong>opiniones</strong></span> <span class='ocrx_word' id='word_1_554' title='bbox 726 3803 954 3873; x_wconf 90' lang='lat' dir='ltr'><strong>quidem</strong></span> <span class='ocrx_word' id='word_1_555' title='bbox 978 3804 1131 3867; x_wconf 89' lang='lat' dir='ltr'><strong>boni,</strong></span> <span class='ocrx_word' id='word_1_556' title='bbox 1153 3806 1424 3874; x_wconf 88' lang='lat' dir='ltr'><strong>quoniam</strong></span> <span class='ocrx_word' id='word_1_557' title='bbox 1451 3806 1662 3862; x_wconf 84' lang='lat' dir='ltr'><strong>bonum</strong></span> <span class='ocrx_word' id='word_1_558' title='bbox 1688 3814 1793 3877; x_wconf 88' lang='lat' dir='ltr'><strong>est,</strong></span> <span class='ocrx_word' id='word_1_559' title='bbox 1818 3816 1870 3863; x_wconf 89' lang='lat' dir='ltr'><strong>et</strong></span> <span class='ocrx_word' id='word_1_560' title='bbox 1904 3808 2041 3864; x_wconf 87' lang='lat' dir='ltr'><strong>mali</strong></span> 
     </span>
    </p>
   </div>
   <div class='ocr_carea' id='block_1_71' title="bbox 368 3893 2038 3968">
    <p class='ocr_par' dir='ltr' id='par_1_71' title="bbox 368 3893 2038 3968">
     <span class='ocr_line' id='line_1_71' title="bbox 368 3893 2038 3968; baseline 0.004 -21"><span class='ocrx_word' id='word_1_561' title='bbox 368 3893 653 3962; x_wconf 87' lang='lat' dir='ltr'><strong>quoniam</strong></span> <span class='ocrx_word' id='word_1_562' title='bbox 686 3893 900 3948; x_wconf 86' lang='lat' dir='ltr'><strong>malum</strong></span> <span class='ocrx_word' id='word_1_563' title='bbox 932 3902 1037 3961; x_wconf 90' lang='lat' dir='ltr'><strong>est,</strong></span> <span class='ocrx_word' id='word_1_564' title='bbox 1071 3894 1486 3950; x_wconf 86' lang='lat' dir='ltr'><strong>contrariarum</strong></span> <span class='ocrx_word' id='word_1_565' title='bbox 1523 3912 1711 3953; x_wconf 89' lang='lat' dir='ltr'><strong>rerum</strong></span> <span class='ocrx_word' id='word_1_566' title='bbox 1742 3901 1918 3968; x_wconf 89' lang='lat' dir='ltr'><strong>sunt;</strong></span> <span class='ocrx_word' id='word_1_567' title='bbox 1952 3906 2038 3953; x_wconf 88' lang='lat' dir='ltr'><strong>ta-</strong></span> 
     </span>
    </p>
   </div>
   <div class='ocr_carea' id='block_1_72' title="bbox 372 3984 2041 4060">
    <p class='ocr_par' dir='ltr' id='par_1_72' title="bbox 372 3984 2041 4060">
     <span class='ocr_line' id='line_1_72' title="bbox 372 3984 2041 4060; baseline 0.005 -24"><span class='ocrx_word' id='word_1_568' title='bbox 372 3997 511 4038; x_wconf 87' lang='lat' dir='ltr'><strong>men</strong></span> <span class='ocrx_word' id='word_1_569' title='bbox 552 3989 805 4051; x_wconf 69' lang='lat' dir='ltr'><strong>utraaque</strong></span> <span class='ocrx_word' id='word_1_570' title='bbox 833 3992 963 4037; x_wconf 90' lang='lat' dir='ltr'><strong>sunt</strong></span> <span class='ocrx_word' id='word_1_571' title='bbox 993 3998 1159 4038; x_wconf 86' lang='lat' dir='ltr'><strong>verae.</strong></span> <span class='ocrx_word' id='word_1_572' title='bbox 1196 3984 1303 4040; x_wconf 89' lang='lat' dir='ltr'><strong>Sed</strong></span> <span class='ocrx_word' id='word_1_573' title='bbox 1341 3988 1637 4043; x_wconf 82' lang='lat' dir='ltr'><strong>contrariae</strong></span> <span class='ocrx_word' id='word_1_574' title='bbox 1670 3995 1920 4060; x_wconf 83' lang='lat' dir='ltr'><strong>utraeque</strong></span> <span class='ocrx_word' id='word_1_575' title='bbox 1951 4004 2041 4045; x_wconf 89' lang='lat' dir='ltr'><strong>ve-</strong></span> 
     </span>
    </p>
   </div>
   <div class='ocr_carea' id='block_1_73' title="bbox 370 4072 2038 4145">
    <p class='ocr_par' dir='ltr' id='par_1_73' title="bbox 370 4072 2038 4145">
     <span class='ocr_line' id='line_1_73' title="bbox 370 4072 2038 4145; baseline 0.005 -21"><span class='ocrx_word' id='word_1_576' title='bbox 370 4086 445 4124; x_wconf 70' lang='lat' dir='ltr'><strong>rae</strong></span> <span class='ocrx_word' id='word_1_577' title='bbox 468 4085 601 4125; x_wconf 86' lang='lat' dir='ltr'><strong>esse</strong></span> <span class='ocrx_word' id='word_1_578' title='bbox 635 4086 749 4125; x_wconf 93' lang='lat' dir='ltr'><strong>non</strong></span> <span class='ocrx_word' id='word_1_579' title='bbox 785 4079 1043 4140; x_wconf 83' lang='lat' dir='ltr'><strong>possunt.</strong></span> <span class='ocrx_word' id='word_1_580' title='bbox 1085 4072 1242 4128; x_wconf 79' lang='lat' dir='ltr'><strong>Falso</strong></span> <span class='ocrx_word' id='word_1_581' title='bbox 1284 4074 1455 4145; x_wconf 80' lang='lat' dir='ltr'><strong>igitur</strong></span> <span class='ocrx_word' id='word_1_582' title='bbox 1486 4075 1785 4132; x_wconf 85' lang='lat' dir='ltr'><strong>definitum</strong></span> <span class='ocrx_word' id='word_1_583' title='bbox 1820 4085 1904 4133; x_wconf 92' lang='lat' dir='ltr'><strong>est</strong></span> <span class='ocrx_word' id='word_1_584' title='bbox 1944 4094 2038 4133; x_wconf 87' lang='lat' dir='ltr'><strong>eas</strong></span> 
     </span>
    </p>
   </div>
   <div class='ocr_carea' id='block_1_74' title="bbox 380 4161 2040 4233">
    <p class='ocr_par' dir='ltr' id='par_1_74' title="bbox 380 4161 2040 4233">
     <span class='ocr_line' id='line_1_74' title="bbox 380 4161 2040 4233; baseline 0.004 -19"><span class='ocrx_word' id='word_1_585' title='bbox 380 4175 510 4214; x_wconf 87' lang='lat' dir='ltr'><strong>esse</strong></span> <span class='ocrx_word' id='word_1_586' title='bbox 569 4164 886 4214; x_wconf 79' lang='lat' dir='ltr'><strong>contrarias</strong></span> <span class='ocrx_word' id='word_1_587' title='bbox 940 4161 1271 4231; x_wconf 86' lang='lat' dir='ltr'><strong>opiniones,</strong></span> <span class='ocrx_word' id='word_1_588' title='bbox 1319 4179 1441 4233; x_wconf 72' lang='lat' dir='ltr'><strong>qua:</strong></span> <span class='ocrx_word' id='word_1_589' title='bbox 1471 4170 1887 4221; x_wconf 78' lang='lat' dir='ltr'><strong>contrariarum</strong></span> <span class='ocrx_word' id='word_1_590' title='bbox 1924 4167 2040 4223; x_wconf 85' lang='lat' dir='ltr'><strong>sint</strong></span> 
     </span>
    </p>
   </div>
   <div class='ocr_carea' id='block_1_75' title="bbox 374 4248 2036 4325">
    <p class='ocr_par' dir='ltr' id='par_1_75' title="bbox 374 4248 2036 4325">
     <span class='ocr_line' id='line_1_75' title="bbox 374 4248 2036 4325; baseline 0.005 -23"><span class='ocrx_word' id='word_1_591' title='bbox 374 4248 778 4311; x_wconf 64' lang='grc' dir='ltr'><strong>νει-σω.ουοά</strong></span> <span class='ocrx_word' id='word_1_592' title='bbox 808 4259 997 4304; x_wconf 88' lang='lat' dir='ltr'><strong>autem</strong></span> <span class='ocrx_word' id='word_1_593' title='bbox 1032 4250 1132 4315; x_wconf 85' lang='lat' dir='ltr'><strong>ait,</strong></span> <span class='ocrx_word' id='word_1_594' title='bbox 1170 4251 1306 4307; x_wconf 91' lang='lat' dir='ltr'><strong>boni</strong></span> <span class='ocrx_word' id='word_1_595' title='bbox 1330 4253 1483 4308; x_wconf 90' lang='lat' dir='ltr'><strong>enim</strong></span> <span class='ocrx_word' id='word_1_596' title='bbox 1518 4255 1788 4325; x_wconf 90' lang='lat' dir='ltr'><strong>quoniam</strong></span> <span class='ocrx_word' id='word_1_597' title='bbox 1824 4255 2036 4311; x_wconf 90' lang='lat' dir='ltr'><strong>bonum</strong></span> 
     </span>
    </p>
   </div>
   <div class='ocr_carea' id='block_1_76' title="bbox 384 4336 2038 4412">
    <p class='ocr_par' dir='ltr' id='par_1_76' title="bbox 384 4336 2038 4412">
     <span class='ocr_line' id='line_1_76' title="bbox 384 4336 2038 4412; baseline 0.005 -22"><span class='ocrx_word' id='word_1_598' title='bbox 384 4345 490 4405; x_wconf 85' lang='lat' dir='ltr'><strong>est,</strong></span> <span class='ocrx_word' id='word_1_599' title='bbox 524 4342 585 4391; x_wconf 89' lang='lat' dir='ltr'><strong>et</strong></span> <span class='ocrx_word' id='word_1_600' title='bbox 633 4336 770 4393; x_wconf 84' lang='lat' dir='ltr'><strong>mali</strong></span> <span class='ocrx_word' id='word_1_601' title='bbox 798 4340 1070 4407; x_wconf 88' lang='lat' dir='ltr'><strong>quoniam</strong></span> <span class='ocrx_word' id='word_1_602' title='bbox 1106 4340 1318 4396; x_wconf 89' lang='lat' dir='ltr'><strong>malum</strong></span> <span class='ocrx_word' id='word_1_603' title='bbox 1378 4350 1482 4412; x_wconf 91' lang='grc' dir='ltr'>εει,</span> <span class='ocrx_word' id='word_1_604' title='bbox 1547 4346 1744 4399; x_wconf 89' lang='lat' dir='ltr'><strong>eadem</strong></span> <span class='ocrx_word' id='word_1_605' title='bbox 1798 4345 2038 4399; x_wconf 84' lang='lat' dir='ltr'><strong>fortasse</strong></span> 
     </span>
    </p>
   </div>
   <div class='ocr_carea' id='block_1_77' title="bbox 378 4424 2034 4498">
    <p class='ocr_par' dir='ltr' id='par_1_77' title="bbox 378 4424 2034 4498">
     <span class='ocr_line' id='line_1_77' title="bbox 378 4424 2034 4498; baseline 0.004 -20"><span class='ocrx_word' id='word_1_606' title='bbox 378 4424 577 4493; x_wconf 83' lang='lat' dir='ltr'><strong>Opinio</strong></span> <span class='ocrx_word' id='word_1_607' title='bbox 637 4431 721 4479; x_wconf 83' lang='lat' dir='ltr'><strong>est</strong></span> <span class='ocrx_word' id='word_1_608' title='bbox 752 4431 805 4477; x_wconf 89' lang='lat' dir='ltr'><strong>et</strong></span> <span class='ocrx_word' id='word_1_609' title='bbox 834 4440 983 4480; x_wconf 89' lang='lat' dir='ltr'><strong>vera.</strong></span> <span class='ocrx_word' id='word_1_610' title='bbox 1046 4429 1160 4480; x_wconf 83' lang='lat' dir='ltr'><strong>Aut</strong></span> <span class='ocrx_word' id='word_1_611' title='bbox 1188 4427 1241 4482; x_wconf 91' lang='lat' dir='ltr'><strong>id</strong></span> <span class='ocrx_word' id='word_1_612' title='bbox 1277 4430 1423 4498; x_wconf 89' lang='lat' dir='ltr'><strong>quod</strong></span> <span class='ocrx_word' id='word_1_613' title='bbox 1471 4430 1617 4483; x_wconf 86' lang='lat' dir='ltr'><strong>dixit</strong></span> <span class='ocrx_word' id='word_1_614' title='bbox 1645 4431 1843 4485; x_wconf 86' lang='lat' dir='ltr'><strong>eadem</strong></span> <span class='ocrx_word' id='word_1_615' title='bbox 1876 4433 1944 4485; x_wconf 86' lang='lat' dir='ltr'><strong>ad</strong></span> <span class='ocrx_word' id='word_1_616' title='bbox 1978 4431 2034 4485; x_wconf 93' lang='lat' dir='ltr'><strong>id</strong></span> 
     </span>
    </p>
   </div>
   <div class='ocr_carea' id='block_1_78' title="bbox 384 4513 2029 4588">
    <p class='ocr_par' dir='ltr' id='par_1_78' title="bbox 384 4513 2029 4588">
     <span class='ocr_line' id='line_1_78' title="bbox 384 4513 2029 4588; baseline 0.006 -22"><span class='ocrx_word' id='word_1_617' title='bbox 384 4513 579 4567; x_wconf 87' lang='lat' dir='ltr'><strong>retulit</strong></span> <span class='ocrx_word' id='word_1_618' title='bbox 611 4515 759 4579; x_wconf 88' lang='lat' dir='ltr'><strong>quod</strong></span> <span class='ocrx_word' id='word_1_619' title='bbox 796 4520 919 4582; x_wconf 86' lang='lat' dir='ltr'><strong>post</strong></span> <span class='ocrx_word' id='word_1_620' title='bbox 950 4525 1177 4571; x_wconf 90' lang='lat' dir='ltr'><strong>secutus</strong></span> <span class='ocrx_word' id='word_1_621' title='bbox 1207 4524 1310 4582; x_wconf 90' lang='lat' dir='ltr'><strong>est,</strong></span> <span class='ocrx_word' id='word_1_622' title='bbox 1359 4534 1490 4573; x_wconf 87' lang='lat' dir='ltr'><strong>vera</strong></span> <span class='ocrx_word' id='word_1_623' title='bbox 1522 4533 1767 4588; x_wconf 85' lang='lat' dir='ltr'><strong>namque</strong></span> <span class='ocrx_word' id='word_1_624' title='bbox 1796 4536 1937 4574; x_wconf 82' lang='lat' dir='ltr'><strong>verae</strong></span> <span class='ocrx_word' id='word_1_625' title='bbox 1970 4520 2029 4576; x_wconf 90' lang='lat' dir='ltr'><strong>in</strong></span> 
     </span>
    </p>
   </div>
   <div class='ocr_carea' id='block_1_79' title="bbox 383 4601 2033 4679">
    <p class='ocr_par' dir='ltr' id='par_1_79' title="bbox 383 4601 2033 4679">
     <span class='ocr_line' id='line_1_79' title="bbox 383 4601 2033 4679; baseline 0.005 -23"><span class='ocrx_word' id='word_1_626' title='bbox 383 4617 445 4656; x_wconf 86' lang='lat' dir='ltr'><strong>eo</strong></span> <span class='ocrx_word' id='word_1_627' title='bbox 476 4601 629 4671; x_wconf 89' lang='lat' dir='ltr'><strong>quod</strong></span> <span class='ocrx_word' id='word_1_628' title='bbox 652 4617 793 4656; x_wconf 70' lang='lat' dir='ltr'><strong>verae</strong></span> <span class='ocrx_word' id='word_1_629' title='bbox 820 4611 953 4657; x_wconf 89' lang='lat' dir='ltr'><strong>sunt</strong></span> <span class='ocrx_word' id='word_1_630' title='bbox 973 4605 1166 4659; x_wconf 89' lang='lat' dir='ltr'><strong>eadem</strong></span> <span class='ocrx_word' id='word_1_631' title='bbox 1195 4613 1352 4670; x_wconf 90' lang='lat' dir='ltr'><strong>sunt,</strong></span> <span class='ocrx_word' id='word_1_632' title='bbox 1382 4610 1484 4661; x_wconf 87' lang='lat' dir='ltr'><strong>aut</strong></span> <span class='ocrx_word' id='word_1_633' title='bbox 1507 4614 1687 4663; x_wconf 87' lang='lat' dir='ltr'><strong>certes</strong></span> <span class='ocrx_word' id='word_1_634' title='bbox 1715 4610 1862 4678; x_wconf 89' lang='lat' dir='ltr'><strong>quod</strong></span> <span class='ocrx_word' id='word_1_635' title='bbox 1890 4610 2033 4679; x_wconf 56' lang='lat' dir='ltr'><strong>ejus-</strong></span> 
     </span>
    </p>
   </div>
   <div class='ocr_carea' id='block_1_80' title="bbox 383 4690 2035 4768">
    <p class='ocr_par' dir='ltr' id='par_1_80' title="bbox 383 4690 2035 4768">
     <span class='ocr_line' id='line_1_80' title="bbox 383 4690 2035 4768; baseline 0.005 -24"><span class='ocrx_word' id='word_1_636' title='bbox 383 4690 511 4745; x_wconf 89' lang='lat' dir='ltr'><strong>dem</strong></span> <span class='ocrx_word' id='word_1_637' title='bbox 545 4694 704 4745; x_wconf 85' lang='lat' dir='ltr'><strong>esset</strong></span> <span class='ocrx_word' id='word_1_638' title='bbox 734 4692 1043 4762; x_wconf 89' lang='lat' dir='ltr'><strong>opinionis,</strong></span> <span class='ocrx_word' id='word_1_639' title='bbox 1071 4696 1215 4763; x_wconf 90' lang='lat' dir='ltr'><strong>quod</strong></span> <span class='ocrx_word' id='word_1_640' title='bbox 1236 4695 1445 4750; x_wconf 91' lang='lat' dir='ltr'><strong>bonum</strong></span> <span class='ocrx_word' id='word_1_641' title='bbox 1482 4703 1649 4766; x_wconf 87' lang='lat' dir='ltr'><strong>esset,</strong></span> <span class='ocrx_word' id='word_1_642' title='bbox 1687 4698 1900 4752; x_wconf 91' lang='lat' dir='ltr'><strong>bonum</strong></span> <span class='ocrx_word' id='word_1_643' title='bbox 1930 4714 2035 4768; x_wconf 92' lang='lat' dir='ltr'><strong>pu-</strong></span> 
     </span>
    </p>
   </div>
   <div class='ocr_carea' id='block_1_81' title="bbox 383 4780 2034 4853">
    <p class='ocr_par' dir='ltr' id='par_1_81' title="bbox 383 4780 2034 4853">
     <span class='ocr_line' id='line_1_81' title="bbox 383 4780 2034 4853; baseline 0.005 -20"><span class='ocrx_word' id='word_1_644' title='bbox 383 4787 520 4846; x_wconf 85' lang='lat' dir='ltr'><strong>tare,</strong></span> <span class='ocrx_word' id='word_1_645' title='bbox 555 4780 709 4849; x_wconf 89' lang='lat' dir='ltr'><strong>quod</strong></span> <span class='ocrx_word' id='word_1_646' title='bbox 749 4780 965 4835; x_wconf 87' lang='lat' dir='ltr'><strong>malum</strong></span> <span class='ocrx_word' id='word_1_647' title='bbox 1000 4794 1168 4853; x_wconf 85' lang='lat' dir='ltr'><strong>esset,</strong></span> <span class='ocrx_word' id='word_1_648' title='bbox 1200 4784 1435 4839; x_wconf 86' lang='lat' dir='ltr'><strong>malum.</strong></span> <span class='ocrx_word' id='word_1_649' title='bbox 1469 4785 1593 4841; x_wconf 88' lang='lat' dir='ltr'><strong>Sive</strong></span> <span class='ocrx_word' id='word_1_650' title='bbox 1611 4794 1803 4842; x_wconf 89' lang='lat' dir='ltr'><strong>autem</strong></span> <span class='ocrx_word' id='word_1_651' title='bbox 1836 4787 2034 4843; x_wconf 86' lang='lat' dir='ltr'><strong>eadem</strong></span> 
     </span>
    </p>
   </div>
   <div class='ocr_carea' id='block_1_82' title="bbox 382 4868 2033 4947">
    <p class='ocr_par' dir='ltr' id='par_1_82' title="bbox 382 4868 2033 4947">
     <span class='ocr_line' id='line_1_82' title="bbox 382 4868 2033 4947; baseline 0.005 -24"><span class='ocrx_word' id='word_1_652' title='bbox 382 4870 521 4933; x_wconf 83' lang='lat' dir='ltr'><strong>sint,</strong></span> <span class='ocrx_word' id='word_1_653' title='bbox 582 4868 701 4923; x_wconf 86' lang='lat' dir='ltr'><strong>sive</strong></span> <span class='ocrx_word' id='word_1_654' title='bbox 732 4869 947 4937; x_wconf 87' lang='lat' dir='ltr'><strong>plures,</strong></span> <span class='ocrx_word' id='word_1_655' title='bbox 981 4873 1265 4927; x_wconf 86' lang='lat' dir='ltr'><strong>contraria</strong></span> <span class='ocrx_word' id='word_1_656' title='bbox 1319 4888 1443 4929; x_wconf 89' lang='lat' dir='ltr'><strong>esse</strong></span> <span class='ocrx_word' id='word_1_657' title='bbox 1476 4890 1591 4928; x_wconf 88' lang='lat' dir='ltr'><strong>non</strong></span> <span class='ocrx_word' id='word_1_658' title='bbox 1624 4883 1913 4947; x_wconf 87' lang='lat' dir='ltr'><strong>poterunt,</strong></span> <span class='ocrx_word' id='word_1_659' title='bbox 1952 4877 2033 4931; x_wconf 89' lang='lat' dir='ltr'><strong>id-</strong></span> 
     </span>
    </p>
   </div>
   <div class='ocr_carea' id='block_1_83' title="bbox 379 4958 2035 5025">
    <p class='ocr_par' dir='ltr' id='par_1_83' title="bbox 379 4958 2035 5025">
     <span class='ocr_line' id='line_1_83' title="bbox 379 4958 2035 5025; baseline 0.005 -13"><span class='ocrx_word' id='word_1_660' title='bbox 379 4958 532 5012; x_wconf 91' lang='lat' dir='ltr'><strong>circo</strong></span> <span class='ocrx_word' id='word_1_661' title='bbox 564 4958 835 5025; x_wconf 90' lang='lat' dir='ltr'><strong>quoniam</strong></span> <span class='ocrx_word' id='word_1_662' title='bbox 894 4958 1064 5014; x_wconf 88' lang='lat' dir='ltr'><strong>simul</strong></span> <span class='ocrx_word' id='word_1_663' title='bbox 1125 4976 1265 5015; x_wconf 74' lang='lat' dir='ltr'><strong>verae</strong></span> <span class='ocrx_word' id='word_1_664' title='bbox 1305 4968 1457 5017; x_wconf 87' lang='lat' dir='ltr'><strong>sunt.</strong></span> <span class='ocrx_word' id='word_1_665' title='bbox 1517 4962 1661 5018; x_wconf 87' lang='lat' dir='ltr'><strong>Sunt</strong></span> <span class='ocrx_word' id='word_1_666' title='bbox 1705 4972 1894 5020; x_wconf 86' lang='lat' dir='ltr'><strong>autem</strong></span> <span class='ocrx_word' id='word_1_667' title='bbox 1929 4966 2035 5021; x_wconf 82' lang='lat' dir='ltr'><strong>ista</strong></span> 
     </span>
    </p>
   </div>
   <div class='ocr_carea' id='block_1_84' title="bbox 380 5046 2032 5119">
    <p class='ocr_par' dir='ltr' id='par_1_84' title="bbox 380 5046 2032 5119">
     <span class='ocr_line' id='line_1_84' title="bbox 380 5046 2032 5119; baseline 0.005 -18"><span class='ocrx_word' id='word_1_668' title='bbox 380 5046 693 5112; x_wconf 83' lang='lat' dir='ltr'><strong>contraria,</strong></span> <span class='ocrx_word' id='word_1_669' title='bbox 727 5047 823 5102; x_wconf 89' lang='lat' dir='ltr'><strong>sed</strong></span> <span class='ocrx_word' id='word_1_670' title='bbox 863 5063 979 5103; x_wconf 89' lang='lat' dir='ltr'><strong>non</strong></span> <span class='ocrx_word' id='word_1_671' title='bbox 1012 5064 1079 5104; x_wconf 92' lang='lat' dir='ltr'><strong>eo</strong></span> <span class='ocrx_word' id='word_1_672' title='bbox 1101 5051 1246 5119; x_wconf 88' lang='lat' dir='ltr'><strong>quod</strong></span> <span class='ocrx_word' id='word_1_673' title='bbox 1285 5052 1704 5107; x_wconf 86' lang='lat' dir='ltr'><strong>contrariorum</strong></span> <span class='ocrx_word' id='word_1_674' title='bbox 1752 5052 1869 5108; x_wconf 91' lang='lat' dir='ltr'><strong>sint</strong></span> <span class='ocrx_word' id='word_1_675' title='bbox 1894 5069 2032 5109; x_wconf 87' lang='lat' dir='ltr'><strong>con-</strong></span> 
     </span>
    </p>
   </div>
   <div class='ocr_carea' id='block_1_85' title="bbox 382 5134 2035 5209">
    <p class='ocr_par' dir='ltr' id='par_1_85' title="bbox 382 5134 2035 5209">
     <span class='ocr_line' id='line_1_85' title="bbox 382 5134 2035 5209; baseline 0.005 -20"><span class='ocrx_word' id='word_1_676' title='bbox 382 5134 568 5189; x_wconf 78' lang='lat' dir='ltr'><strong>traria:</strong></span> <span class='ocrx_word' id='word_1_677' title='bbox 603 5143 759 5204; x_wconf 87' lang='lat' dir='ltr'><strong>sunt,</strong></span> <span class='ocrx_word' id='word_1_678' title='bbox 780 5136 877 5190; x_wconf 87' lang='lat' dir='ltr'><strong>sed</strong></span> <span class='ocrx_word' id='word_1_679' title='bbox 910 5137 1093 5208; x_wconf 85' lang='lat' dir='ltr'><strong>magis</strong></span> <span class='ocrx_word' id='word_1_680' title='bbox 1127 5154 1194 5194; x_wconf 91' lang='lat' dir='ltr'><strong>eo</strong></span> <span class='ocrx_word' id='word_1_681' title='bbox 1225 5139 1375 5209; x_wconf 88' lang='lat' dir='ltr'><strong>quod</strong></span> <span class='ocrx_word' id='word_1_682' title='bbox 1407 5142 1727 5197; x_wconf 77' lang='lat' dir='ltr'><strong>contrariae.</strong></span> <span class='ocrx_word' id='word_1_683' title='bbox 1764 5142 1908 5197; x_wconf 90' lang='lat' dir='ltr'><strong>Sunt</strong></span> <span class='ocrx_word' id='word_1_684' title='bbox 1939 5158 2035 5198; x_wconf 88' lang='lat' dir='ltr'><strong>au-</strong></span> 
     </span>
    </p>
   </div>
   <div class='ocr_carea' id='block_1_86' title="bbox 376 5223 2031 5298">
    <p class='ocr_par' dir='ltr' id='par_1_86' title="bbox 376 5223 2031 5298">
     <span class='ocr_line' id='line_1_86' title="bbox 376 5223 2031 5298; baseline 0.005 -21"><span class='ocrx_word' id='word_1_685' title='bbox 376 5230 517 5290; x_wconf 83' lang='lat' dir='ltr'><strong>tem,</strong></span> <span class='ocrx_word' id='word_1_686' title='bbox 551 5223 763 5293; x_wconf 85' lang='lat' dir='ltr'><strong>inquit,</strong></span> <span class='ocrx_word' id='word_1_687' title='bbox 797 5224 926 5287; x_wconf 87' lang='lat' dir='ltr'><strong>ista,</strong></span> <span class='ocrx_word' id='word_1_688' title='bbox 957 5225 1173 5282; x_wconf 88' lang='lat' dir='ltr'><strong>scilicet</strong></span> <span class='ocrx_word' id='word_1_689' title='bbox 1234 5243 1359 5298; x_wconf 86' lang='lat' dir='ltr'><strong>quae</strong></span> <span class='ocrx_word' id='word_1_690' title='bbox 1389 5233 1525 5284; x_wconf 86' lang='lat' dir='ltr'><strong>sunt</strong></span> <span class='ocrx_word' id='word_1_691' title='bbox 1557 5229 1617 5283; x_wconf 90' lang='lat' dir='ltr'><strong>in</strong></span> <span class='ocrx_word' id='word_1_692' title='bbox 1667 5230 2031 5298; x_wconf 83' lang='lat' dir='ltr'><strong>opinionibus</strong></span> 
     </span>
    </p>
   </div>
   <div class='ocr_carea' id='block_1_87' title="bbox 379 5312 2029 5388">
    <p class='ocr_par' dir='ltr' id='par_1_87' title="bbox 379 5312 2029 5388">
     <span class='ocr_line' id='line_1_87' title="bbox 379 5312 2029 5388; baseline 0.004 -20"><span class='ocrx_word' id='word_1_693' title='bbox 379 5312 690 5379; x_wconf 82' lang='lat' dir='ltr'><strong>contraria,</strong></span> <span class='ocrx_word' id='word_1_694' title='bbox 721 5327 837 5369; x_wconf 89' lang='lat' dir='ltr'><strong>non</strong></span> <span class='ocrx_word' id='word_1_695' title='bbox 889 5318 1085 5371; x_wconf 89' lang='lat' dir='ltr'><strong>tamen</strong></span> <span class='ocrx_word' id='word_1_696' title='bbox 1143 5318 1426 5372; x_wconf 86' lang='lat' dir='ltr'><strong>contraria</strong></span> <span class='ocrx_word' id='word_1_697' title='bbox 1455 5319 1681 5388; x_wconf 88' lang='lat' dir='ltr'><strong>quando</strong></span> <span class='ocrx_word' id='word_1_698' title='bbox 1715 5320 2029 5375; x_wconf 63' lang='lat' dir='ltr'><strong>contrariov</strong></span> 
     </span>
    </p>
   </div>
   <div class='ocr_carea' id='block_1_88' title="bbox 379 5402 2030 5477">
    <p class='ocr_par' dir='ltr' id='par_1_88' title="bbox 379 5402 2030 5477">
     <span class='ocr_line' id='line_1_88' title="bbox 379 5402 2030 5477; baseline 0.006 -23"><span class='ocrx_word' id='word_1_699' title='bbox 379 5415 511 5454; x_wconf 88' lang='lat' dir='ltr'><strong>rum</strong></span> <span class='ocrx_word' id='word_1_700' title='bbox 544 5406 698 5469; x_wconf 86' lang='lat' dir='ltr'><strong>sunt,</strong></span> <span class='ocrx_word' id='word_1_701' title='bbox 732 5402 831 5456; x_wconf 89' lang='lat' dir='ltr'><strong>sed</strong></span> <span class='ocrx_word' id='word_1_702' title='bbox 879 5406 1066 5473; x_wconf 90' lang='lat' dir='ltr'><strong>potius</strong></span> <span class='ocrx_word' id='word_1_703' title='bbox 1098 5406 1329 5475; x_wconf 85' lang='lat' dir='ltr'><strong>quando</strong></span> <span class='ocrx_word' id='word_1_704' title='bbox 1358 5406 1428 5462; x_wconf 88' lang='lat' dir='ltr'><strong>de</strong></span> <span class='ocrx_word' id='word_1_705' title='bbox 1456 5422 1571 5463; x_wconf 93' lang='lat' dir='ltr'><strong>uno</strong></span> <span class='ocrx_word' id='word_1_706' title='bbox 1601 5407 1910 5477; x_wconf 89' lang='lat' dir='ltr'><strong>eodemque</strong></span> <span class='ocrx_word' id='word_1_707' title='bbox 1941 5408 2030 5463; x_wconf 85' lang='lat' dir='ltr'><strong>di-</strong></span> 
     </span>
    </p>
   </div>
   <div class='ocr_carea' id='block_1_89' title="bbox 377 5490 2029 5565">
    <p class='ocr_par' dir='ltr' id='par_1_89' title="bbox 377 5490 2029 5565">
     <span class='ocr_line' id='line_1_89' title="bbox 377 5490 2029 5565; baseline 0.007 -23"><span class='ocrx_word' id='word_1_708' title='bbox 377 5504 542 5543; x_wconf 75' lang='lat' dir='ltr'><strong>verso</strong></span> <span class='ocrx_word' id='word_1_709' title='bbox 574 5490 745 5545; x_wconf 90' lang='lat' dir='ltr'><strong>modo</strong></span> <span class='ocrx_word' id='word_1_710' title='bbox 774 5499 823 5545; x_wconf 91' lang='lat' dir='ltr'><strong>et</strong></span> <span class='ocrx_word' id='word_1_711' title='bbox 858 5493 1159 5548; x_wconf 63' lang='lat' dir='ltr'><strong>contraria)</strong></span> <span class='ocrx_word' id='word_1_712' title='bbox 1190 5495 1577 5565; x_wconf 87' lang='lat' dir='ltr'><strong>suspicantur,</strong></span> <span class='ocrx_word' id='word_1_713' title='bbox 1610 5496 1723 5553; x_wconf 87' lang='lat' dir='ltr'><strong>hoc</strong></span> <span class='ocrx_word' id='word_1_714' title='bbox 1758 5501 1845 5552; x_wconf 88' lang='lat' dir='ltr'><strong>est</strong></span> <span class='ocrx_word' id='word_1_715' title='bbox 1876 5496 2029 5553; x_wconf 87' lang='lat' dir='ltr'><strong>enim</strong></span> 
     </span>
    </p>
   </div>
   <div class='ocr_carea' id='block_1_90' title="bbox 378 5578 2029 5657">
    <p class='ocr_par' dir='ltr' id='par_1_90' title="bbox 378 5578 2029 5657">
     <span class='ocr_line' id='line_1_90' title="bbox 378 5578 2029 5657; baseline 0.006 -26"><span class='ocrx_word' id='word_1_716' title='bbox 378 5578 536 5648; x_wconf 87' lang='lat' dir='ltr'><strong>quod</strong></span> <span class='ocrx_word' id='word_1_717' title='bbox 571 5579 675 5633; x_wconf 86' lang='lat' dir='ltr'><strong>ait.</strong></span> <span class='ocrx_word' id='word_1_718' title='bbox 710 5578 852 5636; x_wconf 90' lang='lat' dir='ltr'><strong>Sunt</strong></span> <span class='ocrx_word' id='word_1_719' title='bbox 882 5589 1069 5638; x_wconf 89' lang='lat' dir='ltr'><strong>autem</strong></span> <span class='ocrx_word' id='word_1_720' title='bbox 1101 5583 1210 5639; x_wconf 87' lang='lat' dir='ltr'><strong>ista</strong></span> <span class='ocrx_word' id='word_1_721' title='bbox 1232 5588 1534 5653; x_wconf 87' lang='lat' dir='ltr'><strong>contraria,</strong></span> <span class='ocrx_word' id='word_1_722' title='bbox 1566 5602 1631 5642; x_wconf 86' lang='lat' dir='ltr'><strong>ea</strong></span> <span class='ocrx_word' id='word_1_723' title='bbox 1662 5586 1881 5641; x_wconf 89' lang='lat' dir='ltr'><strong>scilicet</strong></span> <span class='ocrx_word' id='word_1_724' title='bbox 1909 5602 2029 5657; x_wconf 84' lang='lat' dir='ltr'><strong>quae</strong></span> 
     </span>
    </p>
   </div>
   <div class='ocr_carea' id='block_1_91' title="bbox 377 5666 2032 5747">
    <p class='ocr_par' dir='ltr' id='par_1_91' title="bbox 377 5666 2032 5747">
     <span class='ocr_line' id='line_1_91' title="bbox 377 5666 2032 5747; baseline 0.008 -26"><span class='ocrx_word' id='word_1_725' title='bbox 377 5666 444 5723; x_wconf 85' lang='lat' dir='ltr'><strong>in</strong></span> <span class='ocrx_word' id='word_1_726' title='bbox 474 5666 685 5725; x_wconf 69' lang='lat' dir='ltr'><strong>animm</strong></span> <span class='ocrx_word' id='word_1_727' title='bbox 714 5670 1088 5741; x_wconf 86' lang='lat' dir='ltr'><strong>opinionibus</strong></span> <span class='ocrx_word' id='word_1_728' title='bbox 1115 5672 1301 5743; x_wconf 83' lang='lat' dir='ltr'><strong>posita</strong></span> <span class='ocrx_word' id='word_1_729' title='bbox 1331 5682 1487 5746; x_wconf 85' lang='lat' dir='ltr'><strong>sunt,</strong></span> <span class='ocrx_word' id='word_1_730' title='bbox 1506 5690 1751 5747; x_wconf 87' lang='lat' dir='ltr'><strong>quorum</strong></span> <span class='ocrx_word' id='word_1_731' title='bbox 1776 5677 2032 5747; x_wconf 87' lang='lat' dir='ltr'><strong>proposi-</strong></span> 
     </span>
    </p>
   </div>
   <div class='ocr_carea' id='block_1_92' title="bbox 2145 3258 3794 3340">
    <p class='ocr_par' dir='ltr' id='par_1_92' title="bbox 2145 3258 3794 3340">
     <span class='ocr_line' id='line_1_92' title="bbox 2145 3258 3794 3340; baseline 0 -17"><span class='ocrx_word' id='word_1_732' title='bbox 2145 3269 2416 3340; x_wconf 86' lang='lat' dir='ltr'><strong>quoniam</strong></span> <span class='ocrx_word' id='word_1_733' title='bbox 2456 3258 2764 3321; x_wconf 79' lang='lat' dir='ltr'><strong>honestum</strong></span> <span class='ocrx_word' id='word_1_734' title='bbox 2800 3281 2915 3321; x_wconf 89' lang='lat' dir='ltr'><strong>non</strong></span> <span class='ocrx_word' id='word_1_735' title='bbox 2968 3274 3075 3332; x_wconf 89' lang='lat' dir='ltr'><strong>est,</strong></span> <span class='ocrx_word' id='word_1_736' title='bbox 3108 3282 3410 3336; x_wconf 90' lang='lat' dir='ltr'><strong>possumus</strong></span> <span class='ocrx_word' id='word_1_737' title='bbox 3436 3268 3622 3323; x_wconf 89' lang='lat' dir='ltr'><strong>dicere</strong></span> <span class='ocrx_word' id='word_1_738' title='bbox 3650 3284 3794 3339; x_wconf 88' lang='lat' dir='ltr'><strong>quo-</strong></span> 
     </span>
    </p>
   </div>
   <div class='ocr_carea' id='block_1_93' title="bbox 2145 3355 3789 3425">
    <p class='ocr_par' dir='ltr' id='par_1_93' title="bbox 2145 3355 3789 3425">
     <span class='ocr_line' id='line_1_93' title="bbox 2145 3355 3789 3425; baseline -0.001 -13"><span class='ocrx_word' id='word_1_739' title='bbox 2145 3358 2302 3412; x_wconf 85' lang='lat' dir='ltr'><strong>niam</strong></span> <span class='ocrx_word' id='word_1_740' title='bbox 2337 3355 2473 3409; x_wconf 91' lang='lat' dir='ltr'><strong>utile</strong></span> <span class='ocrx_word' id='word_1_741' title='bbox 2525 3370 2642 3409; x_wconf 89' lang='lat' dir='ltr'><strong>non</strong></span> <span class='ocrx_word' id='word_1_742' title='bbox 2687 3362 2790 3424; x_wconf 90' lang='lat' dir='ltr'><strong>cst,</strong></span> <span class='ocrx_word' id='word_1_743' title='bbox 2824 3369 3125 3424; x_wconf 86' lang='lat' dir='ltr'><strong>possumus</strong></span> <span class='ocrx_word' id='word_1_744' title='bbox 3164 3370 3386 3425; x_wconf 89' lang='lat' dir='ltr'><strong>quoque</strong></span> <span class='ocrx_word' id='word_1_745' title='bbox 3428 3356 3617 3411; x_wconf 88' lang='lat' dir='ltr'><strong>dicere</strong></span> <span class='ocrx_word' id='word_1_746' title='bbox 3648 3372 3789 3425; x_wconf 89' lang='lat' dir='ltr'><strong>quo-</strong></span> 
     </span>
    </p>
   </div>
   <div class='ocr_carea' id='block_1_94' title="bbox 2144 3441 3790 3515">
    <p class='ocr_par' dir='ltr' id='par_1_94' title="bbox 2144 3441 3790 3515">
     <span class='ocr_line' id='line_1_94' title="bbox 2144 3441 3790 3515; baseline 0 -15"><span class='ocrx_word' id='word_1_747' title='bbox 2144 3447 2302 3501; x_wconf 87' lang='lat' dir='ltr'><strong>niam</strong></span> <span class='ocrx_word' id='word_1_748' title='bbox 2332 3445 2710 3515; x_wconf 87' lang='lat' dir='ltr'><strong>expetendum</strong></span> <span class='ocrx_word' id='word_1_749' title='bbox 2736 3459 2851 3499; x_wconf 92' lang='lat' dir='ltr'><strong>non</strong></span> <span class='ocrx_word' id='word_1_750' title='bbox 2874 3450 2977 3507; x_wconf 91' lang='lat' dir='ltr'><strong>est,</strong></span> <span class='ocrx_word' id='word_1_751' title='bbox 2997 3441 3179 3497; x_wconf 88' lang='lat' dir='ltr'><strong>ctalia</strong></span> <span class='ocrx_word' id='word_1_752' title='bbox 3203 3444 3381 3513; x_wconf 91' lang='lat' dir='ltr'><strong>plura.</strong></span> <span class='ocrx_word' id='word_1_753' title='bbox 3411 3445 3790 3515; x_wconf 78' lang='lat' dir='ltr'><strong>Infinitacrgo</strong></span> 
     </span>
    </p>
   </div>
   <div class='ocr_carea' id='block_1_95' title="bbox 2145 3531 3787 3602">
    <p class='ocr_par' dir='ltr' id='par_1_95' title="bbox 2145 3531 3787 3602">
     <span class='ocr_line' id='line_1_95' title="bbox 2145 3531 3787 3602; baseline -0.001 -13"><span class='ocrx_word' id='word_1_754' title='bbox 2145 3538 2280 3589; x_wconf 86' lang='lat' dir='ltr'><strong>sunt</strong></span> <span class='ocrx_word' id='word_1_755' title='bbox 2309 3541 2360 3589; x_wconf 89' lang='lat' dir='ltr'><strong>et</strong></span> <span class='ocrx_word' id='word_1_756' title='bbox 2384 3550 2450 3589; x_wconf 85' lang='lat' dir='ltr'><strong>ea</strong></span> <span class='ocrx_word' id='word_1_757' title='bbox 2480 3548 2600 3602; x_wconf 82' lang='lat' dir='ltr'><strong>quae</strong></span> <span class='ocrx_word' id='word_1_758' title='bbox 2620 3531 3197 3601; x_wconf 80' lang='lat' dir='ltr'><strong>possumusarbitrari</strong></span> <span class='ocrx_word' id='word_1_759' title='bbox 3229 3536 3298 3587; x_wconf 90' lang='lat' dir='ltr'><strong>de</strong></span> <span class='ocrx_word' id='word_1_760' title='bbox 3321 3534 3493 3601; x_wconf 82' lang='lat' dir='ltr'><strong>bono,</strong></span> <span class='ocrx_word' id='word_1_761' title='bbox 3515 3534 3787 3602; x_wconf 87' lang='lat' dir='ltr'><strong>quoniam</strong></span> 
     </span>
    </p>
   </div>
   <div class='ocr_carea' id='block_1_96' title="bbox 2144 3622 3789 3695">
    <p class='ocr_par' dir='ltr' id='par_1_96' title="bbox 2144 3622 3789 3695">
     <span class='ocr_line' id='line_1_96' title="bbox 2144 3622 3789 3695; baseline -0.002 -15"><span class='ocrx_word' id='word_1_762' title='bbox 2144 3634 2227 3681; x_wconf 91' lang='lat' dir='ltr'><strong>est</strong></span> <span class='ocrx_word' id='word_1_763' title='bbox 2258 3625 2313 3679; x_wconf 87' lang='lat' dir='ltr'><strong>id</strong></span> <span class='ocrx_word' id='word_1_764' title='bbox 2345 3627 2489 3695; x_wconf 85' lang='lat' dir='ltr'><strong>quod</strong></span> <span class='ocrx_word' id='word_1_765' title='bbox 2522 3624 2737 3678; x_wconf 91' lang='lat' dir='ltr'><strong>bonum</strong></span> <span class='ocrx_word' id='word_1_766' title='bbox 2771 3622 2959 3693; x_wconf 87' lang='lat' dir='ltr'><strong>ipsum</strong></span> <span class='ocrx_word' id='word_1_767' title='bbox 2992 3638 3107 3677; x_wconf 88' lang='lat' dir='ltr'><strong>non</strong></span> <span class='ocrx_word' id='word_1_768' title='bbox 3139 3630 3242 3678; x_wconf 86' lang='lat' dir='ltr'><strong>est.</strong></span> <span class='ocrx_word' id='word_1_769' title='bbox 3276 3624 3339 3677; x_wconf 89' lang='lat' dir='ltr'><strong>Et</strong></span> <span class='ocrx_word' id='word_1_770' title='bbox 3364 3639 3558 3692; x_wconf 84' lang='lat' dir='ltr'><strong>eaquae</strong></span> <span class='ocrx_word' id='word_1_771' title='bbox 3584 3624 3789 3693; x_wconf 88' lang='lat' dir='ltr'><strong>opina-</strong></span> 
     </span>
    </p>
   </div>
   <div class='ocr_carea' id='block_1_97' title="bbox 2148 3710 3788 3782">
    <p class='ocr_par' dir='ltr' id='par_1_97' title="bbox 2148 3710 3788 3782">
     <span class='ocr_line' id='line_1_97' title="bbox 2148 3710 3788 3782; baseline -0.003 -12"><span class='ocrx_word' id='word_1_772' title='bbox 2148 3731 2276 3770; x_wconf 89' lang='lat' dir='ltr'><strong>mur</strong></span> <span class='ocrx_word' id='word_1_773' title='bbox 2308 3729 2421 3769; x_wconf 89' lang='lat' dir='ltr'><strong>non</strong></span> <span class='ocrx_word' id='word_1_774' title='bbox 2441 3728 2566 3768; x_wconf 87' lang='lat' dir='ltr'><strong>esse</strong></span> <span class='ocrx_word' id='word_1_775' title='bbox 2596 3712 2802 3767; x_wconf 89' lang='lat' dir='ltr'><strong>bonum</strong></span> <span class='ocrx_word' id='word_1_776' title='bbox 2833 3712 2981 3782; x_wconf 92' lang='lat' dir='ltr'><strong>quod</strong></span> <span class='ocrx_word' id='word_1_777' title='bbox 3008 3720 3110 3778; x_wconf 88' lang='grc' dir='ltr'>εει,</span> <span class='ocrx_word' id='word_1_778' title='bbox 3145 3728 3209 3765; x_wconf 88' lang='lat' dir='ltr'><strong>ea</strong></span> <span class='ocrx_word' id='word_1_779' title='bbox 3251 3727 3471 3782; x_wconf 90' lang='lat' dir='ltr'><strong>quoque</strong></span> <span class='ocrx_word' id='word_1_780' title='bbox 3499 3719 3630 3765; x_wconf 88' lang='lat' dir='ltr'><strong>sunt</strong></span> <span class='ocrx_word' id='word_1_781' title='bbox 3665 3710 3788 3766; x_wconf 88' lang='lat' dir='ltr'><strong>infl-</strong></span> 
     </span>
    </p>
   </div>
   <div class='ocr_carea' id='block_1_98' title="bbox 2145 3800 3793 3871">
    <p class='ocr_par' dir='ltr' id='par_1_98' title="bbox 2145 3800 3793 3871">
     <span class='ocr_line' id='line_1_98' title="bbox 2145 3800 3793 3871; baseline -0.001 -12"><span class='ocrx_word' id='word_1_782' title='bbox 2145 3804 2282 3859; x_wconf 89' lang='lat' dir='ltr'><strong>nita.</strong></span> <span class='ocrx_word' id='word_1_783' title='bbox 2317 3806 2498 3869; x_wconf 84' lang='lat' dir='ltr'><strong>Quare</strong></span> <span class='ocrx_word' id='word_1_784' title='bbox 2529 3817 2635 3856; x_wconf 89' lang='lat' dir='ltr'><strong>nec</strong></span> <span class='ocrx_word' id='word_1_785' title='bbox 2665 3818 2729 3855; x_wconf 90' lang='lat' dir='ltr'><strong>ea</strong></span> <span class='ocrx_word' id='word_1_786' title='bbox 2785 3818 2909 3871; x_wconf 62' lang='lat' dir='ltr'><strong>quae</strong></span> <span class='ocrx_word' id='word_1_787' title='bbox 2945 3805 3105 3871; x_wconf 85' lang='lat' dir='ltr'><strong>putat</strong></span> <span class='ocrx_word' id='word_1_788' title='bbox 3152 3801 3347 3870; x_wconf 82' lang='lat' dir='ltr'><strong>Opinio</strong></span> <span class='ocrx_word' id='word_1_789' title='bbox 3406 3800 3621 3855; x_wconf 89' lang='lat' dir='ltr'><strong>bonum</strong></span> <span class='ocrx_word' id='word_1_790' title='bbox 3672 3817 3793 3857; x_wconf 86' lang='lat' dir='ltr'><strong>esse</strong></span> 
     </span>
    </p>
   </div>
   <div class='ocr_carea' id='block_1_99' title="bbox 2143 3890 3789 3963">
    <p class='ocr_par' dir='ltr' id='par_1_99' title="bbox 2143 3890 3789 3963">
     <span class='ocr_line' id='line_1_99' title="bbox 2143 3890 3789 3963; baseline -0.002 -17"><span class='ocrx_word' id='word_1_791' title='bbox 2143 3892 2295 3963; x_wconf 92' lang='lat' dir='ltr'><strong>quod</strong></span> <span class='ocrx_word' id='word_1_792' title='bbox 2332 3908 2443 3946; x_wconf 91' lang='lat' dir='ltr'><strong>non</strong></span> <span class='ocrx_word' id='word_1_793' title='bbox 2475 3897 2580 3959; x_wconf 91' lang='lat' dir='ltr'><strong>est,</strong></span> <span class='ocrx_word' id='word_1_794' title='bbox 2629 3906 2735 3945; x_wconf 90' lang='lat' dir='ltr'><strong>nec</strong></span> <span class='ocrx_word' id='word_1_795' title='bbox 2768 3906 2835 3944; x_wconf 87' lang='lat' dir='ltr'><strong>ea</strong></span> <span class='ocrx_word' id='word_1_796' title='bbox 2866 3905 2986 3959; x_wconf 73' lang='lat' dir='ltr'><strong>quae</strong></span> <span class='ocrx_word' id='word_1_797' title='bbox 3011 3896 3169 3959; x_wconf 86' lang='lat' dir='ltr'><strong>putat</strong></span> <span class='ocrx_word' id='word_1_798' title='bbox 3201 3906 3315 3945; x_wconf 90' lang='lat' dir='ltr'><strong>non</strong></span> <span class='ocrx_word' id='word_1_799' title='bbox 3349 3906 3470 3946; x_wconf 83' lang='lat' dir='ltr'><strong>esse</strong></span> <span class='ocrx_word' id='word_1_800' title='bbox 3502 3890 3647 3960; x_wconf 88' lang='lat' dir='ltr'><strong>quod</strong></span> <span class='ocrx_word' id='word_1_801' title='bbox 3681 3898 3789 3958; x_wconf 88' lang='lat' dir='ltr'><strong>est,</strong></span> 
     </span>
    </p>
   </div>
   <div class='ocr_carea' id='block_1_100' title="bbox 2146 3980 3787 4054">
    <p class='ocr_par' dir='ltr' id='par_1_100' title="bbox 2146 3980 3787 4054">
     <span class='ocr_line' id='line_1_100' title="bbox 2146 3980 3787 4054; baseline -0.003 -15"><span class='ocrx_word' id='word_1_802' title='bbox 2146 3986 2197 4041; x_wconf 88' lang='lat' dir='ltr'><strong>ei</strong></span> <span class='ocrx_word' id='word_1_803' title='bbox 2231 3982 2490 4054; x_wconf 89' lang='lat' dir='ltr'><strong>opinioni</strong></span> <span class='ocrx_word' id='word_1_804' title='bbox 2522 3982 2785 4052; x_wconf 88' lang='lat' dir='ltr'><strong>ponenda</strong></span> <span class='ocrx_word' id='word_1_805' title='bbox 2816 3992 2899 4035; x_wconf 87' lang='lat' dir='ltr'><strong>est</strong></span> <span class='ocrx_word' id='word_1_806' title='bbox 2930 3996 3053 4036; x_wconf 88' lang='lat' dir='ltr'><strong>esse</strong></span> <span class='ocrx_word' id='word_1_807' title='bbox 3085 3980 3392 4050; x_wconf 86' lang='lat' dir='ltr'><strong>contraria,</strong></span> <span class='ocrx_word' id='word_1_808' title='bbox 3443 3997 3567 4051; x_wconf 82' lang='lat' dir='ltr'><strong>quae</strong></span> <span class='ocrx_word' id='word_1_809' title='bbox 3624 3985 3787 4052; x_wconf 85' lang='lat' dir='ltr'><strong>putat</strong></span> 
     </span>
    </p>
   </div>
   <div class='ocr_carea' id='block_1_101' title="bbox 2143 4070 3774 4140">
    <p class='ocr_par' dir='ltr' id='par_1_101' title="bbox 2143 4070 3774 4140">
     <span class='ocr_line' id='line_1_101' title="bbox 2143 4070 3774 4140; baseline -0.001 -14"><span class='ocrx_word' id='word_1_810' title='bbox 2143 4072 2354 4127; x_wconf 91' lang='lat' dir='ltr'><strong>bonum</strong></span> <span class='ocrx_word' id='word_1_811' title='bbox 2379 4087 2499 4126; x_wconf 89' lang='lat' dir='ltr'><strong>esse</strong></span> <span class='ocrx_word' id='word_1_812' title='bbox 2522 4071 2668 4140; x_wconf 92' lang='lat' dir='ltr'><strong>quod</strong></span> <span class='ocrx_word' id='word_1_813' title='bbox 2696 4070 2908 4124; x_wconf 76' lang='lat' dir='ltr'><strong>bonum</strong></span> <span class='ocrx_word' id='word_1_814' title='bbox 2934 4078 3037 4125; x_wconf 90' lang='lat' dir='ltr'><strong>est.</strong></span> <span class='ocrx_word' id='word_1_815' title='bbox 3067 4071 3180 4124; x_wconf 91' lang='lat' dir='ltr'><strong>lloc</strong></span> <span class='ocrx_word' id='word_1_816' title='bbox 3207 4070 3358 4123; x_wconf 91' lang='lat' dir='ltr'><strong>enim</strong></span> <span class='ocrx_word' id='word_1_817' title='bbox 3381 4072 3642 4140; x_wconf 86' lang='lat' dir='ltr'><strong>estquod</strong></span> <span class='ocrx_word' id='word_1_818' title='bbox 3666 4070 3774 4124; x_wconf 85' lang='lat' dir='ltr'><strong>ait:</strong></span> 
     </span>
    </p>
   </div>
   <div class='ocr_carea' id='block_1_102' title="bbox 2143 4156 3781 4229">
    <p class='ocr_par' dir='ltr' id='par_1_102' title="bbox 2143 4156 3781 4229">
     <span class='ocr_line' id='line_1_102' title="bbox 2143 4156 3781 4229; baseline -0.001 -16"><span class='ocrx_word' id='word_1_819' title='bbox 2143 4160 2399 4214; x_wconf 84' lang='lat' dir='ltr'><strong>Aliarum</strong></span> <span class='ocrx_word' id='word_1_820' title='bbox 2433 4159 2665 4229; x_wconf 90' lang='lat' dir='ltr'><strong>quidem</strong></span> <span class='ocrx_word' id='word_1_821' title='bbox 2700 4156 2857 4213; x_wconf 90' lang='lat' dir='ltr'><strong>nulla</strong></span> <span class='ocrx_word' id='word_1_822' title='bbox 2886 4159 3151 4227; x_wconf 88' lang='lat' dir='ltr'><strong>ponenda</strong></span> <span class='ocrx_word' id='word_1_823' title='bbox 3182 4164 3489 4227; x_wconf 88' lang='lat' dir='ltr'><strong>est,noque</strong></span> <span class='ocrx_word' id='word_1_824' title='bbox 3513 4173 3781 4227; x_wconf 84' lang='lat' dir='ltr'><strong>quaecun-</strong></span> 
     </span>
    </p>
   </div>
   <div class='ocr_carea' id='block_1_103' title="bbox 2143 4246 3791 4321">
    <p class='ocr_par' dir='ltr' id='par_1_103' title="bbox 2143 4246 3791 4321">
     <span class='ocr_line' id='line_1_103' title="bbox 2143 4246 3791 4321; baseline -0.001 -17"><span class='ocrx_word' id='word_1_825' title='bbox 2143 4266 2253 4321; x_wconf 90' lang='lat' dir='ltr'><strong>que</strong></span> <span class='ocrx_word' id='word_1_826' title='bbox 2284 4264 2406 4304; x_wconf 89' lang='lat' dir='ltr'><strong>esse</strong></span> <span class='ocrx_word' id='word_1_827' title='bbox 2437 4248 2583 4317; x_wconf 90' lang='lat' dir='ltr'><strong>quod</strong></span> <span class='ocrx_word' id='word_1_828' title='bbox 2619 4264 2730 4302; x_wconf 89' lang='lat' dir='ltr'><strong>non</strong></span> <span class='ocrx_word' id='word_1_829' title='bbox 2765 4254 2851 4303; x_wconf 90' lang='lat' dir='ltr'><strong>est</strong></span> <span class='ocrx_word' id='word_1_830' title='bbox 2873 4247 3157 4316; x_wconf 86' lang='lat' dir='ltr'><strong>Opinatur,</strong></span> <span class='ocrx_word' id='word_1_831' title='bbox 3186 4247 3522 4300; x_wconf 86' lang='lat' dir='ltr'><strong>utdicamus</strong></span> <span class='ocrx_word' id='word_1_832' title='bbox 3554 4247 3621 4302; x_wconf 92' lang='lat' dir='ltr'><strong>dc</strong></span> <span class='ocrx_word' id='word_1_833' title='bbox 3642 4246 3791 4302; x_wconf 85' lang='lat' dir='ltr'><strong>bono</strong></span> 
     </span>
    </p>
   </div>
   <div class='ocr_carea' id='block_1_104' title="bbox 2142 4335 3789 4410">
    <p class='ocr_par' dir='ltr' id='par_1_104' title="bbox 2142 4335 3789 4410">
     <span class='ocr_line' id='line_1_104' title="bbox 2142 4335 3789 4410; baseline -0.002 -15"><span class='ocrx_word' id='word_1_834' title='bbox 2142 4340 2417 4410; x_wconf 88' lang='lat' dir='ltr'><strong>quoniam</strong></span> <span class='ocrx_word' id='word_1_835' title='bbox 2453 4338 2669 4393; x_wconf 88' lang='lat' dir='ltr'><strong>malum</strong></span> <span class='ocrx_word' id='word_1_836' title='bbox 2703 4345 2807 4404; x_wconf 90' lang='grc' dir='ltr'>εει,</span> <span class='ocrx_word' id='word_1_837' title='bbox 2838 4337 2923 4391; x_wconf 88' lang='lat' dir='ltr'><strong>vel</strong></span> <span class='ocrx_word' id='word_1_838' title='bbox 2984 4336 3209 4402; x_wconf 87' lang='lat' dir='ltr'><strong>inutile,</strong></span> <span class='ocrx_word' id='word_1_839' title='bbox 3244 4335 3328 4391; x_wconf 85' lang='lat' dir='ltr'><strong>vel</strong></span> <span class='ocrx_word' id='word_1_840' title='bbox 3389 4344 3571 4408; x_wconf 85' lang='lat' dir='ltr'><strong>turpe.</strong></span> <span class='ocrx_word' id='word_1_841' title='bbox 3606 4352 3789 4407; x_wconf 89' lang='lat' dir='ltr'><strong>neque</strong></span> 
     </span>
    </p>
   </div>
   <div class='ocr_carea' id='block_1_105' title="bbox 2141 4425 3791 4505">
    <p class='ocr_par' dir='ltr' id='par_1_105' title="bbox 2141 4425 3791 4505">
     <span class='ocr_line' id='line_1_105' title="bbox 2141 4425 3791 4505; baseline 0 -23"><span class='ocrx_word' id='word_1_842' title='bbox 2141 4443 2494 4499; x_wconf 75' lang='lat' dir='ltr'><strong>quaecunque</strong></span> <span class='ocrx_word' id='word_1_843' title='bbox 2524 4443 2638 4481; x_wconf 91' lang='lat' dir='ltr'><strong>non</strong></span> <span class='ocrx_word' id='word_1_844' title='bbox 2671 4442 2794 4481; x_wconf 85' lang='lat' dir='ltr'><strong>esse</strong></span> <span class='ocrx_word' id='word_1_845' title='bbox 2825 4426 2972 4496; x_wconf 91' lang='lat' dir='ltr'><strong>quod</strong></span> <span class='ocrx_word' id='word_1_846' title='bbox 3006 4433 3111 4505; x_wconf 80' lang='lat' dir='ltr'><strong>est,</strong></span> <span class='ocrx_word' id='word_1_847' title='bbox 3147 4438 3203 4480; x_wconf 91' lang='lat' dir='ltr'><strong>ut</strong></span> <span class='ocrx_word' id='word_1_848' title='bbox 3235 4425 3279 4479; x_wconf 91' lang='lat' dir='ltr'><strong>si</strong></span> <span class='ocrx_word' id='word_1_849' title='bbox 3313 4425 3381 4480; x_wconf 89' lang='lat' dir='ltr'><strong>de</strong></span> <span class='ocrx_word' id='word_1_850' title='bbox 3412 4427 3607 4482; x_wconf 89' lang='lat' dir='ltr'><strong>eodem</strong></span> <span class='ocrx_word' id='word_1_851' title='bbox 3644 4426 3791 4482; x_wconf 90' lang='lat' dir='ltr'><strong>bono</strong></span> 
     </span>
    </p>
   </div>
   <div class='ocr_carea' id='block_1_106' title="bbox 2142 4514 3791 4585">
    <p class='ocr_par' dir='ltr' id='par_1_106' title="bbox 2142 4514 3791 4585">
     <span class='ocr_line' id='line_1_106' title="bbox 2142 4514 3791 4585; baseline 0 -14"><span class='ocrx_word' id='word_1_852' title='bbox 2142 4518 2420 4582; x_wconf 84' lang='lat' dir='ltr'><strong>dicamus,</strong></span> <span class='ocrx_word' id='word_1_853' title='bbox 2458 4515 2672 4570; x_wconf 88' lang='lat' dir='ltr'><strong>bonum</strong></span> <span class='ocrx_word' id='word_1_854' title='bbox 2697 4516 3076 4585; x_wconf 82' lang='lat' dir='ltr'><strong>expetendum</strong></span> <span class='ocrx_word' id='word_1_855' title='bbox 3103 4531 3213 4570; x_wconf 90' lang='lat' dir='ltr'><strong>non</strong></span> <span class='ocrx_word' id='word_1_856' title='bbox 3239 4519 3344 4581; x_wconf 86' lang='lat' dir='ltr'><strong>est,</strong></span> <span class='ocrx_word' id='word_1_857' title='bbox 3372 4514 3582 4570; x_wconf 90' lang='lat' dir='ltr'><strong>bonum</strong></span> <span class='ocrx_word' id='word_1_858' title='bbox 3619 4516 3791 4571; x_wconf 87' lang='lat' dir='ltr'><strong>hone-</strong></span> 
     </span>
    </p>
   </div>
   <div class='ocr_carea' id='block_1_107' title="bbox 2144 4604 3790 4675">
    <p class='ocr_par' dir='ltr' id='par_1_107' title="bbox 2144 4604 3790 4675">
     <span class='ocr_line' id='line_1_107' title="bbox 2144 4604 3790 4675; baseline -0.001 -15"><span class='ocrx_word' id='word_1_859' title='bbox 2144 4614 2293 4661; x_wconf 90' lang='lat' dir='ltr'><strong>stum</strong></span> <span class='ocrx_word' id='word_1_860' title='bbox 2329 4621 2443 4660; x_wconf 91' lang='lat' dir='ltr'><strong>non</strong></span> <span class='ocrx_word' id='word_1_861' title='bbox 2474 4612 2577 4659; x_wconf 90' lang='lat' dir='ltr'><strong>est.</strong></span> <span class='ocrx_word' id='word_1_862' title='bbox 2645 4604 2889 4659; x_wconf 73' lang='lat' dir='ltr'><strong>infinitae</strong></span> <span class='ocrx_word' id='word_1_863' title='bbox 2922 4605 3079 4659; x_wconf 88' lang='lat' dir='ltr'><strong>enim</strong></span> <span class='ocrx_word' id='word_1_864' title='bbox 3114 4613 3366 4675; x_wconf 70' lang='lat' dir='ltr'><strong>utrmque</strong></span> <span class='ocrx_word' id='word_1_865' title='bbox 3398 4612 3550 4672; x_wconf 90' lang='lat' dir='ltr'><strong>sunt,</strong></span> <span class='ocrx_word' id='word_1_866' title='bbox 3584 4613 3637 4658; x_wconf 87' lang='lat' dir='ltr'><strong>et</strong></span> <span class='ocrx_word' id='word_1_867' title='bbox 3666 4620 3790 4674; x_wconf 70' lang='lat' dir='ltr'><strong>qua)</strong></span> 
     </span>
    </p>
   </div>
   <div class='ocr_carea' id='block_1_108' title="bbox 2143 4694 3793 4765">
    <p class='ocr_par' dir='ltr' id='par_1_108' title="bbox 2143 4694 3793 4765">
     <span class='ocr_line' id='line_1_108' title="bbox 2143 4694 3793 4765; baseline -0.002 -14"><span class='ocrx_word' id='word_1_868' title='bbox 2143 4710 2263 4751; x_wconf 87' lang='lat' dir='ltr'><strong>esse</strong></span> <span class='ocrx_word' id='word_1_869' title='bbox 2295 4695 2604 4765; x_wconf 87' lang='lat' dir='ltr'><strong>Opinantur</strong></span> <span class='ocrx_word' id='word_1_870' title='bbox 2636 4694 2781 4763; x_wconf 89' lang='lat' dir='ltr'><strong>quod</strong></span> <span class='ocrx_word' id='word_1_871' title='bbox 2817 4710 2931 4749; x_wconf 89' lang='lat' dir='ltr'><strong>non</strong></span> <span class='ocrx_word' id='word_1_872' title='bbox 2963 4702 3066 4763; x_wconf 89' lang='lat' dir='ltr'><strong>est,</strong></span> <span class='ocrx_word' id='word_1_873' title='bbox 3100 4702 3153 4749; x_wconf 91' lang='lat' dir='ltr'><strong>et</strong></span> <span class='ocrx_word' id='word_1_874' title='bbox 3184 4709 3307 4763; x_wconf 73' lang='lat' dir='ltr'><strong>qum</strong></span> <span class='ocrx_word' id='word_1_875' title='bbox 3330 4710 3442 4748; x_wconf 92' lang='lat' dir='ltr'><strong>non</strong></span> <span class='ocrx_word' id='word_1_876' title='bbox 3476 4710 3598 4749; x_wconf 84' lang='lat' dir='ltr'><strong>esse</strong></span> <span class='ocrx_word' id='word_1_877' title='bbox 3644 4695 3793 4763; x_wconf 87' lang='lat' dir='ltr'><strong>quod</strong></span> 
     </span>
    </p>
   </div>
   <div class='ocr_carea' id='block_1_109' title="bbox 2146 4781 3789 4854">
    <p class='ocr_par' dir='ltr' id='par_1_109' title="bbox 2146 4781 3789 4854">
     <span class='ocr_line' id='line_1_109' title="bbox 2146 4781 3789 4854; baseline 0 -15"><span class='ocrx_word' id='word_1_878' title='bbox 2146 4792 2250 4839; x_wconf 82' lang='lat' dir='ltr'><strong>est.</strong></span> <span class='ocrx_word' id='word_1_879' title='bbox 2277 4788 2375 4839; x_wconf 81' lang='lat' dir='ltr'><strong>Hae</strong></span> <span class='ocrx_word' id='word_1_880' title='bbox 2401 4782 2573 4854; x_wconf 85' lang='lat' dir='ltr'><strong>igitur</strong></span> <span class='ocrx_word' id='word_1_881' title='bbox 2603 4782 3097 4851; x_wconf 67' lang='lat' dir='ltr'><strong>rejiciendaesunt,</strong></span> <span class='ocrx_word' id='word_1_882' title='bbox 3131 4789 3183 4837; x_wconf 90' lang='lat' dir='ltr'><strong>et</strong></span> <span class='ocrx_word' id='word_1_883' title='bbox 3214 4783 3283 4836; x_wconf 89' lang='lat' dir='ltr'><strong>ad</strong></span> <span class='ocrx_word' id='word_1_884' title='bbox 3321 4781 3534 4837; x_wconf 86' lang='lat' dir='ltr'><strong>nullam</strong></span> <span class='ocrx_word' id='word_1_885' title='bbox 3559 4791 3789 4839; x_wconf 88' lang='lat' dir='ltr'><strong>contra-</strong></span> 
     </span>
    </p>
   </div>
   <div class='ocr_carea' id='block_1_110' title="bbox 2145 4871 3791 4944">
    <p class='ocr_par' dir='ltr' id='par_1_110' title="bbox 2145 4871 3791 4944">
     <span class='ocr_line' id='line_1_110' title="bbox 2145 4871 3791 4944; baseline 0 -16"><span class='ocrx_word' id='word_1_886' title='bbox 2145 4874 2215 4929; x_wconf 90' lang='lat' dir='ltr'><strong>rii</strong></span> <span class='ocrx_word' id='word_1_887' title='bbox 2236 4873 2575 4944; x_wconf 89' lang='lat' dir='ltr'><strong>opinionum</strong></span> <span class='ocrx_word' id='word_1_888' title='bbox 2598 4872 2911 4939; x_wconf 67' lang='lat' dir='ltr'><strong>sumendis,</strong></span> <span class='ocrx_word' id='word_1_889' title='bbox 2935 4871 3203 4941; x_wconf 87' lang='lat' dir='ltr'><strong>quoniam</strong></span> <span class='ocrx_word' id='word_1_890' title='bbox 3227 4871 3464 4926; x_wconf 68' lang='lat' dir='ltr'><strong>infinitae</strong></span> <span class='ocrx_word' id='word_1_891' title='bbox 3496 4877 3791 4939; x_wconf 89' lang='lat' dir='ltr'><strong>sunt,cum</strong></span> 
     </span>
    </p>
   </div>
   <div class='ocr_carea' id='block_1_111' title="bbox 2144 4959 3792 5033">
    <p class='ocr_par' dir='ltr' id='par_1_111' title="bbox 2144 4959 3792 5033">
     <span class='ocr_line' id='line_1_111' title="bbox 2144 4959 3792 5033; baseline 0 -16"><span class='ocrx_word' id='word_1_892' title='bbox 2144 4978 2371 5033; x_wconf 88' lang='lat' dir='ltr'><strong>semper</strong></span> <span class='ocrx_word' id='word_1_893' title='bbox 2392 4960 2805 5016; x_wconf 87' lang='lat' dir='ltr'><strong>contrariorum</strong></span> <span class='ocrx_word' id='word_1_894' title='bbox 2823 4960 3102 5029; x_wconf 87' lang='lat' dir='ltr'><strong>opposilio</strong></span> <span class='ocrx_word' id='word_1_895' title='bbox 3124 4960 3195 5015; x_wconf 86' lang='lat' dir='ltr'><strong>sit</strong></span> <span class='ocrx_word' id='word_1_896' title='bbox 3218 4959 3398 5014; x_wconf 80' lang='lat' dir='ltr'><strong>ﬁnita.</strong></span> <span class='ocrx_word' id='word_1_897' title='bbox 3428 4960 3792 5031; x_wconf 85' lang='lat' dir='ltr'><strong>Quaecunque</strong></span> 
     </span>
    </p>
   </div>
   <div class='ocr_carea' id='block_1_112' title="bbox 2143 5048 3793 5121">
    <p class='ocr_par' dir='ltr' id='par_1_112' title="bbox 2143 5048 3793 5121">
     <span class='ocr_line' id='line_1_112' title="bbox 2143 5048 3793 5121; baseline -0.001 -16"><span class='ocrx_word' id='word_1_898' title='bbox 2143 5059 2331 5106; x_wconf 85' lang='lat' dir='ltr'><strong>autem</strong></span> <span class='ocrx_word' id='word_1_899' title='bbox 2366 5049 2664 5107; x_wconf 83' lang='lat' dir='ltr'><strong>contrariae</strong></span> <span class='ocrx_word' id='word_1_900' title='bbox 2706 5048 2986 5117; x_wconf 71' lang='lat' dir='ltr'><strong>ponenda-</strong></span> <span class='ocrx_word' id='word_1_901' title='bbox 3015 5048 3129 5103; x_wconf 90' lang='lat' dir='ltr'><strong>sint</strong></span> <span class='ocrx_word' id='word_1_902' title='bbox 3185 5048 3504 5118; x_wconf 84' lang='lat' dir='ltr'><strong>Opiniones,</strong></span> <span class='ocrx_word' id='word_1_903' title='bbox 3540 5052 3793 5121; x_wconf 85' lang='lat' dir='ltr'><strong>sequitur</strong></span> 
     </span>
    </p>
   </div>
   <div class='ocr_carea' id='block_1_113' title="bbox 2141 5136 3789 5207">
    <p class='ocr_par' dir='ltr' id='par_1_113' title="bbox 2141 5136 3789 5207">
     <span class='ocr_line' id='line_1_113' title="bbox 2141 5136 3789 5207; baseline -0.002 -11"><span class='ocrx_word' id='word_1_904' title='bbox 2141 5140 2343 5196; x_wconf 89' lang='lat' dir='ltr'><strong>dicens</strong></span> <span class='ocrx_word' id='word_1_905' title='bbox 2374 5156 2387 5193; x_wconf 88' lang='lat'><strong>:</strong></span> <span class='ocrx_word' id='word_1_906' title='bbox 2423 5139 2531 5194; x_wconf 91' lang='lat' dir='ltr'><strong>Sed</strong></span> <span class='ocrx_word' id='word_1_907' title='bbox 2561 5138 2619 5193; x_wconf 92' lang='lat' dir='ltr'><strong>in</strong></span> <span class='ocrx_word' id='word_1_908' title='bbox 2654 5136 2860 5207; x_wconf 88' lang='lat' dir='ltr'><strong>quibus</strong></span> <span class='ocrx_word' id='word_1_909' title='bbox 2891 5139 2977 5191; x_wconf 87' lang='lat' dir='ltr'><strong>cst</strong></span> <span class='ocrx_word' id='word_1_910' title='bbox 3012 5136 3256 5206; x_wconf 83' lang='lat' dir='ltr'><strong>fallacia,</strong></span> <span class='ocrx_word' id='word_1_911' title='bbox 3319 5139 3403 5192; x_wconf 67' lang='lat' dir='ltr'><strong>ha:</strong></span> <span class='ocrx_word' id='word_1_912' title='bbox 3435 5147 3620 5194; x_wconf 88' lang='lat' dir='ltr'><strong>autem</strong></span> <span class='ocrx_word' id='word_1_913' title='bbox 3658 5147 3789 5195; x_wconf 91' lang='lat' dir='ltr'><strong>sunt</strong></span> 
     </span>
    </p>
   </div>
   <div class='ocr_carea' id='block_1_114' title="bbox 2146 5226 3791 5299">
    <p class='ocr_par' dir='ltr' id='par_1_114' title="bbox 2146 5226 3791 5299">
     <span class='ocr_line' id='line_1_114' title="bbox 2146 5226 3791 5299; baseline -0.002 -14"><span class='ocrx_word' id='word_1_914' title='bbox 2146 5247 2217 5285; x_wconf 82' lang='lat' dir='ltr'><strong>ex</strong></span> <span class='ocrx_word' id='word_1_915' title='bbox 2249 5230 2336 5285; x_wconf 89' lang='lat' dir='ltr'><strong>his</strong></span> <span class='ocrx_word' id='word_1_916' title='bbox 2367 5246 2435 5285; x_wconf 87' lang='lat' dir='ltr'><strong>ex</strong></span> <span class='ocrx_word' id='word_1_917' title='bbox 2467 5226 2671 5299; x_wconf 89' lang='lat' dir='ltr'><strong>quibus</strong></span> <span class='ocrx_word' id='word_1_918' title='bbox 2715 5232 2849 5280; x_wconf 87' lang='lat' dir='ltr'><strong>sunt</strong></span> <span class='ocrx_word' id='word_1_919' title='bbox 2879 5233 2932 5281; x_wconf 86' lang='lat' dir='ltr'><strong>et</strong></span> <span class='ocrx_word' id='word_1_920' title='bbox 2964 5228 3382 5297; x_wconf 84' lang='lat' dir='ltr'><strong>generationes.</strong></span> <span class='ocrx_word' id='word_1_921' title='bbox 3410 5227 3487 5282; x_wconf 85' lang='lat' dir='ltr'><strong>Ex</strong></span> <span class='ocrx_word' id='word_1_922' title='bbox 3518 5228 3791 5299; x_wconf 88' lang='lat' dir='ltr'><strong>oppositis</strong></span> 
     </span>
    </p>
   </div>
   <div class='ocr_carea' id='block_1_115' title="bbox 2140 5315 3786 5390">
    <p class='ocr_par' dir='ltr' id='par_1_115' title="bbox 2140 5315 3786 5390">
     <span class='ocr_line' id='line_1_115' title="bbox 2140 5315 3786 5390; baseline -0.002 -15"><span class='ocrx_word' id='word_1_923' title='bbox 2140 5336 2280 5376; x_wconf 85' lang='lat' dir='ltr'><strong>vero</strong></span> <span class='ocrx_word' id='word_1_924' title='bbox 2311 5318 2916 5390; x_wconf 84' lang='lat' dir='ltr'><strong>generationes,quare</strong></span> <span class='ocrx_word' id='word_1_925' title='bbox 2946 5315 3353 5372; x_wconf 86' lang='lat' dir='ltr'><strong>etiamfallacia</strong></span> <span class='ocrx_word' id='word_1_926' title='bbox 3382 5317 3665 5386; x_wconf 90' lang='lat' dir='ltr'><strong>opinioni,</strong></span> <span class='ocrx_word' id='word_1_927' title='bbox 3696 5316 3786 5372; x_wconf 92' lang='lat' dir='ltr'><strong>in-</strong></span> 
     </span>
    </p>
   </div>
   <div class='ocr_carea' id='block_1_116' title="bbox 2138 5403 3788 5478">
    <p class='ocr_par' dir='ltr' id='par_1_116' title="bbox 2138 5403 3788 5478">
     <span class='ocr_line' id='line_1_116' title="bbox 2138 5403 3788 5478; baseline -0.002 -16"><span class='ocrx_word' id='word_1_928' title='bbox 2138 5410 2279 5478; x_wconf 89' lang='lat' dir='ltr'><strong>quit,</strong></span> <span class='ocrx_word' id='word_1_929' title='bbox 2313 5408 2382 5462; x_wconf 87' lang='lat' dir='ltr'><strong>de</strong></span> <span class='ocrx_word' id='word_1_930' title='bbox 2414 5405 2564 5461; x_wconf 89' lang='lat' dir='ltr'><strong>bono</strong></span> <span class='ocrx_word' id='word_1_931' title='bbox 2598 5404 2865 5475; x_wconf 87' lang='lat' dir='ltr'><strong>quoniam</strong></span> <span class='ocrx_word' id='word_1_932' title='bbox 2893 5403 3103 5459; x_wconf 86' lang='lat' dir='ltr'><strong>bonum</strong></span> <span class='ocrx_word' id='word_1_933' title='bbox 3127 5412 3230 5471; x_wconf 89' lang='lat' dir='ltr'><strong>est,</strong></span> <span class='ocrx_word' id='word_1_934' title='bbox 3254 5405 3647 5460; x_wconf 75' lang='lat' dir='ltr'><strong>contrariailla</strong></span> <span class='ocrx_word' id='word_1_935' title='bbox 3664 5405 3788 5461; x_wconf 87' lang='lat' dir='ltr'><strong>sola</strong></span> 
     </span>
    </p>
   </div>
   <div class='ocr_carea' id='block_1_117' title="bbox 2143 5492 3779 5570">
    <p class='ocr_par' dir='ltr' id='par_1_117' title="bbox 2143 5492 3779 5570">
     <span class='ocr_line' id='line_1_117' title="bbox 2143 5492 3779 5570; baseline -0.006 -17"><span class='ocrx_word' id='word_1_936' title='bbox 2143 5496 2410 5570; x_wconf 89' lang='lat' dir='ltr'><strong>ponenda</strong></span> <span class='ocrx_word' id='word_1_937' title='bbox 2442 5504 2548 5563; x_wconf 88' lang='lat' dir='ltr'><strong>est,</strong></span> <span class='ocrx_word' id='word_1_938' title='bbox 2583 5493 2643 5548; x_wconf 92' lang='lat' dir='ltr'><strong>in</strong></span> <span class='ocrx_word' id='word_1_939' title='bbox 2676 5508 2784 5563; x_wconf 85' lang='lat' dir='ltr'><strong>qua</strong></span> <span class='ocrx_word' id='word_1_940' title='bbox 2815 5494 3059 5563; x_wconf 86' lang='lat' dir='ltr'><strong>primum</strong></span> <span class='ocrx_word' id='word_1_941' title='bbox 3119 5492 3343 5548; x_wconf 85' lang='lat' dir='ltr'><strong>fallacia</strong></span> <span class='ocrx_word' id='word_1_942' title='bbox 3386 5495 3679 5563; x_wconf 87' lang='lat' dir='ltr'><strong>reperitur.</strong></span> <span class='ocrx_word' id='word_1_943' title='bbox 3716 5494 3779 5545; x_wconf 88' lang='lat' dir='ltr'><strong>In</strong></span> 
     </span>
    </p>
   </div>
   <div class='ocr_carea' id='block_1_118' title="bbox 2143 5582 3780 5658">
    <p class='ocr_par' dir='ltr' id='par_1_118' title="bbox 2143 5582 3780 5658">
     <span class='ocr_line' id='line_1_118' title="bbox 2143 5582 3780 5658; baseline -0.006 -16"><span class='ocrx_word' id='word_1_944' title='bbox 2143 5603 2251 5658; x_wconf 87' lang='lat' dir='ltr'><strong>qua</strong></span> <span class='ocrx_word' id='word_1_945' title='bbox 2274 5592 2462 5641; x_wconf 89' lang='lat' dir='ltr'><strong>autem</strong></span> <span class='ocrx_word' id='word_1_946' title='bbox 2493 5583 2721 5638; x_wconf 83' lang='lat' dir='ltr'><strong>fallacia</strong></span> <span class='ocrx_word' id='word_1_947' title='bbox 2744 5583 2988 5653; x_wconf 91' lang='lat' dir='ltr'><strong>primum</strong></span> <span class='ocrx_word' id='word_1_948' title='bbox 3017 5583 3349 5651; x_wconf 87' lang='lat' dir='ltr'><strong>reperiatur,</strong></span> <span class='ocrx_word' id='word_1_949' title='bbox 3394 5582 3643 5635; x_wconf 87' lang='lat' dir='ltr'><strong>ostendit</strong></span> <span class='ocrx_word' id='word_1_950' title='bbox 3681 5596 3780 5649; x_wconf 88' lang='lat' dir='ltr'><strong>per</strong></span> 
     </span>
    </p>
   </div>
   <div class='ocr_carea' id='block_1_119' title="bbox 2135 5668 3780 5746">
    <p class='ocr_par' dir='ltr' id='par_1_119' title="bbox 2135 5668 3780 5746">
     <span class='ocr_line' id='line_1_119' title="bbox 2135 5668 3780 5746; baseline -0.005 -13"><span class='ocrx_word' id='word_1_951' title='bbox 2135 5677 2195 5733; x_wconf 90' lang='lat' dir='ltr'><strong>id</strong></span> <span class='ocrx_word' id='word_1_952' title='bbox 2226 5674 2375 5746; x_wconf 87' lang='lat' dir='ltr'><strong>quod</strong></span> <span class='ocrx_word' id='word_1_953' title='bbox 2405 5672 2579 5729; x_wconf 82' lang='lat' dir='ltr'><strong>dixit:</strong></span> <span class='ocrx_word' id='word_1_954' title='bbox 2613 5672 2695 5727; x_wconf 82' lang='lat' dir='ltr'><strong>Ex</strong></span> <span class='ocrx_word' id='word_1_955' title='bbox 2720 5672 2930 5742; x_wconf 88' lang='lat' dir='ltr'><strong>quibus</strong></span> <span class='ocrx_word' id='word_1_956' title='bbox 2958 5677 3089 5724; x_wconf 91' lang='lat' dir='ltr'><strong>sunt</strong></span> <span class='ocrx_word' id='word_1_957' title='bbox 3119 5676 3171 5725; x_wconf 89' lang='lat' dir='ltr'><strong>et</strong></span> <span class='ocrx_word' id='word_1_958' title='bbox 3195 5668 3586 5739; x_wconf 77' lang='lat' dir='ltr'><strong>generationes</strong></span> <span class='ocrx_word' id='word_1_959' title='bbox 3616 5668 3780 5725; x_wconf 82' lang='lat' dir='ltr'><strong>falla-</strong></span> 
     </span>
    </p>
   </div>
  </div>
