4090 6184
385 428 493 488 387

1680 418 1798 471 AN.
1838 409 2060 468 MANL.
2097 394 2256 464 BEV.
2297 406 2536 460 BOETII

3690 390 3797 446 388

391 559 476 615 cia
508 557 777 614 facillime
807 553 1104 623 reperitur.
1138 545 1440 604 Generatio
1491 542 1643 599 enim
1683 553 1907 608 semper
1956 550 2022 590 ex
2056 559 2103 625 Î‘
2137 538 2241 600 est,
2274 537 2421 586 recte
2442 528 2541 583 illa
2575 525 2754 596 magis
2780 524 2917 580 falsa
2949 524 3177 592 dicitur,
3212 538 3338 591 qua:
3370 518 3685 575 secundum
3720 534 3782 573 se

388 646 669 719 Oppositis
694 653 773 701 est
797 660 811 710 ;
839 642 1061 713 quoties
1084 638 1237 693 enim
1262 635 1474 706 aliquid
1504 632 1560 687 fit
1593 629 1809 695 album,
1838 642 1949 681 non
1970 624 2033 677 fit

390 755 453 794 ex
486 736 661 801 dulci,
698 749 804 788 nec
857 748 923 785 ex
957 731 1122 796 duro,
1157 742 1263 782 nec
1313 742 1383 779 ex
1414 722 1652 792 liquido,
1691 720 1785 774 sed
1819 734 1886 771 ex
1918 729 2031 769 non

389 827 538 882 albo.
574 826 636 879 Et
664 822 806 892 quod
842 821 1007 875 dulce
1039 819 1118 887 lit,
1146 832 1260 871 non
1294 815 1355 869 fit
1379 830 1442 869 ex
1477 812 1682 879 calido,
1716 822 1899 877 neque
1933 802 2033 858 fri-

391 917 539 985 gido,
571 928 674 967 nec
699 913 998 981 nigro,nec
1029 924 1094 963 ex
1125 906 1235 961 ulla
1254 904 1367 959 alla
1389 902 1498 957 alia
1519 900 1805 971 qualitate,
1833 895 1941 951 nisi
1965 908 2032 947 ex

392 982 502 1058 sibi
532 999 810 1071 Opposito,
844 998 899 1052 id
936 1004 1017 1053 est
1046 1012 1160 1051 non
1195 993 1368 1049 dulci.
1402 992 1728 1058 Eodemque
1773 985 1939 1040 modo
1974 982 2031 1035 in

392 1092 519 1147 aliis
552 1107 672 1145 sese
704 1106 791 1144 res
826 1086 1011 1142 habet.
1069 1084 1268 1139 Omnis
1297 1099 1428 1151 ergo
1460 1078 1746 1151 generatio
1779 1091 1843 1129 ex
1877 1089 1941 1127 eo
1974 1071 2035 1124 fit

393 1182 544 1252 quod
576 1195 689 1233 non
723 1178 847 1244 fuit,
882 1184 939 1230 ut
964 1176 1129 1229 dulce
1160 1190 1223 1228 ex
1262 1188 1379 1227 non
1406 1169 1577 1234 dulci,
1604 1167 1799 1221 album
1824 1179 1889 1217 ex
1918 1177 2033 1215 non

390 1251 542 1334 albo,
575 1268 826 1323 calidum
858 1282 924 1321 ex
958 1281 1073 1319 non
1106 1262 1309 1318 calido.
1347 1261 1527 1323 Quare
1558 1258 1601 1312 si
1644 1251 2037 1326 generationes

395 1356 625 1427 quidem
656 1371 720 1409 ex
753 1352 1027 1423 oppositis
1083 1352 1237 1415 sunt,
1274 1348 1331 1402 in
1367 1347 1453 1400 his
1482 1352 1669 1399 autem
1700 1349 1782 1396 est
1813 1335 2033 1393 fallacia

393 1425 447 1499 in
485 1445 691 1516 quibus
720 1449 851 1497 sunt
877 1440 1291 1511 generationes,
1319 1435 1424 1491 erit
1457 1435 1516 1488 in
1546 1429 1823 1502 Oppositis
1854 1425 2036 1495 prima

395 1514 638 1591 fallacia.
676 1532 868 1586 Prima
900 1544 1147 1599 namque
1178 1524 1403 1582 fallacia
1433 1530 1515 1580 est
1555 1536 1670 1577 non
1704 1525 1897 1589 putare
1929 1514 2037 1567 ali-

394 1624 533 1696 quid
585 1637 710 1677 esse
737 1623 885 1691 quod
919 1626 1021 1674 est.
1057 1616 1322 1673 Secunda
1370 1620 1565 1685 putare
1591 1625 1710 1666 esse
1741 1605 1889 1677 quod
1920 1618 2035 1658 non

394 1719 498 1782 est,
530 1720 587 1766 ut
617 1711 676 1765 in
709 1726 774 1765 eo
808 1709 955 1779 quod
988 1715 1071 1763 est
1100 1707 1316 1761 bonum
1346 1702 1535 1772 prima
1564 1698 1789 1754 fallacia
1820 1700 1902 1749 est
1933 1707 2035 1763 pu-

398 1811 512 1856 tare
543 1799 682 1855 illud
714 1815 830 1853 non
850 1812 971 1853 esse
1003 1797 1235 1851 bonum.
1259 1792 1519 1848 Secunda
1545 1789 1761 1844 malum
1789 1798 1909 1840 esse
1944 1797 2037 1836 ar-

399 1890 588 1945 bitrari
621 1889 771 1959 quod
805 1886 1019 1942 bonum
1052 1893 1154 1940 est.
1189 1883 1461 1950 Quocirca
1509 1879 1629 1933 illic
1660 1874 1907 1931 maxime
1940 1887 2037 1941 po-

399 1980 587 2036 nenda
616 1984 701 2033 est
730 1976 1100 2032 contrarietas
1131 1970 1229 2028 ubi
1260 1975 1348 2027 est
1380 1969 1561 2040 prima
1596 1964 1838 2029 fallacia,
1860 1963 1917 2017 in
1953 1959 2037 2014 his

398 2076 587 2125 autem
620 2073 706 2123 est
766 2066 945 2136 prima
1007 2062 1231 2119 fallacia
1288 2076 1354 2117 ex
1387 2058 1592 2130 quibus
1650 2051 2043 2126 generationes

397 2158 679 2214 oriuntur.
714 2153 1122 2211 Generationes
1153 2167 1284 2206 vero
1330 2150 1458 2204 dico
1488 2163 1613 2203 esse
1643 2160 1769 2215 quae
1801 2142 1945 2196 fiunt
1977 2155 2043 2194 ex

402 2247 491 2302 his
519 2262 641 2317 quaa
674 2245 730 2300 id
794 2244 937 2299 fiunt
996 2257 1112 2298 non
1172 2240 1420 2295 fuerunt.
1479 2234 1884 2293 Generationes
1943 2242 2042 2284 au-

403 2345 515 2392 tem
549 2335 693 2390 fiunt
722 2350 789 2388 ex
822 2332 1122 2404 oppositis,
1154 2329 1213 2384 in
1244 2326 1520 2400 Oppositis
1548 2330 1632 2379 est
1660 2322 1834 2393 igitur
1864 2319 2047 2391 prima

404 2425 630 2480 fallacia
664 2441 677 2491 ;
714 2423 808 2478 sed
841 2422 900 2477 in
932 2420 1139 2491 quibus
1169 2424 1256 2474 est
1302 2418 1485 2487 prima
1517 2413 1759 2479 fallacia,
1796 2409 2049 2464 maxime

409 2490 805 2564 contrariailla
834 2490 1102 2575 ponenda
1131 2504 1290 2555 sunt:
1325 2497 1583 2569 opposita
1608 2493 1778 2563 igitur
1803 2490 2049 2546 maxime

408 2594 702 2654 contraria
733 2601 886 2660 sunt,
921 2592 1017 2648 sed
1051 2592 1267 2647 bonum
1297 2602 1418 2643 esse
1447 2592 1502 2642 et
1534 2585 1747 2641 bonum
1777 2597 1891 2636 non
1924 2593 2050 2633 esse

407 2676 665 2747 opposita
696 2678 854 2729 sunt.
896 2674 1110 2728 Bonum
1145 2670 1319 2741 igitur
1369 2683 1486 2723 non
1521 2680 1645 2721 esse
1700 2662 1751 2718 ei
1790 2660 1937 2729 quod
1967 2665 2049 2713 est

408 2766 621 2821 bonum
654 2779 775 2820 esse
805 2761 1158 2819 contrarium
1184 2767 1287 2828 est,
1319 2773 1435 2813 non
1467 2754 1607 2811 illud
1636 2752 1781 2824 quod
1814 2752 1898 2806 est
1928 2763 2049 2802 ma-

406 2853 528 2910 lum
558 2870 700 2921 esse,
734 2853 883 2924 quod
905 2849 1107 2920 majori
1133 2845 1628 2919 argumentatione
1656 2840 1976 2897 confirmat.

477 2962 536 3018 Si
563 2977 688 3032 ergo
721 2960 862 3031 quod
898 2958 1095 3013 bonum
1128 2961 1224 3025 est,
1258 2965 1309 3011 et
1340 2956 1540 3009 bonum
1569 2954 1619 3007 et
1674 2963 1783 3003 non
1834 2944 2052 3000 malum

404 3056 504 3121 est,
537 3060 586 3107 ct
614 3051 715 3105 hoc
746 3048 965 3120 quidem
994 3047 1291 3103 secundum
1316 3060 1390 3111 se,
1424 3039 1567 3097 illud
1594 3054 1719 3095 vero
1757 3033 2054 3091 secundum

407 3140 693 3197 accidens.
713 3138 919 3193 Accidit
935 3136 1085 3193 enim
1107 3137 1164 3190 ei
1184 3134 1393 3189 malum
1410 3147 1518 3187 non
1539 3125 1855 3195 esse,magis
1867 3126 2055 3179 autem

408 3233 465 3285 in
491 3245 813 3300 unoquoque
834 3244 961 3283 vera
983 3235 1078 3293 est,
1100 3241 1224 3297 qua?
1243 3223 1542 3280 secundum
1567 3236 1622 3275 se
1666 3222 1766 3288 est,
1811 3224 1861 3272 ct
1889 3215 2051 3285 falsa,

407 3318 681 3389 siquidem
704 3322 754 3371 et
775 3332 1051 3386 vera,crgo
1077 3330 1142 3370 ca
1165 3331 1288 3387 quae
1313 3321 1413 3379 est,
1436 3327 1579 3382 quon

406 3424 541 3463 num
573 3406 716 3476 quod
744 3404 942 3459 bonum
964 3407 1062 3469 est,
1081 3402 1380 3458 secundum
1402 3417 1458 3455 se
1476 3400 1621 3469 [olsa
1660 3401 1755 3452 est.
1806 3396 1909 3450 Illa
1938 3406 2062 3448 vero

410 3512 536 3569 quae
558 3502 656 3563 est,
690 3496 949 3565 quoniam
983 3493 1215 3558 malum,
1249 3496 1327 3547 est
1358 3492 1473 3559 eius
1498 3503 1623 3560 quae
1654 3489 1733 3542 est
1756 3484 2061 3540 secundum

406 3585 687 3641 accidens.
722 3584 904 3651 Quare
933 3582 1107 3651 magis
1140 3581 1247 3636 erit
1275 3580 1423 3651 falsa
1454 3579 1526 3633 de
1552 3578 1685 3632 bona
1718 3592 1783 3629 ea
1830 3586 1955 3644 quae
1984 3576 2063 3624 est

409 3675 727 3747 negationis
755 3672 965 3744 opinio,
998 3688 1163 3741 quam
1194 3686 1258 3725 ea
1287 3685 1408 3740 qua
1436 3671 1518 3723 est
1547 3663 1845 3721 contrarii.

479 3771 822 3828 Persubtilis
850 3768 1270 3839 argumentatio
1304 3766 1403 3823 tali
1437 3766 1653 3821 ratione
1683 3763 1921 3819 formata
1951 3766 2057 3814 est:

407 3866 647 3929 bonum,
677 3862 880 3931 inquit,
899 3867 950 3916 et
976 3860 1187 3915 bonum
1211 3866 1317 3929 est,
1340 3866 1393 3913 et
1416 3872 1533 3912 non
1562 3855 2056 3922 malum,quorum

410 3970 592 4011 unum
627 3953 947 4006 secundum
978 3968 1037 4005 se
1068 3957 1122 4005 et
1152 3950 1428 4019 proxime,
1457 3951 1513 4002 et
1570 3943 1904 4001 naturaliter
1954 3947 2057 4007 est,

410 4044 519 4099 hoc
552 4041 770 4098 scilicet
801 4042 951 4112 quod
982 4040 1196 4095 bonum
1229 4047 1335 4103 est,
1367 4038 1608 4093 alterum
1638 4048 1769 4089 vero
1795 4035 1885 4087 est
1915 4031 2060 4086 acci-

409 4133 733 4199 dentaliter,
764 4133 817 4186 id
849 4139 929 4187 est
962 4131 1110 4201 quod
1139 4130 1350 4185 malum
1384 4143 1498 4184 non
1526 4134 1626 4183 est.
1660 4123 1881 4180 Accidit
1903 4122 2054 4177 enim

410 4224 461 4281 ei
493 4222 641 4294 quod
674 4222 889 4277 bonum
922 4228 1026 4285 est,
1061 4226 1119 4274 ut
1153 4218 1369 4272 malum
1424 4232 1538 4271 non
1571 4215 1642 4269 sit
1676 4230 1690 4281 ;
1744 4227 1875 4282 ergo
1907 4210 2053 4281 quod

408 4314 627 4369 bonum
658 4319 741 4367 est
770 4310 1090 4366 naturalius
1121 4309 1291 4364 habet
1347 4307 1557 4363 bonum
1592 4320 1715 4361 esse
1746 4318 1914 4374 quam
1938 4315 2054 4355 non

410 4416 532 4457 esse
564 4399 956 4455 malum.illud
986 4398 1139 4455 enim
1171 4397 1481 4452 secundum
1512 4410 1572 4449 se
1602 4393 1769 4458 inest,
1802 4390 1943 4445 illud
1973 4389 2056 4457 (ut

408 4491 627 4545 dictum
660 4490 763 4557 est)
787 4488 1108 4542 secundum
1127 4486 1413 4541 accidens.
1446 4483 1605 4547 Quod
1625 4481 1674 4536 si
1693 4480 1797 4536 hoc
1829 4486 1932 4543 est,
1957 4491 2053 4531 ve-

413 4579 527 4634 rior
557 4585 640 4632 est
670 4592 736 4631 ea
767 4576 1080 4647 propositio
1111 4591 1232 4643 quae
1257 4573 1505 4629 afï¬rmat
1550 4571 1702 4642 quod
1734 4568 2051 4625 secundum

2138 620 2278 674 falsa
2307 626 2409 684 est,
2444 618 2495 671 id
2531 624 2614 670 est
2672 631 2796 685 qua:
2829 615 2882 669 id
2924 625 3081 684 negat
3142 611 3296 683 quod
3354 607 3667 664 secundum
3731 623 3790 661 se

2141 724 2335 763 verum
2368 711 2471 761 est.
2506 706 2648 769 Ergo
2707 721 2775 758 ea
2832 720 2953 774 quae
2986 707 3071 758 est
3120 699 3387 770 quoniam
3423 713 3535 752 non
3570 703 3651 751 est
3686 701 3787 750 bo-

2141 813 2279 851 num
2304 796 2452 868 quod
2474 794 2680 849 bonum
2702 800 2805 861 est,
2834 791 3218 846 secundumse
3234 787 3605 843 consistentis
3638 786 3784 839 falsa

2141 894 2244 942 est.
2278 888 2358 940 Ad
2387 884 2533 954 quod
2566 882 2747 937 tendit
2778 889 2891 936 tota
2922 881 3177 950 superior
3207 876 3618 947 argumentatio
3648 890 3787 929 con-

2146 978 2305 1030 tinua
2336 974 2723 1044 disputatione
2757 969 3063 1026 subnectit.
3099 968 3368 1039 SUperius
3398 966 3549 1022 euim
3568 966 3788 1020 dictum

2143 1069 2225 1120 est
2256 1063 2585 1133 opinionem
2612 1078 2733 1117 eam
2767 1076 2887 1130 quae
2917 1066 3063 1129 putat
3089 1059 3301 1112 bonum
3334 1072 3476 1119 esse,
3508 1056 3651 1125 quod
3693 1053 3791 1108 bo-

2143 1171 2278 1210 num
2316 1157 2419 1219 est,
2452 1153 2765 1208 secundum
2798 1167 2856 1205 se
2888 1165 3009 1204 esse
3043 1167 3053 1202 Ï„
3089 1164 3259 1218 quare
3291 1146 3387 1200 illa
3437 1145 3632 1214 opinio
3665 1159 3792 1213 qum

2141 1244 2276 1299 dicit
2311 1259 2425 1297 non
2456 1256 2583 1296 esse
2603 1239 2814 1293 bonum
2836 1239 2984 1309 quod
3003 1237 3212 1292 bonum
3233 1234 3489 1300 est,falsa
3506 1237 3681 1298 est,et
3714 1232 3787 1288 de

2142 1350 2205 1388 ea
2225 1348 2281 1387 re
2301 1330 2437 1385 falsa
2460 1337 2563 1396 est,
2591 1344 2714 1400 qua:
2739 1328 3049 1383 secundum
3079 1342 3141 1381 se
3169 1341 3301 1379 vera
3318 1328 3419 1378 est.
3457 1322 3792 1377 Secundum

2141 1438 2204 1476 se
2233 1420 2385 1476 enim
2420 1435 2543 1473 vera
2575 1424 2657 1473 est
2686 1417 2882 1487 Opinio
2914 1432 3033 1485 quae
3066 1421 3221 1486 putat
3242 1412 3454 1467 bonum
3483 1428 3606 1466 esse.
3637 1412 3789 1481 quod

2144 1511 2359 1566 bonum
2393 1517 2495 1576 est,
2528 1523 2652 1578 quas
2692 1522 2821 1561 vero
2870 1504 3176 1559 arbitratur
3227 1518 3344 1557 non
3397 1516 3517 1555 esse
3576 1499 3794 1555 bonum

2143 1600 2290 1670 quod
2324 1598 2539 1653 bonum
2569 1603 2675 1662 est,
2731 1595 2855 1664 ejus
2884 1609 3008 1663 qum
3039 1592 3352 1648 secundum
3384 1606 3444 1644 se
3487 1596 3591 1655 est,
3632 1590 3786 1643 veri-

2143 1696 2313 1744 tatem
2353 1686 2641 1755 Opinionis
2672 1683 2979 1753 intercipit.
3016 1684 3152 1736 Nam
3216 1681 3427 1736 bonum
3460 1695 3581 1734 esse
3630 1679 3783 1749 quod

2144 1777 2357 1833 bonum
2379 1782 2479 1842 est,
2513 1772 2766 1844 quisquis
2790 1773 3054 1841 opinatur
3098 1770 3414 1825 secundum
3447 1769 3623 1838 ipsius
3647 1766 3783 1823 boni

2144 1874 2405 1922 naturam
2439 1864 2607 1918 habet
2636 1862 2986 1932 opinionem,
3019 1866 3185 1929 atque
3218 1860 3339 1913 ideo
3381 1858 3697 1913 secundum
3730 1872 3791 1910 se

2146 1955 2449 2026 Opiniones
2483 1951 2818 2022 hujusmodi
2851 1951 3224 2005 nominantur
3256 1965 3270 2015 ;
3324 1962 3499 2019 quare
3529 1947 3638 2002 erit
3670 1946 3795 2001 haec

2147 2059 2368 2115 quoque
2400 2042 2715 2098 secundum
2748 2055 2807 2095 se
2864 2038 3023 2105 falsa,
3080 2037 3346 2107 quoniam
3382 2036 3701 2091 secundum
3734 2050 3798 2090 se

2148 2132 2398 2189 veritatis
2430 2131 2645 2186 videtur
2676 2129 2897 2184 auferre
2913 2126 3354 2198 pr0positionem
3382 2125 3565 2191 ;idem
3600 2132 3791 2179 autem

2151 2223 2364 2277 bonum
2397 2220 2712 2275 secundum
2745 2217 3013 2273 accidens
3044 2224 3147 2281 est,
3183 2230 3296 2270 non
3328 2214 3563 2268 malum.
3589 2213 3652 2266 Et
3686 2212 3795 2266 hoc

2150 2312 2219 2366 de
2250 2310 2402 2365 bono
2436 2323 2626 2364 verum
2658 2306 2965 2374 estdicere,
3000 2304 3264 2374 quoniam
3296 2319 3410 2358 non
3438 2309 3521 2358 est
3551 2301 3793 2369 malum,

2152 2400 2249 2455 sed
2280 2395 2727 2454 accidentaliter.
2762 2396 2917 2450 Bono
2950 2394 3106 2449 enim
3127 2392 3333 2448 accidit
3365 2406 3479 2447 non
3514 2405 3634 2446 esse
3665 2406 3797 2444 ma-

2151 2488 2295 2557 lum,
2330 2488 2427 2543 illa
2457 2501 2586 2541 vero
2626 2500 2751 2556 quae
2779 2489 2937 2553 putat
2968 2481 3183 2537 malum
3241 2496 3364 2536 esse
3394 2480 3541 2548 quod
3576 2479 3799 2534 bonum

2155 2584 2257 2643 est,
2290 2577 2473 2631 aufert
2502 2590 2619 2628 non
2652 2571 2862 2627 malum
2886 2571 2955 2626 ab
2988 2587 3053 2627 eo
3079 2570 3229 2640 quod
3254 2568 3466 2624 bonum
3498 2576 3597 2635 est,
3633 2574 3685 2622 et
3709 2568 3802 2622 in.

2160 2665 2374 2722 terimit
2406 2678 2519 2718 rem
2551 2662 2867 2716 secundum
2883 2659 3148 2714 accidens
3168 2671 3528 2725 veram,vera
3544 2669 3798 2724 namque

2160 2762 2242 2810 est
2268 2752 2461 2823 Opinio
2492 2767 2615 2821 quae
2645 2750 2783 2804 dicit
2815 2763 2931 2803 non
2989 2763 3111 2803 esse
3138 2747 3348 2801 malum
3382 2745 3526 2815 quod
3578 2744 3796 2799 bonum

2158 2847 2265 2911 est,
2295 2842 2391 2896 sed
2423 2839 2738 2894 secundum
2778 2836 3044 2892 accidens
3077 2853 3091 2904 ;
3126 2850 3297 2906 quare
3347 2834 3669 2890 secundum
3699 2847 3803 2887 ac-

2159 2934 2357 2990 cidens
2388 2929 2528 2985 falsa
2557 2930 2661 2984 erit
2691 2944 2754 2983 ea
2789 2944 2913 2997 quae
2936 2927 3075 2981 dicit
3106 2924 3318 2980 malum
3364 2939 3485 2979 esse
3516 2923 3668 2994 quod
3702 2922 3807 2978 bo-

2161 3037 2299 3078 num
2333 3024 2435 3074 est.
2469 3018 2630 3072 Illam
2676 3016 2831 3071 enim
2863 3014 3306 3085 prapositionem
3362 3013 3516 3068 tollit
3546 3027 3675 3082 quas
3705 3026 3803 3065 se-

2160 3112 2412 3169 cundum
2452 3108 2717 3163 accidens
2748 3123 2875 3162 vera
2906 3110 3009 3162 est.
3057 3108 3237 3172 Quare
3267 3104 3534 3174 quoniam
3568 3101 3805 3174 propior

2162 3210 2246 3257 est
2276 3217 2344 3255 ea
2375 3214 2495 3269 quae
2527 3196 2842 3252 secundum
2857 3212 2916 3251 se
2947 3202 3030 3250 est
3060 3210 3227 3266 quam
3259 3209 3321 3249 ea
3339 3209 3463 3263 quas
3481 3192 3809 3248 secundum

1585 3311 1700 3365 iam
1730 3281 1838 3363 á½µÎ¿Î·
1862 3281 1935 3360 ÎµÎµÎ¹
1959 3303 2052 3358 bo-
2084 3288 2126 3354 C
2165 3290 2448 3355 accidens,
2469 3286 2684 3343 falsitas
2704 3285 2824 3355 ejus
2856 3301 2975 3355 quae
3006 3284 3322 3340 secundum
3345 3298 3405 3339 se
3436 3289 3517 3338 est
3548 3281 3812 3337 fallacior

2170 3381 2275 3435 erit
2304 3395 2369 3434 ea
2402 3378 2641 3432 falsitate
2668 3390 2789 3446 quae
2821 3374 3144 3430 secundum
3174 3373 3442 3428 accidens
3473 3378 3577 3426 est.
3598 3371 3708 3425 Sed
3742 3385 3811 3424 ea

2168 3484 2294 3539 quae
2328 3474 2483 3537 putat
2515 3481 2629 3520 non
2661 3480 2785 3519 esse
2816 3462 3034 3518 bonum
3065 3461 3212 3532 quod
3239 3461 3449 3517 bonum
3475 3467 3581 3527 est,
3606 3474 3813 3515 secun-

2168 3559 2304 3613 dum
2337 3573 2396 3611 se
2428 3554 2678 3612 veritatis
2708 3551 3090 3623 peremptoria
3118 3560 3199 3606 est
3230 3567 3313 3616 ea,
3347 3566 3475 3606 vero
3507 3565 3631 3621 quae
3662 3549 3808 3603 dicit

2166 3644 2385 3700 malum
2415 3659 2541 3700 esse
2562 3642 2709 3710 quod
2733 3641 2950 3697 bonum
2975 3648 3077 3708 est,
3109 3641 3230 3710 ejus
3252 3639 3403 3709 quod
3434 3645 3517 3693 est
3545 3653 3658 3692 non
3685 3652 3811 3691 esse

2166 3734 2385 3789 malum
2416 3733 2564 3802 quod
2598 3732 2811 3787 bonum
2869 3736 2973 3797 est,
3035 3730 3351 3785 secundum
3409 3727 3679 3784 accidens
3733 3725 3815 3780 rei

2164 3840 2306 3879 verae
2340 3822 2715 3892 peremptoria
2745 3827 2846 3875 est.
2881 3822 3063 3885 Quare
3086 3818 3283 3874 falsior
3307 3826 3393 3875 est
3420 3833 3486 3872 ea
3515 3833 3629 3887 quae
3662 3814 3809 3870 dicit

2166 3928 2281 3968 non
2311 3927 2434 3967 esse
2468 3911 2679 3967 bonum
2734 3909 2886 3979 quod
2918 3908 3130 3964 bonum
3187 3915 3293 3973 est,
3353 3922 3521 3978 quam
3581 3921 3644 3961 ea
3678 3920 3804 3974 quae

2164 4001 2304 4057 dicit
2332 4016 2455 4056 esse
2488 3999 2700 4055 malum
2732 3998 2788 4053 id
2820 3998 2971 4069 quod
3003 4005 3085 4053 est
3116 3997 3351 4053 bonum.

2232 4109 2423 4164 Falsus
2452 4110 2637 4163 autem
2668 4110 2745 4162 est
2774 4104 3018 4161 maxime
3043 4107 3195 4162 circa
3218 4106 3443 4176 singula
3497 4106 3594 4177 qui
3643 4103 3816 4159 habet

2161 4199 2500 4254 contrariam
2522 4194 3165 4267 opinionem.00ntraria
3182 4195 3333 4250 enim
3345 4204 3678 4250 suntcorum
3696 4208 3819 4263 qua

2156 4288 2469 4360 plurimum
2499 4287 2646 4340 circa
2676 4283 2821 4339 idem
2847 4284 3133 4356 differunt.
3166 4285 3325 4353 Quod
3352 4286 3402 4339 si
3429 4285 3625 4339 harum
3684 4298 3820 4337 con-

2160 4376 2341 4433 traria
2361 4375 2588 4446 quidem
2610 4377 2686 4430 est
2705 4374 2902 4442 altera,
2921 4376 3099 4443 magis
3122 4390 3247 4430 vero
3265 4376 3546 4430 contraria
3567 4379 3645 4428 est
3691 4386 3827 4426 con-

2158 4465 2437 4531 tradictio,
2465 4465 2823 4534 manifestum
2854 4471 2931 4518 est
2960 4465 3218 4533 quoniam
3242 4463 3361 4520 haec
3380 4464 3486 4518 erit
3509 4460 3816 4517 centraria.

2235 4571 2599 4638 Quaerebatur
2626 4577 2813 4625 utrum
2839 4570 3141 4626 affirmatio
3165 4571 3457 4639 contrarii,
3485 4586 3558 4625 an
3583 4569 3819 4639 negatio

412 4684 473 4724 se
488 4665 877 4738 estquamilla
903 4663 1442 4735 quaeaflirmatquod
1460 4661 1774 4717 secundum
1795 4659 2060 4715 accidens
2092 4651 2134 4715 D
2172 4660 2474 4732 propositae
2507 4659 2606 4726 rei,
2638 4659 2819 4714 eidem
2857 4660 3150 4728 propositae
3183 4660 3263 4715 rei
3294 4657 3659 4714 aiiirmationi
3697 4672 3826 4711 maâ€”

410 4767 514 4813 est.
547 4756 645 4809 Est
676 4763 860 4809 autem
895 4754 1210 4810 secundum
1244 4769 1304 4808 se
1356 4752 1562 4807 bonum
1626 4766 1747 4806 esse
1778 4750 1924 4819 quod
1958 4748 2057 4802 bo-

411 4860 551 4899 num
584 4850 690 4908 est,
722 4845 1032 4898 secundum
1065 4842 1332 4897 accidens
1381 4856 1509 4895 vero
1542 4840 1753 4895 malum
1794 4853 1907 4892 non
1939 4851 2061 4891 esse

408 4933 555 5005 quod
586 4931 801 4986 bonum
835 4939 954 4987 est:
989 4932 1178 4987 verius
1208 4930 1377 4997 igitur
1395 4936 1447 4985 et
1472 4928 1844 4999 propinquius
1868 4934 1952 4979 est
1973 4925 2063 4978 di-

414 5036 542 5077 cere
571 5020 640 5075 de
675 5020 821 5076 bono
853 5021 1129 5091 quoniam
1177 5020 1393 5075 bonum
1426 5022 1536 5085 est,
1572 5030 1741 5088 quam
1773 5015 1961 5069 dicere
1993 5013 2063 5067 de

414 5113 569 5167 bono
602 5111 873 5181 quoniam
911 5110 1127 5165 malum
1184 5125 1301 5165 non
1344 5114 1459 5176 est;
1494 5106 1644 5178 quod
1705 5105 1753 5160 si
1790 5104 1901 5159 hoc
1958 5110 2060 5171 est,

413 5203 585 5257 etiam
618 5201 815 5271 opinio
846 5217 971 5271 qua:
1004 5201 1317 5256 secundum
1365 5214 1424 5253 se
1456 5196 1593 5251 falsa
1626 5200 1713 5250 est
1740 5194 2065 5250 mendacior

409 5291 567 5361 juste
592 5290 878 5346 videbitur
902 5307 969 5345 ea
990 5306 1111 5360 quae
1143 5289 1462 5345 secundum
1487 5286 1749 5342 accidens
1772 5285 2062 5341 mentitur.

412 5380 556 5436 Nam
591 5380 636 5434 si
670 5381 769 5434 illa
795 5396 922 5436 vera
953 5387 1059 5445 est,
1084 5377 1463 5449 prepinqnius
1485 5392 1609 5446 qua:
1641 5375 1958 5430 secundum
2006 5392 2065 5431 se

415 5478 519 5539 est,
552 5468 650 5524 illa
682 5471 784 5525 erit
818 5468 955 5524 falsa
980 5468 1357 5539 propinquius
1388 5483 1511 5536 quae
1532 5466 1845 5521 secundum
1870 5480 1928 5519 se
1960 5472 2066 5520 est.

417 5562 539 5614 Hoc
568 5565 651 5614 est
682 5560 837 5614 enim
870 5559 1014 5628 quod
1048 5559 1147 5623 ait,
1184 5556 1365 5625 magis
1410 5566 1601 5611 autem
1635 5556 1690 5609 in
1725 5569 2069 5626 unoquoque

418 5655 506 5703 est
539 5664 695 5716 vera,
730 5665 852 5718 qua:
885 5646 1205 5703 secundum
1266 5662 1325 5702 se
1357 5652 1440 5701 est
1470 5646 1640 5701 ctiam
1704 5643 1865 5713 falsa,
1925 5644 2070 5699 sicut

414 5743 470 5791 et
496 5752 647 5806 vera,
688 5736 734 5792 si
794 5736 894 5792 illa
953 5735 1131 5807 magis
1167 5751 1299 5792 vera
1347 5743 1580 5807 estquae
1640 5732 1954 5789 secundum
2012 5749 2072 5789 se

2168 4752 2253 4817 gis
2286 4749 2461 4820 possit
2491 4763 2612 4803 esse
2644 4748 2948 4803 contraria.
3004 4750 3107 4803 Sed
3142 4764 3296 4805 nunc
3345 4749 3449 4803 hoc
3490 4747 3626 4802 dicit
3676 4746 3827 4815 quod

2169 4856 2289 4910 quae
2314 4838 2454 4893 falsa
2486 4838 2841 4903 suntmagis,
2867 4854 2931 4891 ea
2962 4845 3092 4892 sunt
3119 4836 3299 4907 magis
3331 4836 3636 4892 contraria.
3676 4837 3828 4889 Con-

2172 4929 2346 4984 traria
2376 4926 2533 4983 enimâ€˜
2565 4929 2698 4980 sunt
2750 4942 3101 4997 quaecunque
3162 4927 3311 4982 circa
3370 4925 3633 4981 eamdem
3700 4940 3829 4978 rem

2174 5018 2491 5088 plurimum
2524 5014 2815 5083 differunt,
2850 5022 2908 5070 ut
2952 5016 3098 5072 circa
3146 5013 3397 5071 colorem
3430 5015 3621 5069 album
3657 5020 3711 5068 et
3743 5013 3832 5067 ni-

2174 5121 2390 5176 grum;
2438 5114 2568 5173 ergo
2609 5120 2731 5173 quae
2793 5104 3037 5160 maxime
3094 5104 3239 5159 falsa
3299 5112 3433 5160 sunt
3475 5110 3528 5159 et
3577 5103 3833 5158 maxime

2176 5211 2329 5261 vera,
2354 5210 2418 5249 ea
2448 5193 2759 5263 plurimum
2791 5210 2822 5247 a
2854 5210 2913 5249 se
2941 5193 3173 5249 distant.
3208 5193 3455 5249 Maxime
3485 5200 3673 5248 autem
3699 5209 3835 5247 vera

2175 5291 2257 5340 est
2286 5282 2603 5338 secundum
2637 5297 2695 5336 se
2727 5282 3095 5337 consistentis
3116 5282 3551 5338 reienuntiatio.
3576 5280 3835 5334 Maxime

2176 5379 2366 5429 autem
2386 5369 2529 5425 falsa
2542 5370 2859 5426 secundum
2875 5387 2933 5425 se
2951 5372 3577 5426 consistentisveritalis
3602 5384 3833 5440 perem-

2177 5462 2381 5534 ptoria.
2416 5459 2656 5515 Necesse
2686 5465 2771 5515 est
2802 5466 2991 5516 autem
3023 5461 3171 5517 inter
3194 5461 3631 5516 aflirmationem
3678 5475 3826 5514 con-

2181 5551 2337 5607 trarii
2369 5558 2422 5604 et
2454 5551 2813 5619 negationem
2846 5550 3145 5622 propositae
3176 5552 3255 5605 rei
3285 5567 3456 5607 unam
3481 5550 3659 5619 magis
3691 5564 3825 5604 esse

2180 5638 2545 5697 contrariam.
2580 5637 2794 5694 Falsior
2850 5650 3039 5695 autem
3099 5647 3150 5696 et
3215 5641 3392 5710 magis
3439 5639 3715 5695 contraiia
3747 5647 3835 5694 est

2180 5729 2375 5803 Opinio
2408 5726 2507 5782 illa
2538 5736 2659 5797 qua:
2692 5730 3201 5786 contradictionem
3234 5730 3464 5799 cogitat,
3517 5736 3576 5783 ut
3606 5746 3670 5784 ea
3703 5745 3831 5798 quae
