  <div class='ocr_page' id='page_1' title='image "/cluster/home/n/w/nwhite01/storage/ocr_20150623/64/hvd.32044073505125/200.png"; bbox 0 0 4110 6180; ppageno 0'>
   <div class='ocr_carea' id='block_1_1' title="bbox 264 326 371 382">
    <p class='ocr_par' dir='ltr' id='par_1_1' title="bbox 264 326 371 382">
     <span class='ocr_line' id='line_1_1' title="bbox 264 326 371 382; baseline -0.028 0"><span class='ocrx_word' id='word_1_1' title='bbox 264 326 371 382; x_wconf 83' lang='lat'>389</span> 
     </span>
    </p>
   </div>
   <div class='ocr_carea' id='block_1_2' title="bbox 1071 331 2875 402">
    <p class='ocr_par' dir='ltr' id='par_1_2' title="bbox 1071 331 2875 402">
     <span class='ocr_line' id='line_1_2' title="bbox 1071 331 2875 402; baseline 0.009 -18"><span class='ocrx_word' id='word_1_2' title='bbox 1071 333 1146 385; x_wconf 85' lang='lat' dir='ltr'>IN</span> <span class='ocrx_word' id='word_1_3' title='bbox 1183 332 1457 385; x_wconf 82' lang='lat' dir='ltr'>LIBRUM</span> <span class='ocrx_word' id='word_1_4' title='bbox 1498 331 1587 385; x_wconf 80' lang='lat' dir='ltr'>DE</span> <span class='ocrx_word' id='word_1_5' title='bbox 1626 332 2309 391; x_wconf 77' lang='lat' dir='ltr'>INTERPRETATIONE</span> <span class='ocrx_word' id='word_1_6' title='bbox 2344 340 2589 396; x_wconf 80' lang='lat' dir='ltr'>EDITIO</span> <span class='ocrx_word' id='word_1_7' title='bbox 2626 346 2875 402; x_wconf 78' lang='lat' dir='ltr'>PRIMA.</span> 
     </span>
    </p>
   </div>
   <div class='ocr_carea' id='block_1_3' title="bbox 3565 354 3671 408">
    <p class='ocr_par' dir='ltr' id='par_1_3' title="bbox 3565 354 3671 408">
     <span class='ocr_line' id='line_1_3' title="bbox 3565 354 3671 408; baseline 0.019 -2"><span class='ocrx_word' id='word_1_8' title='bbox 3565 354 3671 408; x_wconf 78' lang='lat'>390</span> 
     </span>
    </p>
   </div>
   <div class='ocr_carea' id='block_1_4' title="bbox 270 452 3680 551">
    <p class='ocr_par' dir='ltr' id='par_1_4' title="bbox 270 452 3680 551">
     <span class='ocr_line' id='line_1_4' title="bbox 270 452 3680 551; baseline 0.009 -44"><span class='ocrx_word' id='word_1_9' title='bbox 270 460 349 508; x_wconf 82' lang='lat' dir='ltr'>est</span> <span class='ocrx_word' id='word_1_10' title='bbox 376 468 491 507; x_wconf 89' lang='lat' dir='ltr'>non</span> <span class='ocrx_word' id='word_1_11' title='bbox 516 468 638 508; x_wconf 82' lang='lat' dir='ltr'>esse</span> <span class='ocrx_word' id='word_1_12' title='bbox 665 452 870 508; x_wconf 89' lang='lat' dir='ltr'>bonum</span> <span class='ocrx_word' id='word_1_13' title='bbox 898 454 1043 523; x_wconf 90' lang='lat' dir='ltr'>quod</span> <span class='ocrx_word' id='word_1_14' title='bbox 1073 453 1282 509; x_wconf 89' lang='lat' dir='ltr'>bonum</span> <span class='ocrx_word' id='word_1_15' title='bbox 1307 461 1412 521; x_wconf 89' lang='lat' dir='ltr'>est,</span> <span class='ocrx_word' id='word_1_16' title='bbox 1437 472 1605 525; x_wconf 89' lang='lat' dir='ltr'>quam</span> <span class='ocrx_word' id='word_1_17' title='bbox 1625 472 1687 511; x_wconf 86' lang='lat' dir='ltr'>ea</span> <span class='ocrx_word' id='word_1_18' title='bbox 1720 455 1914 527; x_wconf 87' lang='lat' dir='ltr'>opinio</span> <span class='ocrx_word' id='word_1_19' title='bbox 1947 456 2000 522; x_wconf 80' lang='grc' dir='ltr'><strong>Α</strong></span> <span class='ocrx_word' id='word_1_20' title='bbox 2032 459 2196 529; x_wconf 85' lang='lat' dir='ltr'>tingit</span> <span class='ocrx_word' id='word_1_21' title='bbox 2224 460 2402 517; x_wconf 86' lang='lat' dir='ltr'>simul</span> <span class='ocrx_word' id='word_1_22' title='bbox 2426 480 2536 521; x_wconf 81' lang='lat' dir='ltr'>esse</span> <span class='ocrx_word' id='word_1_23' title='bbox 2568 483 2741 526; x_wconf 78' lang='lat' dir='ltr'>veras.</span> <span class='ocrx_word' id='word_1_24' title='bbox 2777 472 2843 526; x_wconf 83' lang='lat' dir='ltr'>At</span> <span class='ocrx_word' id='word_1_25' title='bbox 2869 488 2994 528; x_wconf 87' lang='lat' dir='ltr'>vero</span> <span class='ocrx_word' id='word_1_26' title='bbox 3027 490 3122 529; x_wconf 81' lang='lat' dir='ltr'>nec</span> <span class='ocrx_word' id='word_1_27' title='bbox 3152 475 3262 531; x_wconf 88' lang='lat' dir='ltr'>illa</span> <span class='ocrx_word' id='word_1_28' title='bbox 3284 493 3407 547; x_wconf 62' lang='lat' dir='ltr'>quze</span> <span class='ocrx_word' id='word_1_29' title='bbox 3428 487 3524 545; x_wconf 78' lang='lat' dir='ltr'>est,</span> <span class='ocrx_word' id='word_1_30' title='bbox 3550 497 3680 551; x_wconf 85' lang='lat' dir='ltr'>quo-</span> 
     </span>
    </p>
   </div>
   <div class='ocr_carea' id='block_1_5' title="bbox 271 541 1923 615">
    <p class='ocr_par' dir='ltr' id='par_1_5' title="bbox 271 541 1923 615">
     <span class='ocr_line' id='line_1_5' title="bbox 271 541 1923 615; baseline 0.002 -19"><span class='ocrx_word' id='word_1_31' title='bbox 271 560 395 614; x_wconf 69' lang='lat' dir='ltr'>qua:</span> <span class='ocrx_word' id='word_1_32' title='bbox 430 541 600 596; x_wconf 81' lang='lat' dir='ltr'>habet</span> <span class='ocrx_word' id='word_1_33' title='bbox 630 542 839 597; x_wconf 88' lang='lat' dir='ltr'>malum</span> <span class='ocrx_word' id='word_1_34' title='bbox 876 559 997 598; x_wconf 88' lang='lat' dir='ltr'>esse</span> <span class='ocrx_word' id='word_1_35' title='bbox 1029 543 1171 613; x_wconf 88' lang='lat' dir='ltr'>quod</span> <span class='ocrx_word' id='word_1_36' title='bbox 1196 543 1406 598; x_wconf 89' lang='lat' dir='ltr'>bonum</span> <span class='ocrx_word' id='word_1_37' title='bbox 1431 553 1531 614; x_wconf 86' lang='lat' dir='ltr'>est,</span> <span class='ocrx_word' id='word_1_38' title='bbox 1561 545 1834 615; x_wconf 83' lang='lat' dir='ltr'>quoniam</span> <span class='ocrx_word' id='word_1_39' title='bbox 1860 562 1923 600; x_wconf 82' lang='lat' dir='ltr'>ea</span> 
     </span>
    </p>
   </div>
   <div class='ocr_carea' id='block_1_6' title="bbox 272 631 1925 702">
    <p class='ocr_par' dir='ltr' id='par_1_6' title="bbox 272 631 1925 702">
     <span class='ocr_line' id='line_1_6' title="bbox 272 631 1925 702; baseline 0.002 -17"><span class='ocrx_word' id='word_1_40' title='bbox 272 647 395 701; x_wconf 76' lang='lat' dir='ltr'>quae</span> <span class='ocrx_word' id='word_1_41' title='bbox 454 638 585 685; x_wconf 80' lang='lat' dir='ltr'>sunt</span> <span class='ocrx_word' id='word_1_42' title='bbox 634 632 693 686; x_wconf 92' lang='lat' dir='ltr'>in</span> <span class='ocrx_word' id='word_1_43' title='bbox 752 631 984 686; x_wconf 82' lang='lat' dir='ltr'>vocibus</span> <span class='ocrx_word' id='word_1_44' title='bbox 1032 631 1333 701; x_wconf 84' lang='lat' dir='ltr'>Opinioncs</span> <span class='ocrx_word' id='word_1_45' title='bbox 1364 641 1708 702; x_wconf 83' lang='lat' dir='ltr'>sequuntur;</span> <span class='ocrx_word' id='word_1_46' title='bbox 1749 634 1925 689; x_wconf 85' lang='lat' dir='ltr'>simili</span> 
     </span>
    </p>
   </div>
   <div class='ocr_carea' id='block_1_7' title="bbox 270 720 1920 791">
    <p class='ocr_par' dir='ltr' id='par_1_7' title="bbox 270 720 1920 791">
     <span class='ocr_line' id='line_1_7' title="bbox 270 720 1920 791; baseline 0 -16"><span class='ocrx_word' id='word_1_47' title='bbox 270 720 439 775; x_wconf 87' lang='lat' dir='ltr'>modo</span> <span class='ocrx_word' id='word_1_48' title='bbox 477 720 701 789; x_wconf 85' lang='lat' dir='ltr'>negatio</span> <span class='ocrx_word' id='word_1_49' title='bbox 727 720 847 790; x_wconf 80' lang='lat' dir='ltr'>eius</span> <span class='ocrx_word' id='word_1_50' title='bbox 871 736 997 791; x_wconf 68' lang='lat' dir='ltr'>quae</span> <span class='ocrx_word' id='word_1_51' title='bbox 1022 725 1105 775; x_wconf 88' lang='lat' dir='ltr'>est</span> <span class='ocrx_word' id='word_1_52' title='bbox 1131 736 1299 775; x_wconf 87' lang='lat' dir='ltr'>omne</span> <span class='ocrx_word' id='word_1_53' title='bbox 1324 720 1538 777; x_wconf 86' lang='lat' dir='ltr'>bonum</span> <span class='ocrx_word' id='word_1_54' title='bbox 1564 722 1775 777; x_wconf 90' lang='lat' dir='ltr'>bonum</span> <span class='ocrx_word' id='word_1_55' title='bbox 1818 729 1920 789; x_wconf 84' lang='lat' dir='ltr'>est,</span> 
     </span>
    </p>
   </div>
   <div class='ocr_carea' id='block_1_8' title="bbox 268 808 1921 879">
    <p class='ocr_par' dir='ltr' id='par_1_8' title="bbox 268 808 1921 879">
     <span class='ocr_line' id='line_1_8' title="bbox 268 808 1921 879; baseline 0 -15"><span class='ocrx_word' id='word_1_56' title='bbox 268 826 331 864; x_wconf 88' lang='lat' dir='ltr'>ea</span> <span class='ocrx_word' id='word_1_57' title='bbox 353 809 572 864; x_wconf 84' lang='lat' dir='ltr'>scilicet</span> <span class='ocrx_word' id='word_1_58' title='bbox 596 824 715 877; x_wconf 86' lang='lat' dir='ltr'>quae</span> <span class='ocrx_word' id='word_1_59' title='bbox 738 810 875 865; x_wconf 80' lang='lat' dir='ltr'>dicit</span> <span class='ocrx_word' id='word_1_60' title='bbox 897 808 1118 864; x_wconf 90' lang='lat' dir='ltr'>nullum</span> <span class='ocrx_word' id='word_1_61' title='bbox 1145 808 1353 864; x_wconf 87' lang='lat' dir='ltr'>bonum</span> <span class='ocrx_word' id='word_1_62' title='bbox 1400 810 1612 866; x_wconf 88' lang='lat' dir='ltr'>bonum</span> <span class='ocrx_word' id='word_1_63' title='bbox 1657 818 1759 879; x_wconf 90' lang='lat' dir='ltr'>est,</span> <span class='ocrx_word' id='word_1_64' title='bbox 1795 827 1921 865; x_wconf 85' lang='lat' dir='ltr'>ma-</span> 
     </span>
    </p>
   </div>
   <div class='ocr_carea' id='block_1_9' title="bbox 268 898 1920 971">
    <p class='ocr_par' dir='ltr' id='par_1_9' title="bbox 268 898 1920 971">
     <span class='ocr_line' id='line_1_9' title="bbox 268 898 1920 971; baseline 0.001 -19"><span class='ocrx_word' id='word_1_65' title='bbox 268 900 351 969; x_wconf 80' lang='lat' dir='ltr'>gis</span> <span class='ocrx_word' id='word_1_66' title='bbox 374 908 456 952; x_wconf 88' lang='lat' dir='ltr'>est</span> <span class='ocrx_word' id='word_1_67' title='bbox 480 898 764 953; x_wconf 80' lang='lat' dir='ltr'>contraria</span> <span class='ocrx_word' id='word_1_68' title='bbox 785 915 950 968; x_wconf 86' lang='lat' dir='ltr'>quam</span> <span class='ocrx_word' id='word_1_69' title='bbox 971 916 1034 953; x_wconf 88' lang='lat' dir='ltr'>ea</span> <span class='ocrx_word' id='word_1_70' title='bbox 1052 916 1174 969; x_wconf 65' lang='lat' dir='ltr'>quae</span> <span class='ocrx_word' id='word_1_71' title='bbox 1209 899 1471 971; x_wconf 89' lang='lat' dir='ltr'>proponit</span> <span class='ocrx_word' id='word_1_72' title='bbox 1493 915 1667 954; x_wconf 91' lang='lat' dir='ltr'>omne</span> <span class='ocrx_word' id='word_1_73' title='bbox 1706 899 1920 954; x_wconf 85' lang='lat' dir='ltr'>bonum</span> 
     </span>
    </p>
   </div>
   <div class='ocr_carea' id='block_1_10' title="bbox 270 987 1921 1059">
    <p class='ocr_par' dir='ltr' id='par_1_10' title="bbox 270 987 1921 1059">
     <span class='ocr_line' id='line_1_10' title="bbox 270 987 1921 1059; baseline 0.001 -18"><span class='ocrx_word' id='word_1_74' title='bbox 270 987 484 1041; x_wconf 88' lang='lat' dir='ltr'>malum</span> <span class='ocrx_word' id='word_1_75' title='bbox 516 995 619 1041; x_wconf 89' lang='lat' dir='ltr'>est.</span> <span class='ocrx_word' id='word_1_76' title='bbox 649 988 920 1051; x_wconf 79' lang='lat' dir='ltr'>Quocirca</span> <span class='ocrx_word' id='word_1_77' title='bbox 952 996 1002 1042; x_wconf 88' lang='grc' dir='ltr'>ει</span> <span class='ocrx_word' id='word_1_78' title='bbox 1034 988 1091 1043; x_wconf 93' lang='lat' dir='ltr'>in</span> <span class='ocrx_word' id='word_1_79' title='bbox 1123 988 1250 1043; x_wconf 77' lang='lat' dir='ltr'>aliis</span> <span class='ocrx_word' id='word_1_80' title='bbox 1278 1005 1501 1059; x_wconf 80' lang='lat' dir='ltr'>quoque</span> <span class='ocrx_word' id='word_1_81' title='bbox 1533 996 1590 1042; x_wconf 91' lang='lat' dir='ltr'>ut</span> <span class='ocrx_word' id='word_1_82' title='bbox 1620 989 1679 1043; x_wconf 88' lang='lat' dir='ltr'>in</span> <span class='ocrx_word' id='word_1_83' title='bbox 1713 1006 1776 1044; x_wconf 87' lang='lat' dir='ltr'>ea</span> <span class='ocrx_word' id='word_1_84' title='bbox 1798 1004 1921 1059; x_wconf 69' lang='lat' dir='ltr'>quze</span> 
     </span>
    </p>
   </div>
   <div class='ocr_carea' id='block_1_11' title="bbox 271 1077 1921 1149">
    <p class='ocr_par' dir='ltr' id='par_1_11' title="bbox 271 1077 1921 1149">
     <span class='ocr_line' id='line_1_11' title="bbox 271 1077 1921 1149; baseline 0.001 -17"><span class='ocrx_word' id='word_1_85' title='bbox 271 1084 351 1132; x_wconf 87' lang='lat' dir='ltr'>est</span> <span class='ocrx_word' id='word_1_86' title='bbox 382 1077 575 1132; x_wconf 88' lang='lat' dir='ltr'>omnis</span> <span class='ocrx_word' id='word_1_87' title='bbox 607 1078 776 1131; x_wconf 87' lang='lat' dir='ltr'>homo</span> <span class='ocrx_word' id='word_1_88' title='bbox 803 1077 992 1145; x_wconf 78' lang='lat' dir='ltr'>justus</span> <span class='ocrx_word' id='word_1_89' title='bbox 1023 1085 1127 1145; x_wconf 89' lang='lat' dir='ltr'>est,</span> <span class='ocrx_word' id='word_1_90' title='bbox 1162 1080 1343 1149; x_wconf 80' lang='lat' dir='ltr'>magis</span> <span class='ocrx_word' id='word_1_91' title='bbox 1374 1087 1453 1133; x_wconf 84' lang='lat' dir='ltr'>est</span> <span class='ocrx_word' id='word_1_92' title='bbox 1486 1079 1767 1133; x_wconf 88' lang='lat' dir='ltr'>contraria</span> <span class='ocrx_word' id='word_1_93' title='bbox 1822 1079 1921 1133; x_wconf 89' lang='lat' dir='ltr'>illa</span> 
     </span>
    </p>
   </div>
   <div class='ocr_carea' id='block_1_12' title="bbox 268 1166 1920 1237">
    <p class='ocr_par' dir='ltr' id='par_1_12' title="bbox 268 1166 1920 1237">
     <span class='ocr_line' id='line_1_12' title="bbox 268 1166 1920 1237; baseline 0.001 -18"><span class='ocrx_word' id='word_1_94' title='bbox 268 1182 392 1235; x_wconf 76' lang='lat' dir='ltr'>quae</span> <span class='ocrx_word' id='word_1_95' title='bbox 424 1166 585 1230; x_wconf 90' lang='lat' dir='ltr'>dicit,</span> <span class='ocrx_word' id='word_1_96' title='bbox 617 1167 807 1220; x_wconf 86' lang='lat' dir='ltr'>nullus</span> <span class='ocrx_word' id='word_1_97' title='bbox 839 1166 1007 1221; x_wconf 88' lang='lat' dir='ltr'>homo</span> <span class='ocrx_word' id='word_1_98' title='bbox 1037 1166 1220 1236; x_wconf 88' lang='lat' dir='ltr'>justus</span> <span class='ocrx_word' id='word_1_99' title='bbox 1253 1175 1355 1235; x_wconf 86' lang='lat' dir='ltr'>est,</span> <span class='ocrx_word' id='word_1_100' title='bbox 1390 1183 1556 1237; x_wconf 86' lang='lat' dir='ltr'>quam</span> <span class='ocrx_word' id='word_1_101' title='bbox 1589 1184 1653 1221; x_wconf 90' lang='lat' dir='ltr'>ea</span> <span class='ocrx_word' id='word_1_102' title='bbox 1683 1183 1803 1236; x_wconf 65' lang='lat' dir='ltr'>qua:</span> <span class='ocrx_word' id='word_1_103' title='bbox 1832 1168 1920 1221; x_wconf 91' lang='lat' dir='ltr'>di-</span> 
     </span>
    </p>
   </div>
   <div class='ocr_carea' id='block_1_13' title="bbox 264 1256 1207 1327">
    <p class='ocr_par' dir='ltr' id='par_1_13' title="bbox 264 1256 1207 1327">
     <span class='ocr_line' id='line_1_13' title="bbox 264 1256 1207 1327; baseline 0 -17"><span class='ocrx_word' id='word_1_104' title='bbox 264 1258 362 1323; x_wconf 90' lang='lat' dir='ltr'>cit,</span> <span class='ocrx_word' id='word_1_105' title='bbox 400 1256 591 1311; x_wconf 89' lang='lat' dir='ltr'>omnis</span> <span class='ocrx_word' id='word_1_106' title='bbox 625 1256 792 1311; x_wconf 91' lang='lat' dir='ltr'>homo</span> <span class='ocrx_word' id='word_1_107' title='bbox 824 1256 1073 1327; x_wconf 80' lang='lat' dir='ltr'>injustas</span> <span class='ocrx_word' id='word_1_108' title='bbox 1096 1264 1207 1312; x_wconf 90' lang='lat' dir='ltr'>est.</span> 
     </span>
    </p>
   </div>
   <div class='ocr_carea' id='block_1_14' title="bbox 332 1363 1918 1435">
    <p class='ocr_par' dir='ltr' id='par_1_14' title="bbox 332 1363 1918 1435">
     <span class='ocr_line' id='line_1_14' title="bbox 332 1363 1918 1435; baseline 0.001 -17"><span class='ocrx_word' id='word_1_109' title='bbox 332 1364 439 1418; x_wconf 79' lang='lat' dir='ltr'>Illa</span> <span class='ocrx_word' id='word_1_110' title='bbox 470 1378 595 1417; x_wconf 83' lang='lat' dir='ltr'>vero</span> <span class='ocrx_word' id='word_1_111' title='bbox 623 1379 743 1434; x_wconf 75' lang='lat' dir='ltr'>quae</span> <span class='ocrx_word' id='word_1_112' title='bbox 771 1369 873 1433; x_wconf 80' lang='lat' dir='ltr'>est,</span> <span class='ocrx_word' id='word_1_113' title='bbox 907 1365 1169 1434; x_wconf 85' lang='lat' dir='ltr'>quoniam</span> <span class='ocrx_word' id='word_1_114' title='bbox 1201 1363 1409 1418; x_wconf 88' lang='lat' dir='ltr'>malum</span> <span class='ocrx_word' id='word_1_115' title='bbox 1440 1368 1517 1418; x_wconf 83' lang='lat' dir='ltr'>est</span> <span class='ocrx_word' id='word_1_116' title='bbox 1545 1363 1687 1435; x_wconf 86' lang='lat' dir='ltr'>quod</span> <span class='ocrx_word' id='word_1_117' title='bbox 1709 1364 1918 1419; x_wconf 88' lang='lat' dir='ltr'>bonum</span> 
     </span>
    </p>
   </div>
   <div class='ocr_carea' id='block_1_15' title="bbox 262 1453 1918 1525">
    <p class='ocr_par' dir='ltr' id='par_1_15' title="bbox 262 1453 1918 1525">
     <span class='ocr_line' id='line_1_15' title="bbox 262 1453 1918 1525; baseline 0 -16"><span class='ocrx_word' id='word_1_118' title='bbox 262 1459 361 1521; x_wconf 77' lang='lat' dir='ltr'>est,</span> <span class='ocrx_word' id='word_1_119' title='bbox 394 1454 673 1524; x_wconf 85' lang='lat' dir='ltr'>implicita</span> <span class='ocrx_word' id='word_1_120' title='bbox 702 1463 801 1510; x_wconf 84' lang='lat' dir='ltr'>est.</span> <span class='ocrx_word' id='word_1_121' title='bbox 838 1453 1057 1508; x_wconf 78' lang='lat' dir='ltr'>Etenim</span> <span class='ocrx_word' id='word_1_122' title='bbox 1085 1456 1347 1525; x_wconf 85' lang='lat' dir='ltr'>quoniam</span> <span class='ocrx_word' id='word_1_123' title='bbox 1404 1469 1515 1509; x_wconf 87' lang='lat' dir='ltr'>non</span> <span class='ocrx_word' id='word_1_124' title='bbox 1566 1454 1767 1509; x_wconf 88' lang='lat' dir='ltr'>bonum</span> <span class='ocrx_word' id='word_1_125' title='bbox 1818 1462 1918 1524; x_wconf 80' lang='lat' dir='ltr'>est,</span> 
     </span>
    </p>
   </div>
   <div class='ocr_carea' id='block_1_16' title="bbox 265 1542 1419 1615">
    <p class='ocr_par' dir='ltr' id='par_1_16' title="bbox 265 1542 1419 1615">
     <span class='ocr_line' id='line_1_16' title="bbox 265 1542 1419 1615; baseline -0.001 -17"><span class='ocrx_word' id='word_1_126' title='bbox 265 1560 481 1599; x_wconf 71' lang='lat' dir='ltr'>neaesse</span> <span class='ocrx_word' id='word_1_127' title='bbox 510 1547 589 1597; x_wconf 79' lang='lat' dir='ltr'>est</span> <span class='ocrx_word' id='word_1_128' title='bbox 610 1546 753 1614; x_wconf 80' lang='lat' dir='ltr'>forte</span> <span class='ocrx_word' id='word_1_129' title='bbox 787 1544 929 1598; x_wconf 85' lang='lat' dir='ltr'>idem</span> <span class='ocrx_word' id='word_1_130' title='bbox 960 1542 1141 1615; x_wconf 73' lang='lat' dir='ltr'>ipsum</span> <span class='ocrx_word' id='word_1_131' title='bbox 1169 1545 1419 1615; x_wconf 84' lang='lat' dir='ltr'>opinari.</span> 
     </span>
    </p>
   </div>
   <div class='ocr_carea' id='block_1_17' title="bbox 331 1632 1917 1701">
    <p class='ocr_par' dir='ltr' id='par_1_17' title="bbox 331 1632 1917 1701">
     <span class='ocr_line' id='line_1_17' title="bbox 331 1632 1917 1701; baseline 0 -15"><span class='ocrx_word' id='word_1_132' title='bbox 331 1634 507 1689; x_wconf 84' lang='lat' dir='ltr'>Addit</span> <span class='ocrx_word' id='word_1_133' title='bbox 538 1634 607 1687; x_wconf 91' lang='lat' dir='ltr'>ad</span> <span class='ocrx_word' id='word_1_134' title='bbox 639 1633 1186 1689; x_wconf 83' lang='lat' dir='ltr'>demonstrationem</span> <span class='ocrx_word' id='word_1_135' title='bbox 1219 1632 1571 1701; x_wconf 85' lang='lat' dir='ltr'>snperiorcm</span> <span class='ocrx_word' id='word_1_136' title='bbox 1615 1647 1917 1701; x_wconf 82' lang='lat' dir='ltr'>argumen-</span> 
     </span>
    </p>
   </div>
   <div class='ocr_carea' id='block_1_18' title="bbox 264 1720 1913 1793">
    <p class='ocr_par' dir='ltr' id='par_1_18' title="bbox 264 1720 1913 1793">
     <span class='ocr_line' id='line_1_18' title="bbox 264 1720 1913 1793; baseline -0.002 -16"><span class='ocrx_word' id='word_1_137' title='bbox 264 1730 378 1778; x_wconf 86' lang='lat' dir='ltr'>tum</span> <span class='ocrx_word' id='word_1_138' title='bbox 415 1724 563 1793; x_wconf 89' lang='lat' dir='ltr'>quod</span> <span class='ocrx_word' id='word_1_139' title='bbox 615 1723 967 1778; x_wconf 85' lang='lat' dir='ltr'>demonstret</span> <span class='ocrx_word' id='word_1_140' title='bbox 1008 1720 1188 1792; x_wconf 83' lang='lat' dir='ltr'>magis</span> <span class='ocrx_word' id='word_1_141' title='bbox 1221 1738 1346 1777; x_wconf 86' lang='lat' dir='ltr'>esse</span> <span class='ocrx_word' id='word_1_142' title='bbox 1394 1721 1742 1777; x_wconf 83' lang='lat' dir='ltr'>contrariam</span> <span class='ocrx_word' id='word_1_143' title='bbox 1792 1737 1913 1775; x_wconf 90' lang='lat' dir='ltr'>cam</span> 
     </span>
    </p>
   </div>
   <div class='ocr_carea' id='block_1_19' title="bbox 2032 549 3681 631">
    <p class='ocr_par' dir='ltr' id='par_1_19' title="bbox 2032 549 3681 631">
     <span class='ocr_line' id='line_1_19' title="bbox 2032 549 3681 631; baseline 0.015 -31"><span class='ocrx_word' id='word_1_144' title='bbox 2032 549 2184 602; x_wconf 86' lang='lat' dir='ltr'>niam</span> <span class='ocrx_word' id='word_1_145' title='bbox 2218 566 2325 605; x_wconf 88' lang='lat' dir='ltr'>non</span> <span class='ocrx_word' id='word_1_146' title='bbox 2357 556 2585 620; x_wconf 90' lang='lat' dir='ltr'>malum,</span> <span class='ocrx_word' id='word_1_147' title='bbox 2620 574 2747 612; x_wconf 85' lang='lat' dir='ltr'>vera</span> <span class='ocrx_word' id='word_1_148' title='bbox 2778 560 2923 615; x_wconf 83' lang='lat' dir='ltr'>enim</span> <span class='ocrx_word' id='word_1_149' title='bbox 2955 567 3008 616; x_wconf 84' lang='lat' dir='ltr'>ei</span> <span class='ocrx_word' id='word_1_150' title='bbox 3040 564 3178 631; x_wconf 73' lang='grc' dir='ltr'>ΙιίίὊ,</span> <span class='ocrx_word' id='word_1_151' title='bbox 3210 567 3379 619; x_wconf 84' lang='lat' dir='ltr'>simul</span> <span class='ocrx_word' id='word_1_152' title='bbox 3425 568 3574 624; x_wconf 83' lang='lat' dir='ltr'>enim</span> <span class='ocrx_word' id='word_1_153' title='bbox 3627 575 3681 625; x_wconf 84' lang='lat' dir='ltr'>et</span> 
     </span>
    </p>
   </div>
   <div class='ocr_carea' id='block_1_20' title="bbox 2030 635 3679 722">
    <p class='ocr_par' dir='ltr' id='par_1_20' title="bbox 2030 635 3679 722">
     <span class='ocr_line' id='line_1_20' title="bbox 2030 635 3679 722; baseline 0.014 -33"><span class='ocrx_word' id='word_1_154' title='bbox 2030 635 2113 690; x_wconf 68' lang='lat' dir='ltr'>hae</span> <span class='ocrx_word' id='word_1_155' title='bbox 2142 650 2327 694; x_wconf 82' lang='lat' dir='ltr'>erunt.</span> <span class='ocrx_word' id='word_1_156' title='bbox 2363 643 2719 715; x_wconf 75' lang='lat' dir='ltr'>Relinquitur</span> <span class='ocrx_word' id='word_1_157' title='bbox 2749 665 2880 718; x_wconf 84' lang='lat' dir='ltr'>ergo</span> <span class='ocrx_word' id='word_1_158' title='bbox 2905 652 2957 704; x_wconf 84' lang='lat' dir='ltr'>ei</span> <span class='ocrx_word' id='word_1_159' title='bbox 3016 668 3138 722; x_wconf 64' lang='lat' dir='ltr'>quae</span> <span class='ocrx_word' id='word_1_160' title='bbox 3187 658 3267 707; x_wconf 81' lang='lat' dir='ltr'>est</span> <span class='ocrx_word' id='word_1_161' title='bbox 3324 672 3431 709; x_wconf 87' lang='lat' dir='ltr'>non</span> <span class='ocrx_word' id='word_1_162' title='bbox 3476 658 3679 713; x_wconf 85' lang='lat' dir='ltr'>bonum</span> 
     </span>
    </p>
   </div>
   <div class='ocr_carea' id='block_1_21' title="bbox 2029 732 3682 813">
    <p class='ocr_par' dir='ltr' id='par_1_21' title="bbox 2029 732 3682 813">
     <span class='ocr_line' id='line_1_21' title="bbox 2029 732 3682 813; baseline 0.012 -31"><span class='ocrx_word' id='word_1_163' title='bbox 2029 732 2287 800; x_wconf 85' lang='lat' dir='ltr'>quoniam</span> <span class='ocrx_word' id='word_1_164' title='bbox 2315 748 2423 786; x_wconf 86' lang='lat' dir='ltr'>non</span> <span class='ocrx_word' id='word_1_165' title='bbox 2456 734 2653 789; x_wconf 88' lang='lat' dir='ltr'>bonum</span> <span class='ocrx_word' id='word_1_166' title='bbox 2686 745 2783 807; x_wconf 81' lang='lat' dir='ltr'>est,</span> <span class='ocrx_word' id='word_1_167' title='bbox 2816 741 3099 795; x_wconf 78' lang='lat' dir='ltr'>contraria</span> <span class='ocrx_word' id='word_1_168' title='bbox 3130 758 3190 796; x_wconf 82' lang='lat' dir='ltr'>ea</span> <span class='ocrx_word' id='word_1_169' title='bbox 3252 762 3372 813; x_wconf 80' lang='lat' dir='ltr'>quae</span> <span class='ocrx_word' id='word_1_170' title='bbox 3432 754 3509 800; x_wconf 80' lang='lat' dir='ltr'>est</span> <span class='ocrx_word' id='word_1_171' title='bbox 3571 764 3682 803; x_wconf 83' lang='lat' dir='ltr'>non</span> 
     </span>
    </p>
   </div>
   <div class='ocr_carea' id='block_1_22' title="bbox 2032 819 3683 905">
    <p class='ocr_par' dir='ltr' id='par_1_22' title="bbox 2032 819 3683 905">
     <span class='ocr_line' id='line_1_22' title="bbox 2032 819 3683 905; baseline 0.011 -33"><span class='ocrx_word' id='word_1_172' title='bbox 2032 819 2229 873; x_wconf 84' lang='lat' dir='ltr'>bonum</span> <span class='ocrx_word' id='word_1_173' title='bbox 2261 821 2517 889; x_wconf 83' lang='lat' dir='ltr'>quoniam</span> <span class='ocrx_word' id='word_1_174' title='bbox 2553 824 2750 879; x_wconf 83' lang='lat' dir='ltr'>bonum</span> <span class='ocrx_word' id='word_1_175' title='bbox 2779 835 2874 882; x_wconf 81' lang='lat' dir='ltr'>est.</span> <span class='ocrx_word' id='word_1_176' title='bbox 2909 830 3078 884; x_wconf 81' lang='lat' dir='ltr'>Falsa</span> <span class='ocrx_word' id='word_1_177' title='bbox 3108 833 3253 885; x_wconf 80' lang='lat' dir='ltr'>enim</span> <span class='ocrx_word' id='word_1_178' title='bbox 3305 832 3444 901; x_wconf 66' lang='lat' dir='ltr'>haec,</span> <span class='ocrx_word' id='word_1_179' title='bbox 3508 852 3683 905; x_wconf 86' lang='lat' dir='ltr'>quare</span> 
     </span>
    </p>
   </div>
   <div class='ocr_carea' id='block_1_23' title="bbox 2027 910 3682 992">
    <p class='ocr_par' dir='ltr' id='par_1_23' title="bbox 2027 910 3682 992">
     <span class='ocr_line' id='line_1_23' title="bbox 2027 910 3682 992; baseline 0.011 -32"><span class='ocrx_word' id='word_1_180' title='bbox 2027 910 2077 961; x_wconf 85' lang='lat' dir='ltr'>et</span> <span class='ocrx_word' id='word_1_181' title='bbox 2106 910 2161 961; x_wconf 87' lang='lat' dir='ltr'>ei</span> <span class='ocrx_word' id='word_1_182' title='bbox 2188 924 2312 978; x_wconf 69' lang='lat' dir='ltr'>quae</span> <span class='ocrx_word' id='word_1_183' title='bbox 2341 914 2415 964; x_wconf 80' lang='lat' dir='ltr'>est</span> <span class='ocrx_word' id='word_1_184' title='bbox 2449 912 2575 967; x_wconf 87' lang='lat' dir='ltr'>boni</span> <span class='ocrx_word' id='word_1_185' title='bbox 2603 915 2864 983; x_wconf 83' lang='lat' dir='ltr'>quoniam</span> <span class='ocrx_word' id='word_1_186' title='bbox 2893 917 3089 973; x_wconf 84' lang='lat' dir='ltr'>bonum</span> <span class='ocrx_word' id='word_1_187' title='bbox 3121 929 3219 986; x_wconf 82' lang='lat' dir='ltr'>est,</span> <span class='ocrx_word' id='word_1_188' title='bbox 3253 936 3314 976; x_wconf 83' lang='lat' dir='ltr'>ea</span> <span class='ocrx_word' id='word_1_189' title='bbox 3345 938 3461 992; x_wconf 80' lang='lat' dir='ltr'>quae</span> <span class='ocrx_word' id='word_1_190' title='bbox 3484 929 3562 977; x_wconf 86' lang='lat' dir='ltr'>est</span> <span class='ocrx_word' id='word_1_191' title='bbox 3587 926 3682 978; x_wconf 84' lang='lat' dir='ltr'>bo-</span> 
     </span>
    </p>
   </div>
   <div class='ocr_carea' id='block_1_24' title="bbox 2026 997 2895 1065">
    <p class='ocr_par' dir='ltr' id='par_1_24' title="bbox 2026 997 2895 1065">
     <span class='ocr_line' id='line_1_24' title="bbox 2026 997 2895 1065; baseline 0.014 -18"><span class='ocrx_word' id='word_1_192' title='bbox 2026 997 2089 1048; x_wconf 88' lang='lat' dir='ltr'>ni</span> <span class='ocrx_word' id='word_1_193' title='bbox 2117 999 2382 1065; x_wconf 85' lang='lat' dir='ltr'>quoniam</span> <span class='ocrx_word' id='word_1_194' title='bbox 2414 1016 2525 1053; x_wconf 81' lang='lat' dir='ltr'>non</span> <span class='ocrx_word' id='word_1_195' title='bbox 2557 1006 2762 1056; x_wconf 82' lang='lat' dir='ltr'>bonum</span> <span class='ocrx_word' id='word_1_196' title='bbox 2795 1008 2895 1059; x_wconf 79' lang='lat' dir='ltr'>est.</span> 
     </span>
    </p>
   </div>
   <div class='ocr_carea' id='block_1_25' title="bbox 2101 1085 3674 1161">
    <p class='ocr_par' dir='ltr' id='par_1_25' title="bbox 2101 1085 3674 1161">
     <span class='ocr_line' id='line_1_25' title="bbox 2101 1085 3674 1161; baseline 0.013 -25"><span class='ocrx_word' id='word_1_197' title='bbox 2101 1085 2179 1138; x_wconf 82' lang='lat' dir='ltr'>Ex</span> <span class='ocrx_word' id='word_1_198' title='bbox 2210 1086 2588 1144; x_wconf 88' lang='lat' dir='ltr'>similitudine</span> <span class='ocrx_word' id='word_1_199' title='bbox 2619 1099 2672 1145; x_wconf 89' lang='lat' dir='ltr'>et</span> <span class='ocrx_word' id='word_1_200' title='bbox 2701 1093 3062 1161; x_wconf 88' lang='lat' dir='ltr'>pr0portione</span> <span class='ocrx_word' id='word_1_201' title='bbox 3094 1099 3507 1154; x_wconf 80' lang='lat' dir='ltr'>contrarietatis</span> <span class='ocrx_word' id='word_1_202' title='bbox 3564 1102 3674 1157; x_wconf 85' lang='lat' dir='ltr'>vim</span> 
     </span>
    </p>
   </div>
   <div class='ocr_carea' id='block_1_26' title="bbox 2026 1175 3678 1259">
    <p class='ocr_par' dir='ltr' id='par_1_26' title="bbox 2026 1175 3678 1259">
     <span class='ocr_line' id='line_1_26' title="bbox 2026 1175 3678 1259; baseline 0.011 -33"><span class='ocrx_word' id='word_1_203' title='bbox 2026 1175 2480 1243; x_wconf 90' lang='lat' dir='ltr'>pr0posilionum</span> <span class='ocrx_word' id='word_1_204' title='bbox 2514 1179 2792 1250; x_wconf 80' lang='lat' dir='ltr'>vestigare</span> <span class='ocrx_word' id='word_1_205' title='bbox 2824 1190 3079 1239; x_wconf 89' lang='lat' dir='ltr'>conatur.</span> <span class='ocrx_word' id='word_1_206' title='bbox 3109 1186 3213 1239; x_wconf 88' lang='lat' dir='ltr'>Sed</span> <span class='ocrx_word' id='word_1_207' title='bbox 3270 1187 3370 1241; x_wconf 84' lang='lat' dir='ltr'>has</span> <span class='ocrx_word' id='word_1_208' title='bbox 3429 1192 3678 1259; x_wconf 75' lang='lat' dir='ltr'>proposi-</span> 
     </span>
    </p>
   </div>
   <div class='ocr_carea' id='block_1_27' title="bbox 2030 1262 3677 1348">
    <p class='ocr_par' dir='ltr' id='par_1_27' title="bbox 2030 1262 3677 1348">
     <span class='ocr_line' id='line_1_27' title="bbox 2030 1262 3677 1348; baseline 0.011 -33"><span class='ocrx_word' id='word_1_209' title='bbox 2030 1262 2212 1317; x_wconf 88' lang='lat' dir='ltr'>tiones</span> <span class='ocrx_word' id='word_1_210' title='bbox 2244 1264 2401 1333; x_wconf 91' lang='lat' dir='ltr'>prius</span> <span class='ocrx_word' id='word_1_211' title='bbox 2431 1267 2827 1336; x_wconf 80' lang='lat' dir='ltr'>disponamus,</span> <span class='ocrx_word' id='word_1_212' title='bbox 2862 1280 2983 1340; x_wconf 88' lang='lat' dir='ltr'>post</span> <span class='ocrx_word' id='word_1_213' title='bbox 3015 1281 3203 1328; x_wconf 88' lang='lat' dir='ltr'>autem</span> <span class='ocrx_word' id='word_1_214' title='bbox 3240 1284 3512 1344; x_wconf 86' lang='lat' dir='ltr'>quantum</span> <span class='ocrx_word' id='word_1_215' title='bbox 3547 1295 3677 1348; x_wconf 83' lang='lat' dir='ltr'>pos-</span> 
     </span>
    </p>
   </div>
   <div class='ocr_carea' id='block_1_28' title="bbox 2028 1353 3672 1434">
    <p class='ocr_par' dir='ltr' id='par_1_28' title="bbox 2028 1353 3672 1434">
     <span class='ocr_line' id='line_1_28' title="bbox 2028 1353 3672 1434; baseline 0.013 -32"><span class='ocrx_word' id='word_1_216' title='bbox 2028 1364 2223 1405; x_wconf 85' lang='lat' dir='ltr'>sumus</span> <span class='ocrx_word' id='word_1_217' title='bbox 2286 1353 2525 1411; x_wconf 83' lang='lat' dir='ltr'>breviter</span> <span class='ocrx_word' id='word_1_218' title='bbox 2583 1359 2690 1413; x_wconf 85' lang='lat' dir='ltr'>vim</span> <span class='ocrx_word' id='word_1_219' title='bbox 2740 1361 3112 1418; x_wconf 69' lang='lat' dir='ltr'>Aristotelicaa</span> <span class='ocrx_word' id='word_1_220' title='bbox 3165 1368 3672 1434; x_wconf 83' lang='lat' dir='ltr'>argumentationis</span> 
     </span>
    </p>
   </div>
   <div class='ocr_carea' id='block_1_29' title="bbox 2024 1455 2428 1511">
    <p class='ocr_par' dir='ltr' id='par_1_29' title="bbox 2024 1455 2428 1511">
     <span class='ocr_line' id='line_1_29' title="bbox 2024 1455 2428 1511; baseline 0.01 -16"><span class='ocrx_word' id='word_1_221' title='bbox 2024 1455 2428 1511; x_wconf 76' lang='lat' dir='ltr'>exsequamur.</span> 
     </span>
    </p>
   </div>
   <div class='ocr_carea' id='block_1_30' title="bbox 2096 1545 3098 1622">
    <p class='ocr_par' dir='ltr' id='par_1_30' title="bbox 2096 1545 3098 1622">
     <span class='ocr_line' id='line_1_30' title="bbox 2096 1545 3098 1622; baseline 0.015 -23"><span class='ocrx_word' id='word_1_222' title='bbox 2096 1545 2243 1603; x_wconf 89' lang='lat' dir='ltr'>Vera</span> <span class='ocrx_word' id='word_1_223' title='bbox 2276 1549 2409 1605; x_wconf 90' lang='lat' dir='ltr'>boni</span> <span class='ocrx_word' id='word_1_224' title='bbox 2442 1555 2712 1622; x_wconf 87' lang='lat' dir='ltr'>quoniam</span> <span class='ocrx_word' id='word_1_225' title='bbox 2748 1557 2962 1612; x_wconf 85' lang='lat' dir='ltr'>bonum</span> <span class='ocrx_word' id='word_1_226' title='bbox 2997 1566 3098 1614; x_wconf 90' lang='lat' dir='ltr'>est.</span> 
     </span>
    </p>
   </div>
   <div class='ocr_carea' id='block_1_31' title="bbox 2095 1634 3255 1712">
    <p class='ocr_par' dir='ltr' id='par_1_31' title="bbox 2095 1634 3255 1712">
     <span class='ocr_line' id='line_1_31' title="bbox 2095 1634 3255 1712; baseline 0.013 -23"><span class='ocrx_word' id='word_1_227' title='bbox 2095 1634 2255 1691; x_wconf 83' lang='lat' dir='ltr'>Falsa</span> <span class='ocrx_word' id='word_1_228' title='bbox 2288 1639 2421 1695; x_wconf 92' lang='lat' dir='ltr'>boni</span> <span class='ocrx_word' id='word_1_229' title='bbox 2452 1644 2723 1712; x_wconf 87' lang='lat' dir='ltr'>quoniam</span> <span class='ocrx_word' id='word_1_230' title='bbox 2759 1645 2969 1701; x_wconf 90' lang='lat' dir='ltr'>bonum</span> <span class='ocrx_word' id='word_1_231' title='bbox 3003 1664 3116 1703; x_wconf 92' lang='lat' dir='ltr'>non</span> <span class='ocrx_word' id='word_1_232' title='bbox 3152 1657 3255 1704; x_wconf 89' lang='lat' dir='ltr'>est.</span> 
     </span>
    </p>
   </div>
   <div class='ocr_carea' id='block_1_32' title="bbox 2096 1726 3389 1801">
    <p class='ocr_par' dir='ltr' id='par_1_32' title="bbox 2096 1726 3389 1801">
     <span class='ocr_line' id='line_1_32' title="bbox 2096 1726 3389 1801; baseline 0.011 -21"><span class='ocrx_word' id='word_1_233' title='bbox 2096 1726 2237 1781; x_wconf 85' lang='lat' dir='ltr'>Vera</span> <span class='ocrx_word' id='word_1_234' title='bbox 2265 1744 2379 1784; x_wconf 89' lang='lat' dir='ltr'>non</span> <span class='ocrx_word' id='word_1_235' title='bbox 2415 1731 2553 1787; x_wconf 91' lang='lat' dir='ltr'>boni</span> <span class='ocrx_word' id='word_1_236' title='bbox 2584 1735 2851 1801; x_wconf 88' lang='lat' dir='ltr'>quoniam</span> <span class='ocrx_word' id='word_1_237' title='bbox 2886 1752 3004 1791; x_wconf 91' lang='lat' dir='ltr'>non</span> <span class='ocrx_word' id='word_1_238' title='bbox 3038 1737 3251 1793; x_wconf 87' lang='lat' dir='ltr'>bonum</span> <span class='ocrx_word' id='word_1_239' title='bbox 3286 1748 3389 1796; x_wconf 83' lang='lat' dir='ltr'>est.</span> 
     </span>
    </p>
   </div>
   <div class='ocr_carea' id='block_1_33' title="bbox 268 1809 3252 1892">
    <p class='ocr_par' dir='ltr' id='par_1_33' title="bbox 268 1809 3252 1892">
     <span class='ocr_line' id='line_1_33' title="bbox 268 1809 3252 1892; baseline 0.004 -25"><span class='ocrx_word' id='word_1_240' title='bbox 268 1830 389 1883; x_wconf 57' lang='lat' dir='ltr'>quas</span> <span class='ocrx_word' id='word_1_241' title='bbox 409 1820 578 1879; x_wconf 84' lang='lat' dir='ltr'>negat</span> <span class='ocrx_word' id='word_1_242' title='bbox 608 1813 790 1880; x_wconf 81' lang='lat' dir='ltr'>potius</span> <span class='ocrx_word' id='word_1_243' title='bbox 813 1827 979 1881; x_wconf 89' lang='lat' dir='ltr'>quam</span> <span class='ocrx_word' id='word_1_244' title='bbox 999 1827 1120 1865; x_wconf 90' lang='lat' dir='ltr'>eam</span> <span class='ocrx_word' id='word_1_245' title='bbox 1140 1827 1261 1881; x_wconf 71' lang='lat' dir='ltr'>quae</span> <span class='ocrx_word' id='word_1_246' title='bbox 1285 1810 1627 1866; x_wconf 81' lang='lat' dir='ltr'>contrariam</span> <span class='ocrx_word' id='word_1_247' title='bbox 1660 1809 1913 1875; x_wconf 82' lang='lat' dir='ltr'>aitimal;</span> <span class='ocrx_word' id='word_1_248' title='bbox 1950 1824 1994 1887; x_wconf 80' lang='grc' dir='ltr'><strong>Β</strong></span> <span class='ocrx_word' id='word_1_249' title='bbox 2096 1817 2256 1872; x_wconf 85' lang='lat' dir='ltr'>Falsa</span> <span class='ocrx_word' id='word_1_250' title='bbox 2288 1835 2402 1873; x_wconf 87' lang='lat' dir='ltr'>non</span> <span class='ocrx_word' id='word_1_251' title='bbox 2433 1819 2565 1875; x_wconf 93' lang='lat' dir='ltr'>boni</span> <span class='ocrx_word' id='word_1_252' title='bbox 2597 1822 2872 1892; x_wconf 87' lang='lat' dir='ltr'>quoniam</span> <span class='ocrx_word' id='word_1_253' title='bbox 2904 1824 3117 1881; x_wconf 88' lang='lat' dir='ltr'>bonum</span> <span class='ocrx_word' id='word_1_254' title='bbox 3151 1836 3252 1883; x_wconf 79' lang='lat' dir='ltr'>est.</span> 
     </span>
    </p>
   </div>
   <div class='ocr_carea' id='block_1_34' title="bbox 264 1897 1916 1972">
    <p class='ocr_par' dir='ltr' id='par_1_34' title="bbox 264 1897 1916 1972">
     <span class='ocr_line' id='line_1_34' title="bbox 264 1897 1916 1972; baseline -0.002 -17"><span class='ocrx_word' id='word_1_255' title='bbox 264 1901 547 1972; x_wconf 87' lang='lat' dir='ltr'>implicita</span> <span class='ocrx_word' id='word_1_256' title='bbox 589 1908 695 1965; x_wconf 90' lang='lat' dir='ltr'>est,</span> <span class='ocrx_word' id='word_1_257' title='bbox 748 1900 957 1971; x_wconf 82' lang='lat' dir='ltr'>inquit,</span> <span class='ocrx_word' id='word_1_258' title='bbox 1006 1898 1307 1954; x_wconf 75' lang='lat' dir='ltr'>afﬁrmatio</span> <span class='ocrx_word' id='word_1_259' title='bbox 1338 1897 1625 1954; x_wconf 84' lang='lat' dir='ltr'>contrarii.</span> <span class='ocrx_word' id='word_1_260' title='bbox 1655 1897 1916 1968; x_wconf 84' lang='lat' dir='ltr'>Quisquis</span> 
     </span>
    </p>
   </div>
   <div class='ocr_carea' id='block_1_35' title="bbox 267 1986 1913 2061">
    <p class='ocr_par' dir='ltr' id='par_1_35' title="bbox 267 1986 1913 2061">
     <span class='ocr_line' id='line_1_35' title="bbox 267 1986 1913 2061; baseline -0.005 -14"><span class='ocrx_word' id='word_1_261' title='bbox 267 1992 421 2047; x_wconf 86' lang='lat' dir='ltr'>enim</span> <span class='ocrx_word' id='word_1_262' title='bbox 443 1997 603 2061; x_wconf 84' lang='lat' dir='ltr'>putat</span> <span class='ocrx_word' id='word_1_263' title='bbox 629 1991 684 2045; x_wconf 89' lang='lat' dir='ltr'>id</span> <span class='ocrx_word' id='word_1_264' title='bbox 713 1990 863 2059; x_wconf 84' lang='lat' dir='ltr'>quod</span> <span class='ocrx_word' id='word_1_265' title='bbox 894 1988 1107 2043; x_wconf 89' lang='lat' dir='ltr'>bonum</span> <span class='ocrx_word' id='word_1_266' title='bbox 1123 1995 1208 2043; x_wconf 89' lang='lat' dir='ltr'>est</span> <span class='ocrx_word' id='word_1_267' title='bbox 1230 1988 1445 2042; x_wconf 90' lang='lat' dir='ltr'>malum</span> <span class='ocrx_word' id='word_1_268' title='bbox 1471 2003 1613 2056; x_wconf 87' lang='lat' dir='ltr'>esse,</span> <span class='ocrx_word' id='word_1_269' title='bbox 1657 1987 1778 2042; x_wconf 82' lang='lat' dir='ltr'>ﬁeri</span> <span class='ocrx_word' id='word_1_270' title='bbox 1808 1986 1913 2040; x_wconf 88' lang='lat' dir='ltr'>ali-</span> 
     </span>
    </p>
   </div>
   <div class='ocr_carea' id='block_1_36' title="bbox 269 2075 1917 2150">
    <p class='ocr_par' dir='ltr' id='par_1_36' title="bbox 269 2075 1917 2150">
     <span class='ocr_line' id='line_1_36' title="bbox 269 2075 1917 2150; baseline -0.004 -13"><span class='ocrx_word' id='word_1_271' title='bbox 269 2091 345 2137; x_wconf 87' lang='lat' dir='ltr'>ter</span> <span class='ocrx_word' id='word_1_272' title='bbox 368 2096 489 2136; x_wconf 87' lang='lat' dir='ltr'>non</span> <span class='ocrx_word' id='word_1_273' title='bbox 514 2084 717 2150; x_wconf 87' lang='lat' dir='ltr'>potest,</span> <span class='ocrx_word' id='word_1_274' title='bbox 744 2078 854 2134; x_wconf 86' lang='lat' dir='ltr'>nisi</span> <span class='ocrx_word' id='word_1_275' title='bbox 878 2078 1018 2133; x_wconf 90' lang='lat' dir='ltr'>illud</span> <span class='ocrx_word' id='word_1_276' title='bbox 1041 2092 1263 2148; x_wconf 90' lang='lat' dir='ltr'>quoque</span> <span class='ocrx_word' id='word_1_277' title='bbox 1286 2084 1443 2146; x_wconf 90' lang='lat' dir='ltr'>putet</span> <span class='ocrx_word' id='word_1_278' title='bbox 1472 2091 1589 2131; x_wconf 90' lang='lat' dir='ltr'>non</span> <span class='ocrx_word' id='word_1_279' title='bbox 1641 2091 1766 2131; x_wconf 89' lang='lat' dir='ltr'>esse</span> <span class='ocrx_word' id='word_1_280' title='bbox 1817 2075 1917 2130; x_wconf 89' lang='lat' dir='ltr'>bo-</span> 
     </span>
    </p>
   </div>
   <div class='ocr_carea' id='block_1_37' title="bbox 264 2165 1915 2237">
    <p class='ocr_par' dir='ltr' id='par_1_37' title="bbox 264 2165 1915 2237">
     <span class='ocr_line' id='line_1_37' title="bbox 264 2165 1915 2237; baseline -0.004 -11"><span class='ocrx_word' id='word_1_281' title='bbox 264 2186 425 2227; x_wconf 88' lang='lat' dir='ltr'>num.</span> <span class='ocrx_word' id='word_1_282' title='bbox 461 2172 643 2235; x_wconf 85' lang='lat' dir='ltr'>Quare</span> <span class='ocrx_word' id='word_1_283' title='bbox 670 2167 877 2237; x_wconf 78' lang='lat' dir='ltr'>duplex</span> <span class='ocrx_word' id='word_1_284' title='bbox 909 2167 1327 2237; x_wconf 89' lang='lat' dir='ltr'>quodammodo</span> <span class='ocrx_word' id='word_1_285' title='bbox 1358 2165 1668 2236; x_wconf 89' lang='lat' dir='ltr'>pr0positio</span> <span class='ocrx_word' id='word_1_286' title='bbox 1714 2168 1804 2221; x_wconf 86' lang='lat' dir='ltr'>est</span> <span class='ocrx_word' id='word_1_287' title='bbox 1850 2180 1915 2219; x_wconf 90' lang='lat' dir='ltr'>ea</span> 
     </span>
    </p>
   </div>
   <div class='ocr_carea' id='block_1_38' title="bbox 263 2253 1912 2329">
    <p class='ocr_par' dir='ltr' id='par_1_38' title="bbox 263 2253 1912 2329">
     <span class='ocr_line' id='line_1_38' title="bbox 263 2253 1912 2329; baseline -0.004 -16"><span class='ocrx_word' id='word_1_288' title='bbox 263 2273 383 2329; x_wconf 79' lang='lat' dir='ltr'>quae</span> <span class='ocrx_word' id='word_1_289' title='bbox 415 2258 560 2314; x_wconf 86' lang='lat' dir='ltr'>dicit</span> <span class='ocrx_word' id='word_1_290' title='bbox 586 2257 800 2312; x_wconf 90' lang='lat' dir='ltr'>malum</span> <span class='ocrx_word' id='word_1_291' title='bbox 834 2272 959 2311; x_wconf 88' lang='lat' dir='ltr'>esse</span> <span class='ocrx_word' id='word_1_292' title='bbox 991 2256 1137 2327; x_wconf 84' lang='lat' dir='ltr'>quod</span> <span class='ocrx_word' id='word_1_293' title='bbox 1173 2254 1387 2310; x_wconf 86' lang='lat' dir='ltr'>bonum</span> <span class='ocrx_word' id='word_1_294' title='bbox 1419 2261 1522 2308; x_wconf 90' lang='lat' dir='ltr'>est.</span> <span class='ocrx_word' id='word_1_295' title='bbox 1569 2253 1709 2310; x_wconf 88' lang='lat' dir='ltr'>Nam</span> <span class='ocrx_word' id='word_1_296' title='bbox 1742 2255 1912 2308; x_wconf 87' lang='lat' dir='ltr'>etiam</span> 
     </span>
    </p>
   </div>
   <div class='ocr_carea' id='block_1_39' title="bbox 262 2342 1912 2413">
    <p class='ocr_par' dir='ltr' id='par_1_39' title="bbox 262 2342 1912 2413">
     <span class='ocr_line' id='line_1_39' title="bbox 262 2342 1912 2413; baseline -0.004 -11"><span class='ocrx_word' id='word_1_297' title='bbox 262 2347 401 2402; x_wconf 88' lang='lat' dir='ltr'>illud</span> <span class='ocrx_word' id='word_1_298' title='bbox 435 2348 497 2402; x_wconf 89' lang='lat' dir='ltr'>in</span> <span class='ocrx_word' id='word_1_299' title='bbox 527 2362 587 2402; x_wconf 86' lang='lat' dir='ltr'>se</span> <span class='ocrx_word' id='word_1_300' title='bbox 618 2346 893 2412; x_wconf 90' lang='lat' dir='ltr'>continet,</span> <span class='ocrx_word' id='word_1_301' title='bbox 926 2345 1074 2413; x_wconf 88' lang='lat' dir='ltr'>quod</span> <span class='ocrx_word' id='word_1_302' title='bbox 1108 2343 1321 2399; x_wconf 90' lang='lat' dir='ltr'>bonum</span> <span class='ocrx_word' id='word_1_303' title='bbox 1354 2358 1469 2398; x_wconf 90' lang='lat' dir='ltr'>non</span> <span class='ocrx_word' id='word_1_304' title='bbox 1501 2349 1603 2397; x_wconf 88' lang='lat' dir='ltr'>est.</span> <span class='ocrx_word' id='word_1_305' title='bbox 1656 2342 1912 2412; x_wconf 83' lang='lat' dir='ltr'>Simplex</span> 
     </span>
    </p>
   </div>
   <div class='ocr_carea' id='block_1_40' title="bbox 262 2433 1911 2505">
    <p class='ocr_par' dir='ltr' id='par_1_40' title="bbox 262 2433 1911 2505">
     <span class='ocr_line' id='line_1_40' title="bbox 262 2433 1911 2505; baseline -0.002 -13"><span class='ocrx_word' id='word_1_306' title='bbox 262 2447 454 2492; x_wconf 86' lang='lat' dir='ltr'>autem</span> <span class='ocrx_word' id='word_1_307' title='bbox 484 2444 569 2491; x_wconf 88' lang='lat' dir='ltr'>est</span> <span class='ocrx_word' id='word_1_308' title='bbox 599 2435 926 2505; x_wconf 87' lang='lat' dir='ltr'>propositio,</span> <span class='ocrx_word' id='word_1_309' title='bbox 962 2433 1174 2489; x_wconf 88' lang='lat' dir='ltr'>bonum</span> <span class='ocrx_word' id='word_1_310' title='bbox 1207 2449 1331 2489; x_wconf 88' lang='lat' dir='ltr'>esse</span> <span class='ocrx_word' id='word_1_311' title='bbox 1366 2436 1511 2503; x_wconf 91' lang='lat' dir='ltr'>quod</span> <span class='ocrx_word' id='word_1_312' title='bbox 1546 2435 1759 2491; x_wconf 90' lang='lat' dir='ltr'>bonum</span> <span class='ocrx_word' id='word_1_313' title='bbox 1807 2442 1911 2500; x_wconf 88' lang='lat' dir='ltr'>est,</span> 
     </span>
    </p>
   </div>
   <div class='ocr_carea' id='block_1_41' title="bbox 262 2524 1911 2596">
    <p class='ocr_par' dir='ltr' id='par_1_41' title="bbox 262 2524 1911 2596">
     <span class='ocr_line' id='line_1_41' title="bbox 262 2524 1911 2596; baseline -0.002 -14"><span class='ocrx_word' id='word_1_314' title='bbox 262 2536 312 2582; x_wconf 90' lang='lat' dir='ltr'>et</span> <span class='ocrx_word' id='word_1_315' title='bbox 333 2526 589 2596; x_wconf 86' lang='lat' dir='ltr'>simplici</span> <span class='ocrx_word' id='word_1_316' title='bbox 620 2525 863 2593; x_wconf 83' lang='lat' dir='ltr'>simplex</span> <span class='ocrx_word' id='word_1_317' title='bbox 897 2527 1083 2595; x_wconf 85' lang='lat' dir='ltr'>potest</span> <span class='ocrx_word' id='word_1_318' title='bbox 1112 2524 1295 2591; x_wconf 86' lang='lat' dir='ltr'>magis</span> <span class='ocrx_word' id='word_1_319' title='bbox 1311 2539 1432 2579; x_wconf 90' lang='lat' dir='ltr'>esse</span> <span class='ocrx_word' id='word_1_320' title='bbox 1454 2525 1752 2591; x_wconf 87' lang='lat' dir='ltr'>contraria,</span> <span class='ocrx_word' id='word_1_321' title='bbox 1774 2524 1911 2579; x_wconf 89' lang='lat' dir='ltr'>sim-</span> 
     </span>
    </p>
   </div>
   <div class='ocr_carea' id='block_1_42' title="bbox 262 2613 1910 2688">
    <p class='ocr_par' dir='ltr' id='par_1_42' title="bbox 262 2613 1910 2688">
     <span class='ocr_line' id='line_1_42' title="bbox 262 2613 1910 2688; baseline -0.001 -18"><span class='ocrx_word' id='word_1_322' title='bbox 262 2618 505 2688; x_wconf 83' lang='lat' dir='ltr'>plexque</span> <span class='ocrx_word' id='word_1_323' title='bbox 534 2623 618 2669; x_wconf 85' lang='lat' dir='ltr'>est</span> <span class='ocrx_word' id='word_1_324' title='bbox 649 2614 879 2684; x_wconf 82' lang='lat' dir='ltr'>negatio</span> <span class='ocrx_word' id='word_1_325' title='bbox 912 2613 1058 2683; x_wconf 91' lang='lat' dir='ltr'>quod</span> <span class='ocrx_word' id='word_1_326' title='bbox 1091 2613 1306 2668; x_wconf 89' lang='lat' dir='ltr'>bonum</span> <span class='ocrx_word' id='word_1_327' title='bbox 1337 2620 1442 2680; x_wconf 89' lang='lat' dir='ltr'>est,</span> <span class='ocrx_word' id='word_1_328' title='bbox 1474 2629 1589 2668; x_wconf 90' lang='lat' dir='ltr'>non</span> <span class='ocrx_word' id='word_1_329' title='bbox 1635 2629 1757 2669; x_wconf 90' lang='lat' dir='ltr'>esse</span> <span class='ocrx_word' id='word_1_330' title='bbox 1814 2614 1910 2669; x_wconf 90' lang='lat' dir='ltr'>bo-</span> 
     </span>
    </p>
   </div>
   <div class='ocr_carea' id='block_1_43' title="bbox 260 2702 1445 2773">
    <p class='ocr_par' dir='ltr' id='par_1_43' title="bbox 260 2702 1445 2773">
     <span class='ocr_line' id='line_1_43' title="bbox 260 2702 1445 2773; baseline -0.004 -12"><span class='ocrx_word' id='word_1_331' title='bbox 260 2722 416 2761; x_wconf 90' lang='lat' dir='ltr'>num.</span> <span class='ocrx_word' id='word_1_332' title='bbox 458 2705 587 2759; x_wconf 70' lang='lat' dir='ltr'>Haec</span> <span class='ocrx_word' id='word_1_333' title='bbox 618 2704 790 2773; x_wconf 73' lang='lat' dir='ltr'>igitur</span> <span class='ocrx_word' id='word_1_334' title='bbox 822 2702 1004 2772; x_wconf 80' lang='lat' dir='ltr'>magis</span> <span class='ocrx_word' id='word_1_335' title='bbox 1028 2704 1314 2757; x_wconf 89' lang='lat' dir='ltr'>contraria</span> <span class='ocrx_word' id='word_1_336' title='bbox 1339 2707 1445 2756; x_wconf 86' lang='lat' dir='ltr'>est.</span> 
     </span>
    </p>
   </div>
   <div class='ocr_carea' id='block_1_44' title="bbox 330 2791 1910 2866">
    <p class='ocr_par' dir='ltr' id='par_1_44' title="bbox 330 2791 1910 2866">
     <span class='ocr_line' id='line_1_44' title="bbox 330 2791 1910 2866; baseline -0.001 -16"><span class='ocrx_word' id='word_1_337' title='bbox 330 2796 585 2866; x_wconf 75' lang='lat' dir='ltr'>Amplius</span> <span class='ocrx_word' id='word_1_338' title='bbox 611 2794 662 2849; x_wconf 85' lang='lat' dir='ltr'>si</span> <span class='ocrx_word' id='word_1_339' title='bbox 689 2792 857 2849; x_wconf 82' lang='lat' dir='ltr'>etiam</span> <span class='ocrx_word' id='word_1_340' title='bbox 886 2794 944 2847; x_wconf 89' lang='lat' dir='ltr'>in</span> <span class='ocrx_word' id='word_1_341' title='bbox 975 2791 1108 2847; x_wconf 87' lang='lat' dir='ltr'>aliis</span> <span class='ocrx_word' id='word_1_342' title='bbox 1137 2792 1407 2847; x_wconf 75' lang='lat' dir='ltr'>similiter</span> <span class='ocrx_word' id='word_1_343' title='bbox 1435 2798 1641 2863; x_wconf 84' lang='lat' dir='ltr'>oportet</span> <span class='ocrx_word' id='word_1_344' title='bbox 1667 2810 1726 2848; x_wconf 79' lang='lat' dir='ltr'>se</span> <span class='ocrx_word' id='word_1_345' title='bbox 1745 2793 1910 2848; x_wconf 63' lang='lat' dir='ltr'>habeo</span> 
     </span>
    </p>
   </div>
   <div class='ocr_carea' id='block_1_45' title="bbox 264 2880 1910 2954">
    <p class='ocr_par' dir='ltr' id='par_1_45' title="bbox 264 2880 1910 2954">
     <span class='ocr_line' id='line_1_45' title="bbox 264 2880 1910 2954; baseline -0.001 -15"><span class='ocrx_word' id='word_1_346' title='bbox 264 2900 339 2952; x_wconf 79' lang='lat' dir='ltr'>re,</span> <span class='ocrx_word' id='word_1_347' title='bbox 370 2890 421 2940; x_wconf 83' lang='lat' dir='ltr'>et</span> <span class='ocrx_word' id='word_1_348' title='bbox 448 2885 539 2939; x_wconf 86' lang='lat' dir='ltr'>hic</span> <span class='ocrx_word' id='word_1_349' title='bbox 570 2884 783 2938; x_wconf 74' lang='lat' dir='ltr'>videtur</span> <span class='ocrx_word' id='word_1_350' title='bbox 813 2883 943 2937; x_wconf 90' lang='lat' dir='ltr'>bene</span> <span class='ocrx_word' id='word_1_351' title='bbox 968 2897 1083 2936; x_wconf 75' lang='lat' dir='ltr'>esse</span> <span class='ocrx_word' id='word_1_352' title='bbox 1113 2880 1341 2949; x_wconf 82' lang='lat' dir='ltr'>dictum,</span> <span class='ocrx_word' id='word_1_353' title='bbox 1376 2884 1477 2936; x_wconf 83' lang='lat' dir='ltr'>aut</span> <span class='ocrx_word' id='word_1_354' title='bbox 1507 2883 1656 2935; x_wconf 87' lang='lat' dir='ltr'>enim</span> <span class='ocrx_word' id='word_1_355' title='bbox 1705 2881 1910 2954; x_wconf 82' lang='lat' dir='ltr'>ubique</span> 
     </span>
    </p>
   </div>
   <div class='ocr_carea' id='block_1_46' title="bbox 259 2970 1905 3045">
    <p class='ocr_par' dir='ltr' id='par_1_46' title="bbox 259 2970 1905 3045">
     <span class='ocr_line' id='line_1_46' title="bbox 259 2970 1905 3045; baseline -0.002 -16"><span class='ocrx_word' id='word_1_356' title='bbox 259 2992 325 3029; x_wconf 87' lang='lat' dir='ltr'>ea</span> <span class='ocrx_word' id='word_1_357' title='bbox 353 2989 481 3045; x_wconf 71' lang='lat' dir='ltr'>qua:</span> <span class='ocrx_word' id='word_1_358' title='bbox 511 2979 593 3027; x_wconf 81' lang='lat' dir='ltr'>est</span> <span class='ocrx_word' id='word_1_359' title='bbox 623 2970 1009 3037; x_wconf 76' lang='lat' dir='ltr'>contradictio,</span> <span class='ocrx_word' id='word_1_360' title='bbox 1040 2973 1138 3024; x_wconf 85' lang='lat' dir='ltr'>aut</span> <span class='ocrx_word' id='word_1_361' title='bbox 1194 2985 1486 3040; x_wconf 79' lang='lat' dir='ltr'>nusquam,</span> <span class='ocrx_word' id='word_1_362' title='bbox 1547 2970 1746 3040; x_wconf 82' lang='lat' dir='ltr'>quibus</span> <span class='ocrx_word' id='word_1_363' title='bbox 1785 2986 1905 3026; x_wconf 78' lang='lat' dir='ltr'>vero</span> 
     </span>
    </p>
   </div>
   <div class='ocr_carea' id='block_1_47' title="bbox 258 3058 1904 3132">
    <p class='ocr_par' dir='ltr' id='par_1_47' title="bbox 258 3058 1904 3132">
     <span class='ocr_line' id='line_1_47' title="bbox 258 3058 1904 3132; baseline -0.001 -15"><span class='ocrx_word' id='word_1_364' title='bbox 258 3080 366 3119; x_wconf 86' lang='lat' dir='ltr'>non</span> <span class='ocrx_word' id='word_1_365' title='bbox 394 3070 481 3119; x_wconf 77' lang='lat' dir='ltr'>est</span> <span class='ocrx_word' id='word_1_366' title='bbox 511 3062 873 3125; x_wconf 86' lang='lat' dir='ltr'>contrarium,</span> <span class='ocrx_word' id='word_1_367' title='bbox 904 3061 974 3113; x_wconf 83' lang='lat' dir='ltr'>de</span> <span class='ocrx_word' id='word_1_368' title='bbox 1005 3058 1091 3113; x_wconf 85' lang='lat' dir='ltr'>his</span> <span class='ocrx_word' id='word_1_369' title='bbox 1121 3058 1341 3129; x_wconf 83' lang='lat' dir='ltr'>quidem</span> <span class='ocrx_word' id='word_1_370' title='bbox 1370 3067 1449 3114; x_wconf 81' lang='lat' dir='ltr'>est</span> <span class='ocrx_word' id='word_1_371' title='bbox 1473 3060 1621 3130; x_wconf 69' lang='lat' dir='ltr'>falsa</span> <span class='ocrx_word' id='word_1_372' title='bbox 1664 3076 1728 3115; x_wconf 80' lang='lat' dir='ltr'>ea</span> <span class='ocrx_word' id='word_1_373' title='bbox 1784 3077 1904 3132; x_wconf 70' lang='lat' dir='ltr'>quae</span> 
     </span>
    </p>
   </div>
   <div class='ocr_carea' id='block_1_48' title="bbox 258 3147 1907 3248">
    <p class='ocr_par' dir='ltr' id='par_1_48' title="bbox 258 3147 1903 3221">
     <span class='ocr_line' id='line_1_48' title="bbox 258 3147 1903 3221; baseline -0.002 -14"><span class='ocrx_word' id='word_1_374' title='bbox 258 3162 334 3207; x_wconf 72' lang='lat' dir='ltr'>est</span> <span class='ocrx_word' id='word_1_375' title='bbox 362 3167 513 3208; x_wconf 71' lang='lat' dir='ltr'>vera:</span> <span class='ocrx_word' id='word_1_376' title='bbox 543 3152 816 3221; x_wconf 84' lang='lat' dir='ltr'>opposita,</span> <span class='ocrx_word' id='word_1_377' title='bbox 848 3156 909 3203; x_wconf 86' lang='lat' dir='ltr'>ut</span> <span class='ocrx_word' id='word_1_378' title='bbox 936 3149 1032 3219; x_wconf 86' lang='lat' dir='ltr'>qui</span> <span class='ocrx_word' id='word_1_379' title='bbox 1063 3147 1338 3203; x_wconf 81' lang='lat' dir='ltr'>hominem</span> <span class='ocrx_word' id='word_1_380' title='bbox 1369 3164 1478 3203; x_wconf 85' lang='lat' dir='ltr'>non</span> <span class='ocrx_word' id='word_1_381' title='bbox 1525 3153 1678 3219; x_wconf 84' lang='lat' dir='ltr'>putat</span> <span class='ocrx_word' id='word_1_382' title='bbox 1728 3148 1903 3203; x_wconf 85' lang='lat' dir='ltr'>homi-</span> 
     </span>
    </p>
   </div>
   <div class='ocr_carea' id='block_1_49' title="bbox 2019 3147 3141 3248">
    <p class='ocr_par' dir='ltr' id='par_1_49' title="bbox 2019 3170 3141 3248">
     <span class='ocr_line' id='line_1_49' title="bbox 2019 3170 3141 3248; baseline 0.009 -23"><span class='ocrx_word' id='word_1_383' title='bbox 2019 3170 2228 3226; x_wconf 89' lang='lat' dir='ltr'>bonum</span> <span class='ocrx_word' id='word_1_384' title='bbox 2259 3179 2362 3230; x_wconf 78' lang='lat' dir='ltr'>cst.</span> <span class='ocrx_word' id='word_1_385' title='bbox 2396 3178 2530 3230; x_wconf 74' lang='lat' dir='ltr'>Haec</span> <span class='ocrx_word' id='word_1_386' title='bbox 2561 3175 2740 3241; x_wconf 89' lang='lat' dir='ltr'>enim,</span> <span class='ocrx_word' id='word_1_387' title='bbox 2774 3176 2979 3248; x_wconf 89' lang='lat' dir='ltr'>inquit,</span> <span class='ocrx_word' id='word_1_388' title='bbox 3013 3196 3141 3235; x_wconf 89' lang='lat' dir='ltr'>cum</span> 
     </span>
    </p>
   </div>
   <div class='ocr_carea' id='block_1_50' title="bbox 258 3236 1900 3312">
    <p class='ocr_par' dir='ltr' id='par_1_50' title="bbox 258 3236 1900 3312">
     <span class='ocr_line' id='line_1_50' title="bbox 258 3236 1900 3312; baseline -0.001 -18"><span class='ocrx_word' id='word_1_389' title='bbox 258 3257 401 3310; x_wconf 81' lang='lat' dir='ltr'>nem,</span> <span class='ocrx_word' id='word_1_390' title='bbox 427 3241 607 3312; x_wconf 75' lang='lat' dir='ltr'>falsus</span> <span class='ocrx_word' id='word_1_391' title='bbox 633 3242 711 3294; x_wconf 76' lang='lat' dir='ltr'>est</span> <span class='ocrx_word' id='word_1_392' title='bbox 738 3255 759 3299; x_wconf 86' lang='lat'><em>;</em></span> <span class='ocrx_word' id='word_1_393' title='bbox 789 3254 921 3308; x_wconf 80' lang='lat' dir='ltr'>ergo</span> <span class='ocrx_word' id='word_1_394' title='bbox 950 3239 1001 3292; x_wconf 89' lang='lat' dir='ltr'>si</span> <span class='ocrx_word' id='word_1_395' title='bbox 1028 3238 1114 3293; x_wconf 67' lang='lat' dir='ltr'>hae</span> <span class='ocrx_word' id='word_1_396' title='bbox 1145 3236 1441 3293; x_wconf 75' lang='lat' dir='ltr'>contrariae</span> <span class='ocrx_word' id='word_1_397' title='bbox 1486 3245 1633 3305; x_wconf 84' lang='lat' dir='ltr'>sunt,</span> <span class='ocrx_word' id='word_1_398' title='bbox 1690 3243 1744 3293; x_wconf 89' lang='lat' dir='ltr'>et</span> <span class='ocrx_word' id='word_1_399' title='bbox 1782 3239 1900 3295; x_wconf 89' lang='lat' dir='ltr'>alia</span> 
     </span>
    </p>
   </div>
   <div class='ocr_carea' id='block_1_51' title="bbox 259 3327 1047 3402">
    <p class='ocr_par' dir='ltr' id='par_1_51' title="bbox 259 3327 1047 3402">
     <span class='ocr_line' id='line_1_51' title="bbox 259 3327 1047 3402; baseline -0.004 -17"><span class='ocrx_word' id='word_1_400' title='bbox 259 3346 372 3402; x_wconf 72' lang='lat' dir='ltr'>qua:</span> <span class='ocrx_word' id='word_1_401' title='bbox 398 3334 531 3385; x_wconf 78' lang='lat' dir='ltr'>sunt</span> <span class='ocrx_word' id='word_1_402' title='bbox 559 3327 1047 3385; x_wconf 81' lang='lat' dir='ltr'>contradictiones.</span> 
     </span>
    </p>
   </div>
   <div class='ocr_carea' id='block_1_52' title="bbox 323 3432 1903 3505">
    <p class='ocr_par' dir='ltr' id='par_1_52' title="bbox 323 3432 1903 3505">
     <span class='ocr_line' id='line_1_52' title="bbox 323 3432 1903 3505; baseline -0.002 -13"><span class='ocrx_word' id='word_1_403' title='bbox 323 3440 429 3492; x_wconf 81' lang='lat' dir='ltr'>Aut</span> <span class='ocrx_word' id='word_1_404' title='bbox 462 3439 525 3491; x_wconf 90' lang='lat' dir='ltr'>in</span> <span class='ocrx_word' id='word_1_405' title='bbox 558 3435 843 3499; x_wconf 88' lang='lat' dir='ltr'>omnibus,</span> <span class='ocrx_word' id='word_1_406' title='bbox 896 3434 1109 3505; x_wconf 89' lang='lat' dir='ltr'>inquit,</span> <span class='ocrx_word' id='word_1_407' title='bbox 1160 3448 1289 3489; x_wconf 84' lang='lat' dir='ltr'>vere</span> <span class='ocrx_word' id='word_1_408' title='bbox 1339 3432 1553 3489; x_wconf 88' lang='lat' dir='ltr'>dicitur</span> <span class='ocrx_word' id='word_1_409' title='bbox 1601 3435 1903 3491; x_wconf 90' lang='lat' dir='ltr'>contradi-</span> 
     </span>
    </p>
   </div>
   <div class='ocr_carea' id='block_1_53' title="bbox 254 3522 1904 3595">
    <p class='ocr_par' dir='ltr' id='par_1_53' title="bbox 254 3522 1904 3595">
     <span class='ocr_line' id='line_1_53' title="bbox 254 3522 1904 3595; baseline -0.003 -13"><span class='ocrx_word' id='word_1_410' title='bbox 254 3527 503 3583; x_wconf 91' lang='lat' dir='ltr'>ctionem</span> <span class='ocrx_word' id='word_1_411' title='bbox 537 3524 720 3595; x_wconf 76' lang='lat' dir='ltr'>magis</span> <span class='ocrx_word' id='word_1_412' title='bbox 749 3540 872 3579; x_wconf 81' lang='lat' dir='ltr'>esse</span> <span class='ocrx_word' id='word_1_413' title='bbox 889 3522 1240 3579; x_wconf 84' lang='lat' dir='ltr'>contrariam</span> <span class='ocrx_word' id='word_1_414' title='bbox 1258 3537 1423 3593; x_wconf 84' lang='lat' dir='ltr'>quam</span> <span class='ocrx_word' id='word_1_415' title='bbox 1444 3523 1715 3580; x_wconf 83' lang='lat' dir='ltr'>contrarii</span> <span class='ocrx_word' id='word_1_416' title='bbox 1747 3525 1904 3579; x_wconf 84' lang='lat' dir='ltr'>afﬁr-</span> 
     </span>
    </p>
   </div>
   <div class='ocr_carea' id='block_1_54' title="bbox 257 3613 1906 3685">
    <p class='ocr_par' dir='ltr' id='par_1_54' title="bbox 257 3613 1906 3685">
     <span class='ocr_line' id='line_1_54' title="bbox 257 3613 1906 3685; baseline -0.002 -12"><span class='ocrx_word' id='word_1_417' title='bbox 257 3619 595 3683; x_wconf 83' lang='lat' dir='ltr'>mationem,</span> <span class='ocrx_word' id='word_1_418' title='bbox 612 3620 712 3671; x_wconf 88' lang='lat' dir='ltr'>aut</span> <span class='ocrx_word' id='word_1_419' title='bbox 728 3630 1033 3685; x_wconf 81' lang='lat' dir='ltr'>nusquam.</span> <span class='ocrx_word' id='word_1_420' title='bbox 1058 3618 1170 3667; x_wconf 80' lang='lat' dir='ltr'>Aut</span> <span class='ocrx_word' id='word_1_421' title='bbox 1193 3614 1349 3668; x_wconf 89' lang='lat' dir='ltr'>enim</span> <span class='ocrx_word' id='word_1_422' title='bbox 1375 3613 1511 3669; x_wconf 85' lang='lat' dir='ltr'>etin</span> <span class='ocrx_word' id='word_1_423' title='bbox 1533 3613 1662 3669; x_wconf 87' lang='lat' dir='ltr'>aliis</span> <span class='ocrx_word' id='word_1_424' title='bbox 1682 3630 1906 3685; x_wconf 90' lang='lat' dir='ltr'>quoque</span> 
     </span>
    </p>
   </div>
   <div class='ocr_carea' id='block_1_55' title="bbox 256 3702 1902 3775">
    <p class='ocr_par' dir='ltr' id='par_1_55' title="bbox 256 3702 1902 3775">
     <span class='ocr_line' id='line_1_55' title="bbox 256 3702 1902 3775; baseline -0.002 -14"><span class='ocrx_word' id='word_1_425' title='bbox 256 3706 402 3761; x_wconf 88' lang='lat' dir='ltr'>idem</span> <span class='ocrx_word' id='word_1_426' title='bbox 435 3705 670 3761; x_wconf 82' lang='lat' dir='ltr'>evenire</span> <span class='ocrx_word' id='word_1_427' title='bbox 699 3710 941 3775; x_wconf 88' lang='lat' dir='ltr'>oportet,</span> <span class='ocrx_word' id='word_1_428' title='bbox 964 3709 1059 3757; x_wconf 90' lang='lat' dir='ltr'>aut</span> <span class='ocrx_word' id='word_1_429' title='bbox 1086 3718 1158 3757; x_wconf 91' lang='lat' dir='ltr'>ne</span> <span class='ocrx_word' id='word_1_430' title='bbox 1177 3702 1269 3757; x_wconf 87' lang='lat' dir='ltr'>hic</span> <span class='ocrx_word' id='word_1_431' title='bbox 1296 3702 1526 3772; x_wconf 88' lang='lat' dir='ltr'>quidem</span> <span class='ocrx_word' id='word_1_432' title='bbox 1569 3719 1769 3758; x_wconf 88' lang='lat' dir='ltr'>verum</span> <span class='ocrx_word' id='word_1_433' title='bbox 1800 3710 1902 3770; x_wconf 87' lang='lat' dir='ltr'>est,</span> 
     </span>
    </p>
   </div>
   <div class='ocr_carea' id='block_1_56' title="bbox 256 3793 1904 3869">
    <p class='ocr_par' dir='ltr' id='par_1_56' title="bbox 256 3793 1904 3869">
     <span class='ocr_line' id='line_1_56' title="bbox 256 3793 1904 3869; baseline -0.001 -18"><span class='ocrx_word' id='word_1_434' title='bbox 256 3799 400 3869; x_wconf 88' lang='lat' dir='ltr'>quod</span> <span class='ocrx_word' id='word_1_435' title='bbox 432 3795 664 3863; x_wconf 88' lang='lat' dir='ltr'>dicitur,</span> <span class='ocrx_word' id='word_1_436' title='bbox 698 3794 1041 3851; x_wconf 85' lang='lat' dir='ltr'>contrariam</span> <span class='ocrx_word' id='word_1_437' title='bbox 1073 3808 1195 3848; x_wconf 87' lang='lat' dir='ltr'>esse</span> <span class='ocrx_word' id='word_1_438' title='bbox 1225 3808 1347 3847; x_wconf 87' lang='lat' dir='ltr'>eam</span> <span class='ocrx_word' id='word_1_439' title='bbox 1408 3808 1530 3863; x_wconf 70' lang='lat' dir='ltr'>quis</span> <span class='ocrx_word' id='word_1_440' title='bbox 1581 3793 1904 3849; x_wconf 88' lang='lat' dir='ltr'>contradic-</span> 
     </span>
    </p>
   </div>
   <div class='ocr_carea' id='block_1_57' title="bbox 253 3880 1905 3953">
    <p class='ocr_par' dir='ltr' id='par_1_57' title="bbox 253 3880 1905 3953">
     <span class='ocr_line' id='line_1_57' title="bbox 253 3880 1905 3953; baseline -0.002 -13"><span class='ocrx_word' id='word_1_441' title='bbox 253 3886 422 3942; x_wconf 90' lang='lat' dir='ltr'>tionis</span> <span class='ocrx_word' id='word_1_442' title='bbox 452 3892 560 3949; x_wconf 83' lang='lat' dir='ltr'>est,</span> <span class='ocrx_word' id='word_1_443' title='bbox 594 3885 649 3939; x_wconf 87' lang='lat' dir='ltr'>id</span> <span class='ocrx_word' id='word_1_444' title='bbox 679 3890 763 3939; x_wconf 85' lang='lat' dir='ltr'>est</span> <span class='ocrx_word' id='word_1_445' title='bbox 811 3882 1132 3953; x_wconf 80' lang='lat' dir='ltr'>negationis</span> <span class='ocrx_word' id='word_1_446' title='bbox 1177 3880 1366 3951; x_wconf 84' lang='lat' dir='ltr'>potius</span> <span class='ocrx_word' id='word_1_447' title='bbox 1424 3896 1591 3950; x_wconf 88' lang='lat' dir='ltr'>quam</span> <span class='ocrx_word' id='word_1_448' title='bbox 1637 3882 1905 3937; x_wconf 90' lang='lat' dir='ltr'>contrarii</span> 
     </span>
    </p>
   </div>
   <div class='ocr_carea' id='block_1_58' title="bbox 252 3968 1907 4040">
    <p class='ocr_par' dir='ltr' id='par_1_58' title="bbox 252 3968 1907 4040">
     <span class='ocr_line' id='line_1_58' title="bbox 252 3968 1907 4040; baseline -0.002 -11"><span class='ocrx_word' id='word_1_449' title='bbox 252 3974 725 4029; x_wconf 84' lang='lat' dir='ltr'>attirmationem.</span> <span class='ocrx_word' id='word_1_450' title='bbox 753 3973 867 4027; x_wconf 81' lang='lat' dir='ltr'>Hoc</span> <span class='ocrx_word' id='word_1_451' title='bbox 887 3978 1077 4026; x_wconf 85' lang='lat' dir='ltr'>autem</span> <span class='ocrx_word' id='word_1_452' title='bbox 1096 3968 1477 4040; x_wconf 82' lang='lat' dir='ltr'>speculamur,</span> <span class='ocrx_word' id='word_1_453' title='bbox 1501 3968 1708 4040; x_wconf 81' lang='lat' dir='ltr'>inquit,</span> <span class='ocrx_word' id='word_1_454' title='bbox 1733 3970 1793 4024; x_wconf 91' lang='lat' dir='ltr'>in</span> <span class='ocrx_word' id='word_1_455' title='bbox 1818 3970 1907 4025; x_wconf 88' lang='lat' dir='ltr'>his</span> 
     </span>
    </p>
   </div>
   <div class='ocr_carea' id='block_1_59' title="bbox 251 4058 1906 4135">
    <p class='ocr_par' dir='ltr' id='par_1_59' title="bbox 251 4058 1906 4135">
     <span class='ocr_line' id='line_1_59' title="bbox 251 4058 1906 4135; baseline -0.004 -15"><span class='ocrx_word' id='word_1_456' title='bbox 251 4080 371 4135; x_wconf 80' lang='lat' dir='ltr'>quas</span> <span class='ocrx_word' id='word_1_457' title='bbox 402 4063 754 4119; x_wconf 87' lang='lat' dir='ltr'>contrarium</span> <span class='ocrx_word' id='word_1_458' title='bbox 789 4076 905 4117; x_wconf 73' lang='lat' dir='ltr'>non</span> <span class='ocrx_word' id='word_1_459' title='bbox 938 4061 1168 4123; x_wconf 78' lang='lat' dir='ltr'>habent,</span> <span class='ocrx_word' id='word_1_460' title='bbox 1201 4067 1261 4114; x_wconf 90' lang='lat' dir='ltr'>ut</span> <span class='ocrx_word' id='word_1_461' title='bbox 1288 4058 1347 4113; x_wconf 91' lang='lat' dir='ltr'>in</span> <span class='ocrx_word' id='word_1_462' title='bbox 1381 4058 1628 4113; x_wconf 86' lang='lat' dir='ltr'>homine.</span> <span class='ocrx_word' id='word_1_463' title='bbox 1663 4059 1721 4114; x_wconf 91' lang='lat' dir='ltr'>Si</span> <span class='ocrx_word' id='word_1_464' title='bbox 1777 4060 1906 4130; x_wconf 82' lang='lat' dir='ltr'>quis</span> 
     </span>
    </p>
   </div>
   <div class='ocr_carea' id='block_1_60' title="bbox 251 4149 1905 4222">
    <p class='ocr_par' dir='ltr' id='par_1_60' title="bbox 251 4149 1905 4222">
     <span class='ocr_line' id='line_1_60' title="bbox 251 4149 1905 4222; baseline -0.003 -14"><span class='ocrx_word' id='word_1_465' title='bbox 251 4152 402 4208; x_wconf 87' lang='lat' dir='ltr'>enim</span> <span class='ocrx_word' id='word_1_466' title='bbox 437 4157 597 4222; x_wconf 87' lang='lat' dir='ltr'>putet</span> <span class='ocrx_word' id='word_1_467' title='bbox 626 4151 917 4206; x_wconf 89' lang='lat' dir='ltr'>hominem</span> <span class='ocrx_word' id='word_1_468' title='bbox 952 4149 1245 4204; x_wconf 87' lang='lat' dir='ltr'>hominem</span> <span class='ocrx_word' id='word_1_469' title='bbox 1274 4163 1419 4215; x_wconf 81' lang='lat' dir='ltr'>esse,</span> <span class='ocrx_word' id='word_1_470' title='bbox 1451 4163 1579 4204; x_wconf 86' lang='lat' dir='ltr'>vera</span> <span class='ocrx_word' id='word_1_471' title='bbox 1609 4163 1754 4215; x_wconf 85' lang='lat' dir='ltr'>esse,</span> <span class='ocrx_word' id='word_1_472' title='bbox 1808 4165 1905 4203; x_wconf 86' lang='lat' dir='ltr'>ve-</span> 
     </span>
    </p>
   </div>
   <div class='ocr_carea' id='block_1_61' title="bbox 254 4237 1904 4309">
    <p class='ocr_par' dir='ltr' id='par_1_61' title="bbox 254 4237 1904 4309">
     <span class='ocr_line' id='line_1_61' title="bbox 254 4237 1904 4309; baseline -0.002 -14"><span class='ocrx_word' id='word_1_473' title='bbox 254 4256 375 4295; x_wconf 89' lang='lat' dir='ltr'>rum</span> <span class='ocrx_word' id='word_1_474' title='bbox 408 4249 536 4306; x_wconf 85' lang='lat' dir='ltr'>est;</span> <span class='ocrx_word' id='word_1_475' title='bbox 563 4240 609 4295; x_wconf 91' lang='lat' dir='ltr'>si</span> <span class='ocrx_word' id='word_1_476' title='bbox 636 4240 760 4309; x_wconf 90' lang='lat' dir='ltr'>quis</span> <span class='ocrx_word' id='word_1_477' title='bbox 786 4254 919 4295; x_wconf 88' lang='lat' dir='ltr'>vero</span> <span class='ocrx_word' id='word_1_478' title='bbox 953 4238 1242 4293; x_wconf 89' lang='lat' dir='ltr'>hominem</span> <span class='ocrx_word' id='word_1_479' title='bbox 1276 4240 1432 4304; x_wconf 80' lang='lat' dir='ltr'>putet</span> <span class='ocrx_word' id='word_1_480' title='bbox 1461 4252 1577 4291; x_wconf 91' lang='lat' dir='ltr'>non</span> <span class='ocrx_word' id='word_1_481' title='bbox 1627 4252 1749 4292; x_wconf 88' lang='lat' dir='ltr'>esse</span> <span class='ocrx_word' id='word_1_482' title='bbox 1800 4237 1904 4293; x_wconf 87' lang='lat' dir='ltr'>bo-</span> 
     </span>
    </p>
   </div>
   <div class='ocr_carea' id='block_1_62' title="bbox 258 4325 1907 4398">
    <p class='ocr_par' dir='ltr' id='par_1_62' title="bbox 258 4325 1907 4398">
     <span class='ocr_line' id='line_1_62' title="bbox 258 4325 1907 4398; baseline -0.002 -14"><span class='ocrx_word' id='word_1_483' title='bbox 258 4330 494 4395; x_wconf 82' lang='lat' dir='ltr'>minem,</span> <span class='ocrx_word' id='word_1_484' title='bbox 526 4329 690 4383; x_wconf 76' lang='lat' dir='ltr'>falsa.</span> <span class='ocrx_word' id='word_1_485' title='bbox 724 4328 783 4383; x_wconf 90' lang='lat' dir='ltr'>Si</span> <span class='ocrx_word' id='word_1_486' title='bbox 812 4327 939 4398; x_wconf 86' lang='lat' dir='ltr'>quis</span> <span class='ocrx_word' id='word_1_487' title='bbox 966 4334 1155 4383; x_wconf 75' lang='lat' dir='ltr'>autem</span> <span class='ocrx_word' id='word_1_488' title='bbox 1190 4331 1346 4394; x_wconf 86' lang='lat' dir='ltr'>putet</span> <span class='ocrx_word' id='word_1_489' title='bbox 1376 4325 1666 4380; x_wconf 89' lang='lat' dir='ltr'>hominem</span> <span class='ocrx_word' id='word_1_490' title='bbox 1699 4340 1907 4396; x_wconf 89' lang='lat' dir='ltr'>equum</span> 
     </span>
    </p>
   </div>
   <div class='ocr_carea' id='block_1_63' title="bbox 258 4413 1906 4485">
    <p class='ocr_par' dir='ltr' id='par_1_63' title="bbox 258 4413 1906 4485">
     <span class='ocr_line' id='line_1_63' title="bbox 258 4413 1906 4485; baseline -0.004 -10"><span class='ocrx_word' id='word_1_491' title='bbox 258 4434 399 4485; x_wconf 86' lang='lat' dir='ltr'>esse,</span> <span class='ocrx_word' id='word_1_492' title='bbox 436 4418 635 4473; x_wconf 88' lang='lat' dir='ltr'>nullus</span> <span class='ocrx_word' id='word_1_493' title='bbox 656 4416 865 4473; x_wconf 77' lang='lat' dir='ltr'>dixerit</span> <span class='ocrx_word' id='word_1_494' title='bbox 886 4415 1039 4471; x_wconf 83' lang='lat' dir='ltr'>hanc</span> <span class='ocrx_word' id='word_1_495' title='bbox 1062 4415 1240 4485; x_wconf 82' lang='lat' dir='ltr'>magis</span> <span class='ocrx_word' id='word_1_496' title='bbox 1261 4430 1384 4470; x_wconf 88' lang='lat' dir='ltr'>esse</span> <span class='ocrx_word' id='word_1_497' title='bbox 1415 4413 1761 4469; x_wconf 85' lang='lat' dir='ltr'>contrariam</span> <span class='ocrx_word' id='word_1_498' title='bbox 1785 4430 1906 4484; x_wconf 83' lang='lat' dir='ltr'>quae</span> 
     </span>
    </p>
   </div>
   <div class='ocr_carea' id='block_1_64' title="bbox 260 4502 1904 4578">
    <p class='ocr_par' dir='ltr' id='par_1_64' title="bbox 260 4502 1904 4578">
     <span class='ocr_line' id='line_1_64' title="bbox 260 4502 1904 4578; baseline -0.003 -15"><span class='ocrx_word' id='word_1_499' title='bbox 260 4512 422 4578; x_wconf 78' lang='lat' dir='ltr'>putat</span> <span class='ocrx_word' id='word_1_500' title='bbox 451 4507 749 4562; x_wconf 83' lang='lat' dir='ltr'>hominem</span> <span class='ocrx_word' id='word_1_501' title='bbox 776 4521 987 4575; x_wconf 89' lang='lat' dir='ltr'>equum</span> <span class='ocrx_word' id='word_1_502' title='bbox 1034 4519 1157 4560; x_wconf 90' lang='lat' dir='ltr'>esse</span> <span class='ocrx_word' id='word_1_503' title='bbox 1204 4518 1375 4573; x_wconf 87' lang='lat' dir='ltr'>quam</span> <span class='ocrx_word' id='word_1_504' title='bbox 1431 4517 1552 4571; x_wconf 62' lang='lat' dir='ltr'>quas</span> <span class='ocrx_word' id='word_1_505' title='bbox 1614 4502 1904 4558; x_wconf 88' lang='lat' dir='ltr'>hominem</span> 
     </span>
    </p>
   </div>
   <div class='ocr_carea' id='block_1_65' title="bbox 2094 1923 3675 2005">
    <p class='ocr_par' dir='ltr' id='par_1_65' title="bbox 2094 1923 3675 2005">
     <span class='ocr_line' id='line_1_65' title="bbox 2094 1923 3675 2005; baseline 0.011 -28"><span class='ocrx_word' id='word_1_506' title='bbox 2094 1923 2305 1979; x_wconf 83' lang='lat' dir='ltr'>Harum</span> <span class='ocrx_word' id='word_1_507' title='bbox 2334 1930 2575 1994; x_wconf 89' lang='lat' dir='ltr'>quatuor</span> <span class='ocrx_word' id='word_1_508' title='bbox 2605 1928 2929 1996; x_wconf 90' lang='lat' dir='ltr'>opiniorum</span> <span class='ocrx_word' id='word_1_509' title='bbox 2961 1932 3083 1986; x_wconf 64' lang='lat' dir='ltr'>duae</span> <span class='ocrx_word' id='word_1_510' title='bbox 3143 1950 3284 1989; x_wconf 72' lang='lat' dir='ltr'>verae</span> <span class='ocrx_word' id='word_1_511' title='bbox 3335 1944 3489 2005; x_wconf 88' lang='lat' dir='ltr'>sunt,</span> <span class='ocrx_word' id='word_1_512' title='bbox 3549 1939 3675 1995; x_wconf 66' lang='lat' dir='ltr'>dure</span> 
     </span>
    </p>
   </div>
   <div class='ocr_carea' id='block_1_66' title="bbox 2021 2012 3676 2099">
    <p class='ocr_par' dir='ltr' id='par_1_66' title="bbox 2021 2012 3676 2099">
     <span class='ocr_line' id='line_1_66' title="bbox 2021 2012 3676 2099; baseline 0.009 -32"><span class='ocrx_word' id='word_1_513' title='bbox 2021 2012 2195 2068; x_wconf 60' lang='lat' dir='ltr'>falsas.</span> <span class='ocrx_word' id='word_1_514' title='bbox 2223 2014 2325 2069; x_wconf 89' lang='lat' dir='ltr'>Illa</span> <span class='ocrx_word' id='word_1_515' title='bbox 2348 2030 2469 2085; x_wconf 52' lang='lat' dir='ltr'>(quae</span> <span class='ocrx_word' id='word_1_516' title='bbox 2498 2021 2583 2071; x_wconf 87' lang='lat' dir='ltr'>est</span> <span class='ocrx_word' id='word_1_517' title='bbox 2614 2017 2748 2073; x_wconf 91' lang='lat' dir='ltr'>boni</span> <span class='ocrx_word' id='word_1_518' title='bbox 2773 2022 3040 2089; x_wconf 88' lang='lat' dir='ltr'>quoniam</span> <span class='ocrx_word' id='word_1_519' title='bbox 3067 2022 3277 2079; x_wconf 90' lang='lat' dir='ltr'>bonum</span> <span class='ocrx_word' id='word_1_520' title='bbox 3304 2034 3542 2094; x_wconf 87' lang='lat' dir='ltr'>est,vera</span> <span class='ocrx_word' id='word_1_521' title='bbox 3564 2037 3676 2099; x_wconf 87' lang='lat' dir='ltr'>est;</span> 
     </span>
    </p>
   </div>
   <div class='ocr_carea' id='block_1_67' title="bbox 2022 2101 3671 2182">
    <p class='ocr_par' dir='ltr' id='par_1_67' title="bbox 2022 2101 3671 2182">
     <span class='ocr_line' id='line_1_67' title="bbox 2022 2101 3671 2182; baseline 0.012 -27"><span class='ocrx_word' id='word_1_522' title='bbox 2022 2101 2119 2155; x_wconf 89' lang='lat' dir='ltr'>illa</span> <span class='ocrx_word' id='word_1_523' title='bbox 2143 2119 2265 2172; x_wconf 65' lang='lat' dir='ltr'>qua:</span> <span class='ocrx_word' id='word_1_524' title='bbox 2289 2112 2369 2159; x_wconf 88' lang='lat' dir='ltr'>est</span> <span class='ocrx_word' id='word_1_525' title='bbox 2394 2105 2528 2160; x_wconf 90' lang='lat' dir='ltr'>boni</span> <span class='ocrx_word' id='word_1_526' title='bbox 2554 2108 2820 2176; x_wconf 89' lang='lat' dir='ltr'>quoniam</span> <span class='ocrx_word' id='word_1_527' title='bbox 2848 2110 3060 2166; x_wconf 89' lang='lat' dir='ltr'>bonum</span> <span class='ocrx_word' id='word_1_528' title='bbox 3083 2128 3195 2168; x_wconf 90' lang='lat' dir='ltr'>non</span> <span class='ocrx_word' id='word_1_529' title='bbox 3244 2122 3348 2182; x_wconf 85' lang='lat' dir='ltr'>est,</span> <span class='ocrx_word' id='word_1_530' title='bbox 3394 2117 3536 2171; x_wconf 87' lang='lat' dir='ltr'>falsa</span> <span class='ocrx_word' id='word_1_531' title='bbox 3568 2128 3671 2174; x_wconf 89' lang='lat' dir='ltr'>est.</span> 
     </span>
    </p>
   </div>
   <div class='ocr_carea' id='block_1_68' title="bbox 2021 2190 3676 2273">
    <p class='ocr_par' dir='ltr' id='par_1_68' title="bbox 2021 2190 3676 2273">
     <span class='ocr_line' id='line_1_68' title="bbox 2021 2190 3676 2273; baseline 0.01 -28"><span class='ocrx_word' id='word_1_532' title='bbox 2021 2190 2234 2247; x_wconf 80' lang='lat' dir='ltr'>Rursus</span> <span class='ocrx_word' id='word_1_533' title='bbox 2266 2192 2366 2273; x_wconf 85' lang='lat' dir='ltr'>illa</span> <span class='ocrx_word' id='word_1_534' title='bbox 2390 2209 2509 2264; x_wconf 66' lang='lat' dir='ltr'>quae</span> <span class='ocrx_word' id='word_1_535' title='bbox 2533 2200 2619 2249; x_wconf 89' lang='lat' dir='ltr'>est</span> <span class='ocrx_word' id='word_1_536' title='bbox 2640 2212 2755 2252; x_wconf 91' lang='lat' dir='ltr'>non</span> <span class='ocrx_word' id='word_1_537' title='bbox 2780 2197 2915 2254; x_wconf 88' lang='lat' dir='ltr'>boni</span> <span class='ocrx_word' id='word_1_538' title='bbox 2941 2201 3196 2269; x_wconf 88' lang='lat' dir='ltr'>quoniam</span> <span class='ocrx_word' id='word_1_539' title='bbox 3216 2203 3417 2259; x_wconf 92' lang='lat' dir='ltr'>bonum</span> <span class='ocrx_word' id='word_1_540' title='bbox 3438 2221 3551 2261; x_wconf 91' lang='lat' dir='ltr'>non</span> <span class='ocrx_word' id='word_1_541' title='bbox 3572 2214 3676 2273; x_wconf 81' lang='lat' dir='ltr'>est,</span> 
     </span>
    </p>
   </div>
   <div class='ocr_carea' id='block_1_69' title="bbox 2020 2271 3673 2362">
    <p class='ocr_par' dir='ltr' id='par_1_69' title="bbox 2020 2271 3673 2362">
     <span class='ocr_line' id='line_1_69' title="bbox 2020 2271 3673 2362; baseline 0.011 -27"><span class='ocrx_word' id='word_1_542' title='bbox 2020 2297 2149 2337; x_wconf 85' lang='lat' dir='ltr'>vera</span> <span class='ocrx_word' id='word_1_543' title='bbox 2169 2289 2253 2338; x_wconf 89' lang='lat' dir='ltr'>est</span> <span class='ocrx_word' id='word_1_544' title='bbox 2280 2300 2294 2350; x_wconf 90' lang='lat'>;</span> <span class='ocrx_word' id='word_1_545' title='bbox 2323 2271 2420 2338; x_wconf 82' lang='lat' dir='ltr'>illa</span> <span class='ocrx_word' id='word_1_546' title='bbox 2442 2301 2567 2356; x_wconf 82' lang='lat' dir='ltr'>quae</span> <span class='ocrx_word' id='word_1_547' title='bbox 2593 2291 2677 2341; x_wconf 81' lang='lat' dir='ltr'>est</span> <span class='ocrx_word' id='word_1_548' title='bbox 2701 2304 2815 2344; x_wconf 92' lang='lat' dir='ltr'>non</span> <span class='ocrx_word' id='word_1_549' title='bbox 2842 2289 2973 2345; x_wconf 85' lang='lat' dir='ltr'>boni</span> <span class='ocrx_word' id='word_1_550' title='bbox 2998 2294 3269 2362; x_wconf 88' lang='lat' dir='ltr'>quoniam</span> <span class='ocrx_word' id='word_1_551' title='bbox 3304 2294 3517 2351; x_wconf 90' lang='lat' dir='ltr'>bonum</span> <span class='ocrx_word' id='word_1_552' title='bbox 3569 2309 3673 2361; x_wconf 84' lang='lat' dir='ltr'>est,</span> 
     </span>
    </p>
   </div>
   <div class='ocr_carea' id='block_1_70' title="bbox 2020 2370 3671 2454">
    <p class='ocr_par' dir='ltr' id='par_1_70' title="bbox 2020 2370 3671 2454">
     <span class='ocr_line' id='line_1_70' title="bbox 2020 2370 3671 2454; baseline 0.01 -29"><span class='ocrx_word' id='word_1_553' title='bbox 2020 2370 2157 2426; x_wconf 75' lang='lat' dir='ltr'>falsa</span> <span class='ocrx_word' id='word_1_554' title='bbox 2181 2379 2282 2427; x_wconf 89' lang='lat' dir='ltr'>est.</span> <span class='ocrx_word' id='word_1_555' title='bbox 2308 2376 2450 2444; x_wconf 81' lang='lat' dir='ltr'>Ergo</span> <span class='ocrx_word' id='word_1_556' title='bbox 2473 2375 2593 2431; x_wconf 70' lang='lat' dir='ltr'>haec</span> <span class='ocrx_word' id='word_1_557' title='bbox 2615 2383 2697 2431; x_wconf 89' lang='lat' dir='ltr'>est</span> <span class='ocrx_word' id='word_1_558' title='bbox 2718 2377 3032 2436; x_wconf 85' lang='lat' dir='ltr'>similitudo</span> <span class='ocrx_word' id='word_1_559' title='bbox 3056 2388 3107 2436; x_wconf 90' lang='lat' dir='ltr'>et</span> <span class='ocrx_word' id='word_1_560' title='bbox 3130 2386 3425 2454; x_wconf 88' lang='lat' dir='ltr'>pr0portio</span> <span class='ocrx_word' id='word_1_561' title='bbox 3473 2386 3671 2441; x_wconf 86' lang='lat' dir='ltr'>harum</span> 
     </span>
    </p>
   </div>
   <div class='ocr_carea' id='block_1_71' title="bbox 2018 2465 3672 2538">
    <p class='ocr_par' dir='ltr' id='par_1_71' title="bbox 2018 2465 3672 2538">
     <span class='ocr_line' id='line_1_71' title="bbox 2018 2465 3672 2538; baseline 0.011 -25"><span class='ocrx_word' id='word_1_562' title='bbox 2018 2468 2262 2528; x_wconf 88' lang='lat' dir='ltr'>quatuor</span> <span class='ocrx_word' id='word_1_563' title='bbox 2277 2465 2905 2533; x_wconf 88' lang='lat' dir='ltr'>propositionum.Nam</span> <span class='ocrx_word' id='word_1_564' title='bbox 2923 2472 3405 2538; x_wconf 86' lang='lat' dir='ltr'>quemadmodum</span> <span class='ocrx_word' id='word_1_565' title='bbox 3424 2491 3480 2529; x_wconf 87' lang='lat' dir='ltr'>se</span> <span class='ocrx_word' id='word_1_566' title='bbox 3506 2476 3672 2532; x_wconf 86' lang='lat' dir='ltr'>habet</span> 
     </span>
    </p>
   </div>
   <div class='ocr_carea' id='block_1_72' title="bbox 2017 2549 3666 2633">
    <p class='ocr_par' dir='ltr' id='par_1_72' title="bbox 2017 2549 3666 2633">
     <span class='ocr_line' id='line_1_72' title="bbox 2017 2549 3666 2633; baseline 0.011 -29"><span class='ocrx_word' id='word_1_567' title='bbox 2017 2549 2211 2619; x_wconf 81' lang='lat' dir='ltr'>Opinio</span> <span class='ocrx_word' id='word_1_568' title='bbox 2240 2550 2372 2607; x_wconf 91' lang='lat' dir='ltr'>boni</span> <span class='ocrx_word' id='word_1_569' title='bbox 2406 2554 2675 2622; x_wconf 87' lang='lat' dir='ltr'>quoniam</span> <span class='ocrx_word' id='word_1_570' title='bbox 2706 2556 2919 2612; x_wconf 91' lang='lat' dir='ltr'>bonum</span> <span class='ocrx_word' id='word_1_571' title='bbox 2952 2562 3059 2625; x_wconf 86' lang='lat' dir='ltr'>est,</span> <span class='ocrx_word' id='word_1_572' title='bbox 3095 2562 3163 2615; x_wconf 88' lang='lat' dir='ltr'>ad</span> <span class='ocrx_word' id='word_1_573' title='bbox 3191 2578 3311 2617; x_wconf 88' lang='lat' dir='ltr'>eam</span> <span class='ocrx_word' id='word_1_574' title='bbox 3338 2564 3666 2633; x_wconf 83' lang='lat' dir='ltr'>opinionem</span> 
     </span>
    </p>
   </div>
   <div class='ocr_carea' id='block_1_73' title="bbox 2017 2640 3666 2717">
    <p class='ocr_par' dir='ltr' id='par_1_73' title="bbox 2017 2640 3666 2717">
     <span class='ocr_line' id='line_1_73' title="bbox 2017 2640 3666 2717; baseline 0.012 -26"><span class='ocrx_word' id='word_1_575' title='bbox 2017 2653 2139 2708; x_wconf 70' lang='lat' dir='ltr'>qua:</span> <span class='ocrx_word' id='word_1_576' title='bbox 2171 2647 2255 2694; x_wconf 89' lang='lat' dir='ltr'>est</span> <span class='ocrx_word' id='word_1_577' title='bbox 2282 2640 2413 2696; x_wconf 90' lang='lat' dir='ltr'>boni</span> <span class='ocrx_word' id='word_1_578' title='bbox 2448 2643 2716 2711; x_wconf 87' lang='lat' dir='ltr'>quoniam</span> <span class='ocrx_word' id='word_1_579' title='bbox 2750 2645 2963 2702; x_wconf 90' lang='lat' dir='ltr'>bonum</span> <span class='ocrx_word' id='word_1_580' title='bbox 2995 2664 3109 2703; x_wconf 89' lang='lat' dir='ltr'>non</span> <span class='ocrx_word' id='word_1_581' title='bbox 3135 2655 3240 2717; x_wconf 86' lang='lat' dir='ltr'>est,</span> <span class='ocrx_word' id='word_1_582' title='bbox 3272 2653 3470 2707; x_wconf 89' lang='lat' dir='ltr'>eodem</span> <span class='ocrx_word' id='word_1_583' title='bbox 3498 2657 3666 2710; x_wconf 90' lang='lat' dir='ltr'>modo</span> 
     </span>
    </p>
   </div>
   <div class='ocr_carea' id='block_1_74' title="bbox 2016 2728 3667 2809">
    <p class='ocr_par' dir='ltr' id='par_1_74' title="bbox 2016 2728 3667 2809">
     <span class='ocr_line' id='line_1_74' title="bbox 2016 2728 3667 2809; baseline 0.011 -29"><span class='ocrx_word' id='word_1_584' title='bbox 2016 2742 2139 2782; x_wconf 87' lang='lat' dir='ltr'>sese</span> <span class='ocrx_word' id='word_1_585' title='bbox 2173 2728 2337 2784; x_wconf 89' lang='lat' dir='ltr'>habet</span> <span class='ocrx_word' id='word_1_586' title='bbox 2365 2738 2417 2785; x_wconf 91' lang='lat' dir='ltr'>et</span> <span class='ocrx_word' id='word_1_587' title='bbox 2443 2732 2635 2800; x_wconf 90' lang='lat' dir='ltr'>opinio</span> <span class='ocrx_word' id='word_1_588' title='bbox 2668 2749 2791 2803; x_wconf 70' lang='lat' dir='ltr'>quae</span> <span class='ocrx_word' id='word_1_589' title='bbox 2822 2743 2904 2790; x_wconf 86' lang='lat' dir='ltr'>est</span> <span class='ocrx_word' id='word_1_590' title='bbox 2936 2752 3051 2791; x_wconf 90' lang='lat' dir='ltr'>non</span> <span class='ocrx_word' id='word_1_591' title='bbox 3086 2739 3219 2792; x_wconf 89' lang='lat' dir='ltr'>boni</span> <span class='ocrx_word' id='word_1_592' title='bbox 3254 2744 3524 2809; x_wconf 74' lang='lat' dir='ltr'>quoniam</span> <span class='ocrx_word' id='word_1_593' title='bbox 3551 2760 3667 2798; x_wconf 88' lang='lat' dir='ltr'>non</span> 
     </span>
    </p>
   </div>
   <div class='ocr_carea' id='block_1_75' title="bbox 2018 2815 3669 2899">
    <p class='ocr_par' dir='ltr' id='par_1_75' title="bbox 2018 2815 3669 2899">
     <span class='ocr_line' id='line_1_75' title="bbox 2018 2815 3669 2899; baseline 0.011 -29"><span class='ocrx_word' id='word_1_594' title='bbox 2018 2815 2231 2872; x_wconf 88' lang='lat' dir='ltr'>bonum</span> <span class='ocrx_word' id='word_1_595' title='bbox 2252 2825 2361 2883; x_wconf 89' lang='lat' dir='ltr'>est,</span> <span class='ocrx_word' id='word_1_596' title='bbox 2385 2820 2453 2875; x_wconf 86' lang='lat' dir='ltr'>ad</span> <span class='ocrx_word' id='word_1_597' title='bbox 2488 2837 2612 2876; x_wconf 84' lang='lat' dir='ltr'>eam</span> <span class='ocrx_word' id='word_1_598' title='bbox 2644 2838 2772 2893; x_wconf 74' lang='lat' dir='ltr'>quae</span> <span class='ocrx_word' id='word_1_599' title='bbox 2802 2831 2885 2879; x_wconf 86' lang='lat' dir='ltr'>est</span> <span class='ocrx_word' id='word_1_600' title='bbox 2916 2841 3030 2881; x_wconf 92' lang='lat' dir='ltr'>non</span> <span class='ocrx_word' id='word_1_601' title='bbox 3064 2826 3201 2881; x_wconf 91' lang='lat' dir='ltr'>boni</span> <span class='ocrx_word' id='word_1_602' title='bbox 3233 2830 3505 2899; x_wconf 87' lang='lat' dir='ltr'>quoniam</span> <span class='ocrx_word' id='word_1_603' title='bbox 3568 2832 3669 2887; x_wconf 87' lang='lat' dir='ltr'>bo-</span> 
     </span>
    </p>
   </div>
   <div class='ocr_carea' id='block_1_76' title="bbox 2016 2906 3667 2987">
    <p class='ocr_par' dir='ltr' id='par_1_76' title="bbox 2016 2906 3667 2987">
     <span class='ocr_line' id='line_1_76' title="bbox 2016 2906 3667 2987; baseline 0.009 -28"><span class='ocrx_word' id='word_1_604' title='bbox 2016 2920 2152 2959; x_wconf 88' lang='lat' dir='ltr'>num</span> <span class='ocrx_word' id='word_1_605' title='bbox 2186 2914 2285 2961; x_wconf 89' lang='lat' dir='ltr'>est.</span> <span class='ocrx_word' id='word_1_606' title='bbox 2323 2906 2465 2963; x_wconf 86' lang='lat' dir='ltr'>Nam</span> <span class='ocrx_word' id='word_1_607' title='bbox 2498 2909 2646 2964; x_wconf 88' lang='lat' dir='ltr'>sicut</span> <span class='ocrx_word' id='word_1_608' title='bbox 2678 2910 2802 2966; x_wconf 92' lang='lat' dir='ltr'>illic</span> <span class='ocrx_word' id='word_1_609' title='bbox 2829 2930 2962 2969; x_wconf 86' lang='lat' dir='ltr'>vera</span> <span class='ocrx_word' id='word_1_610' title='bbox 2996 2930 3107 2968; x_wconf 89' lang='lat' dir='ltr'>una</span> <span class='ocrx_word' id='word_1_611' title='bbox 3139 2924 3240 2985; x_wconf 88' lang='lat' dir='ltr'>est,</span> <span class='ocrx_word' id='word_1_612' title='bbox 3273 2917 3445 2971; x_wconf 88' lang='lat' dir='ltr'>altera</span> <span class='ocrx_word' id='word_1_613' title='bbox 3505 2918 3667 2987; x_wconf 73' lang='lat' dir='ltr'>falsa,</span> 
     </span>
    </p>
   </div>
   <div class='ocr_carea' id='block_1_77' title="bbox 2011 2993 3668 3075">
    <p class='ocr_par' dir='ltr' id='par_1_77' title="bbox 2011 2993 3668 3075">
     <span class='ocr_line' id='line_1_77' title="bbox 2011 2993 3668 3075; baseline 0.01 -29"><span class='ocrx_word' id='word_1_614' title='bbox 2011 2993 2087 3047; x_wconf 89' lang='lat' dir='ltr'>ita</span> <span class='ocrx_word' id='word_1_615' title='bbox 2114 3010 2342 3065; x_wconf 87' lang='lat' dir='ltr'>quoque</span> <span class='ocrx_word' id='word_1_616' title='bbox 2374 2995 2467 3052; x_wconf 89' lang='lat' dir='ltr'>hic</span> <span class='ocrx_word' id='word_1_617' title='bbox 2500 3013 2613 3052; x_wconf 88' lang='lat' dir='ltr'>una</span> <span class='ocrx_word' id='word_1_618' title='bbox 2639 3016 2767 3054; x_wconf 87' lang='lat' dir='ltr'>vera</span> <span class='ocrx_word' id='word_1_619' title='bbox 2792 3008 2896 3067; x_wconf 87' lang='lat' dir='ltr'>est,</span> <span class='ocrx_word' id='word_1_620' title='bbox 2929 3001 3102 3057; x_wconf 88' lang='lat' dir='ltr'>altera</span> <span class='ocrx_word' id='word_1_621' title='bbox 3136 3002 3290 3058; x_wconf 81' lang='lat' dir='ltr'>falsa.</span> <span class='ocrx_word' id='word_1_622' title='bbox 3312 3004 3473 3075; x_wconf 87' lang='lat' dir='ltr'>Capit</span> <span class='ocrx_word' id='word_1_623' title='bbox 3494 3007 3668 3075; x_wconf 85' lang='lat' dir='ltr'>igitur</span> 
     </span>
    </p>
   </div>
   <div class='ocr_carea' id='block_1_78' title="bbox 2010 3083 3668 3164">
    <p class='ocr_par' dir='ltr' id='par_1_78' title="bbox 2010 3083 3668 3164">
     <span class='ocr_line' id='line_1_78' title="bbox 2010 3083 3668 3164; baseline 0.011 -28"><span class='ocrx_word' id='word_1_624' title='bbox 2010 3083 2332 3152; x_wconf 89' lang='lat' dir='ltr'>exemplum</span> <span class='ocrx_word' id='word_1_625' title='bbox 2356 3086 2516 3155; x_wconf 87' lang='lat' dir='ltr'>prius</span> <span class='ocrx_word' id='word_1_626' title='bbox 2539 3087 2610 3141; x_wconf 89' lang='lat' dir='ltr'>ab</span> <span class='ocrx_word' id='word_1_627' title='bbox 2629 3104 2692 3142; x_wconf 89' lang='lat' dir='ltr'>ea</span> <span class='ocrx_word' id='word_1_628' title='bbox 2716 3104 2837 3158; x_wconf 82' lang='lat' dir='ltr'>quae</span> <span class='ocrx_word' id='word_1_629' title='bbox 2860 3097 2942 3145; x_wconf 89' lang='lat' dir='ltr'>est</span> <span class='ocrx_word' id='word_1_630' title='bbox 2965 3107 3075 3146; x_wconf 90' lang='lat' dir='ltr'>non</span> <span class='ocrx_word' id='word_1_631' title='bbox 3106 3091 3238 3146; x_wconf 90' lang='lat' dir='ltr'>boni</span> <span class='ocrx_word' id='word_1_632' title='bbox 3263 3094 3533 3164; x_wconf 86' lang='lat' dir='ltr'>quoniam</span> <span class='ocrx_word' id='word_1_633' title='bbox 3552 3113 3668 3153; x_wconf 88' lang='lat' dir='ltr'>non</span> 
     </span>
    </p>
   </div>
   <div class='ocr_carea' id='block_1_79' title="bbox 3177 3182 3666 3256">
    <p class='ocr_par' dir='ltr' id='par_1_79' title="bbox 3177 3182 3666 3256">
     <span class='ocr_line' id='line_1_79' title="bbox 3177 3182 3666 3256; baseline 0.014 -22"><span class='ocrx_word' id='word_1_634' title='bbox 3177 3197 3305 3237; x_wconf 82' lang='lat' dir='ltr'>vera</span> <span class='ocrx_word' id='word_1_635' title='bbox 3337 3182 3431 3249; x_wconf 89' lang='lat' dir='ltr'>sit,</span> <span class='ocrx_word' id='word_1_636' title='bbox 3496 3200 3666 3256; x_wconf 88' lang='lat' dir='ltr'>quam</span> 
     </span>
    </p>
   </div>
   <div class='ocr_carea' id='block_1_80' title="bbox 2015 3259 3662 3342">
    <p class='ocr_par' dir='ltr' id='par_1_80' title="bbox 2015 3259 3662 3342">
     <span class='ocr_line' id='line_1_80' title="bbox 2015 3259 3662 3342; baseline 0.009 -27"><span class='ocrx_word' id='word_1_637' title='bbox 2015 3259 2147 3316; x_wconf 88' lang='lat' dir='ltr'>huic</span> <span class='ocrx_word' id='word_1_638' title='bbox 2170 3278 2449 3331; x_wconf 87' lang='lat' dir='ltr'>ponemus</span> <span class='ocrx_word' id='word_1_639' title='bbox 2480 3279 2602 3319; x_wconf 90' lang='lat' dir='ltr'>esse</span> <span class='ocrx_word' id='word_1_640' title='bbox 2633 3267 2975 3323; x_wconf 88' lang='lat' dir='ltr'>contrariam</span> <span class='ocrx_word' id='word_1_641' title='bbox 3001 3272 3022 3321; x_wconf 65' lang='grc' dir='ltr'><em>Υ</em></span> <span class='ocrx_word' id='word_1_642' title='bbox 3078 3286 3282 3326; x_wconf 88' lang='lat' dir='ltr'>eamne</span> <span class='ocrx_word' id='word_1_643' title='bbox 3339 3288 3460 3342; x_wconf 67' lang='lat' dir='ltr'>quaa</span> <span class='ocrx_word' id='word_1_644' title='bbox 3503 3274 3662 3341; x_wconf 87' lang='lat' dir='ltr'>dicit,</span> 
     </span>
    </p>
   </div>
   <div class='ocr_carea' id='block_1_81' title="bbox 2015 3350 3667 3419">
    <p class='ocr_par' dir='ltr' id='par_1_81' title="bbox 2015 3350 3667 3419">
     <span class='ocr_line' id='line_1_81' title="bbox 2015 3350 3667 3419; baseline 0.009 -15"><span class='ocrx_word' id='word_1_645' title='bbox 2015 3350 2220 3405; x_wconf 87' lang='lat' dir='ltr'>malum</span> <span class='ocrx_word' id='word_1_646' title='bbox 2257 3352 2387 3407; x_wconf 79' lang='lat' dir='ltr'>est?</span> <span class='ocrx_word' id='word_1_647' title='bbox 2417 3354 2512 3408; x_wconf 90' lang='lat' dir='ltr'>sed</span> <span class='ocrx_word' id='word_1_648' title='bbox 2540 3370 2654 3410; x_wconf 88' lang='lat' dir='ltr'>non</span> <span class='ocrx_word' id='word_1_649' title='bbox 2688 3362 2771 3411; x_wconf 86' lang='lat' dir='ltr'>est</span> <span class='ocrx_word' id='word_1_650' title='bbox 2802 3361 3108 3413; x_wconf 87' lang='lat' dir='ltr'>contraria.</span> <span class='ocrx_word' id='word_1_651' title='bbox 3144 3362 3336 3415; x_wconf 82' lang='lat' dir='ltr'>Potest</span> <span class='ocrx_word' id='word_1_652' title='bbox 3377 3363 3530 3418; x_wconf 84' lang='lat' dir='ltr'>enim</span> <span class='ocrx_word' id='word_1_653' title='bbox 3590 3364 3667 3419; x_wconf 86' lang='lat' dir='ltr'>si-</span> 
     </span>
    </p>
   </div>
   <div class='ocr_carea' id='block_1_82' title="bbox 2014 3439 3664 3523">
    <p class='ocr_par' dir='ltr' id='par_1_82' title="bbox 2014 3439 3664 3523">
     <span class='ocr_line' id='line_1_82' title="bbox 2014 3439 3664 3523; baseline 0.009 -30"><span class='ocrx_word' id='word_1_654' title='bbox 2014 3439 2135 3494; x_wconf 90' lang='lat' dir='ltr'>mul</span> <span class='ocrx_word' id='word_1_655' title='bbox 2168 3456 2289 3496; x_wconf 87' lang='lat' dir='ltr'>esse</span> <span class='ocrx_word' id='word_1_656' title='bbox 2320 3457 2467 3509; x_wconf 86' lang='lat' dir='ltr'>vera,</span> <span class='ocrx_word' id='word_1_657' title='bbox 2492 3451 2544 3498; x_wconf 89' lang='lat' dir='ltr'>et</span> <span class='ocrx_word' id='word_1_658' title='bbox 2576 3460 2640 3498; x_wconf 88' lang='lat' dir='ltr'>ea</span> <span class='ocrx_word' id='word_1_659' title='bbox 2670 3460 2790 3513; x_wconf 68' lang='lat' dir='ltr'>quae</span> <span class='ocrx_word' id='word_1_660' title='bbox 2823 3446 2957 3501; x_wconf 91' lang='lat' dir='ltr'>dicit</span> <span class='ocrx_word' id='word_1_661' title='bbox 2988 3462 3101 3503; x_wconf 90' lang='lat' dir='ltr'>non</span> <span class='ocrx_word' id='word_1_662' title='bbox 3126 3464 3248 3503; x_wconf 88' lang='lat' dir='ltr'>esse</span> <span class='ocrx_word' id='word_1_663' title='bbox 3274 3449 3487 3505; x_wconf 90' lang='lat' dir='ltr'>bonum</span> <span class='ocrx_word' id='word_1_664' title='bbox 3512 3453 3664 3523; x_wconf 90' lang='lat' dir='ltr'>quod</span> 
     </span>
    </p>
   </div>
   <div class='ocr_carea' id='block_1_83' title="bbox 2016 3527 3664 3610">
    <p class='ocr_par' dir='ltr' id='par_1_83' title="bbox 2016 3527 3664 3610">
     <span class='ocr_line' id='line_1_83' title="bbox 2016 3527 3664 3610; baseline 0.008 -28"><span class='ocrx_word' id='word_1_665' title='bbox 2016 3527 2228 3584; x_wconf 91' lang='lat' dir='ltr'>bonum</span> <span class='ocrx_word' id='word_1_666' title='bbox 2261 3546 2377 3585; x_wconf 91' lang='lat' dir='ltr'>non</span> <span class='ocrx_word' id='word_1_667' title='bbox 2410 3536 2521 3599; x_wconf 86' lang='lat' dir='ltr'>est,</span> <span class='ocrx_word' id='word_1_668' title='bbox 2553 3539 2605 3588; x_wconf 85' lang='lat' dir='ltr'>ut</span> <span class='ocrx_word' id='word_1_669' title='bbox 2637 3549 2703 3588; x_wconf 90' lang='lat' dir='ltr'>ea</span> <span class='ocrx_word' id='word_1_670' title='bbox 2734 3550 2857 3603; x_wconf 69' lang='lat' dir='ltr'>quae</span> <span class='ocrx_word' id='word_1_671' title='bbox 2888 3536 3025 3591; x_wconf 90' lang='lat' dir='ltr'>dicit</span> <span class='ocrx_word' id='word_1_672' title='bbox 3078 3537 3292 3593; x_wconf 89' lang='lat' dir='ltr'>malum</span> <span class='ocrx_word' id='word_1_673' title='bbox 3342 3555 3467 3595; x_wconf 86' lang='lat' dir='ltr'>esse</span> <span class='ocrx_word' id='word_1_674' title='bbox 3515 3544 3664 3610; x_wconf 91' lang='lat' dir='ltr'>quod</span> 
     </span>
    </p>
   </div>
   <div class='ocr_carea' id='block_1_84' title="bbox 2016 3618 3664 3699">
    <p class='ocr_par' dir='ltr' id='par_1_84' title="bbox 2016 3618 3664 3699">
     <span class='ocr_line' id='line_1_84' title="bbox 2016 3618 3664 3699; baseline 0.007 -27"><span class='ocrx_word' id='word_1_675' title='bbox 2016 3618 2227 3673; x_wconf 92' lang='lat' dir='ltr'>bonum</span> <span class='ocrx_word' id='word_1_676' title='bbox 2263 3636 2378 3675; x_wconf 89' lang='lat' dir='ltr'>non</span> <span class='ocrx_word' id='word_1_677' title='bbox 2405 3628 2506 3675; x_wconf 89' lang='lat' dir='ltr'>est.</span> <span class='ocrx_word' id='word_1_678' title='bbox 2541 3621 2683 3676; x_wconf 91' lang='lat' dir='ltr'>Sunt</span> <span class='ocrx_word' id='word_1_679' title='bbox 2714 3624 2867 3677; x_wconf 88' lang='lat' dir='ltr'>enim</span> <span class='ocrx_word' id='word_1_680' title='bbox 2902 3626 3159 3691; x_wconf 57' lang='lat' dir='ltr'>quadam</span> <span class='ocrx_word' id='word_1_681' title='bbox 3192 3643 3305 3682; x_wconf 87' lang='lat' dir='ltr'>non</span> <span class='ocrx_word' id='word_1_682' title='bbox 3341 3628 3490 3683; x_wconf 90' lang='lat' dir='ltr'>bona</span> <span class='ocrx_word' id='word_1_683' title='bbox 3539 3644 3664 3699; x_wconf 79' lang='lat' dir='ltr'>quae</span> 
     </span>
    </p>
   </div>
   <div class='ocr_carea' id='block_1_85' title="bbox 2014 3707 3666 3787">
    <p class='ocr_par' dir='ltr' id='par_1_85' title="bbox 2014 3707 3666 3787">
     <span class='ocr_line' id='line_1_85' title="bbox 2014 3707 3666 3787; baseline 0.007 -27"><span class='ocrx_word' id='word_1_684' title='bbox 2014 3707 2166 3761; x_wconf 90' lang='lat' dir='ltr'>mala</span> <span class='ocrx_word' id='word_1_685' title='bbox 2196 3714 2350 3762; x_wconf 89' lang='lat' dir='ltr'>sunt.</span> <span class='ocrx_word' id='word_1_686' title='bbox 2376 3709 2653 3772; x_wconf 89' lang='lat' dir='ltr'>Quocirca</span> <span class='ocrx_word' id='word_1_687' title='bbox 2682 3713 2979 3767; x_wconf 63' lang='lat' dir='ltr'>contrariae</span> <span class='ocrx_word' id='word_1_688' title='bbox 3016 3730 3130 3769; x_wconf 93' lang='lat' dir='ltr'>non</span> <span class='ocrx_word' id='word_1_689' title='bbox 3164 3723 3318 3785; x_wconf 88' lang='lat' dir='ltr'>sunt,</span> <span class='ocrx_word' id='word_1_690' title='bbox 3352 3718 3411 3771; x_wconf 91' lang='lat' dir='ltr'>in</span> <span class='ocrx_word' id='word_1_691' title='bbox 3462 3718 3666 3787; x_wconf 91' lang='lat' dir='ltr'>quibus</span> 
     </span>
    </p>
   </div>
   <div class='ocr_carea' id='block_1_86' title="bbox 2015 3795 3667 3875">
    <p class='ocr_par' dir='ltr' id='par_1_86' title="bbox 2015 3795 3667 3875">
     <span class='ocr_line' id='line_1_86' title="bbox 2015 3795 3667 3875; baseline 0.007 -27"><span class='ocrx_word' id='word_1_692' title='bbox 2015 3795 2243 3865; x_wconf 89' lang='lat' dir='ltr'>ponitur</span> <span class='ocrx_word' id='word_1_693' title='bbox 2276 3797 2423 3866; x_wconf 91' lang='lat' dir='ltr'>quod</span> <span class='ocrx_word' id='word_1_694' title='bbox 2457 3814 2573 3853; x_wconf 90' lang='lat' dir='ltr'>non</span> <span class='ocrx_word' id='word_1_695' title='bbox 2611 3798 2826 3855; x_wconf 91' lang='lat' dir='ltr'>bonum</span> <span class='ocrx_word' id='word_1_696' title='bbox 2857 3809 2959 3867; x_wconf 87' lang='lat' dir='ltr'>est,</span> <span class='ocrx_word' id='word_1_697' title='bbox 2998 3802 3212 3858; x_wconf 89' lang='lat' dir='ltr'>bonum</span> <span class='ocrx_word' id='word_1_698' title='bbox 3244 3821 3360 3861; x_wconf 89' lang='lat' dir='ltr'>non</span> <span class='ocrx_word' id='word_1_699' title='bbox 3420 3822 3563 3875; x_wconf 88' lang='lat' dir='ltr'>esse,</span> <span class='ocrx_word' id='word_1_700' title='bbox 3612 3814 3667 3863; x_wconf 89' lang='lat' dir='ltr'>et</span> 
     </span>
    </p>
   </div>
   <div class='ocr_carea' id='block_1_87' title="bbox 2016 3886 3663 3955">
    <p class='ocr_par' dir='ltr' id='par_1_87' title="bbox 2016 3886 3663 3955">
     <span class='ocr_line' id='line_1_87' title="bbox 2016 3886 3663 3955; baseline 0.009 -18"><span class='ocrx_word' id='word_1_701' title='bbox 2016 3886 2164 3953; x_wconf 89' lang='lat' dir='ltr'>quod</span> <span class='ocrx_word' id='word_1_702' title='bbox 2198 3900 2313 3939; x_wconf 89' lang='lat' dir='ltr'>non</span> <span class='ocrx_word' id='word_1_703' title='bbox 2346 3890 2435 3940; x_wconf 90' lang='lat' dir='ltr'>est</span> <span class='ocrx_word' id='word_1_704' title='bbox 2467 3886 2703 3955; x_wconf 90' lang='lat' dir='ltr'>bonum,</span> <span class='ocrx_word' id='word_1_705' title='bbox 2736 3889 2952 3945; x_wconf 88' lang='lat' dir='ltr'>malum</span> <span class='ocrx_word' id='word_1_706' title='bbox 2986 3907 3126 3947; x_wconf 89' lang='lat' dir='ltr'>esse.</span> <span class='ocrx_word' id='word_1_707' title='bbox 3162 3893 3467 3950; x_wconf 65' lang='lat' dir='ltr'>Contrarias</span> <span class='ocrx_word' id='word_1_708' title='bbox 3509 3895 3663 3950; x_wconf 90' lang='lat' dir='ltr'>enim</span> 
     </span>
    </p>
   </div>
   <div class='ocr_carea' id='block_1_88' title="bbox 2014 3972 3668 4047">
    <p class='ocr_par' dir='ltr' id='par_1_88' title="bbox 2014 3972 3668 4047">
     <span class='ocr_line' id='line_1_88' title="bbox 2014 3972 3668 4047; baseline 0.009 -22"><span class='ocrx_word' id='word_1_709' title='bbox 2014 3986 2161 4027; x_wconf 73' lang='grc' dir='ltr'>νει-ξε</span> <span class='ocrx_word' id='word_1_710' title='bbox 2184 3972 2354 4028; x_wconf 90' lang='lat' dir='ltr'>simul</span> <span class='ocrx_word' id='word_1_711' title='bbox 2380 3985 2629 4045; x_wconf 83' lang='lat' dir='ltr'>nequeut</span> <span class='ocrx_word' id='word_1_712' title='bbox 2654 3978 2920 4047; x_wconf 87' lang='lat' dir='ltr'>inveniri,</span> <span class='ocrx_word' id='word_1_713' title='bbox 2945 3992 2996 4035; x_wconf 90' lang='lat' dir='ltr'>et</span> <span class='ocrx_word' id='word_1_714' title='bbox 3036 3997 3163 4035; x_wconf 88' lang='lat' dir='ltr'>vera</span> <span class='ocrx_word' id='word_1_715' title='bbox 3213 3999 3356 4037; x_wconf 80' lang='lat' dir='ltr'>verae</span> <span class='ocrx_word' id='word_1_716' title='bbox 3388 3986 3668 4040; x_wconf 87' lang='lat' dir='ltr'>contraria</span> 
     </span>
    </p>
   </div>
   <div class='ocr_carea' id='block_1_89' title="bbox 2016 4067 3666 4141">
    <p class='ocr_par' dir='ltr' id='par_1_89' title="bbox 2016 4067 3666 4141">
     <span class='ocr_line' id='line_1_89' title="bbox 2016 4067 3666 4141; baseline 0.008 -26"><span class='ocrx_word' id='word_1_717' title='bbox 2016 4076 2309 4132; x_wconf 85' lang='lat' dir='ltr'>nunquam</span> <span class='ocrx_word' id='word_1_718' title='bbox 2339 4071 2445 4134; x_wconf 88' lang='lat' dir='ltr'>est,</span> <span class='ocrx_word' id='word_1_719' title='bbox 2470 4067 2563 4119; x_wconf 90' lang='lat' dir='ltr'>sed</span> <span class='ocrx_word' id='word_1_720' title='bbox 2589 4082 2695 4122; x_wconf 89' lang='lat' dir='ltr'>nec</span> <span class='ocrx_word' id='word_1_721' title='bbox 2720 4067 2815 4121; x_wconf 91' lang='lat' dir='ltr'>illa</span> <span class='ocrx_word' id='word_1_722' title='bbox 2838 4068 3047 4137; x_wconf 89' lang='lat' dir='ltr'>poterit</span> <span class='ocrx_word' id='word_1_723' title='bbox 3065 4086 3186 4125; x_wconf 90' lang='lat' dir='ltr'>esse</span> <span class='ocrx_word' id='word_1_724' title='bbox 3207 4073 3491 4127; x_wconf 87' lang='lat' dir='ltr'>contraria</span> <span class='ocrx_word' id='word_1_725' title='bbox 3514 4073 3666 4141; x_wconf 89' lang='lat' dir='ltr'>huic,</span> 
     </span>
    </p>
   </div>
   <div class='ocr_carea' id='block_1_90' title="bbox 2015 4151 3670 4225">
    <p class='ocr_par' dir='ltr' id='par_1_90' title="bbox 2015 4151 3670 4225">
     <span class='ocr_line' id='line_1_90' title="bbox 2015 4151 3670 4225; baseline 0.008 -22"><span class='ocrx_word' id='word_1_726' title='bbox 2015 4164 2139 4219; x_wconf 70' lang='lat' dir='ltr'>quae</span> <span class='ocrx_word' id='word_1_727' title='bbox 2171 4151 2308 4206; x_wconf 90' lang='lat' dir='ltr'>dicit</span> <span class='ocrx_word' id='word_1_728' title='bbox 2341 4152 2554 4208; x_wconf 82' lang='lat' dir='ltr'>malum</span> <span class='ocrx_word' id='word_1_729' title='bbox 2586 4170 2709 4210; x_wconf 88' lang='lat' dir='ltr'>esse</span> <span class='ocrx_word' id='word_1_730' title='bbox 2739 4157 2888 4225; x_wconf 89' lang='lat' dir='ltr'>quod</span> <span class='ocrx_word' id='word_1_731' title='bbox 2924 4156 3133 4212; x_wconf 91' lang='lat' dir='ltr'>bonum</span> <span class='ocrx_word' id='word_1_732' title='bbox 3157 4175 3274 4213; x_wconf 91' lang='lat' dir='ltr'>non</span> <span class='ocrx_word' id='word_1_733' title='bbox 3296 4168 3401 4215; x_wconf 87' lang='lat' dir='ltr'>est.</span> <span class='ocrx_word' id='word_1_734' title='bbox 3430 4161 3670 4216; x_wconf 87' lang='lat' dir='ltr'>Possunt</span> 
     </span>
    </p>
   </div>
   <div class='ocr_carea' id='block_1_91' title="bbox 2016 4239 3666 4317">
    <p class='ocr_par' dir='ltr' id='par_1_91' title="bbox 2016 4239 3666 4317">
     <span class='ocr_line' id='line_1_91' title="bbox 2016 4239 3666 4317; baseline 0.008 -25"><span class='ocrx_word' id='word_1_735' title='bbox 2016 4239 2168 4294; x_wconf 86' lang='lat' dir='ltr'>enim</span> <span class='ocrx_word' id='word_1_736' title='bbox 2203 4242 2461 4310; x_wconf 65' lang='lat' dir='ltr'>quasdam</span> <span class='ocrx_word' id='word_1_737' title='bbox 2481 4259 2597 4298; x_wconf 90' lang='lat' dir='ltr'>non</span> <span class='ocrx_word' id='word_1_738' title='bbox 2625 4244 2854 4313; x_wconf 86' lang='lat' dir='ltr'>quidem</span> <span class='ocrx_word' id='word_1_739' title='bbox 2908 4261 3034 4300; x_wconf 88' lang='lat' dir='ltr'>esse</span> <span class='ocrx_word' id='word_1_740' title='bbox 3077 4263 3244 4317; x_wconf 85' lang='lat' dir='ltr'>pona,</span> <span class='ocrx_word' id='word_1_741' title='bbox 3278 4264 3392 4304; x_wconf 87' lang='lat' dir='ltr'>non</span> <span class='ocrx_word' id='word_1_742' title='bbox 3426 4264 3549 4304; x_wconf 78' lang='lat' dir='ltr'>esse</span> <span class='ocrx_word' id='word_1_743' title='bbox 3581 4257 3666 4305; x_wconf 88' lang='lat' dir='ltr'>ta-</span> 
     </span>
    </p>
   </div>
   <div class='ocr_carea' id='block_1_92' title="bbox 2016 4329 3663 4398">
    <p class='ocr_par' dir='ltr' id='par_1_92' title="bbox 2016 4329 3663 4398">
     <span class='ocr_line' id='line_1_92' title="bbox 2016 4329 3663 4398; baseline 0.008 -16"><span class='ocrx_word' id='word_1_744' title='bbox 2016 4342 2150 4383; x_wconf 89' lang='lat' dir='ltr'>men</span> <span class='ocrx_word' id='word_1_745' title='bbox 2182 4329 2350 4398; x_wconf 86' lang='lat' dir='ltr'>mala,</span> <span class='ocrx_word' id='word_1_746' title='bbox 2383 4339 2443 4386; x_wconf 90' lang='lat' dir='ltr'>ut</span> <span class='ocrx_word' id='word_1_747' title='bbox 2472 4347 2537 4385; x_wconf 83' lang='lat' dir='ltr'>ex</span> <span class='ocrx_word' id='word_1_748' title='bbox 2570 4332 2769 4388; x_wconf 88' lang='lat' dir='ltr'>arbore</span> <span class='ocrx_word' id='word_1_749' title='bbox 2800 4332 3014 4388; x_wconf 88' lang='lat' dir='ltr'>nullius</span> <span class='ocrx_word' id='word_1_750' title='bbox 3048 4335 3312 4391; x_wconf 74' lang='lat' dir='ltr'>utilitatis</span> <span class='ocrx_word' id='word_1_751' title='bbox 3343 4353 3514 4393; x_wconf 89' lang='lat' dir='ltr'>causa</span> <span class='ocrx_word' id='word_1_752' title='bbox 3571 4357 3663 4395; x_wconf 87' lang='lat' dir='ltr'>ra-</span> 
     </span>
    </p>
   </div>
   <div class='ocr_carea' id='block_1_93' title="bbox 2016 4419 3661 4498">
    <p class='ocr_par' dir='ltr' id='par_1_93' title="bbox 2016 4419 3661 4498">
     <span class='ocr_line' id='line_1_93' title="bbox 2016 4419 3661 4498; baseline 0.008 -27"><span class='ocrx_word' id='word_1_753' title='bbox 2016 4432 2173 4472; x_wconf 89' lang='lat' dir='ltr'>mum</span> <span class='ocrx_word' id='word_1_754' title='bbox 2203 4419 2546 4488; x_wconf 82' lang='lat' dir='ltr'>defringere,</span> <span class='ocrx_word' id='word_1_755' title='bbox 2581 4422 2628 4475; x_wconf 90' lang='lat' dir='ltr'>si</span> <span class='ocrx_word' id='word_1_756' title='bbox 2658 4420 2918 4476; x_wconf 87' lang='lat' dir='ltr'>arborem</span> <span class='ocrx_word' id='word_1_757' title='bbox 2954 4422 3097 4477; x_wconf 92' lang='lat' dir='ltr'>nihil</span> <span class='ocrx_word' id='word_1_758' title='bbox 3129 4422 3315 4490; x_wconf 69' lang='lat' dir='ltr'>laedat,</span> <span class='ocrx_word' id='word_1_759' title='bbox 3341 4442 3521 4498; x_wconf 82' lang='lat' dir='ltr'>neque</span> <span class='ocrx_word' id='word_1_760' title='bbox 3540 4444 3661 4483; x_wconf 79' lang='lat' dir='ltr'>ma-</span> 
     </span>
    </p>
   </div>
   <div class='ocr_carea' id='block_1_94' title="bbox 2017 4504 3663 4585">
    <p class='ocr_par' dir='ltr' id='par_1_94' title="bbox 2017 4504 3663 4585">
     <span class='ocr_line' id='line_1_94' title="bbox 2017 4504 3663 4585; baseline 0.008 -26"><span class='ocrx_word' id='word_1_761' title='bbox 2017 4504 2139 4560; x_wconf 90' lang='lat' dir='ltr'>lum</span> <span class='ocrx_word' id='word_1_762' title='bbox 2175 4523 2357 4577; x_wconf 89' lang='lat' dir='ltr'>neque</span> <span class='ocrx_word' id='word_1_763' title='bbox 2390 4508 2602 4564; x_wconf 89' lang='lat' dir='ltr'>bonum</span> <span class='ocrx_word' id='word_1_764' title='bbox 2639 4517 2742 4565; x_wconf 88' lang='lat' dir='ltr'>est.</span> <span class='ocrx_word' id='word_1_765' title='bbox 2776 4510 2958 4573; x_wconf 88' lang='lat' dir='ltr'>Quare</span> <span class='ocrx_word' id='word_1_766' title='bbox 3004 4528 3142 4568; x_wconf 66' lang='lat' dir='ltr'>verae</span> <span class='ocrx_word' id='word_1_767' title='bbox 3194 4514 3366 4569; x_wconf 87' lang='lat' dir='ltr'>simul</span> <span class='ocrx_word' id='word_1_768' title='bbox 3428 4525 3663 4585; x_wconf 89' lang='lat' dir='ltr'>possunt</span> 
     </span>
    </p>
   </div>
   <div class='ocr_carea' id='block_1_95' title="bbox 254 4568 3662 4673">
    <p class='ocr_par' dir='ltr' id='par_1_95' title="bbox 254 4568 3662 4673">
     <span class='ocr_line' id='line_1_95' title="bbox 254 4568 3662 4673; baseline 0.002 -22"><span class='ocrx_word' id='word_1_769' title='bbox 254 4568 368 4653; x_wconf 78' lang='lat' dir='ltr'>non</span> <span class='ocrx_word' id='word_1_770' title='bbox 398 4614 529 4652; x_wconf 87' lang='lat' dir='ltr'>esse</span> <span class='ocrx_word' id='word_1_771' title='bbox 565 4568 855 4651; x_wconf 81' lang='lat' dir='ltr'>hominem</span> <span class='ocrx_word' id='word_1_772' title='bbox 884 4568 1427 4658; x_wconf 28' lang='lat' dir='ltr'>arbitraturIQuare</span> <span class='ocrx_word' id='word_1_773' title='bbox 1456 4591 1503 4645; x_wconf 88' lang='lat' dir='ltr'>si</span> <span class='ocrx_word' id='word_1_774' title='bbox 1534 4594 1593 4645; x_wconf 89' lang='lat' dir='ltr'>in</span> <span class='ocrx_word' id='word_1_775' title='bbox 1646 4592 1735 4646; x_wconf 87' lang='lat' dir='ltr'>his</span> <span class='ocrx_word' id='word_1_776' title='bbox 1784 4608 1905 4662; x_wconf 68' lang='lat' dir='ltr'>quas</span> <span class='ocrx_word' id='word_1_777' title='bbox 1938 4568 1984 4632; x_wconf 81' lang='lat' dir='ltr'><strong>D</strong></span> <span class='ocrx_word' id='word_1_778' title='bbox 2014 4610 2156 4663; x_wconf 87' lang='lat' dir='ltr'>esse,</span> <span class='ocrx_word' id='word_1_779' title='bbox 2190 4600 2247 4649; x_wconf 91' lang='lat' dir='ltr'>et</span> <span class='ocrx_word' id='word_1_780' title='bbox 2279 4595 2398 4651; x_wconf 76' lang='lat' dir='ltr'>haec</span> <span class='ocrx_word' id='word_1_781' title='bbox 2427 4612 2652 4668; x_wconf 91' lang='lat' dir='ltr'>quoque</span> <span class='ocrx_word' id='word_1_782' title='bbox 2686 4614 2809 4669; x_wconf 88' lang='lat' dir='ltr'>quae</span> <span class='ocrx_word' id='word_1_783' title='bbox 2838 4600 3145 4669; x_wconf 82' lang='lat' dir='ltr'>Opinantur</span> <span class='ocrx_word' id='word_1_784' title='bbox 3176 4602 3228 4656; x_wconf 91' lang='lat' dir='ltr'>id</span> <span class='ocrx_word' id='word_1_785' title='bbox 3263 4605 3411 4673; x_wconf 88' lang='lat' dir='ltr'>quod</span> <span class='ocrx_word' id='word_1_786' title='bbox 3441 4612 3522 4658; x_wconf 86' lang='lat' dir='ltr'>est</span> <span class='ocrx_word' id='word_1_787' title='bbox 3545 4621 3662 4661; x_wconf 90' lang='lat' dir='ltr'>non</span> 
     </span>
    </p>
   </div>
   <div class='ocr_carea' id='block_1_96' title="bbox 254 4680 1904 4753">
    <p class='ocr_par' dir='ltr' id='par_1_96' title="bbox 254 4680 1904 4753">
     <span class='ocr_line' id='line_1_96' title="bbox 254 4680 1904 4753; baseline -0.002 -12"><span class='ocrx_word' id='word_1_788' title='bbox 254 4686 539 4741; x_wconf 88' lang='lat' dir='ltr'>contraria</span> <span class='ocrx_word' id='word_1_789' title='bbox 568 4701 686 4740; x_wconf 90' lang='lat' dir='ltr'>non</span> <span class='ocrx_word' id='word_1_790' title='bbox 720 4684 951 4753; x_wconf 87' lang='lat' dir='ltr'>habent,</span> <span class='ocrx_word' id='word_1_791' title='bbox 980 4682 1083 4737; x_wconf 86' lang='lat' dir='ltr'>illa</span> <span class='ocrx_word' id='word_1_792' title='bbox 1135 4680 1418 4737; x_wconf 87' lang='lat' dir='ltr'>contraria</span> <span class='ocrx_word' id='word_1_793' title='bbox 1467 4688 1547 4733; x_wconf 87' lang='lat' dir='ltr'>est</span> <span class='ocrx_word' id='word_1_794' title='bbox 1591 4696 1719 4751; x_wconf 72' lang='lat' dir='ltr'>quae</span> <span class='ocrx_word' id='word_1_795' title='bbox 1766 4696 1904 4737; x_wconf 82' lang='lat' dir='ltr'>con-</span> 
     </span>
    </p>
   </div>
   <div class='ocr_carea' id='block_1_97' title="bbox 256 4768 1902 4840">
    <p class='ocr_par' dir='ltr' id='par_1_97' title="bbox 256 4768 1902 4840">
     <span class='ocr_line' id='line_1_97' title="bbox 256 4768 1902 4840; baseline -0.002 -12"><span class='ocrx_word' id='word_1_796' title='bbox 256 4775 593 4831; x_wconf 85' lang='lat' dir='ltr'>tradictione</span> <span class='ocrx_word' id='word_1_797' title='bbox 618 4774 911 4837; x_wconf 86' lang='lat' dir='ltr'>formatur,</span> <span class='ocrx_word' id='word_1_798' title='bbox 944 4773 1004 4826; x_wconf 90' lang='lat' dir='ltr'>in</span> <span class='ocrx_word' id='word_1_799' title='bbox 1034 4771 1119 4825; x_wconf 89' lang='lat' dir='ltr'>bis</span> <span class='ocrx_word' id='word_1_800' title='bbox 1139 4784 1361 4840; x_wconf 87' lang='lat' dir='ltr'>quoque</span> <span class='ocrx_word' id='word_1_801' title='bbox 1383 4785 1511 4838; x_wconf 74' lang='lat' dir='ltr'>quae</span> <span class='ocrx_word' id='word_1_802' title='bbox 1532 4768 1745 4824; x_wconf 86' lang='lat' dir='ltr'>habent</span> <span class='ocrx_word' id='word_1_803' title='bbox 1766 4786 1902 4825; x_wconf 55' lang='lat' dir='ltr'>cono</span> 
     </span>
    </p>
   </div>
   <div class='ocr_carea' id='block_1_98' title="bbox 260 4860 1901 4936">
    <p class='ocr_par' dir='ltr' id='par_1_98' title="bbox 260 4860 1901 4936">
     <span class='ocr_line' id='line_1_98' title="bbox 260 4860 1901 4936; baseline -0.003 -16"><span class='ocrx_word' id='word_1_804' title='bbox 260 4868 450 4936; x_wconf 82' lang='lat' dir='ltr'>traria,</span> <span class='ocrx_word' id='word_1_805' title='bbox 485 4882 600 4921; x_wconf 91' lang='lat' dir='ltr'>non</span> <span class='ocrx_word' id='word_1_806' title='bbox 633 4865 907 4921; x_wconf 83' lang='lat' dir='ltr'>contrarii</span> <span class='ocrx_word' id='word_1_807' title='bbox 954 4862 1376 4928; x_wconf 78' lang='lat' dir='ltr'>attirmationis,</span> <span class='ocrx_word' id='word_1_808' title='bbox 1433 4861 1530 4916; x_wconf 86' lang='lat' dir='ltr'>sed</span> <span class='ocrx_word' id='word_1_809' title='bbox 1586 4860 1901 4933; x_wconf 79' lang='lat' dir='ltr'>negationis</span> 
     </span>
    </p>
   </div>
   <div class='ocr_carea' id='block_1_99' title="bbox 253 4954 1238 5031">
    <p class='ocr_par' dir='ltr' id='par_1_99' title="bbox 253 4954 1238 5031">
     <span class='ocr_line' id='line_1_99' title="bbox 253 4954 1238 5031; baseline -0.004 -20"><span class='ocrx_word' id='word_1_810' title='bbox 253 4958 568 5031; x_wconf 84' lang='lat' dir='ltr'>propositio</span> <span class='ocrx_word' id='word_1_811' title='bbox 600 4957 784 5026; x_wconf 80' lang='lat' dir='ltr'>magis</span> <span class='ocrx_word' id='word_1_812' title='bbox 812 4954 1096 5011; x_wconf 88' lang='lat' dir='ltr'>contraria</span> <span class='ocrx_word' id='word_1_813' title='bbox 1134 4956 1238 5009; x_wconf 86' lang='lat' dir='ltr'>est.</span> 
     </span>
    </p>
   </div>
   <div class='ocr_carea' id='block_1_100' title="bbox 318 5040 1894 5117">
    <p class='ocr_par' dir='ltr' id='par_1_100' title="bbox 318 5040 1894 5117">
     <span class='ocr_line' id='line_1_100' title="bbox 318 5040 1894 5117; baseline -0.004 -16"><span class='ocrx_word' id='word_1_814' title='bbox 318 5048 585 5117; x_wconf 68' lang='lat' dir='ltr'>Amplius</span> <span class='ocrx_word' id='word_1_815' title='bbox 597 5045 859 5101; x_wconf 79' lang='lat' dir='ltr'>similiter</span> <span class='ocrx_word' id='word_1_816' title='bbox 874 5060 928 5099; x_wconf 83' lang='lat' dir='ltr'>se</span> <span class='ocrx_word' id='word_1_817' title='bbox 942 5044 1139 5098; x_wconf 86' lang='lat' dir='ltr'>habent</span> <span class='ocrx_word' id='word_1_818' title='bbox 1164 5040 1292 5097; x_wconf 76' lang='lat' dir='ltr'>boni</span> <span class='ocrx_word' id='word_1_819' title='bbox 1304 5042 1563 5112; x_wconf 86' lang='lat' dir='ltr'>quoniam</span> <span class='ocrx_word' id='word_1_820' title='bbox 1576 5040 1775 5095; x_wconf 85' lang='lat' dir='ltr'>bonum</span> <span class='ocrx_word' id='word_1_821' title='bbox 1792 5046 1894 5107; x_wconf 80' lang='lat' dir='ltr'>est,</span> 
     </span>
    </p>
   </div>
   <div class='ocr_carea' id='block_1_101' title="bbox 246 5127 1897 5205">
    <p class='ocr_par' dir='ltr' id='par_1_101' title="bbox 246 5127 1897 5205">
     <span class='ocr_line' id='line_1_101' title="bbox 246 5127 1897 5205; baseline -0.003 -17"><span class='ocrx_word' id='word_1_822' title='bbox 246 5138 295 5188; x_wconf 80' lang='lat' dir='ltr'>et</span> <span class='ocrx_word' id='word_1_823' title='bbox 318 5151 429 5191; x_wconf 86' lang='lat' dir='ltr'>non</span> <span class='ocrx_word' id='word_1_824' title='bbox 463 5136 591 5189; x_wconf 87' lang='lat' dir='ltr'>boni</span> <span class='ocrx_word' id='word_1_825' title='bbox 620 5134 886 5205; x_wconf 89' lang='lat' dir='ltr'>quoniam</span> <span class='ocrx_word' id='word_1_826' title='bbox 918 5147 1027 5187; x_wconf 89' lang='lat' dir='ltr'>non</span> <span class='ocrx_word' id='word_1_827' title='bbox 1048 5131 1256 5186; x_wconf 83' lang='lat' dir='ltr'>bonum</span> <span class='ocrx_word' id='word_1_828' title='bbox 1284 5138 1377 5184; x_wconf 81' lang='lat' dir='ltr'>est.</span> <span class='ocrx_word' id='word_1_829' title='bbox 1422 5130 1484 5183; x_wconf 86' lang='lat' dir='ltr'>Et</span> <span class='ocrx_word' id='word_1_830' title='bbox 1531 5128 1608 5183; x_wconf 83' lang='lat' dir='ltr'>ad</span> <span class='ocrx_word' id='word_1_831' title='bbox 1636 5127 1733 5183; x_wconf 81' lang='lat' dir='ltr'>has</span> <span class='ocrx_word' id='word_1_832' title='bbox 1768 5128 1897 5183; x_wconf 89' lang='lat' dir='ltr'>boni</span> 
     </span>
    </p>
   </div>
   <div class='ocr_carea' id='block_1_102' title="bbox 246 5218 1893 5293">
    <p class='ocr_par' dir='ltr' id='par_1_102' title="bbox 246 5218 1893 5293">
     <span class='ocr_line' id='line_1_102' title="bbox 246 5218 1893 5293; baseline -0.004 -15"><span class='ocrx_word' id='word_1_833' title='bbox 246 5224 510 5293; x_wconf 85' lang='lat' dir='ltr'>quoniam</span> <span class='ocrx_word' id='word_1_834' title='bbox 537 5240 649 5280; x_wconf 89' lang='lat' dir='ltr'>non</span> <span class='ocrx_word' id='word_1_835' title='bbox 672 5223 874 5278; x_wconf 87' lang='lat' dir='ltr'>bonum</span> <span class='ocrx_word' id='word_1_836' title='bbox 899 5225 998 5288; x_wconf 86' lang='lat' dir='ltr'>est,</span> <span class='ocrx_word' id='word_1_837' title='bbox 1017 5229 1192 5276; x_wconf 87' lang='lat' dir='ltr'>etnon</span> <span class='ocrx_word' id='word_1_838' title='bbox 1232 5219 1360 5273; x_wconf 85' lang='lat' dir='ltr'>boni</span> <span class='ocrx_word' id='word_1_839' title='bbox 1401 5218 1663 5288; x_wconf 88' lang='lat' dir='ltr'>quoniam</span> <span class='ocrx_word' id='word_1_840' title='bbox 1693 5218 1893 5272; x_wconf 85' lang='lat' dir='ltr'>bonum</span> 
     </span>
    </p>
   </div>
   <div class='ocr_carea' id='block_1_103' title="bbox 248 5306 1892 5384">
    <p class='ocr_par' dir='ltr' id='par_1_103' title="bbox 248 5306 1892 5384">
     <span class='ocr_line' id='line_1_103' title="bbox 248 5306 1892 5384; baseline -0.004 -16"><span class='ocrx_word' id='word_1_841' title='bbox 248 5319 342 5369; x_wconf 81' lang='lat' dir='ltr'>est.</span> <span class='ocrx_word' id='word_1_842' title='bbox 367 5315 468 5368; x_wconf 86' lang='lat' dir='ltr'>Illi</span> <span class='ocrx_word' id='word_1_843' title='bbox 486 5329 614 5384; x_wconf 84' lang='lat' dir='ltr'>ergo</span> <span class='ocrx_word' id='word_1_844' title='bbox 636 5327 761 5383; x_wconf 72' lang='lat' dir='ltr'>quae</span> <span class='ocrx_word' id='word_1_845' title='bbox 780 5318 859 5367; x_wconf 83' lang='lat' dir='ltr'>est</span> <span class='ocrx_word' id='word_1_846' title='bbox 877 5327 988 5366; x_wconf 91' lang='lat' dir='ltr'>non</span> <span class='ocrx_word' id='word_1_847' title='bbox 1012 5310 1137 5365; x_wconf 88' lang='lat' dir='ltr'>boni</span> <span class='ocrx_word' id='word_1_848' title='bbox 1157 5309 1417 5379; x_wconf 86' lang='lat' dir='ltr'>quoniam</span> <span class='ocrx_word' id='word_1_849' title='bbox 1434 5322 1542 5360; x_wconf 87' lang='lat' dir='ltr'>non</span> <span class='ocrx_word' id='word_1_850' title='bbox 1570 5306 1771 5361; x_wconf 88' lang='lat' dir='ltr'>bonum</span> <span class='ocrx_word' id='word_1_851' title='bbox 1789 5314 1892 5375; x_wconf 81' lang='lat' dir='ltr'>est,</span> 
     </span>
    </p>
   </div>
   <div class='ocr_carea' id='block_1_104' title="bbox 250 5395 1893 5474">
    <p class='ocr_par' dir='ltr' id='par_1_104' title="bbox 250 5395 1893 5474">
     <span class='ocr_line' id='line_1_104' title="bbox 250 5395 1893 5474; baseline -0.002 -18"><span class='ocrx_word' id='word_1_852' title='bbox 250 5419 395 5461; x_wconf 66' lang='lat' dir='ltr'>vera:</span> <span class='ocrx_word' id='word_1_853' title='bbox 425 5401 742 5474; x_wconf 86' lang='lat' dir='ltr'>opinationi</span> <span class='ocrx_word' id='word_1_854' title='bbox 769 5416 1027 5472; x_wconf 62' lang='lat' dir='ltr'>quaenam</span> <span class='ocrx_word' id='word_1_855' title='bbox 1061 5403 1137 5454; x_wconf 84' lang='lat' dir='ltr'>est</span> <span class='ocrx_word' id='word_1_856' title='bbox 1165 5395 1470 5454; x_wconf 74' lang='lat' dir='ltr'>contraria.</span> <span class='ocrx_word' id='word_1_857' title='bbox 1501 5397 1617 5450; x_wconf 89' lang='lat' dir='ltr'>Non</span> <span class='ocrx_word' id='word_1_858' title='bbox 1637 5397 1785 5451; x_wconf 89' lang='lat' dir='ltr'>enim</span> <span class='ocrx_word' id='word_1_859' title='bbox 1831 5413 1893 5452; x_wconf 87' lang='lat' dir='ltr'>ea</span> 
     </span>
    </p>
   </div>
   <div class='ocr_carea' id='block_1_105' title="bbox 250 5486 1895 5564">
    <p class='ocr_par' dir='ltr' id='par_1_105' title="bbox 250 5486 1895 5564">
     <span class='ocr_line' id='line_1_105' title="bbox 250 5486 1895 5564; baseline -0.004 -17"><span class='ocrx_word' id='word_1_860' title='bbox 250 5508 373 5563; x_wconf 66' lang='lat' dir='ltr'>quae</span> <span class='ocrx_word' id='word_1_861' title='bbox 400 5492 533 5548; x_wconf 85' lang='lat' dir='ltr'>dicit</span> <span class='ocrx_word' id='word_1_862' title='bbox 566 5490 829 5564; x_wconf 86' lang='lat' dir='ltr'>quoniam</span> <span class='ocrx_word' id='word_1_863' title='bbox 854 5490 1064 5544; x_wconf 85' lang='lat' dir='ltr'>malum</span> <span class='ocrx_word' id='word_1_864' title='bbox 1093 5492 1192 5544; x_wconf 82' lang='lat' dir='ltr'>est.</span> <span class='ocrx_word' id='word_1_865' title='bbox 1224 5486 1404 5543; x_wconf 88' lang='lat' dir='ltr'>Simul</span> <span class='ocrx_word' id='word_1_866' title='bbox 1423 5487 1570 5540; x_wconf 88' lang='lat' dir='ltr'>enim</span> <span class='ocrx_word' id='word_1_867' title='bbox 1593 5486 1895 5556; x_wconf 85' lang='lat' dir='ltr'>aliquando</span> 
     </span>
    </p>
   </div>
   <div class='ocr_carea' id='block_1_106' title="bbox 248 5577 1890 5651">
    <p class='ocr_par' dir='ltr' id='par_1_106' title="bbox 248 5577 1890 5651">
     <span class='ocr_line' id='line_1_106' title="bbox 248 5577 1890 5651; baseline -0.001 -17"><span class='ocrx_word' id='word_1_868' title='bbox 248 5586 410 5635; x_wconf 81' lang='lat' dir='ltr'>erunt</span> <span class='ocrx_word' id='word_1_869' title='bbox 440 5596 612 5650; x_wconf 66' lang='lat' dir='ltr'>verae,</span> <span class='ocrx_word' id='word_1_870' title='bbox 641 5596 927 5651; x_wconf 86' lang='lat' dir='ltr'>nunquam</span> <span class='ocrx_word' id='word_1_871' title='bbox 957 5583 1138 5633; x_wconf 83' lang='lat' dir='ltr'>autem</span> <span class='ocrx_word' id='word_1_872' title='bbox 1170 5592 1299 5632; x_wconf 59' lang='lat' dir='ltr'>veta</span> <span class='ocrx_word' id='word_1_873' title='bbox 1328 5590 1467 5630; x_wconf 74' lang='lat' dir='ltr'>vera:</span> <span class='ocrx_word' id='word_1_874' title='bbox 1487 5582 1562 5628; x_wconf 84' lang='lat' dir='ltr'>est</span> <span class='ocrx_word' id='word_1_875' title='bbox 1580 5577 1890 5632; x_wconf 81' lang='lat' dir='ltr'>contraria.</span> 
     </span>
    </p>
   </div>
   <div class='ocr_carea' id='block_1_107' title="bbox 249 5665 1889 5741">
    <p class='ocr_par' dir='ltr' id='par_1_107' title="bbox 249 5665 1889 5741">
     <span class='ocr_line' id='line_1_107' title="bbox 249 5665 1889 5741; baseline -0.004 -18"><span class='ocrx_word' id='word_1_876' title='bbox 249 5671 337 5724; x_wconf 77' lang='lat' dir='ltr'>Est</span> <span class='ocrx_word' id='word_1_877' title='bbox 367 5672 516 5727; x_wconf 73' lang='lat' dir='ltr'>enim</span> <span class='ocrx_word' id='word_1_878' title='bbox 549 5668 810 5741; x_wconf 81' lang='lat' dir='ltr'>quiddam</span> <span class='ocrx_word' id='word_1_879' title='bbox 838 5682 947 5723; x_wconf 89' lang='lat' dir='ltr'>non</span> <span class='ocrx_word' id='word_1_880' title='bbox 979 5667 1199 5735; x_wconf 89' lang='lat' dir='ltr'>bonum,</span> <span class='ocrx_word' id='word_1_881' title='bbox 1231 5665 1461 5719; x_wconf 87' lang='lat' dir='ltr'>malum.</span> <span class='ocrx_word' id='word_1_882' title='bbox 1522 5665 1704 5731; x_wconf 87' lang='lat' dir='ltr'>Quare</span> <span class='ocrx_word' id='word_1_883' title='bbox 1760 5678 1889 5718; x_wconf 84' lang='lat' dir='ltr'>con-</span> 
     </span>
    </p>
   </div>
   <div class='ocr_carea' id='block_1_108' title="bbox 2018 4686 3663 4761">
    <p class='ocr_par' dir='ltr' id='par_1_108' title="bbox 2018 4686 3663 4761">
     <span class='ocr_line' id='line_1_108' title="bbox 2018 4686 3663 4761; baseline 0.008 -23"><span class='ocrx_word' id='word_1_884' title='bbox 2018 4686 2228 4739; x_wconf 90' lang='lat' dir='ltr'>bonum</span> <span class='ocrx_word' id='word_1_885' title='bbox 2260 4686 2529 4754; x_wconf 87' lang='lat' dir='ltr'>quoniam</span> <span class='ocrx_word' id='word_1_886' title='bbox 2554 4703 2669 4743; x_wconf 92' lang='lat' dir='ltr'>non</span> <span class='ocrx_word' id='word_1_887' title='bbox 2704 4688 2913 4743; x_wconf 91' lang='lat' dir='ltr'>bonum</span> <span class='ocrx_word' id='word_1_888' title='bbox 2947 4698 3050 4757; x_wconf 89' lang='lat' dir='ltr'>est,</span> <span class='ocrx_word' id='word_1_889' title='bbox 3084 4699 3135 4745; x_wconf 91' lang='lat' dir='ltr'>et</span> <span class='ocrx_word' id='word_1_890' title='bbox 3168 4690 3221 4745; x_wconf 89' lang='lat' dir='ltr'>id</span> <span class='ocrx_word' id='word_1_891' title='bbox 3255 4694 3401 4761; x_wconf 84' lang='lat' dir='ltr'>quod</span> <span class='ocrx_word' id='word_1_892' title='bbox 3434 4701 3519 4748; x_wconf 89' lang='lat' dir='ltr'>est</span> <span class='ocrx_word' id='word_1_893' title='bbox 3545 4710 3663 4751; x_wconf 87' lang='lat' dir='ltr'>non</span> 
     </span>
    </p>
   </div>
   <div class='ocr_carea' id='block_1_109' title="bbox 2015 4776 3665 4844">
    <p class='ocr_par' dir='ltr' id='par_1_109' title="bbox 2015 4776 3665 4844">
     <span class='ocr_line' id='line_1_109' title="bbox 2015 4776 3665 4844; baseline 0.007 -17"><span class='ocrx_word' id='word_1_894' title='bbox 2015 4778 2231 4828; x_wconf 89' lang='lat' dir='ltr'>bonum</span> <span class='ocrx_word' id='word_1_895' title='bbox 2260 4776 2531 4844; x_wconf 87' lang='lat' dir='ltr'>quoniam</span> <span class='ocrx_word' id='word_1_896' title='bbox 2566 4777 2775 4831; x_wconf 82' lang='lat' dir='ltr'>malum</span> <span class='ocrx_word' id='word_1_897' title='bbox 2808 4794 2924 4833; x_wconf 88' lang='lat' dir='ltr'>non</span> <span class='ocrx_word' id='word_1_898' title='bbox 2955 4786 3056 4834; x_wconf 91' lang='lat' dir='ltr'>est.</span> <span class='ocrx_word' id='word_1_899' title='bbox 3085 4781 3265 4843; x_wconf 85' lang='lat' dir='ltr'>Quare</span> <span class='ocrx_word' id='word_1_900' title='bbox 3292 4797 3394 4836; x_wconf 88' lang='lat' dir='ltr'>nec</span> <span class='ocrx_word' id='word_1_901' title='bbox 3419 4782 3504 4837; x_wconf 61' lang='lat' dir='ltr'>hae</span> <span class='ocrx_word' id='word_1_902' title='bbox 3526 4799 3665 4839; x_wconf 92' lang='lat' dir='ltr'>con-</span> 
     </span>
    </p>
   </div>
   <div class='ocr_carea' id='block_1_110' title="bbox 2009 4864 3666 4943">
    <p class='ocr_par' dir='ltr' id='par_1_110' title="bbox 2009 4864 3666 4943">
     <span class='ocr_line' id='line_1_110' title="bbox 2009 4864 3666 4943; baseline 0.007 -25"><span class='ocrx_word' id='word_1_903' title='bbox 2009 4864 2197 4919; x_wconf 62' lang='lat' dir='ltr'>trariae</span> <span class='ocrx_word' id='word_1_904' title='bbox 2227 4874 2396 4934; x_wconf 91' lang='lat' dir='ltr'>sunt;</span> <span class='ocrx_word' id='word_1_905' title='bbox 2431 4874 2598 4923; x_wconf 89' lang='lat' dir='ltr'>restat</span> <span class='ocrx_word' id='word_1_906' title='bbox 2628 4869 2804 4939; x_wconf 86' lang='lat' dir='ltr'>igitur</span> <span class='ocrx_word' id='word_1_907' title='bbox 2842 4876 2898 4924; x_wconf 92' lang='lat' dir='ltr'>ut</span> <span class='ocrx_word' id='word_1_908' title='bbox 2931 4871 3056 4941; x_wconf 87' lang='lat' dir='ltr'>ejus</span> <span class='ocrx_word' id='word_1_909' title='bbox 3089 4872 3379 4941; x_wconf 82' lang='lat' dir='ltr'>Opinionis</span> <span class='ocrx_word' id='word_1_910' title='bbox 3412 4890 3535 4943; x_wconf 72' lang='lat' dir='ltr'>quas</span> <span class='ocrx_word' id='word_1_911' title='bbox 3582 4883 3666 4930; x_wconf 90' lang='lat' dir='ltr'>est</span> 
     </span>
    </p>
   </div>
   <div class='ocr_carea' id='block_1_111' title="bbox 2009 4954 3665 5028">
    <p class='ocr_par' dir='ltr' id='par_1_111' title="bbox 2009 4954 3665 5028">
     <span class='ocr_line' id='line_1_111' title="bbox 2009 4954 3665 5028; baseline 0.006 -19"><span class='ocrx_word' id='word_1_912' title='bbox 2009 4970 2124 5009; x_wconf 91' lang='lat' dir='ltr'>non</span> <span class='ocrx_word' id='word_1_913' title='bbox 2158 4954 2293 5011; x_wconf 91' lang='lat' dir='ltr'>boni</span> <span class='ocrx_word' id='word_1_914' title='bbox 2322 4957 2592 5026; x_wconf 87' lang='lat' dir='ltr'>quoniam</span> <span class='ocrx_word' id='word_1_915' title='bbox 2623 4974 2739 5013; x_wconf 91' lang='lat' dir='ltr'>non</span> <span class='ocrx_word' id='word_1_916' title='bbox 2770 4959 2986 5014; x_wconf 91' lang='lat' dir='ltr'>bonum</span> <span class='ocrx_word' id='word_1_917' title='bbox 3011 4968 3119 5028; x_wconf 88' lang='lat' dir='ltr'>est,</span> <span class='ocrx_word' id='word_1_918' title='bbox 3151 4978 3216 5015; x_wconf 90' lang='lat' dir='ltr'>ea</span> <span class='ocrx_word' id='word_1_919' title='bbox 3265 4963 3339 5016; x_wconf 84' lang='lat' dir='ltr'>sit</span> <span class='ocrx_word' id='word_1_920' title='bbox 3376 4965 3665 5019; x_wconf 88' lang='lat' dir='ltr'>contraria</span> 
     </span>
    </p>
   </div>
   <div class='ocr_carea' id='block_1_112' title="bbox 2008 5046 3658 5117">
    <p class='ocr_par' dir='ltr' id='par_1_112' title="bbox 2008 5046 3658 5117">
     <span class='ocr_line' id='line_1_112' title="bbox 2008 5046 3658 5117; baseline 0.007 -20"><span class='ocrx_word' id='word_1_921' title='bbox 2008 5060 2134 5113; x_wconf 78' lang='lat' dir='ltr'>quae</span> <span class='ocrx_word' id='word_1_922' title='bbox 2164 5051 2246 5099; x_wconf 89' lang='lat' dir='ltr'>est</span> <span class='ocrx_word' id='word_1_923' title='bbox 2276 5061 2393 5100; x_wconf 91' lang='lat' dir='ltr'>non</span> <span class='ocrx_word' id='word_1_924' title='bbox 2428 5046 2561 5101; x_wconf 89' lang='lat' dir='ltr'>boni</span> <span class='ocrx_word' id='word_1_925' title='bbox 2591 5049 2859 5117; x_wconf 87' lang='lat' dir='ltr'>quoniam</span> <span class='ocrx_word' id='word_1_926' title='bbox 2883 5048 3095 5104; x_wconf 89' lang='lat' dir='ltr'>bonum</span> <span class='ocrx_word' id='word_1_927' title='bbox 3118 5057 3221 5105; x_wconf 89' lang='lat' dir='ltr'>est.</span> <span class='ocrx_word' id='word_1_928' title='bbox 3247 5054 3400 5115; x_wconf 87' lang='lat' dir='ltr'>Quod</span> <span class='ocrx_word' id='word_1_929' title='bbox 3422 5053 3547 5107; x_wconf 77' lang='lat' dir='ltr'>siin</span> <span class='ocrx_word' id='word_1_930' title='bbox 3570 5052 3658 5108; x_wconf 87' lang='lat' dir='ltr'>his</span> 
     </span>
    </p>
   </div>
   <div class='ocr_carea' id='block_1_113' title="bbox 2007 5136 3660 5210">
    <p class='ocr_par' dir='ltr' id='par_1_113' title="bbox 2007 5136 3660 5210">
     <span class='ocr_line' id='line_1_113' title="bbox 2007 5136 3660 5210; baseline 0.006 -24"><span class='ocrx_word' id='word_1_931' title='bbox 2007 5142 2247 5201; x_wconf 90' lang='lat' dir='ltr'>quatuor</span> <span class='ocrx_word' id='word_1_932' title='bbox 2300 5136 2780 5205; x_wconf 89' lang='lat' dir='ltr'>propositionibus</span> <span class='ocrx_word' id='word_1_933' title='bbox 2839 5154 2961 5206; x_wconf 68' lang='lat' dir='ltr'>quae</span> <span class='ocrx_word' id='word_1_934' title='bbox 3018 5156 3193 5209; x_wconf 87' lang='lat' dir='ltr'>supra</span> <span class='ocrx_word' id='word_1_935' title='bbox 3251 5142 3660 5210; x_wconf 85' lang='lat' dir='ltr'>descripsimus</span> 
     </span>
    </p>
   </div>
   <div class='ocr_carea' id='block_1_114' title="bbox 2007 5221 3663 5299">
    <p class='ocr_par' dir='ltr' id='par_1_114' title="bbox 2007 5221 3663 5299">
     <span class='ocr_line' id='line_1_114' title="bbox 2007 5221 3663 5299; baseline 0.005 -24"><span class='ocrx_word' id='word_1_936' title='bbox 2007 5221 2324 5279; x_wconf 87' lang='lat' dir='ltr'>similitudo</span> <span class='ocrx_word' id='word_1_937' title='bbox 2384 5234 2659 5293; x_wconf 87' lang='lat' dir='ltr'>servatur,</span> <span class='ocrx_word' id='word_1_938' title='bbox 2720 5234 2775 5282; x_wconf 93' lang='lat' dir='ltr'>et</span> <span class='ocrx_word' id='word_1_939' title='bbox 2830 5227 2976 5283; x_wconf 87' lang='lat' dir='ltr'>sicut</span> <span class='ocrx_word' id='word_1_940' title='bbox 3034 5236 3116 5283; x_wconf 86' lang='lat' dir='ltr'>est</span> <span class='ocrx_word' id='word_1_941' title='bbox 3147 5230 3343 5299; x_wconf 87' lang='lat' dir='ltr'>opinio</span> <span class='ocrx_word' id='word_1_942' title='bbox 3377 5246 3493 5285; x_wconf 89' lang='lat' dir='ltr'>non</span> <span class='ocrx_word' id='word_1_943' title='bbox 3529 5230 3663 5284; x_wconf 91' lang='lat' dir='ltr'>boni</span> 
     </span>
    </p>
   </div>
   <div class='ocr_carea' id='block_1_115' title="bbox 2006 5311 3661 5387">
    <p class='ocr_par' dir='ltr' id='par_1_115' title="bbox 2006 5311 3661 5387">
     <span class='ocr_line' id='line_1_115' title="bbox 2006 5311 3661 5387; baseline 0.004 -22"><span class='ocrx_word' id='word_1_944' title='bbox 2006 5311 2273 5381; x_wconf 90' lang='lat' dir='ltr'>quoniam</span> <span class='ocrx_word' id='word_1_945' title='bbox 2306 5330 2421 5368; x_wconf 89' lang='lat' dir='ltr'>non</span> <span class='ocrx_word' id='word_1_946' title='bbox 2456 5313 2673 5370; x_wconf 91' lang='lat' dir='ltr'>bonum</span> <span class='ocrx_word' id='word_1_947' title='bbox 2705 5325 2808 5382; x_wconf 90' lang='lat' dir='ltr'>est,</span> <span class='ocrx_word' id='word_1_948' title='bbox 2841 5317 2908 5370; x_wconf 89' lang='lat' dir='ltr'>ad</span> <span class='ocrx_word' id='word_1_949' title='bbox 2944 5333 3068 5372; x_wconf 89' lang='lat' dir='ltr'>eam</span> <span class='ocrx_word' id='word_1_950' title='bbox 3100 5334 3227 5387; x_wconf 76' lang='lat' dir='ltr'>quae</span> <span class='ocrx_word' id='word_1_951' title='bbox 3259 5326 3338 5373; x_wconf 88' lang='lat' dir='ltr'>est</span> <span class='ocrx_word' id='word_1_952' title='bbox 3372 5335 3487 5374; x_wconf 91' lang='lat' dir='ltr'>non</span> <span class='ocrx_word' id='word_1_953' title='bbox 3528 5318 3661 5373; x_wconf 90' lang='lat' dir='ltr'>boni</span> 
     </span>
    </p>
   </div>
   <div class='ocr_carea' id='block_1_116' title="bbox 2006 5399 3658 5475">
    <p class='ocr_par' dir='ltr' id='par_1_116' title="bbox 2006 5399 3658 5475">
     <span class='ocr_line' id='line_1_116' title="bbox 2006 5399 3658 5475; baseline 0.005 -23"><span class='ocrx_word' id='word_1_954' title='bbox 2006 5400 2273 5469; x_wconf 89' lang='lat' dir='ltr'>quoniam</span> <span class='ocrx_word' id='word_1_955' title='bbox 2303 5399 2515 5457; x_wconf 88' lang='lat' dir='ltr'>bonum</span> <span class='ocrx_word' id='word_1_956' title='bbox 2538 5404 2746 5470; x_wconf 86' lang='lat' dir='ltr'>est,sic</span> <span class='ocrx_word' id='word_1_957' title='bbox 2762 5404 2963 5475; x_wconf 89' lang='lat' dir='ltr'>opinio</span> <span class='ocrx_word' id='word_1_958' title='bbox 2980 5405 3115 5460; x_wconf 91' lang='lat' dir='ltr'>boni</span> <span class='ocrx_word' id='word_1_959' title='bbox 3142 5407 3411 5475; x_wconf 87' lang='lat' dir='ltr'>quoniam</span> <span class='ocrx_word' id='word_1_960' title='bbox 3445 5407 3658 5462; x_wconf 83' lang='lat' dir='ltr'>bonum</span> 
     </span>
    </p>
   </div>
   <div class='ocr_carea' id='block_1_117' title="bbox 2006 5488 3659 5562">
    <p class='ocr_par' dir='ltr' id='par_1_117' title="bbox 2006 5488 3659 5562">
     <span class='ocr_line' id='line_1_117' title="bbox 2006 5488 3659 5562; baseline 0.003 -20"><span class='ocrx_word' id='word_1_961' title='bbox 2006 5488 2181 5542; x_wconf 88' lang='lat' dir='ltr'>estad</span> <span class='ocrx_word' id='word_1_962' title='bbox 2203 5490 2531 5557; x_wconf 81' lang='lat' dir='ltr'>Opinionem</span> <span class='ocrx_word' id='word_1_963' title='bbox 2561 5490 2697 5547; x_wconf 89' lang='lat' dir='ltr'>boni</span> <span class='ocrx_word' id='word_1_964' title='bbox 2717 5493 2987 5562; x_wconf 89' lang='lat' dir='ltr'>quoniam</span> <span class='ocrx_word' id='word_1_965' title='bbox 3015 5494 3226 5549; x_wconf 89' lang='lat' dir='ltr'>bonum</span> <span class='ocrx_word' id='word_1_966' title='bbox 3256 5511 3372 5549; x_wconf 89' lang='lat' dir='ltr'>non</span> <span class='ocrx_word' id='word_1_967' title='bbox 3392 5503 3491 5549; x_wconf 87' lang='grc' dir='ltr'>εει.</span> <span class='ocrx_word' id='word_1_968' title='bbox 3513 5495 3659 5548; x_wconf 88' lang='lat' dir='ltr'>Con-</span> 
     </span>
    </p>
   </div>
   <div class='ocr_carea' id='block_1_118' title="bbox 2010 5576 3657 5653">
    <p class='ocr_par' dir='ltr' id='par_1_118' title="bbox 2010 5576 3657 5653">
     <span class='ocr_line' id='line_1_118' title="bbox 2010 5576 3657 5653; baseline 0.004 -24"><span class='ocrx_word' id='word_1_969' title='bbox 2010 5576 2178 5630; x_wconf 89' lang='lat' dir='ltr'>traria</span> <span class='ocrx_word' id='word_1_970' title='bbox 2208 5584 2397 5633; x_wconf 87' lang='lat' dir='ltr'>antem</span> <span class='ocrx_word' id='word_1_971' title='bbox 2429 5587 2515 5634; x_wconf 88' lang='lat' dir='ltr'>est</span> <span class='ocrx_word' id='word_1_972' title='bbox 2543 5580 2737 5650; x_wconf 90' lang='lat' dir='ltr'>opinio</span> <span class='ocrx_word' id='word_1_973' title='bbox 2768 5598 2883 5636; x_wconf 91' lang='lat' dir='ltr'>non</span> <span class='ocrx_word' id='word_1_974' title='bbox 2919 5581 3052 5637; x_wconf 87' lang='lat' dir='ltr'>boni</span> <span class='ocrx_word' id='word_1_975' title='bbox 3115 5583 3384 5653; x_wconf 86' lang='lat' dir='ltr'>quoniam</span> <span class='ocrx_word' id='word_1_976' title='bbox 3446 5582 3657 5636; x_wconf 91' lang='lat' dir='ltr'>bonum</span> 
     </span>
    </p>
   </div>
   <div class='ocr_carea' id='block_1_119' title="bbox 2004 5669 3657 5741">
    <p class='ocr_par' dir='ltr' id='par_1_119' title="bbox 2004 5669 3657 5741">
     <span class='ocr_line' id='line_1_119' title="bbox 2004 5669 3657 5741; baseline 0.003 -21"><span class='ocrx_word' id='word_1_977' title='bbox 2004 5680 2120 5722; x_wconf 89' lang='lat' dir='ltr'>non</span> <span class='ocrx_word' id='word_1_978' title='bbox 2167 5673 2276 5735; x_wconf 87' lang='lat' dir='ltr'>est,</span> <span class='ocrx_word' id='word_1_979' title='bbox 2330 5669 2524 5739; x_wconf 84' lang='lat' dir='ltr'>Opinio</span> <span class='ocrx_word' id='word_1_980' title='bbox 2578 5686 2691 5726; x_wconf 92' lang='lat' dir='ltr'>non</span> <span class='ocrx_word' id='word_1_981' title='bbox 2744 5670 2879 5726; x_wconf 89' lang='lat' dir='ltr'>boni</span> <span class='ocrx_word' id='word_1_982' title='bbox 2925 5672 3195 5741; x_wconf 88' lang='lat' dir='ltr'>quoniam</span> <span class='ocrx_word' id='word_1_983' title='bbox 3255 5672 3471 5727; x_wconf 89' lang='lat' dir='ltr'>bonum</span> <span class='ocrx_word' id='word_1_984' title='bbox 3525 5673 3657 5741; x_wconf 81' lang='lat' dir='ltr'>cst;</span> 
     </span>
    </p>
   </div>
  </div>
