4110 6180
446 287 547 344 391

1720 293 1837 347 AN.
1878 288 2084 344 MANL

2200 289 2303 341 sv.
2343 290 2583 347 BOETII
3715 309 3803 364 392

446 412 733 469 contraria
762 413 933 485 igitur
963 413 1063 469 erit
1095 413 1351 483 opinioni
1382 414 1514 469 boni
1544 415 1811 485 quoniam
1879 413 2091 468 bonum
2123 412 2176 477 Α
2206 420 2305 467 est.
2336 414 2538 471 Nullus
2562 416 2645 471 illi
2668 417 2882 473 scilicet
2902 418 3136 489 Opponit
3159 436 3284 493 quze
3314 421 3633 482 dicitomnis
3657 430 3801 491 homo

448 506 553 574 est,
587 503 782 573 opinio
814 502 946 557 boni
978 504 1244 573 quoniam
1278 503 1495 558 bonum
1529 519 1643 559 non
1676 512 1781 559 est.

523 594 885 661 Manifestum
912 601 989 647 est
1020 600 1204 646 autem
1238 595 1497 664 quoniam
1532 592 1676 646 nihil
1723 592 1973 659 interest,
2002 604 2102 643 nec

449 681 504 735 si
534 678 948 744 universaliter,
978 694 1249 750 ponamus
1274 681 1724 749 afﬁrmationem.
1760 679 1896 733 Huic
1952 676 2101 732 enim

456 768 785 823 universalis
806 767 1026 838 nega/io
1040 770 1147 823 erit
1168 768 1799 839 contraria,ut0pinioni
1826 783 1941 839 quae
1982 766 2099 835 cpi-

456 862 623 914 nalur
644 862 901 930 quoniam
920 875 1081 914 omne
1124 859 1269 930 quod
1315 868 1397 914 est
1449 860 1651 913 bonum
1682 858 1879 914 brnum
1913 860 2010 925 est,
2037 871 2101 917 ea

459 963 583 1019 qua?
604 954 706 1014 est,
734 951 995 1019 quoniam
1013 947 1162 1003 nihil
1186 949 1381 1003 horum
1402 964 1520 1019 ques
1543 947 1681 1003 bona
1700 952 1853 1014 sunt,
1903 945 2103 999 bonum

453 1042 548 1093 est.
574 1039 712 1093 Nam
731 1039 845 1108 eius
867 1053 991 1109 qum
1031 1046 1108 1093 est
1156 1038 1285 1093 boni
1326 1038 1597 1109 quoniam
1644 1038 1845 1091 bonum
1903 1043 2000 1101 est,
2055 1035 2104 1087 si

454 1127 853 1183 universaliter
873 1128 947 1183 sit
974 1128 1194 1192 bonum,
1218 1130 1406 1182 eadem
1431 1136 1506 1183 est
1525 1126 1579 1182 ei
1593 1142 1718 1198 quae
1733 1128 2010 1197 apinatur,
2044 1122 2103 1178 id

452 1220 591 1291 quod
612 1220 809 1275 bonum
826 1222 901 1274 est
923 1222 1181 1290 quoniam
1204 1219 1406 1274 bonum
1427 1222 1523 1274 est.
1559 1223 1668 1273 Hoc
1716 1223 1899 1271 autem
1955 1205 2105 1268 nihil

454 1310 639 1381 diﬂerl
669 1311 735 1363 ab
759 1324 819 1363 eo
842 1308 993 1378 quod
1015 1312 1111 1376 est,
1139 1309 1403 1377 quoniam
1426 1323 1581 1362 omne
1602 1306 1742 1378 quod
1772 1309 1851 1360 est
1900 1306 2103 1358 bonum

452 1401 652 1455 bonum
676 1403 773 1454 est.
800 1398 1070 1453 Similiter
1090 1406 1274 1452 autem
1295 1402 1346 1451 et
1380 1397 1439 1451 in
1488 1413 1597 1452 non
1651 1396 1807 1451 bono.
1843 1395 2029 1463 Quare
2056 1393 2105 1447 si

451 1493 509 1547 in
528 1491 791 1562 Opinione
806 1488 886 1544 sic
907 1505 966 1544 se
986 1488 1162 1545 habet.
1186 1492 1329 1543 Sunt
1354 1496 1539 1543 autem
1588 1487 1676 1542 ha:
1726 1500 1849 1559 gum
1885 1493 2014 1539 sunt
2044 1485 2103 1538 in

453 1598 578 1637 voce
597 1581 997 1651 afﬁrmatione:
1017 1583 1070 1634 et
1086 1579 1407 1647 negationes
1430 1582 1577 1634 notae
1597 1594 1793 1632 eorum
1824 1590 1947 1646 qum
1975 1582 2105 1628 sunt

455 1674 513 1727 in
536 1675 749 1727 anima.
783 1670 1136 1740 Manifestum
1161 1676 1258 1734 est,
1290 1669 1549 1737 quoniam
1578 1666 1945 1736 afﬁrmationi
1965 1679 2101 1718 con-

2205 503 2390 559 bonus
2423 512 2527 573 est,
2564 512 2625 560 ut
2655 506 2770 561 sint
2800 506 2908 563 hoc
2940 510 3127 575 modo,
3163 526 3333 565 omne
3373 511 3571 569 bonum
3621 516 3801 577 bonum

2204 601 2309 658 est,
2344 594 2474 649 huic
2498 597 2788 651 contraria
2813 604 2892 652 est
2922 598 3148 653 nullum
3209 599 3415 655 bonum
3476 601 3669 660 bonum
3714 617 3801 663 est.

2204 685 2420 737 Rursus
2450 685 2641 738 omnis
2673 685 2838 740 homo
2873 686 3057 741 bonus
3085 695 3188 750 est,
3227 688 3358 745 huic
3387 694 3800 762 contraria,nul-

2207 770 2292 825 lus
2328 772 2495 828 homo
2528 772 2709 829 bonus
2740 782 2839 830 est.
2864 777 3342 832 Contradictorias
3364 784 3546 835 autem
3581 782 3707 837 dicit
3731 802 3809 840 eas

2205 876 2330 915 esse
2362 877 2499 931 quas
2522 878 2690 932 supra
2713 865 2921 934 posuit,
2943 866 3077 920 dum
3104 866 3175 921 de
3198 867 3600 924 univcrsalibus
3621 888 3679 926 ac
3699 890 3811 943 par-

2206 950 2539 1006 ticularibus
2572 952 2912 1022 loqueretur,
2946 970 3039 1009 eas
3070 955 3287 1010 scilicet
3330 973 3451 1027 quas
3498 966 3621 1014 sunt
3656 978 3805 1032 angu-

2206 1039 2370 1094 lares.
2411 1040 2752 1096 Universalis
2783 1044 2934 1097 enim
2967 1043 3268 1100 afﬁrmatio
3302 1045 3611 1115 particulari
3656 1066 3803 1120 nega-

2203 1128 2371 1197 tioni,
2404 1136 2454 1185 et
2486 1129 2845 1200 particularis
2876 1131 3180 1188 affirmatio
3213 1134 3514 1189 universali
3544 1140 3805 1209 negationi

2204 1234 2303 1287 per
2332 1220 2847 1275 contradictionem
2879 1223 3089 1291 opponi
3121 1231 3432 1278 monstrata
3463 1234 3559 1281 est.

2273 1306 2625 1373 Manifestum
2660 1313 2739 1361 est
2770 1315 2951 1361 autem
2983 1310 3252 1378 quoniam
3281 1319 3331 1364 et
3360 1327 3542 1366 veram
3572 1329 3703 1370 verae
3720 1331 3817 1369 non

2202 1396 2472 1465 contingit
2501 1411 2613 1451 esse
2644 1396 3008 1466 contrariam,
3032 1414 3132 1453 nec
3154 1400 3486 1470 opinionem,
3510 1419 3601 1458 nec
3619 1408 3805 1459 contra-

2202 1483 2523 1539 dictionem.
2562 1484 2872 1541 Contrarize
2900 1487 3047 1540 enim
3076 1492 3207 1542 sunt
3235 1504 3360 1559 quae
3392 1491 3534 1545 circa,
3586 1496 3805 1562 opposita

2202 1575 2503 1641 sunt,circa
2516 1573 2708 1628 eadem
2721 1578 2898 1631 autem
2911 1578 3179 1643 contingit
3192 1578 3810 1637 verumdicereeumdem.

2205 1664 2383 1718 Simul
2411 1668 2595 1719 autem
2623 1680 2731 1719 non
2761 1667 3037 1734 contingit
3083 1666 3262 1723 eidem
3311 1672 3487 1724 inesse
3543 1673 3814 1725 contraria.

455 1762 637 1817 traria
661 1759 881 1832 quidem
902 1758 1214 1828 fnegationi
1239 1761 1322 1811 est
1351 1759 1502 1812 circa
1557 1756 1696 1811 idem
1728 1753 2094 1817 universalis,
2125 1760 2173 1824 Β
2274 1753 2353 1807 Ex
2374 1752 2463 1808 his
2485 1769 2607 1823 quas
2629 1769 2797 1823 supra
2820 1761 2955 1809 sunt
2975 1754 3125 1810 dicta
3162 1756 3305 1811 illud
3360 1773 3579 1828 quoque
3608 1758 3822 1829 colligit,

451 1855 513 1906 ut
542 1852 596 1906 ei
623 1865 745 1921 qua:
772 1853 851 1905 est
877 1847 1138 1919 quoniam
1167 1863 1328 1902 omne
1359 1846 1558 1901 bonum
1591 1845 1791 1900 bonum
1846 1846 1947 1907 est,
2004 1841 2088 1896 vel

448 1942 710 2011 quoniam
739 1940 918 1993 omnis
944 1937 1107 1994 homo
1140 1938 1310 1991 bonus
1339 1944 1437 2001 est,
1470 1951 1535 1989 ea
1563 1950 1690 2007 quas
1707 1937 1805 1996 est,
1831 1930 2091 2004 quoniam

447 2030 689 2098 nullum,
719 2028 808 2083 vel
839 2027 1053 2095 nullus,
1084 2024 1530 2081 contradictoriae
1560 2028 1766 2092 autem,
1832 2022 2092 2092 quoniam

445 2134 558 2174 non
588 2133 765 2185 omne,
805 2124 903 2172 aut
931 2131 1041 2171 non
1071 2116 1269 2170 omnis.

518 2206 665 2262 Illud
698 2221 921 2277 quoquo
952 2212 1101 2260 recte
1123 2211 1531 2259 commemorat
1555 2202 1703 2272 quod
1730 2200 1871 2257 nihil
1903 2199 2093 2255 difl'ert

445 2298 506 2353 in
537 2295 909 2367 Opinionibus
940 2294 1059 2349 haec
1085 2309 1208 2349 esse
1238 2292 1522 2348 contraria
1554 2307 1667 2346 non
1700 2288 2093 2345 universaliter

445 2383 787 2453 constitutis,
838 2387 897 2437 et
949 2381 1008 2436 in
1058 2382 1127 2437 iis
1183 2397 1310 2453 quae
1358 2380 1467 2436 sibi
1497 2378 1896 2435 universaliter
1923 2392 2092 2447 Oppo-

442 2480 676 2530 nuntur.
707 2471 981 2528 Similiter
1010 2471 1163 2527 enim
1198 2471 1258 2526 in
1289 2487 1357 2526 ea
1386 2485 1609 2542 quoque
1640 2468 1909 2539 opinione
1967 2481 2091 2536 quas

441 2564 746 2619 arbitratur
766 2576 940 2618 omne
960 2560 1174 2616 bonum
1194 2563 1404 2615 bonum
1426 2574 1569 2624 esse,
1594 2558 1691 2613 illa
1708 2555 1993 2612 contraria
2010 2561 2093 2609 est

442 2669 570 2724 quas
593 2658 747 2722 putat
766 2651 988 2706 nullum
1014 2650 1224 2705 bonum
1241 2649 1453 2704 bonum
1472 2646 1765 2703 esse.Nam
1780 2645 1927 2716 quod
1951 2644 2091 2699 dict-

442 2756 571 2795 mus
592 2740 804 2796 bonum
829 2755 950 2794 esse
974 2739 1028 2792 id
1053 2738 1198 2809 quod
1225 2737 1442 2792 bonum
1461 2744 1565 2801 est,
1591 2736 1645 2790 id
1666 2735 1792 2790 siin
1822 2733 2092 2803 opinione

440 2829 843 2885 universaliter
862 2828 1207 2894 affirmetur;
1234 2827 1311 2881 ita
1344 2825 1658 2896 putandum
1684 2826 1791 2893 est,
1814 2821 2090 2893 quidquid

440 2919 654 2975 bonum
686 2922 772 2973 est
802 2920 1015 2973 bonum
1037 2932 1181 2972 esse.
1207 2915 1324 2971 Hoc
1343 2921 1528 2969 autem
1555 2913 1701 2968 nihil
1728 2910 1938 2980 ditl‘ert,
1960 2918 2089 2965 tan-

436 3023 609 3077 quam
640 3008 687 3061 si
710 3007 990 3073 dicamus,
1013 3022 1185 3061 omne
1206 3004 1415 3059 bonum
1440 3002 1653 3058 bonum
1682 3008 1785 3055 est.
1811 3002 1943 3066 Quae
1966 2998 2090 3069 Opi-

434 3098 531 3152 nio
562 3112 693 3152 cum
726 3096 795 3150 sit
829 3112 977 3164 vera,
1012 3095 1115 3149 illa
1164 3094 1213 3149 ci
1268 3092 1550 3149 contrarie
1607 3089 1917 3163 opponitur
1964 3104 2087 3159 quas

434 3184 827 3254 dicitquiquid
851 3183 1064 3238 bonum
1088 3190 1170 3238 est
1193 3182 1404 3237 bonum
1428 3196 1543 3236 non
1587 3185 1691 3235 est.
1733 3179 1852 3233 Hoc
1898 3184 2086 3232 autem

434 3272 581 3327 nihil
603 3272 1087 3341 differt,tanquam
1110 3272 1159 3325 si
1180 3271 1482 3340 opinemur
1505 3268 1729 3323 nullum
1756 3267 1968 3322 bonum
1987 3265 2085 3321 bo-

438 3376 579 3415 num
604 3376 744 3425 esse,
760 3368 811 3415 et
830 3360 889 3415 in
910 3375 1026 3414 non
1042 3359 1189 3414 bono
1206 3374 1427 3429 quoque
1454 3358 1651 3413 eodem
1675 3355 1990 3425 modo,utsi
2013 3356 2087 3410 ita

437 3451 716 3516 dicamus,
741 3463 911 3504 omne
927 3448 1075 3517 quod
1099 3463 1215 3503 non
1240 3445 1455 3501 bonum
1475 3453 1684 3502 estnon
1699 3443 1942 3499 estbonu
1955 3448 2089 3509 m,et

436 3554 656 3607 rursus,
678 3554 848 3595 omne
869 3538 1019 3609 quod
1047 3552 1159 3592 non
1181 3536 1395 3592 bonum
1420 3543 1502 3592 est
1525 3535 1737 3591 bonum
1762 3543 1867 3602 est,
1885 3532 2086 3588 eodem

436 3632 609 3686 modo
641 3630 749 3685 sibi
785 3636 916 3685 sunt
948 3629 1067 3684 ista:
1094 3627 1420 3693 contrariae,
1454 3634 1514 3681 ut
1546 3641 1658 3680 una
1688 3641 1814 3679 vera
1848 3624 1937 3690 sit,
2000 3620 2088 3677 al-

430 3725 546 3774 tera
576 3719 734 3774 falsa.
786 3718 945 3783 Quod
994 3717 1054 3771 in
1104 3715 1407 3772 contrariis
1453 3715 1699 3769 maxime
1752 3712 2077 3782 reperitur;

428 3822 603 3879 quare
632 3810 750 3861 tota
780 3805 1095 3875 disputatio
1151 3804 1507 3874 quasstioque
1559 3804 1636 3857 ita
1696 3799 2083 3857 concluditur;

429 3896 571 3952 Nam
593 3894 638 3950 si
658 3910 722 3950 ea
745 3911 869 3965 quae
889 3901 1022 3949 sunt
1046 3895 1105 3948 in
1127 3893 1320 3948 anima
1343 3891 1643 3963 principia,
1668 3890 1928 3962 quaedam
1945 3897 2078 3946 sunt

431 4000 627 4041 eorum
658 3998 782 4054 quas
812 3981 1220 4054 significantur
1248 3982 1307 4038 in
1344 3996 1506 4049 voce,
1551 3996 1657 4035 vox
1704 3987 1892 4034 autem
1950 3985 2086 4034 nota

428 4074 686 4144 quaedam
715 4077 801 4129 est
821 4072 1028 4127 animae
1051 4070 1406 4142 passionum,
1430 4068 1701 4139 quidquid
1720 4068 2003 4138 contingit
2024 4068 2084 4124 in

423 4164 638 4232 anima,
667 4163 817 4218 idem
851 4176 1073 4231 quoque
1098 4160 1166 4215 ad
1196 4175 1399 4216 vocem
1450 4157 1635 4214 redire
1698 4173 1931 4213 necesse
1978 4164 2081 4213 est.

424 4251 581 4315 Quod
613 4250 659 4306 si
693 4248 1031 4306 universalis
1054 4247 1359 4304 affirmatio
1391 4254 1444 4303 et
1471 4247 1813 4304 universalis
1861 4246 2084 4316 negatio

422 4345 553 4395 sunt
587 4341 645 4396 in
676 4340 951 4410 Opinione
976 4338 1300 4406 contrarias,
1362 4340 1559 4394 eodem
1618 4352 1841 4408 quoque
1897 4337 1957 4391 in
1989 4352 2078 4392 vo-

424 4429 588 4484 cibus
618 4436 811 4494 erunt,
833 4429 886 4483 id
910 4433 1016 4497 est,
1043 4445 1156 4485 non
1180 4430 1292 4486 crit
1315 4445 1379 4484 ea
1408 4428 1700 4484 contraria
1757 4442 1880 4498 quae
1938 4442 2082 4483 con-

2202 1842 2350 1911 quod
2376 1857 2480 1896 nec
2503 1858 2567 1897 ea
2589 1858 2711 1912 quae
2735 1849 2867 1897 sunt
2891 1844 3180 1899 contraria
3202 1861 3333 1900 vera
3358 1847 3527 1902 simul
3557 1864 3669 1903 esse
3714 1863 3822 1918 pos-

2202 1931 2337 2001 sint,
2362 1945 2466 1986 nec
2488 1946 2550 1986 ea
2575 1946 2696 2001 quae
2718 1948 2847 1987 vera
2871 1942 3000 1988 sunt
3019 1933 3128 1988 sibi
3148 1935 3365 2004 possint
3391 1952 3513 1991 esse
3547 1938 3820 2005 contraria,

2202 2026 2254 2074 et
2278 2020 2383 2075 hoc
2404 2036 2520 2075 non
2544 2020 2732 2075 solum
2751 2021 2808 2075 in
2828 2022 3195 2092 opinionibus
3216 2040 3359 2092 esse,
3388 2033 3450 2081 ut
3495 2042 3615 2080 vera
3654 2024 3824 2096 opinio

2199 2125 2349 2164 verae
2378 2108 2637 2179 Opinioni
2660 2110 2947 2165 contraria
2976 2111 3069 2179 sit,
3103 2113 3200 2167 sed
3256 2113 3315 2168 in
3378 2114 3823 2185 propositionibus

2202 2212 2461 2269 quoque;
2501 2214 2679 2269 neque
2707 2198 2860 2254 enim
2901 2200 3021 2254 tieri
3050 2209 3231 2270 potest
3274 2209 3333 2257 ut
3366 2203 3504 2259 duas
3536 2203 3820 2259 contrarias

2202 2287 2375 2341 simul
2409 2303 2573 2345 veras
2602 2303 2724 2343 esse
2749 2288 3050 2358 contingit.
3084 2289 3149 2344 Et
3181 2290 3287 2347 hoc
3318 2308 3421 2362 per
3451 2291 3817 2363 syllogismum

2204 2376 2414 2445 colligit
2452 2376 2801 2446 hujusmodi.
2834 2378 3039 2433 Omnia
3067 2382 3351 2435 contraria
3385 2390 3517 2437 sunt
3570 2382 3824 2452 opposita.

2203 2465 2337 2530 Quae
2368 2475 2559 2522 autem
2587 2466 2846 2537 opposita
2877 2476 3028 2537 sunt,
3062 2468 3235 2524 simul
3268 2470 3456 2527 eidem
3490 2470 3671 2527 inesse
3721 2486 3824 2525 non

2203 2558 2467 2626 possunt,
2500 2556 2787 2611 contraria
2810 2556 2979 2627 igitur
3002 2557 3057 2613 in
3088 2573 3202 2614 uno
3224 2560 3540 2631 eodemque
3586 2575 3698 2615 esse
3740 2575 3826 2613 na-

2202 2650 2327 2699 tura
2358 2660 2471 2699 non
2498 2645 2730 2714 patitur,
2757 2660 2929 2715 quare
2960 2644 3008 2700 si
3035 2646 3149 2701 duo
3199 2663 3335 2704 vera
3386 2650 3457 2704 de
3488 2649 3673 2705 eodem
3704 2663 3826 2717 pra;-

2203 2734 2381 2790 dicari
2404 2736 2782 2806 possunt,duo
2807 2741 2998 2790 autem
3022 2737 3301 2791 contraria
3317 2738 3503 2794 eidem
3530 2739 3706 2794 inesse
3724 2751 3823 2791 non

2203 2830 2462 2893 possunt.
2498 2826 2630 2890 Quae
2664 2826 2947 2880 contraria
3004 2833 3158 2893 sunt,
3202 2842 3332 2882 vera
3394 2843 3514 2885 esse
3559 2826 3707 2884 nulla
3740 2840 3824 2879 na-

2202 2919 2337 2967 turae
2371 2912 2588 2968 ratione
2619 2913 2989 2983 permittitur.
3050 2915 3168 2971 Hoc
3223 2922 3310 2970 est
3376 2917 3527 2974 enim
3575 2916 3712 2987 quod
3741 2915 3825 2979 ait,

2202 3002 2481 3057 contraria
2513 3001 2667 3057 enim
2702 3006 2839 3057 sunt
2866 3020 2988 3073 quas
3021 3004 3169 3060 circa
3201 3007 3465 3075 opposita
3488 3012 3635 3071 sunt,
3664 3004 3714 3057 id
3754 3008 3824 3057 est

2200 3090 2740 3146 omnecontrarium
2766 3092 3090 3161 Oppositum
3132 3098 3242 3158 est,
3282 3110 3395 3150 nec
3426 3095 3547 3152 ﬁeri
3580 3094 3747 3164 potest
3772 3097 3824 3144 ut

2200 3195 2324 3249 qua:
2353 3187 2481 3234 sunt
2509 3180 2790 3234 contraria
2821 3180 2879 3235 in
2910 3182 3183 3251 oppositis
3241 3199 3361 3239 non
3403 3184 3780 3241 contineantur
3811 3195 3821 3231 :

2197 3270 2347 3323 sicut
2378 3269 2531 3324 enim
2565 3269 2623 3323 in
2658 3269 3113 3338 praedicamentis
3142 3272 3397 3341 edocuit,
3432 3273 3819 3329 contrariorum

2195 3375 2376 3429 genus
2408 3358 2692 3429 quoddam
2721 3368 2805 3414 est
2834 3360 3133 3429 Oppositio,
3192 3362 3352 3418 circa
3412 3363 3607 3419 eadem
3659 3367 3824 3416 autem

2195 3447 2482 3517 contingit
2505 3463 2699 3503 verum
2724 3448 2913 3505 dicere
2931 3450 3216 3519 eumdem,
3240 3452 3295 3506 id
3327 3459 3415 3508 est
3437 3454 3545 3509 duo
3570 3467 3688 3506 vera
3716 3463 3827 3521 pos-

2195 3543 2328 3592 sunt
2359 3537 2530 3591 simul
2561 3552 2707 3605 esse,
2736 3545 2788 3593 et
2818 3538 2887 3592 de
2918 3539 3115 3594 eodem
3151 3538 3321 3595 simul
3358 3558 3494 3598 vere
3533 3536 3824 3612 praedicari,

2198 3634 2258 3680 ut
2288 3641 2420 3681 cum
2444 3625 2695 3680 dicimus
2724 3626 2941 3696 aliquid
2970 3626 3182 3683 bonum
3207 3644 3328 3684 non
3382 3646 3530 3695 esse,
3556 3637 3608 3685 et
3634 3626 3824 3683 malum

2196 3730 2342 3779 esse,
2370 3722 2607 3783 utraque
2630 3715 2799 3769 simul
2821 3730 2948 3769 vere
2968 3716 3079 3771 dici
3103 3725 3369 3786 possunt.
3427 3723 3669 3774 Possunt
3696 3715 3828 3770 enim

2194 3804 2453 3873 quaedam
2477 3818 2602 3872 quae
2624 3817 2757 3858 cum
2778 3802 2929 3858 bona
2951 3820 3066 3858 non
3088 3805 3224 3873 sint,
3247 3808 3450 3862 tamen
3477 3806 3624 3861 mala
3643 3807 3828 3867 esse,ut

2196 3891 2487 3963 turpitudo
2520 3890 2670 3947 bona
2698 3891 2932 3961 quidem
2965 3908 3081 3948 non
3111 3901 3214 3962 est,
3242 3895 3466 3951 malum
3502 3902 3684 3951 tamen
3737 3898 3827 3946 est.

2193 3981 2338 4051 Ergo
2368 3996 2432 4035 ea
2460 3995 2583 4050 quae
2614 3996 2741 4035 vera
2774 3987 2928 4046 sunt,
2962 3981 3132 4036 simul
3166 3989 3223 4037 ut
3284 3986 3670 4053 praedicantur
3716 3993 3827 4035 vere

2195 4068 2315 4125 ﬁeri
2346 4075 2549 4139 potest,
2581 4075 2720 4124 etut
2742 4068 2801 4124 in
2825 4070 3025 4126 eodem
3052 4071 3190 4139 sint,
3217 4072 3399 4129 simul
3433 4082 3620 4129 autem
3663 4070 3827 4127 eidem

2195 4175 2308 4215 non
2334 4158 2617 4228 contingit
2641 4159 2832 4215 inesse
2852 4161 3155 4216 contraria.
3180 4165 3465 4226 Quocirca
3485 4165 3534 4220 si
3571 4178 3689 4219 vera
3715 4158 3825 4230 (ιυὶ-

2192 4248 2321 4303 dem
2355 4254 2597 4318 possunt
2627 4249 2813 4303 eidem
2846 4249 3054 4318 inesse,
3087 4254 3383 4307 contraria
3431 4262 3618 4309 autem
3665 4250 3828 4306 eidem

2194 4338 2381 4393 inesse
2411 4352 2528 4391 non
2561 4341 2821 4406 possunt,
2853 4353 2919 4393 ea
2948 4355 3071 4409 quae
3098 4342 3390 4397 contraria
3412 4351 3569 4407 sunt,
3602 4356 3724 4396 vera
3764 4336 3830 4389 si-

2192 4428 2309 4482 mul
2344 4442 2467 4483 esse
2499 4442 2614 4483 non
2648 4431 2927 4497 possunt:
2965 4446 3138 4499 quare
3168 4434 3551 4497 convertitur.
3592 4445 3694 4487 nec
3722 4440 3828 4498 qua

426 4518 658 4572 lrarium
696 4516 974 4584 affirmat,
1008 4518 1103 4573 sed
1135 4533 1201 4572 ea
1230 4533 1355 4587 quas
1390 4517 1445 4571 id
1480 4518 1627 4587 quod
1685 4497 1818 4572 ante
1875 4531 2082 4587 propo-
2114 4497 2159 4560 D
2195 4532 2322 4570 vera
2352 4515 2527 4570 simul
2560 4523 2691 4571 sunt
2722 4497 3013 4573 contraria
3047 4534 3169 4576 esse
3202 4530 3467 4590 possunt.
3521 4523 3643 4577 Non
3674 4497 3831 4586 igitur

425 4605 601 4659 situm
631 4610 714 4659 est
748 4618 848 4673 per
878 4602 1317 4657 universalitatis
1373 4603 1832 4658 contrarietatem
1890 4610 2079 4671 negat,

426 4701 485 4749 ut
516 4703 599 4750 est
628 4708 799 4748 omne
831 4693 1286 4748 bonumbonum
1322 4700 1424 4761 est,
1449 4693 1535 4748 vel
1558 4693 1745 4747 omnis
1763 4692 1932 4748 homo
1983 4691 2082 4747 bo-

425 4797 537 4837 nus
567 4785 651 4837 est
676 4798 687 4834 :
716 4781 801 4835 his
822 4782 1109 4837 contraria
1132 4789 1216 4836 est
1239 4781 1468 4836 nullum
1493 4780 1706 4836 bonum
1732 4780 1945 4835 bonum
1972 4783 2079 4845 est,

425 4870 510 4925 vel
543 4869 737 4925 nullus
770 4870 941 4926 homo
975 4870 1157 4926 bonus
1190 4875 1296 4926 est.
1332 4870 1450 4926 Hoc
1480 4878 1561 4925 est
1596 4870 1750 4924 enim
1786 4869 1937 4939 quod
1981 4869 2080 4937 ait,

425 4957 517 5015 vel
544 4958 815 5030 quoniam
844 4958 1091 5029 nullum,
1117 4959 1201 5015 vel
1225 4958 1439 5026 nullus,
1466 4958 1694 5014 nullum
1717 4957 1787 5012 ad
1812 4957 1971 5012 illam
1994 4973 2079 5013 re-

427 5048 616 5104 ferens
643 5049 1251 5120 propositionem,quaa
1271 5049 1410 5104 dicit
1431 5063 1601 5104 omne
1624 5048 1838 5104 bonum
1863 5046 2079 5103 bonum

2191 4604 2314 4659 ﬁeri
2342 4612 2520 4674 potest
2554 4611 2634 4670 ut,
2657 4603 2742 4659 vel
2770 4606 2829 4660 in
2852 4607 3222 4677 Opinionibus
3264 4611 3357 4664 vel
3401 4612 3460 4665 in
3514 4605 3827 4682 prepositio-

2192 4691 2366 4747 nibus
2394 4708 2459 4748 ea
2490 4708 2615 4762 quae
2645 4709 2774 4748 vera
2807 4702 2959 4762 sunt,
2994 4698 3171 4766 possit
3228 4698 3448 4770 aliquis
3509 4706 3656 4755 recte
3706 4709 3824 4750 con-

2192 4780 2363 4835 traria
2393 4783 2691 4851 suspicari.
2722 4782 2855 4839 Haec
2884 4792 3075 4840 autem
3102 4795 3378 4856 quantum
3415 4789 3656 4843 brevitas
3674 4798 3827 4853 expo-

2191 4869 2415 4925 sitionis
2445 4870 2810 4940 permittebat
2838 4873 3243 4943 expressimus.
3279 4878 3426 4943 Quid
3461 4886 3651 4933 autem
3681 4873 3829 4929 altior

2193 4958 2361 5028 hujus
2393 4958 2523 5013 libri
2554 4966 2825 5017 tractatus
2864 4963 3117 5031 edoceat,
3149 4967 3418 5021 secundae
3459 4964 3721 5022 editionis
3746 4974 3828 5015 se-

2189 5046 2300 5103 ries
2329 5047 2661 5118 explicabit.
