4110 6180
235 348 330 403 401

991 354 1061 406 1N
1101 354 1374 408 LIBRUM
1412 356 1510 408 DE
1550 354 2226 410 INTERPRETATIONE
2268 353 2510 408 BDlTlO
2545 355 2904 409 SECUNDA.

3549 351 3652 407 402

231 473 546 530 Alexandri
583 475 1154 547 argumentationem
1195 477 1298 533 tali
1343 479 1566 535 ratione
1597 480 1880 536 dissolvit.
1914 487 1969 552 Α
1999 480 2071 535 ab
2100 479 2414 534 Alexandri
2452 495 2684 550 quoque
2717 478 3004 533 sententia
3035 493 3148 531 non
3199 475 3464 532 discedit.
3503 475 3648 530 illud

238 563 326 618 Ait
350 563 511 618 enim
539 580 654 619 non
676 570 941 636 Oportere
963 566 1228 623 arbitrari
1250 584 1609 641 quaecunque
1631 569 1890 640 quolibet

234 653 406 708 modo
443 652 639 723 priora
663 659 863 708 essent
884 653 1038 720 aliis,
1059 673 1126 711 ea
1150 657 1259 712 sub
1287 658 1487 712 eodem
1516 674 1725 730 genere
1751 657 1886 730 poni

234 759 348 800 non
385 757 586 813 posse.
612 743 725 798 Sed
769 760 1132 816 quaecunque
1171 748 1496 802 secundum
1543 763 1670 802 esse
1711 764 1885 803 suum

227 837 398 902 atque
420 833 822 886 substantiam
843 833 1039 903 priora
1052 834 1140 890 vel
1162 837 1488 907 posteriora
1504 842 1661 906 sunt,
1677 853 1744 892 ea
1761 837 1889 892 sola

230 922 336 977 sub
368 922 582 976 eodem
613 937 825 992 genere
857 939 972 978 non
1023 930 1345 994 ponuntur.
1369 926 1438 980 Et
1468 931 1619 981 recte
1650 925 1880 981 dicitur.

225 1010 277 1063 Si
308 1011 471 1064 enim
503 1009 791 1080 quidquid
828 1010 1093 1082 quolibet
1126 1013 1300 1068 modo
1345 1015 1508 1084 prius
1539 1019 1627 1070 est
1657 1031 1787 1069 cum
1818 1032 1885 1071 eo

225 1099 371 1170 quod
403 1097 707 1170 posterius
734 1103 826 1154 est
857 1099 970 1154 sub
997 1117 1112 1155 uno
1138 1117 1347 1173 genere
1367 1118 1495 1157 esse
1528 1120 1643 1157 non
1677 1107 1880 1174 potest.

224 1205 320 1243 nec
348 1188 569 1258 primis
592 1187 950 1243 substantiis
980 1194 1038 1244 et
1066 1191 1342 1246 secundis
1368 1207 1681 1247 commune
1698 1209 1883 1263 genus

222 1278 433 1349 poterit
467 1293 598 1332 esse
630 1278 1004 1345 substantia;
1039 1281 1194 1349 quod
1227 1279 1324 1350 qui
1357 1280 1519 1347 dicit,
1541 1299 1570 1335 a
1605 1290 1758 1336 recto
1789 1299 1882 1336 or-

223 1367 350 1421 dine
383 1367 638 1421 rationis
671 1367 979 1422 exorbitat.
1016 1369 1127 1423 Sed
1162 1371 1660 1440 quemadmodum
1695 1387 1881 1441 quan-

220 1472 393 1528 quam
428 1456 556 1510 sint
607 1457 813 1526 prima:
862 1461 919 1511 et
969 1459 1246 1513 secundas
1287 1459 1649 1525 substantiis,
1685 1466 1878 1514 tamen

221 1551 491 1615 utraque
522 1544 830 1616 aequaliter
861 1546 916 1600 in
953 1547 1220 1616 subjecto
1252 1564 1367 1604 non
1401 1554 1635 1615 sunt,et
1666 1549 1880 1604 idcirco

223 1649 349 1689 esse
381 1634 654 1705 ipsorum
701 1635 792 1706 ex}
813 1651 880 1690 eo
914 1636 1148 1707 pendet,
1173 1637 1330 1708 quod
1377 1637 1435 1692 in
1467 1637 1731 1708 subjecto
1764 1655 1878 1694 non

225 1728 381 1788 sunt,
407 1727 592 1793 atque
621 1723 750 1777 ideo
792 1724 902 1779 sub
936 1741 1052 1780 uno
1084 1726 1425 1780 substantia
1460 1743 1670 1798 genere
1702 1726 1880 1782 collo-

223 1817 456 1867 cantur.
483 1811 568 1867 Ita
583 1828 814 1884 quoque
828 1829 1164 1885 quanquam
1181 1815 1604 1870 afﬁrmationes
1623 1816 1880 1887 negatio-

222 1900 396 1955 nibus
431 1901 496 1955 in
530 1901 811 1956 orationis
837 1903 1158 1973 prolatione
1183 1904 1404 1974 priores
1425 1905 1564 1971 sint,
1587 1911 1782 1961 tamen
1807 1908 1876 1962 ad

224 2006 352 2044 esse
372 1994 558 2060 atque
577 1991 647 2044 ad
673 1995 944 2045 naturam
969 1992 1267 2063 propriam
1293 1993 1592 2063 aequaliter
1615 1997 1887 2050 enuntia-

217 2079 379 2132 tione
415 2079 796 2149 participant.
825 2079 1168 2135 Enuntiatio
1189 2097 1320 2136 vero
1347 2084 1513 2137 estin
1539 2100 1652 2154 qua
1676 2083 1888 2139 veritas

217 2172 272 2222 et
306 2167 551 2222 falsitas
586 2167 834 2222 inveniri
869 2174 1076 2239 potest.
1111 2169 1230 2232 Qua
1253 2171 1309 2224 in
1335 2175 1476 2236 reiet
1499 2172 1810 2228 afﬁrmatio
1833 2178 1890 2228 et

216 2257 459 2327 negatio
489 2256 743 2325 aequales
778 2262 936 2312 sunt.
974 2259 1290 2328 Equaliter
1312 2261 1469 2314 enim
1498 2260 1810 2317 afﬁrmatio
1833 2266 1890 2317 et

211 2347 460 2418 negatio
515 2348 759 2402 veritate
807 2356 859 2401 et
913 2347 1167 2403 falsitate
1211 2350 1582 2422 participant.
1611 2353 1892 2418 Quocirca

216 2436 514 2507 quoniam
538 2436 596 2489 id
622 2437 779 2506 quod
804 2445 936 2492 sunt
961 2437 1271 2493 afﬁrmatio
1293 2444 1348 2494 et
1371 2442 1623 2511 negatio,
1649 2441 1892 2512 aequali-

214 2531 308 2581 ter
326 2526 404 2579 ab
424 2525 834 2580 enuntiatione
850 2525 1222 2596 participant,
1237 2529 1579 2585 acommuni
1595 2547 1692 2585 eas
1712 2547 1890 2585 enun-

223 2614 504 2669 tiationis
517 2631 730 2686 genere
743 2615 920 2669 dividi
942 2632 1053 2670 non
1070 2622 1314 2688 Oportet.
1335 2618 1468 2672 Mihi
1489 2636 1723 2690 quoque
1740 2619 1892 2675 vide.

213 2709 316 2758 tur
345 2704 511 2774 quod
551 2703 855 2775 Porphyrii
880 2703 958 2759 sit
979 2707 1280 2775 sequenda
1309 2711 1618 2775 sententia,
1645 2716 1707 2762 ut
1728 2710 1891 2764 afﬁr-

215 2794 409 2848 matio
457 2798 520 2847 et
571 2793 804 2863 negatio
863 2794 1159 2848 communi
1209 2796 1630 2852 enuntiationis
1683 2813 1894 2869 genere

213 2887 673 2953 supponantur.
721 2881 918 2954 Longa
972 2899 1226 2954 namque
1272 2883 1374 2940 illa
1429 2891 1487 2940 et
1545 2886 1895 2959 multiplicia

211 2970 550 3025 Alexandri
572 2977 922 3041 argumenta
941 2970 1130 3026 soluta
1150 2980 1306 3040 sunt,
1321 2976 1896 3034 cum'demonstravit

217 3059 605 3130 Porphyrius
631 3076 743 3114 non
768 3060 957 3115 modis
981 3061 1256 3118 omnibus
1281 3081 1348 3118 ea
1371 3066 1712 3136 quasipriora
1734 3072 1894 3137 sunt,

214 3150 332 3204 sub
371 3149 679 3204 communi
712 3165 920 3220 genere
949 3151 1081 3221 poni
1107 3168 1218 3207 non
1247 3169 1451 3224 posse;
1485 3155 1582 3210 sed
1617 3172 1890 3227 quaecun-

1997 585 2232 640 quoque
2253 573 2344 624 est
2368 567 2817 638 additum,quod
2842 583 2953 620 non
2980 565 3648 631 essetinutile,euuntia-

1995 659 2212 712 tionem
2239 674 2426 729 genus
2446 655 2854 711 at‘ﬁrmationis
2867 660 2923 711 et
2939 654 3265 725 negationis
3278 655 3459 725 accipi
3479 670 3646 725 opor-

1996 747 2298 818 tere,quod
2325 762 2665 818 quanquam
2691 746 2778 815 (ut
2800 745 3022 800 dictum
3039 746 3144 812 est)
3170 745 3239 797 ad
3261 743 3641 814 prolationem

1995 835 2155 907 prior
2171 839 2260 890 est
2280 835 2818 900 aftirmatio,tamen
2843 834 2912 888 ad
2939 834 3127 902 ipsam
3153 832 3647 900 enuntiationem,

1993 923 2051 978 id
2067 924 2282 979 estveri
2299 922 2544 995 falsique
2564 921 2866 994 aequaliter
2879 922 2988 976 sub
3001 921 3646 988 enuntiatione,Aristo-

1993 1012 2138 1070 teles
2172 1013 2499 1068 constituit.
2536 1013 2595 1066 Id
2631 1011 2804 1067 etiam
2835 1010 3205 1066 Aristotelem
3223 1009 3646 1081 probaredicit.

1992 1102 2283 1157 Praemisit
2310 1101 2465 1156 enim
2501 1101 2752 1172 primam
2778 1100 3170 1170 negationem,
3202 1100 3518 1156 secundam
3550 1115 3652 1170 po-

1995 1192 2115 1247 suit
2146 1190 2761 1260 afﬁrmationem,quaa
2787 1206 2876 1244 res
2911 1189 3053 1244 nihil
3086 1189 3425 1256 habetvitii,
3478 1188 3525 1242 si
3577 1188 3649 1242 ad

1990 1280 2180 1352 ipsam
2202 1278 2673 1334 enuntiationem
2700 1278 3013 1332 afﬁrmatio
3035 1282 3092 1332 et
3113 1277 3343 1348 negatio
3361 1281 3654 1346 ponantur

1989 1369 2400 1441 aequalesque:
2423 1366 2855 1438 enimequales
2878 1365 3188 1430 sunt,nihil
3212 1366 3466 1420 retinent
3509 1381 3649 1419 con-

1990 1459 2156 1515 trarii
2178 1456 3164 1528 indiﬁ‘erenteracceptaaEstigitur
3194 1455 3334 1510 ordo
3360 1471 3473 1526 quo
3518 1473 3647 1526 pro-

1988 1548 2187 1621 posuit
2219 1547 2472 1618 primum
2506 1548 2688 1602 totius
2719 1547 3005 1602 orationis
3033 1544 3648 1611 elementum,scilicet

1988 1654 2200 1693 nomen
2233 1642 2292 1691 et
2314 1637 2578 1705 verbum,
2615 1641 2746 1706 post
2776 1635 2898 1690 haec
2922 1634 3289 1706 negationem
3312 1637 3372 1689 et
3390 1634 3646 1690 afﬁrma-

1985 1727 2229 1796 tionem,
2261 1743 2389 1798 qua:
2423 1726 2646 1797 species
2677 1723 3102 1780 enuntiationis
3153 1729 3321 1779 sunt.
3380 1727 3640 1788 Quorum

1987 1831 2191 1886 genus,
2204 1813 2258 1867 id
2274 1818 2362 1868 est
2375 1811 3109 1879 enuntiationem,tertium
3126 1809 3653 1880 nominavit,quar—

1997 1909 2124 1959 tum
2147 1920 2280 1958 vero
2302 1903 2623 1958 orationem
2651 1901 2998 1972 posuit,qua3
3021 1899 3450 1955 enuntiationis
3469 1915 3656 1970 genus

1998 1998 2168 2062 est,et
2193 1992 2403 2047 borum
2429 2009 2491 2047 se
2521 1990 2909 2046 difﬁnitiones
2931 1990 3194 2045 omnium
3222 1989 3494 2044 daturum
3525 2003 3657 2043 esse

1999 2081 2446 2153 promisit,quas
2472 2081 2707 2135 interim
2730 2080 3071 2151 relinquens
3095 2084 3269 2150 atque
3294 2077 3654 2150 praeteriens,

1997 2173 2122 2227 etin
2150 2173 2530 2243 posteriorem
2557 2174 2875 2225 tractatum
2891 2167 3346 2232 diﬁ‘erens,illud
3364 2184 3518 2222 nunc
3551 2168 3658 2221 ad-

1997 2261 2085 2316 dit
2109 2279 2234 2332 que:
2257 2263 2376 2315 sint
2401 2261 2575 2315 verba
2595 2265 2652 2315 et
2670 2260 2929 2327 nomina,
2962 2259 3221 2330 autquid
3263 2256 3392 2329 ipsa
3424 2257 3655 2328 signiﬁ-

1997 2356 2146 2405 cent.
2173 2351 2358 2414 Quare
2380 2355 2694 2420 antequam
2723 2350 2792 2403 ad
2817 2349 2994 2405 verba
3016 2348 3352 2402 Aristotelis
3383 2346 3512 2418 ipsa
3561 2363 3654 2400 veo

1999 2440 2254 2509 niamus,
2290 2456 2477 2511 pauca
2507 2441 2899 2494 communiter
2940 2440 3010 2493 de
3068 2437 3408 2494 nominibus
3475 2442 3651 2507 atque

1998 2529 2275 2593 verbis,et
2297 2529 2366 2583 de
2389 2528 2481 2583 his
2504 2545 2632 2599 quas
2650 2528 3058 2600 signiﬁcantur
3097 2526 3332 2582 averbis
3355 2543 3420 2582 ac
3460 2526 3649 2581 nomi-

1999 2619 2172 2675 nibus
2205 2621 2599 2692 disputemus.
2627 2620 2760 2674 Sive
2781 2620 2938 2674 enim
2963 2618 3239 2690 quaelibet
3268 2617 3647 2686 interrogatio

2000 2707 2076 2761 sit
2090 2712 2265 2778 atque
2279 2707 2730 2779 responsio,sive
2747 2711 3024 2778 perpetua
3042 2705 3355 2776 cujuslibet
3368 2703 3650 2760 orationis

2001 2797 2383 2862 continuatio,
2409 2803 2584 2868 atque
2617 2796 3114 2851 alteriusauditus
3145 2799 3202 2849 et
3245 2791 3656 2864 intelligentia,

2001 2886 2122 2942 sive
2142 2885 2233 2939 hic
2263 2886 2501 2956 quidem
2535 2886 2758 2951 doceat,
2795 2883 2889 2940 ille
2911 2901 3045 2940 vero
3078 2884 3286 2950 discat,
3319 2881 3509 2936 tribus
3560 2880 3653 2935 his

2004 2980 2165 3030 totus
2196 2975 2401 3030 orandi
2428 2976 2570 3030 ordo
2624 2974 2941 3043 perﬁcitur,
3004 2974 3198 3041 rebus,
3259 2969 3656 3026 intellectibus

2004 3072 2176 3133 atque
2206 3065 2590 3120 vocibus.Res
2621 3063 2774 3118 enim
2821 3064 2894 3117 ab
2954 3061 3252 3116 intellectu
3305 3059 3658 3130 concipitur.

2005 3155 2131 3216 Vox
2159 3171 2292 3210 vero
2312 3153 2721 3224 conceptiones
2754 3151 2938 3206 animi
2969 3149 3416 3218 intellectusque
3439 3148 3662 3219 signiﬁ-

216 3255 336 3310 que
356 3242 430 3294 ad
454 3255 588 3294 esse
611 3219 909 3310 proprium
931 3219 1106 3312 atque
1126 3219 1522 3299 substantiam
1544 3219 1736 3317 priora
1754 3252 1894 3303 sunt
1923 3219 1966 3287 C
2008 3245 2240 3319 cat,ipsi
2258 3260 2390 3298 vero
2415 3219 2745 3298 intellectus
2767 3247 2826 3295 et
2841 3240 3182 3310 concipiunt
3206 3239 3508 3308 subjectas
3567 3254 3660 3292 res

210 3328 321 3382 illa
355 3328 490 3383 sola
521 3329 632 3383 sub
664 3330 966 3383 communi
996 3332 1518 3402 genere§constitui
1551 3340 1726 3405 atque
1758 3336 1895 3407 poni

211 3434 332 3471 non
368 3434 566 3489 posse.
595 3417 874 3488 Syrianus
900 3435 1033 3474 vero
1065 3419 1159 3474 cui
1194 3420 1547 3477 Pbiloxenus
1571 3440 1894 3496 cognomen

216 3511 329 3572 est,
353 3507 468 3562 hoc
496 3506 624 3561 loco
642 3506 854 3578 querit
879 3523 982 3561 cur
1004 3525 1339 3580 proponens
1364 3511 1528 3582 prius
1551 3512 1620 3567 de
1645 3515 1900 3585 negatio-

216 3613 313 3662 ne,
346 3603 488 3667 post
513 3597 584 3651 de
607 3596 996 3652 afﬁrmatione
1025 3600 1488 3668 pronuntiaverit
1518 3601 1717 3657 dicens
1746 3621 1757 3658 :
1782 3605 1903 3659 Prt'

243 3701 410 3740 mum
445 3688 679 3756 oportet
720 3685 1073 3741 constituere
1104 3687 1243 3758 quid
1295 3690 1371 3743 sit
1422 3698 1733 3758 nomen,et
1764 3694 1902 3764 quid

242 3775 520 3841 verbum,
543 3779 746 3844 postea
769 3775 910 3845 quid
946 3777 1176 3847 negatio
1198 3781 1253 3832 et
1275 3779 1613 3835 afﬁrmatio.
1633 3781 1694 3834 Et
1719 3783 1905 3853 primo

248 3864 486 3930 quidem
523 3862 663 3917 nihil
694 3864 995 3934 proprium
1023 3865 1474 3936 dixit,quoniam
1497 3867 1554 3923 in
1580 3869 1905 3940 quibusaf-

245 3951 495 4006 ﬁrmatio
529 3955 720 4023 potest
749 3956 805 4005 et
838 3954 1070 4024 negatio
1100 3957 1428 4026 provenire,
1455 3958 1615 4027 prius
1647 3975 1774 4014 esse
1807 3975 1910 4013 ne-

250 4042 422 4110 gatio,
475 4045 682 4112 postea
727 4041 1042 4097 afﬁrmatio
1093 4048 1305 4114 potest,
1351 4051 1412 4099 ut
1457 4047 1529 4101 de
1575 4047 1823 4115 Socrate,
1859 4051 1907 4104 si

255 4145 428 4184 sanus
461 4133 576 4184 est.
608 4128 803 4184 Potest
832 4130 884 4185 ei
916 4131 1050 4185 talis
1077 4132 1392 4189 afﬁrmatio
1421 4135 1628 4206 aptari,
1655 4141 1718 4190 ut
1745 4137 1814 4190 de
1845 4154 1910 4191 co

254 4217 484 4272 dicatur
518 4233 531 4272 :
566 4218 838 4273 Socrates
886 4235 1067 4275 sanus
1099 4226 1220 4287 est;
1255 4227 1310 4277 et
1340 4222 1678 4294 hujusmodi
1724 4230 1914 4297 potest

254 4308 432 4375 aptari
462 4307 722 4375 negatio,
755 4312 817 4362 ut
839 4309 910 4363 de
932 4325 998 4363 eo
1016 4309 1280 4368 dicatur:
1306 4311 1570 4369 Socrates
1592 4331 1773 4369 sanus
1798 4333 1913 4371 non

255 4402 354 4450 est.
378 4395 667 4457 Quoniam
701 4413 841 4467 ergo
871 4397 930 4451 in
964 4413 1106 4453 eum
1141 4399 1454 4456 afﬁrmatio
1473 4409 1529 4457 et
1554 4404 1783 4474 negatio
1814 4421 1913 4475 po-

253 4490 359 4537 test
382 4484 714 4554 provenire,
738 4486 904 4555 prius
929 4489 1138 4560 evenit,
1167 4494 1226 4543 ut
1258 4490 1336 4544 sit
1359 4491 1590 4562 negatio
1618 4509 1794 4565 quam
1820 4495 1914 4548 af-

2010 3344 2068 3394 et
2090 3334 2501 3407 signiﬁcantur
2531 3348 2564 3386 a
2592 3329 3001 3386 vocibus.Cum
3027 3329 3208 3399 igitur
3236 3327 3348 3381 tria
3369 3327 3489 3381 sint
3541 3325 3661 3381 haec

2011 3444 2113 3500 per
2139 3441 2268 3497 quae
2298 3421 2488 3477 omnis
2517 3420 2702 3475 oratio
2733 3418 3159 3488 collocutioque
3192 3415 3509 3486 perﬁcitur,
3569 3430 3660 3468 res

2013 3532 2139 3588 quae
2165 3513 2438 3582 subjecta:
2462 3513 2620 3576 sunt,
2655 3507 2984 3563 intellectus
3018 3505 3115 3577 qui
3149 3522 3240 3560 res
3298 3503 3658 3574 concipiunt,

2013 3609 2071 3661 et
2097 3617 2304 3659 rursus
2328 3617 2358 3654 a
2375 3599 2615 3654 vocibus
2639 3595 3246 3668 signiﬁcantur,voces
3270 3609 3401 3647 vero
3429 3609 3558 3663 quae
3583 3592 3668 3646 ine

2014 3693 2284 3750 tellectus
2316 3689 2932 3759 designant,quartum
2958 3700 3190 3756 quoque
3223 3681 3494 3752 quiddam
3555 3684 3664 3748 est,

2017 3800 2130 3853 quo
2155 3797 2324 3836 voces
2344 3778 2481 3848 ipsae
2495 3775 2725 3830 valeant
2745 3774 3063 3845 designari,
3095 3773 3152 3827 id
3179 3776 3375 3827 autem
3400 3774 3537 3824 sunt
3565 3768 3666 3822 lit-

2020 3870 2422 3939 terae.Scriptze
2440 3880 2695 3936 namque
2714 3864 2922 3918 littere
2937 3863 3096 3934 ipsas
3111 3861 3447 3931 signiﬁcant
3471 3874 3663 3913 voces.

2019 3964 2204 4026 Quare
2227 3954 2608 4028 quatuorista
2631 3958 2789 4014 sunt,
2826 3958 2889 4006 ut
2914 3952 3118 4007 litterae
3143 3950 3380 4021 quidem
3440 3947 3670 4020 signiﬁ-

2017 4055 2152 4106 cent
2180 4063 2372 4114 voces,
2405 4059 2574 4099 voces
2591 4058 2728 4097 vero
2750 4041 3106 4105 intellectus,
3129 4038 3666 4093 intellectusautem

2021 4156 2112 4194 res
2127 4134 2614 4206 concipiant,qum
2628 4131 2851 4186 scilicet
2864 4130 3080 4184 habent
3093 4128 3393 4199 quamdam
3413 4141 3524 4178 non
3541 4140 3672 4178 con-

2023 4229 2211 4282 fusam
2229 4239 2414 4294 neque
2431 4220 2725 4276 fortuitam
2741 4217 3220 4287 consequentiam
3238 4215 3336 4269 sed
3355 4213 3668 4267 terminato

2024 4321 2243 4371 naturae
2262 4329 2380 4366 suis
2401 4309 2604 4365 ordine
2626 4309 3032 4363 constant.Res
3056 4304 3211 4358 enim
3231 4317 3461 4373 semper
3486 4299 3669 4356 comi-

2025 4411 2226 4460 tantur
2249 4419 2379 4457 eum
2411 4401 2511 4472 qui
2541 4399 2610 4454 ab
2639 4398 2785 4468 ipsis
2817 4395 3144 4466 concipitur
3172 4391 3524 4457 intellectus,
3576 4389 3670 4461 ip-

2027 4511 2157 4550 sum
2182 4508 2313 4547 vero
2346 4489 2704 4544 intellectum
2739 4503 2846 4541 vox
2869 4485 3160 4556 sequitur,
3193 4483 3294 4538 sed
3319 4499 3489 4536 voces
3545 4479 3670 4535 ele-

253 4571 524 4626 ﬁrmatio.
555 4578 702 4627 Ante
719 4573 878 4628 enim
903 4591 1083 4646 quam
1119 4583 1292 4632 natus
1326 4585 1500 4647 esset,
1527 4581 1720 4650 potuit
1741 4582 1810 4636 de
1837 4599 1902 4636 eo
1937 4576 1980 4640 Ι)
2016 4582 2294 4646 menta,id
2320 4585 2409 4635 est
2430 4576 2866 4632 litterae.ﬁebus
2889 4576 3045 4630 enim
3073 4579 3207 4629 ante
3256 4571 3570 4642 propositis
3614 4574 3670 4624 et

257 4661 385 4728 dici,
417 4661 680 4716 Socrates
734 4679 918 4718 sanus
967 4681 1080 4720 non
1112 4673 1223 4731 est,
1249 4667 1348 4739 qui
1379 4670 1536 4724 enim
1590 4675 1762 4725 natus
1805 4689 1919 4727 non

256 4756 392 4814 erat,
418 4765 526 4804 nec
547 4766 678 4804 esse
705 4756 924 4821 poterat
958 4770 1160 4808 sanus.
1188 4755 1328 4810 Huic
1361 4757 1506 4812 illud
1534 4760 1770 4828 adjecit,
1796 4777 1919 4818 ser'

258 4855 381 4892 vare
412 4837 749 4893 Aristotelis
781 4856 1123 4897 conversam
1157 4845 1572 4916 propositionis
1592 4857 1642 4903 et
1670 4865 1917 4905 exsecu-

258 4927 430 4982 tionis
448 4927 953 4985 distributionem.
974 4932 1075 4986 Hic
1103 4934 1256 4987 enim
1285 4935 1446 5006 prius
1470 4941 1602 5009 post
1619 4957 1832 4995 nomen
1863 4947 1921 4996 et

260 5017 499 5070 verbum
517 5017 587 5070 de
608 5018 916 5087 negatione
936 5023 1486 5095 proposuit,postde
1500 5027 1914 5090 afﬁrmatione.

261 5111 312 5159 et
343 5104 480 5159 hinc
513 5107 584 5159 de
616 5107 1046 5178 enuntiatione,
1071 5115 1364 5180 postremo
1396 5114 1466 5168 de
1496 5117 1779 5184 oratione,
1814 5120 1914 5174 sed

268 5192 560 5264 proposita
595 5194 946 5252 difﬁnitione
977 5200 1230 5254 nominis
1253 5207 1309 5255 et
1329 5203 1487 5257 verbi
1514 5207 1676 5274 prius
1699 5208 1919 5263 oratio-

272 5297 420 5346 nem,
457 5287 662 5352 postea
709 5285 1194 5355 enuntiationem,
1228 5292 1394 5345 tertio
1443 5293 1915 5364 afﬁrmationetn,

271 5370 470 5425 ultimo
492 5371 618 5426 loco
644 5374 1011 5444 negationem
1031 5378 1458 5447 determinavit,
1477 5399 1652 5452 quam
1676 5385 1766 5440 hic
1787 5392 1918 5457 post

270 5459 726 5530 propositionem
761 5463 916 5518 verbi
947 5469 1004 5520 et
1035 5467 1291 5523 nominis
1325 5470 1574 5539 primam
1607 5472 1914 5531 locaverat.

273 5547 338 5604 Ut
358 5547 540 5618 igitur
559 5553 700 5604 ordo
717 5559 1046 5609 servaretur
1066 5572 1400 5625 conversus,
1423 5559 1634 5616 idcirco
1661 5565 1917 5634 negatio-

276 5653 399 5692 nem
435 5637 602 5710 prius
633 5641 713 5696 ait
745 5646 895 5714 esse:
918 5647 1300 5718 propositam,
1323 5666 1438 5719 qua
1470 5651 1526 5705 in
1559 5653 1918 5723 expositione

2031 4675 2089 4729 in
2109 4672 2339 4743 propria
2353 4667 2684 4724 substantia
2697 4667 3029 4721 constitutis
3047 4664 3372 4719 intellectus
3386 4663 3675 4717 oriuntur.

2033 4765 2245 4818 Rerum
2272 4760 2425 4815 enim
2450 4755 3026 4828 semperintellectus
3058 4752 3438 4824 sunt,quibus
3464 4751 3676 4804 iterum

2029 4849 2368 4906 constitutis
2393 4864 2525 4902 mox
2543 4845 2896 4917 signiﬁcatio
2928 4843 3084 4899 vocis
3123 4841 3401 4898 exoritur.
3465 4844 3677 4893 Praeter

2027 4939 2390 4994 intellectum
2412 4951 2665 5007 namque
2691 4951 2800 4990 vox
2829 4934 3062 5004 penitus
3092 4930 3236 4986 nihil
3270 4928 3677 5000 designat.Sed

2030 5029 2306 5101 quoniam
2339 5042 2502 5081 voces
2527 5023 2936 5090 sunt,'idcirco
2967 5022 3190 5088 litteras,
3224 5036 3371 5091 quas
3400 5033 3678 5073 vocamus

2027 5119 2336 5186 elementa,
2366 5119 2602 5188 repertas
2622 5119 2779 5180 sunt,
2813 5113 3028 5184 quibus
3061 5128 3201 5166 vocu
3215 5127 3266 5163 m
3291 5109 3546 5180 qualitas
3579 5108 3680 5162 de-

2026 5209 2310 5281 signetur,
2344 5208 2413 5262 ad
2440 5205 2836 5277 cognitionem
2873 5221 3004 5258 vero
3032 5203 3354 5257 conversim
3405 5217 3530 5255 sese
3589 5215 3678 5253 res

2027 5299 2224 5354 habet.
2259 5296 2525 5367 Namque
2562 5295 2715 5366 apud
2751 5295 2903 5364 quod
2929 5294 3142 5348 eaedem
3177 5296 3314 5346 sunt
3362 5290 3590 5353 littera,
3623 5292 3681 5343 et

2028 5387 2128 5461 qui
2149 5388 2372 5443 eisdem
2399 5387 2704 5442 elementis
2724 5384 3214 5449 utuntur,eisdem
3242 5397 3472 5453 quoque
3496 5380 3675 5434 nomi-

2029 5478 2206 5533 nibus
2237 5493 2336 5532 eos
2360 5493 2424 5532 ac
2448 5476 2662 5543 verbis,
2698 5475 2752 5529 id
2779 5480 2866 5529 est
2887 5474 3149 5537 vocibus,
3184 5471 3264 5526 uti
3301 5487 3535 5526 necesse
3566 5472 3676 5534 est,

2027 5567 2196 5637 etqui
2214 5566 2454 5621 vocibus
2469 5565 2684 5621 eisdem
2705 5562 3152 5628 utuntur,iidem
3169 5559 3562 5632 quoqueapud
3576 5573 3674 5612 eos

2027 5655 2365 5712 intellectus
2387 5655 2446 5711 in
2470 5649 3500 5724 animiconceptioneversantur.Sed
3516 5645 3670 5716 apud
