4110 6180
529 268 635 326 403

1805 268 1924 321 ΔΝ.
1968 267 2182 321 MANL.

2291 271 2391 323 κν.
2432 271 2667 326 BOETlI
3785 281 3871 340 404

529 410 677 466 quos
701 392 880 447 iidem
907 390 1239 446 intellectus
1270 392 1429 460 sunt,
1462 389 1695 444 easdem
1730 403 1821 444 res
1853 404 2055 444 eorum
2088 389 2172 444 in-
2205 394 2255 460 Α
2291 396 2448 463 ctus;
2476 396 2628 466 apud
2653 412 2801 467 quos
2821 400 3013 451 autem
3043 396 3218 451 iidem
3244 397 3725 469 suntintellectus,
3744 408 3874 477 apud

526 484 859 541 tellectibus
883 482 1182 552 subjectus
1218 496 1347 536 esse
1370 480 1749 537 manifestum
1775 485 1886 544 est,
1919 480 2019 535 sed
2075 480 2181 536 hoc

527 576 686 631 nulla
708 575 927 629 ratione
950 570 1597 643 convertitur.Namque
1620 572 1773 642 apud
1800 588 1945 641 quos
1963 572 2177 627 caedem

529 683 623 721 res
644 669 805 744 sunt,
839 664 1111 733 idemque
1142 660 1501 729 intellectus,
1534 678 1649 716 non
1703 660 1904 717 statim
1964 662 2179 718 eaedem

526 773 720 821 voces,
753 754 1087 823 eaedemque
1104 758 1244 809 sunt
1266 752 1494 808 litterae.
1528 752 1673 807 Nam
1699 768 1831 807 cum
1856 752 2178 819 Romanus,

526 846 760 902 Graecus
791 861 856 899 ac
890 844 1178 900 barbarus
1206 841 1385 898 simul
1416 842 1913 914 videantequum,
1964 842 2183 898 habent

528 950 760 1007 quoque
792 934 863 990 de
893 949 960 988 eo
992 933 1267 988 eumdem
1296 931 1655 988 intellectum
1680 932 1835 1004 quod
1861 948 2048 1002 equus
2080 931 2177 1000 sit,

526 1030 584 1081 et
608 1025 763 1096 apud
796 1040 894 1080 eos
916 1023 1119 1079 eadem
1172 1038 1265 1077 res
1311 1022 1576 1093 subjecta
1605 1026 1713 1089 est,
1746 1022 2020 1094 idemque
2050 1038 2084 1077 a
2121 1038 2183 1077 re

523 1115 655 1187 ipsa
670 1112 1001 1185 concipitur
1023 1112 1488 1180 intellectus,sed
1513 1112 1746 1168 Graecus
1765 1112 1933 1168 aliter
1961 1129 2178 1184 equum

533 1208 722 1269 vocat,
756 1203 864 1258 alia
889 1219 1125 1274 quoque
1147 1219 1254 1257 vox
1274 1203 1330 1256 in
1358 1202 1494 1274 equi
1519 1201 1946 1273 signiﬁcatione
1968 1201 2182 1257 Roma-

527 1310 605 1349 na
628 1296 802 1360 est,et
829 1294 1115 1349 barbarus
1140 1293 1212 1347 ab
1244 1292 1568 1363 utroquein
1595 1291 1730 1363 equi
1772 1290 2179 1362 designatione

528 1382 826 1450 dissentit,
860 1382 1135 1453 quocirca
1166 1381 1413 1437 diversis
1436 1397 1668 1452 quoque
1696 1397 1861 1436 voces
1912 1381 2179 1453 proprias

527 1473 833 1529 elementis
866 1472 1222 1529 inscribunt.
1252 1472 1425 1527 Recte
1457 1471 1638 1540 igitur
1668 1470 1888 1526 dictum
1915 1476 2003 1525 est
2024 1470 2178 1543 apud

528 1577 677 1632 quos
709 1561 921 1616 eisdem
957 1577 1048 1615 res
1089 1561 1387 1631 iidemque
1446 1560 1783 1616 intellectus
1839 1562 2002 1630 sunt,
2062 1576 2179 1615 non

529 1649 725 1705 statim
756 1648 915 1719 apud
936 1664 1037 1704 eos
1058 1646 1143 1703 vel
1176 1648 1411 1704 easdem
1464 1662 1656 1715 voces,
1689 1647 1777 1703 vel
1811 1648 2014 1704 eadem
2064 1645 2184 1703 ele-

2291 497 2390 536 eos
2412 500 2644 556 quoque
2672 501 2763 539 res
2794 485 3009 540 easdem
3039 486 3315 555 subjectae
3348 491 3499 545 sunt.
3521 488 3721 546 Rursus
3747 496 3874 563 apud

2290 587 2437 644 quos
2455 576 2669 629 eaedem
2691 592 2783 631 res
2800 582 2960 643 sunt,
2982 577 3155 631 iidem
3178 593 3327 648 quoq
3339 594 3405 633 ue
3422 585 3554 634 sunt
3571 579 3875 654 intellectus;

2290 664 2442 731 apud
2466 679 2612 733 quos
2632 662 2805 719 iidem
2827 664 3182 732 intellectus,
3204 682 3317 721 non
3338 667 3541 722 eadem
3564 685 3717 726 voces
3736 678 3877 742 sunt;

2291 766 2394 805 nec
2428 752 2579 823 apud
2614 769 2762 824 quos
2805 755 3022 811 eaedem
3055 770 3220 809 voces
3265 760 3422 825 sunt,
3455 756 3659 812 eisdem
3688 776 3880 831 semper

2288 838 2499 895 litteris
2532 842 2708 898 verba
2729 842 2857 914 ipsa
2887 842 2975 897 vel
3008 844 3249 899 nomina
3268 844 3769 916 designantur.Sed
3795 866 3882 905 nos

2288 926 2348 984 in
2373 930 2726 1001 supradictis
2750 932 3058 989 sententiis
3080 931 3365 989 elemento
3385 939 3553 1005 atque
3578 934 3755 991 littera
3773 954 3884 1008 pro-

2290 1017 2511 1073 miscue
2538 1019 2627 1076 usi
2661 1036 3055 1095 sumus;quze
3089 1029 3283 1077 autem
3318 1022 3606 1078 sitliorum
3643 1025 3886 1080 distantia

2289 1109 2491 1176 paucis
2519 1108 3071 1167 absolvam.Littera
3091 1114 3180 1166 est
3213 1111 3510 1183 inscriptio
3540 1116 3703 1183 atque
3731 1113 3890 1184 ﬁgura

2290 1195 2473 1266 partis
2506 1197 2757 1253 minima:
2790 1199 2947 1255 vocis
2989 1199 3331 1269 articulatm,
3391 1199 3724 1256 elementum
3777 1218 3887 1257 vero

2291 1302 2474 1341 sonus
2497 1286 2686 1357 ipsius
2716 1286 3119 1360 inscriptionis
3146 1308 3160 1357 ;
3196 1294 3260 1343 ut
3292 1305 3422 1343 cum
3459 1289 3640 1345 scribo
3670 1288 3889 1345 litteram

2290 1392 2416 1448 quae
2448 1380 2536 1431 est
2569 1375 2967 1448 formulaipsa
2990 1395 3117 1449 quas
3169 1381 3492 1433 atramento
3540 1377 3627 1432 vel
3680 1378 3891 1450 graphio

2289 1464 2570 1520 scribitur
2614 1464 2810 1522 littera
2868 1467 3229 1536 nominatur,
3271 1467 3397 1538 ipse
3437 1483 3566 1522 vero
3598 1484 3768 1523 sonus
3798 1483 3893 1537 quo

2289 1553 2481 1627 ipsum
2502 1554 2751 1612 litteram
2769 1571 2905 1611 voce
2938 1556 3294 1627 proferimus
3322 1556 3530 1611 dicitur
3558 1554 3895 1611 elementum.

2289 1641 2931 1715 Quocircahoccognito
2956 1643 3101 1700 illud
3124 1645 3438 1699 dicendum
3463 1643 3784 1715 est,quodis
3811 1642 3895 1714 qui

529 1742 727 1794 menta
755 1737 1388 1794 consistere.Praecedit
1415 1742 1607 1793 autem
1646 1754 1737 1792 res
1786 1735 2174 1805 intellectum,
2210 1764 2257 1829 B
2291 1732 2577 1798 docet,vel
2600 1735 2697 1804 qui
2722 1734 3004 1789 continua
3021 1734 3578 1805 orationeloquitur,
3608 1733 3796 1805 velqui
3821 1733 3895 1787 in.

527 1825 858 1883 intellectus
889 1843 1109 1894 vocem,
1143 1843 1249 1882 vox
1297 1825 1541 1891 litteras,
1603 1826 1702 1882 sed
1766 1825 1874 1881 hoc
1920 1823 2178 1881 converti

529 1932 643 1971 non
670 1920 889 1987 potest;
924 1915 1282 1986 nequeenim
1311 1914 1359 1970 si
1384 1914 1764 1983 littermsunt,
1797 1932 1929 1971 mox
1949 1914 2178 1986 aliquas

529 2022 598 2062 ex
620 2004 713 2060 his
737 2004 1088 2077 signiﬁcatio
1116 2004 1271 2060 vocis
1301 2004 1514 2061 existit.
1549 2004 1901 2060 Hominibus
1930 2019 2183 2076 namque

532 2094 630 2166 qui
656 2095 879 2150 litteras
910 2094 1182 2165 ignorant
1212 2093 1441 2149 nullum
1476 2094 1716 2165 nomenﬂ
1738 2092 2015 2165 quaelibet
2067 2092 2182 2149 ele-

529 2188 725 2240 menta
738 2182 1197 2255 signiﬁcant,qui
1210 2200 1314 2254 ppe
1330 2182 1426 2253 qui
1443 2183 1733 2249 nesciunt;
1752 2198 1938 2254 neque
1953 2182 2000 2237 si
2016 2198 2183 2238 voces

532 2278 832 2339 sunt,mox
852 2271 1184 2328 intellectus
1205 2289 1441 2328 necesse
1456 2277 1565 2328 est.
1600 2272 1801 2327 Plures
1824 2272 1981 2327 enim
2014 2288 2183 2327 voces

533 2362 799 2417 invenies
832 2361 1119 2429 quaenibit
1151 2360 1391 2416 omnino
1418 2360 1776 2432 signiﬁcent,
1812 2376 1916 2416 nec
1956 2359 2183 2416 intelle-

535 2452 653 2506 ctui
678 2466 913 2522 quoque
933 2451 1201 2520 subjecta
1224 2466 1317 2505 res
1339 2458 1690 2521 semperest.
1722 2449 1872 2504 Sunt
1901 2449 2058 2504 enim
2094 2450 2185 2505 in-

532 2538 800 2594 tellectus
824 2539 951 2593 sine
975 2555 1033 2593 re
1058 2537 1175 2593 ulla
1196 2538 1306 2593 sibi
1325 2539 1682 2608 subjecta,ut
1704 2553 1851 2609 quos
1874 2542 2185 2594 centauros

531 2628 616 2684 vel
640 2627 941 2683 chimaeras
970 2633 1147 2697 poetas
1171 2628 1476 2682 ﬁnxerunt.
1516 2631 1728 2682 ﬂorum
1762 2626 1916 2681 enim
1953 2627 2182 2682 intelle-

529 2721 658 2771 ctus
690 2721 829 2771 sunt
860 2716 1078 2787 quibus
1109 2715 1371 2785 subjecta
1391 2720 1481 2771 est
1504 2715 1671 2770 nulla
1688 2716 2036 2771 substantia.
2073 2716 2185 2771 Sed

530 2805 576 2861 si
607 2806 740 2875 quis
763 2806 833 2859 ad
869 2810 1136 2859 naturam
1173 2806 1368 2859 redeat
1386 2821 1636 2875 eamque
1667 2804 1998 2860 consideret
2050 2803 2185 2858 dili-

530 2898 754 2965 genter,
789 2898 1066 2965 agnoscet
1095 2909 1227 2947 cum
1255 2909 1345 2948 res
1375 2897 1485 2961 est,
1517 2894 1646 2962 eius
1684 2909 1919 2965 quoque
1962 2892 2186 2949 intelle-

531 2988 691 3037 ctum
721 2998 869 3037 esse.
905 2983 1064 3048 Quod
1091 2982 1139 3036 si
1165 2998 1277 3037 non
1304 2983 1458 3053 apud
1485 2981 1772 3046 homines.
1822 2988 1977 3038 certe
2028 2983 2183 3053 apud

535 3071 737 3137 Deum,
778 3072 878 3142 qui
906 3070 1906 3142 prOpriaadivinitatesubstantizein
1951 3072 2182 3143 propria

532 3165 739 3215 natura
767 3160 955 3231 ipsius
979 3160 1060 3214 rei
1085 3160 1232 3215 nihil
1278 3161 1527 3232 ignorat.
1559 3165 1630 3215 Et
1659 3160 1707 3215 si
1741 3158 2069 3215 intellectus
2128 3166 2179 3217 et

539 3264 645 3303 vox
667 3254 774 3313 est,
815 3249 966 3317 quod
992 3248 1041 3301 si
1064 3265 1168 3303 vox
1192 3249 1367 3303 fuerit
1388 3249 1517 3319 ejus
1538 3264 1772 3319 quoque
1785 3253 1922 3304 sunt
1954 3248 2181 3319 litteris,

533 3352 662 3406 quae
687 3336 729 3389 si
752 3335 1273 3407 ignorantur,nihil
1290 3336 1360 3391 ad
1386 3336 1575 3407 ipsam
1602 3338 1756 3391 vocis
1774 3349 2040 3393 naturam
2059 3354 2185 3408 per-

533 3425 701 3480 tinet.
734 3424 933 3495 Neque
962 3425 1115 3481 enim
1150 3425 1316 3495 quasi
1348 3442 1525 3481 causa
1564 3426 1832 3497 quaedam
1861 3441 2065 3481 vocum
2098 3430 2187 3481 est

537 3513 998 3579 intellectus,aut
1017 3531 1123 3570 vox
1146 3530 1320 3570 causa
1340 3513 1693 3583 litterarum,
1722 3520 1787 3570 ut
1805 3531 1935 3570 cum
1971 3516 2185 3571 easdem

540 3603 660 3661 sint
676 3605 828 3675 apud
846 3603 1074 3675 aliquos
1090 3603 1314 3669 litterae,
1348 3619 1584 3659 necesse
1605 3603 1683 3658 sit
1719 3604 1923 3659 eadem
1956 3619 2187 3675 quoque

536 3709 666 3749 esse
692 3693 1049 3747 nomina.lta
1075 3708 1309 3765 quoque
1338 3708 1473 3747 cum
1502 3692 1716 3748 easdem
1736 3693 1856 3748 sint
1880 3692 1962 3748 vel
1992 3710 2081 3747 res
2097 3693 2184 3749 vel

540 3780 881 3838 intellectus
906 3782 1057 3852 apud
1085 3781 1475 3853 aliquos,mox
1498 3797 1611 3837 non
1639 3797 1873 3838 necesse
1905 3787 1993 3837 est
2017 3781 2186 3837 intel-

536 3870 798 3927 lectuum
828 3871 1089 3940 ipsorum
1122 3869 1208 3926 vel
1228 3886 1422 3925 rerum
1460 3870 1663 3926 eadem
1697 3886 1825 3926 esse
1880 3869 2183 3926 vocabula.

536 3959 805 4029 Namque
820 3976 953 4014 cum
970 3960 1170 4015 eadem
1188 3958 1449 4026 sil,etres
1472 3964 1530 4014 et
1551 3958 1882 4015 intellectus
1906 3959 2187 4027 hominis,

535 4052 689 4120 apud
715 4049 973 4104 diversos
990 4054 1183 4103 tamen
1201 4048 1468 4103 homines
1488 4048 1831 4118 hujusmodi
1851 4050 2203 4105 substantia

531 4137 1001 4194 aliteretdiverso
1020 4136 1252 4193 nomine
1266 4155 1299 4192 n
1312 4155 1341 4191 u
1354 4137 1855 4208 ncupatur.Quare
1874 4153 2039 4192 voces
2055 4155 2189 4208 quo-

533 4242 644 4297 que
660 4244 792 4282 cum
808 4227 1023 4282 easdem
1042 4225 1657 4298 sint,possuntlitteraa
1682 4242 1811 4280 esse
1831 4226 2093 4293 diversae,
2128 4228 2192 4280 ut

537 4315 595 4369 in
616 4317 723 4370 hoc
748 4316 983 4371 nomine
1004 4317 1157 4386 quod
1184 4322 1271 4372 est
1296 4315 1635 4383 hom0,cum
1659 4332 1837 4370 unum
1859 4316 2187 4382 sitnomen,

531 4404 778 4458 diversis
793 4404 1005 4459 litteris
1019 4405 1191 4459 scribi
1211 4410 1421 4476 potest,
1458 4421 1709 4476 namque
1729 4403 1951 4460 Latinis
1975 4403 2185 4459 litteris

2292 1827 2566 1891 ter-rogat,
2599 1823 2888 1878 contrarie
2908 1840 2966 1878 se
2984 1822 3162 1878 habet
3179 1823 3268 1879 his
3295 1824 3396 1893 qui
3436 1822 3519 1879 vel
3567 1823 3798 1887 discunt,
3826 1820 3899 1876 vel

2287 1911 2557 1979 audiunt,
2590 1911 2677 1968 vel
2698 1914 3055 1983 respondent
3079 1913 3133 1968 in
3168 1912 3260 1967 his
3284 1912 3502 1979 tribus,
3533 1927 3661 1966 voce
3690 1910 3901 1976 scilicet,

2290 1986 2588 2056 intellectu
2612 2006 2670 2058 et
2692 2002 3299 2074 re,przelermittantur
3316 2002 3473 2058 enim
3488 2001 3683 2058 litteras
3700 2005 3903 2072 prOpter

2288 2105 2385 2145 eos
2410 2090 2511 2161 qui
2533 2107 2734 2147 earum
2760 2096 2899 2148 sunt
2924 2092 3367 2165 expertes.Nam
3393 2094 3497 2161 qui
3528 2093 3706 2155 docet,
3737 2094 3787 2145 et
3821 2087 3906 2160 qui

2289 2179 2511 2247 dicit,et
2530 2182 2626 2251 qui
2669 2183 3010 2252 interrogat,
3044 2200 3078 2238 a
3109 2182 3284 2238 rebus
3308 2182 3381 2237 ad
3416 2180 3757 2238 intellectum
3788 2194 3905 2250 pro-

2290 2269 2478 2325 fectus
2512 2286 2612 2341 per
2644 2270 2885 2325 nomina
2914 2275 2971 2326 et
3011 2272 3187 2327 verba
3217 2271 3329 2326 vim
3398 2272 3636 2341 propriae
3691 2266 3906 2323 actionis

2289 2364 2513 2414 exercet
2533 2364 2708 2430 atque
2730 2359 3014 2418 ofﬁcium.
3037 2361 3230 2416 Rebus
3253 2360 3413 2417 enim
3437 2359 3709 2429 subiectis
3737 2358 3801 2412 ab
3828 2356 3907 2410 his

2290 2446 2525 2519 capiunt
2549 2448 2965 2516 intellectus,et
2993 2467 3094 2521 per
3116 2450 3352 2506 nomina
3383 2455 3443 2506 et
3472 2450 3643 2506 verba
3681 2462 3909 2519 pronun-

2292 2535 2581 2603 tiant.0ui
2613 2554 2745 2594 vero
2778 2539 2970 2605 discit,
3002 2539 3091 2594 vel
3125 2539 3225 2611 qui
3260 2540 3454 2605 audit,
3494 2537 3581 2595 vel
3631 2536 3788 2591 etiam
3826 2533 3909 2604 qui

2292 2627 2624 2696 respondet,
2653 2627 3030 2684 anominibus
3053 2629 3123 2683 ad
3146 2627 3485 2684 intellectus
3507 2640 3831 2699 progressus
3850 2622 3909 2676 ad

2295 2730 2385 2769 res
2411 2731 2597 2786 usque
2620 2716 3226 2788 pervenit.Accipiens
3248 2717 3413 2773 enim
3437 2717 3487 2771 is
3512 2715 3609 2788 qui
3632 2712 3809 2776 discit,
3837 2708 3911 2765 vel

2294 2804 2391 2875 qui
2419 2804 2705 2872 audit,vel
2731 2806 2831 2877 qui
2862 2806 3196 2877 respondet,
3230 2806 3524 2873 docentis,
3560 2802 3643 2859 vel
3674 2800 3911 2867 dicentis,

2291 2892 2378 2948 vel
2412 2893 2823 2965 interrogantis
2841 2895 3345 2967 sermonem,quid
3388 2894 3787 2965 unusquisque
3808 2887 3915 2944 illo-

2294 2999 2424 3038 rum
2457 2983 2613 3039 dicat
2645 2982 2940 3055 intelligit,
2974 2987 3032 3039 et
3075 2982 3420 3055 intelligens
3475 2998 3669 3039 rerum
3719 2991 3916 3049 quoque

2295 3071 2597 3127 scientiam
2632 3073 2807 3143 capit,
2837 3078 2894 3130 et
2924 3072 2982 3128 in
3016 3090 3083 3129 ea
3119 3072 3416 3129 consistit.
3453 3077 3624 3128 Recte
3651 3070 3815 3142 igitur
3842 3065 3916 3121 di-

2295 3164 2454 3217 ctum
2478 3164 2567 3215 est
2588 3160 2646 3216 in
2671 3178 2826 3230 voce,
2851 3162 3177 3231 intellectu,
3210 3167 3393 3234 atque
3425 3179 3486 3218 re
3504 3161 3782 3217 contrarie
3809 3168 3914 3211 sese

2294 3248 2507 3305 habere
2528 3266 2628 3305 eos
2659 3250 2758 3321 qui
2783 3251 3014 3320 docent,
3039 3251 3245 3307 dicunt
3267 3256 3324 3306 et
3353 3253 3742 3321 interrogant,
3772 3250 3919 3316 atque

2291 3354 2391 3395 eos
2420 3339 2519 3411 qui
2546 3339 3059 3408 discunt,audiunt
3088 3345 3145 3395 et
3178 3342 3567 3412 respondent.
3598 3341 3735 3394 Cum
3768 3334 3920 3406 igitur

2291 3427 2413 3484 haec
2437 3427 2557 3482 sint
2582 3433 2850 3499 quatuor,
2871 3428 3101 3495 litterae,
3134 3446 3325 3495 voces,
3354 3429 3697 3485 intellectus
3724 3428 3776 3481 et
3824 3437 3924 3490 res,

2293 3515 2553 3587 proxime
2572 3516 2808 3590 quidem
2844 3521 2899 3572 et
2915 3518 3320 3590 principaliter
3340 3517 3557 3574 litterae
3583 3516 3749 3572 verba
3764 3516 3814 3568 et
3840 3526 3922 3565 no-

2293 3605 2453 3661 mina
2480 3606 2972 3678 signiﬁcantﬂzec
3001 3624 3134 3664 vero
3160 3607 3573 3681 principaliter
3603 3605 3826 3679 quidem
3848 3599 3920 3655 in-

2292 3694 2583 3764 tellectus,
2610 3697 2867 3753 secundo
2897 3713 3030 3753 vero
3058 3696 3311 3768 locoﬁres
3343 3714 3587 3770 quoque
3628 3692 3922 3764 designant,

2291 3783 2626 3842 Intellectus
2650 3801 2783 3841 vero
2796 3785 2911 3857 ipsi
2935 3786 3078 3843 nihil
3103 3784 3261 3842 aliud
3297 3788 3418 3844 nisi
3438 3802 3638 3842 rerum
3657 3780 3922 3855 signiﬁca-

2294 3873 2389 3928 tivi
2425 3878 2583 3931 sunt.
2618 3874 2991 3946 Antiquiores
3012 3892 3143 3931 vero
3173 3892 3435 3946 quorum
3470 3880 3559 3932 est
3614 3874 3785 3937 Plato,
3813 3864 3925 3923 Ario

2292 3963 2551 4029 stoteles,
2582 3964 2951 4036 Speusippus
2992 3969 3051 4020 et
3079 3967 3471 4034 Xenocrates,
3505 3964 3568 4020 hi
3602 3964 3748 4017 inter
3775 3973 3857 4013 res
3879 3957 3929 4010 et

2295 4050 2757 4121 significationes
2788 4051 3193 4108 intellectunm
3220 4053 3455 4109 medios
3474 4069 3690 4109 sensus
3708 4047 3930 4122 ponunt:

2294 4139 2352 4194 in
2374 4139 2756 4196 sensibilibus
2780 4141 2955 4198 rebus
2976 4142 3062 4198 vel
3096 4141 3564 4211 imaginationes
3580 4131 3930 4212 quasdam,in

2294 4227 2513 4300 quibus
2544 4228 2877 4285 intellectus
2909 4230 3097 4301 ipsius
3129 4231 3291 4302 origo
3322 4234 3648 4288 consistat.
3687 4231 3749 4284 Et
3793 4236 3931 4281 nunc

2296 4317 2531 4387 quidem
2567 4318 2707 4389 quid
2740 4319 2811 4374 de
2841 4319 2949 4374 hac
2972 4336 3033 4376 re
3060 4319 3236 4374 Stoici
3266 4320 3479 4376 dicunt
3501 4315 3929 4392 praetermitten-

2296 4406 2434 4461 dum
2469 4406 2700 4463 est.Hoc
2723 4412 2919 4462 autem
2945 4424 3012 4462 ex
3042 4407 3134 4464 his
3154 4410 3438 4464 omnibus
3463 4409 3657 4465 solum
3683 4397 3931 4478 cognosci

530 4493 709 4549 scribi
735 4497 942 4563 potest,
979 4498 1167 4565 potest
1186 4494 1360 4549 etiam
1381 4493 1616 4560 Graecis,
1654 4493 1989 4565 potestaliis
2026 4509 2177 4549 nnnc
2211 4480 2256 4544 D
2290 4500 2537 4567 oportet,
2572 4496 2725 4567 quod
2762 4513 2827 4553 ea
2860 4513 2988 4566 quas
3020 4501 3159 4552 sunt
3191 4497 3246 4552 in
3284 4497 3532 4565 litteris,
3568 4515 3696 4553 eam
3735 4487 3931 4564 signiﬁ'

532 4582 1062 4654 primuminventis
1093 4583 1411 4652 ﬁgurarum
1435 4583 1660 4654 ﬁguris.
1688 4585 1874 4649 Quare
1907 4584 2183 4655 quoniam

533 4672 691 4742 apud
723 4687 869 4742 quos
897 4671 1112 4725 eaedem
1134 4686 1225 4726 res
1243 4673 1646 4740 sunt,eosdem
1672 4671 2006 4729 intellectus
2054 4688 2183 4727 esse

534 4776 773 4814 necesse
789 4760 1059 4830 est,apud
1087 4776 1234 4831 quos
1258 4759 1432 4815 iidem
1457 4759 1790 4817 intellectus
1817 4765 1981 4828 sunt,
2015 4776 2184 4815 voces

532 4849 748 4905 easdem
775 4865 889 4903 non
919 4856 1074 4916 sunt,
1106 4852 1161 4905 et
1180 4850 1333 4920 apud
1369 4865 1516 4920 quos
1555 4850 1772 4905 eadem
1822 4864 1991 4905 voces
2023 4858 2211 4914 sunl,'

533 4953 648 4994 non
670 4953 909 4993 necesse
928 4942 1019 4993 est
1037 4938 1237 4994 eadem
1254 4938 1545 4993 elementa
1567 4936 2181 5006 constitui,dicendum

530 5032 620 5084 est
649 5043 741 5085 res
773 5031 830 5082 et
861 5027 1213 5092 intellectus,
1248 5030 1524 5099 quoniam
1574 5028 1729 5097 apud
1764 5043 1968 5083 omnes
2003 5027 2180 5082 iidem

532 5125 825 5179 sunt,esse
857 5116 1207 5171 naturaliter
1226 5116 1600 5183 constitutos;
1624 5131 1793 5171 voces
1823 5132 1955 5171 vero
1992 5132 2181 5187 neque

530 5205 601 5260 ad
634 5204 1162 5275 litteras,quoniam
1190 5203 1436 5259 diversis
1461 5204 1763 5259 hominum
1790 5204 2178 5275 positionibus

529 5298 957 5367 permutantur,
993 5309 1106 5347 non
1142 5309 1270 5348 esse
1306 5292 1670 5361 naturaliter,
1707 5294 1804 5346 sed
1870 5292 2174 5363 positione.

528 5381 1009 5438 Concludendum
1028 5381 1308 5451 estigitur
1330 5381 1608 5452 quoniam
1626 5383 1775 5452 apud
1804 5397 1952 5451 quos
1975 5382 2174 5436 eadem

528 5474 670 5527 sunt
691 5470 1155 5541 elementa,apud
1181 5485 1278 5524 eos
1301 5486 1536 5540 quoque
1568 5472 1782 5523 easdem
1808 5486 1975 5524 voces
2008 5476 2173 5538 sunt;

528 5563 587 5616 et
609 5557 757 5631 apud
786 5574 932 5631 quos
954 5558 1167 5614 eadem
1197 5574 1361 5613 voces
1387 5558 1733 5628 sunt,iidem
1762 5562 1899 5613 sunt
1945 5558 2176 5615 intelle-

2293 4589 2429 4641 cent
2476 4584 2801 4641 orationem
2834 4602 2960 4657 quae
2993 4586 3051 4642 in
3085 4602 3219 4642 voce
3264 4590 3570 4655 consistit,
3606 4592 3662 4644 et
3693 4582 3838 4657 quod
3877 4594 3936 4634 ea

2294 4690 2421 4745 quae
2449 4681 2533 4729 est
2555 4674 2711 4730 vocis
2733 4674 3127 4740 oratio,animi
3152 4681 3331 4748 atque
3356 4677 3701 4733 intellectus
3746 4668 3936 4727 oratio-

2294 4780 2426 4819 nem
2459 4763 2747 4835 designet,
2790 4781 2913 4834 quss
2947 4766 3117 4820 tacita
3147 4766 3510 4837 cogitatione
3543 4763 3865 4829 conﬁcitur,
3889 4757 3940 4811 et

2294 4853 2445 4923 quod
2479 4851 2600 4908 hac
2632 4852 2965 4910 intellectus
2994 4855 3179 4909 oratio
3213 4856 3523 4925 subiectas
3558 4849 3938 4927 principaliter

2293 4941 2404 4997 sibi
2438 4957 2531 4996 res
2562 4940 2853 5012 concipiat
2884 4959 2949 4997 ac
2979 4942 3271 5015 designet.
3307 4945 3389 4999 Ex
3430 4945 3659 5015 quibus
3706 4942 3938 5014 quatuor

2291 5030 2440 5085 duas
2470 5029 2707 5099 quidem
2733 5031 3076 5088 Aristoteles
3090 5048 3220 5088 esse
3241 5033 3754 5089 naturaliterdicit
3781 5042 3863 5083 res
3889 5025 3939 5083 et

2291 5119 2468 5175 animi
2499 5120 2995 5190 conceptiones,id
3019 5125 3109 5176 est
3131 5137 3258 5176 eam
3284 5137 3416 5192 quae
3446 5122 3514 5176 ﬁt
3539 5123 3597 5177 in
3650 5111 3936 5181 intellecti-

2290 5208 2398 5263 bus
2426 5207 2770 5275 orationem,
2806 5207 3022 5264 idcirco
3057 5211 3210 5282 quod
3252 5210 3409 5281 apud
3475 5227 3689 5265 omnes
3741 5205 3936 5262 eadem

2290 5301 2465 5366 atque
2487 5296 2803 5352 mutabiles
2827 5297 2961 5365 sint;
2987 5299 3135 5353 duas
3157 5314 3291 5353 vero
3319 5315 3438 5353 non
3467 5286 3941 5360 naturaliter,sed

2290 5384 2577 5457 positione
2636 5384 2939 5451 constitui,
2972 5402 3099 5457 quae
3132 5391 3271 5441 sunt
3302 5386 3554 5442 nomina
3613 5393 3672 5443 et
3730 5385 3940 5445 littera,

2288 5473 2658 5543 quasidcirco
2676 5474 3328 5531 naturaliterﬁxasesse
3352 5492 3472 5529 non
3506 5472 3833 5545 dicit,quod
3864 5468 3943 5540 (ut

2285 5579 2464 5635 supra
2478 5563 2947 5618 demonstratum
2966 5567 3077 5637 est)
3094 5580 3206 5620 non
3220 5564 3447 5621 eisdem
3466 5564 3716 5621 vocibus
3730 5572 3943 5625 omnes,
