4110 6180
280 411 364 464 457

996 407 1070 459 IN
1109 401 1383 457 LIBRUM
1422 400 1516 454 DE
1554 396 2235 452 INTERPRETATIONE
2273 399 2520 454 EDITIO
2555 400 2911 454 SRCUNDA.

3561 392 3667 446 458

279 534 741 603 tiationis,neque
758 529 1039 586 orationis
1063 529 1288 600 species
1310 527 1606 595 erant,sod
1639 525 1904 597 quaadam

2029 540 2298 609 quoniam
2343 541 2613 597 novimus
2670 541 2813 596 alias
2862 556 2954 596 res
2977 556 3125 609 esse,
3175 538 3321 594 alias
3352 555 3466 593 non
3515 553 3669 607 esse,

279 626 463 680 horum
493 621 760 676 omnium
786 624 982 691 partes
1005 618 1221 691 quibus
1241 618 1364 673 haec
1380 616 1908 687 omniajungeren-

281 720 379 777 tur,
410 710 595 768 oratio
629 715 823 765 autem
852 725 1037 781 genus
1079 706 1523 771 enuntiationis,
1581 703 1909 760 enuntiatio

278 802 663 857 afﬁrmationis
685 804 740 856 et
761 794 1435 870 negationis,afﬁrmatio
1460 795 1618 866 prior
1646 793 1911 865 negatio-

276 893 577 962 ne,scilicet
609 890 943 946 secundum
967 887 1380 959 prolationem,
1405 884 1559 940 sicut
1584 884 1707 955 ipse
1728 886 1909 938 testa-

274 990 352 1038 tus
370 982 635 1052 est.Ergo
660 978 938 1051 quoniam
960 976 1083 1031 haec
1106 975 1386 1044 omnia,et
1407 974 1611 1043 oratio,
1635 981 1693 1027 et
1718 988 1907 1026 enun-

272 1073 441 1140 tiatio,
476 1076 532 1126 et
562 1068 900 1136 afﬁrmatio,
926 1071 983 1122 et
1014 1067 1246 1137 negatio
1268 1064 1460 1118 verbis
1484 1067 1541 1118 et
1572 1062 1912 1117 nominibus

272 1162 718 1233 conjunguntur,
752 1158 846 1213 his
876 1156 1153 1211 omnibus
1174 1153 1415 1209 nomina
1444 1157 1501 1207 et
1519 1153 1691 1207 verba
1716 1153 1913 1223 priora

273 1249 671 1307 sunt.Norninc
703 1251 900 1303 autem
936 1262 1028 1300 res
1059 1250 1161 1300 aut
1194 1260 1296 1314 per
1328 1259 1388 1297 se
1419 1241 1777 1310 subsistens,
1811 1244 1912 1295 aut

277 1348 543 1411 tanquam
567 1354 666 1409 per
691 1354 753 1392 se
775 1335 1103 1392 subsistens
1125 1332 1693 1405 signiﬁcatur,verbo
1714 1335 1908 1384 autem

272 1431 530 1487 accidens
564 1426 925 1497 designatur,
954 1430 1009 1480 et
1038 1423 1196 1478 velut
1223 1422 1321 1477 alii
1355 1420 1809 1491 accidens,quod
1843 1435 1911 1474 ex

270 1516 615 1591 supradictis
641 1515 879 1587 planum
904 1512 1176 1584 est,quod
1210 1516 1405 1565 autem
1432 1526 1533 1581 per
1552 1525 1613 1563 se
1641 1508 1913 1563 consistit

271 1608 425 1682 prius
456 1611 561 1662 est.
601 1606 749 1676 Ergo
782 1604 837 1658 id
872 1603 1026 1674 quod
1062 1618 1271 1656 nomen
1288 1599 1585 1671 signiﬁcat
1632 1598 1795 1669 prius
1824 1600 1914 1652 est

268 1713 433 1771 quam
459 1696 516 1749 id
546 1694 702 1766 quod
731 1693 1181 1763 verbum,quare
1200 1690 1372 1745 verbo
1402 1689 1564 1760 prius
1587 1691 1677 1743 est
1699 1703 1911 1743 nomen

266 1788 407 1857 Ergo
431 1783 715 1857 quoniam
744 1798 955 1837 nomen
978 1786 1034 1836 et
1060 1781 1304 1835 verbum
1329 1779 1611 1845 oratione,
1635 1777 1910 1832 enuntia-

2014 633 2070 682 et
2101 629 2377 699 quoniam
2404 647 2517 685 non
2540 630 2652 701 ipsi
2676 630 2865 685 dicere
2889 632 3182 701 possimus
3205 632 3261 682 et
3280 628 3500 683 sentire
3522 627 3671 683 alias

2017 734 2107 772 res
2138 735 2287 785 esse,
2321 718 2469 775 alias
2503 737 2617 774 non
2640 736 2790 775 esse.
2824 724 2904 772 Ex
2926 718 3018 772 his
3042 722 3290 789 quatuor
3312 716 3669 772 enuntiatio-

2016 808 2190 862 nibus
2211 808 2361 863 ﬁunt
2382 809 2630 880 geminae
2652 807 3171 875 contradictiones;
3196 808 3245 861 si
3271 807 3402 877 quis
3425 805 3584 861 enim
3609 805 3669 860 id

2016 897 2173 966 quod
2196 901 2285 951 est
2306 896 2461 952 dicat
2493 914 2606 951 non
2630 900 2851 968 esse,ut
2878 897 2925 952 si
2960 896 3186 952 vivente
3208 896 3446 951 Socrate
3490 895 3670 965 dicat,

2014 990 2281 1041 Socrates
2312 1002 2429 1040 non
2453 985 2611 1054 vivit,
2646 986 2798 1055 quod
2830 989 2919 1040 est
2950 989 3144 1055 negat,
3174 989 3231 1040 et
3275 984 3386 1039 erit
3438 982 3672 1055 negatio

2018 1073 2203 1141 falsa;
2230 1092 2436 1130 rursus
2455 1074 2657 1146 siquis
2681 1076 2734 1128 id
2765 1074 2922 1146 quod
2946 1090 3060 1128 non
3080 1079 3172 1128 est
3193 1090 3321 1128 esse
3342 1074 3675 1140 conﬁrmet,

2018 1168 2082 1218 ut
2113 1164 2159 1218 si
2217 1181 2331 1219 non
2379 1164 2606 1218 vivente
2667 1165 2900 1218 Socrate
2958 1164 3135 1229 dicat,
3193 1167 3459 1218 Socrates
3509 1161 3676 1230 vivit,

2020 1254 2136 1309 haec
2164 1272 2372 1310 rursus
2403 1254 2716 1310 afﬁrmatio
2747 1253 2892 1309 falsa
2923 1260 3042 1320 est;
3068 1254 3116 1309 si
3179 1254 3313 1325 quis
3371 1254 3548 1308 etiam
3610 1252 3670 1306 id

2017 1344 2170 1415 quod
2204 1348 2293 1398 est
2324 1361 2450 1399 esse
2480 1344 2883 1399 enuntiatione
2925 1342 3269 1407 constituat,
3300 1347 3366 1397 ut
3395 1342 3443 1396 si
3470 1343 3667 1397 viven-

2017 1436 2073 1487 te
2094 1438 2326 1489 Socrate
2354 1432 2676 1501 dicat,vivit
2698 1433 3137 1496 Socrates,vera
3166 1431 3277 1486 erit
3337 1430 3669 1486 afﬁrmatio.

2018 1522 2118 1577 Sin
2138 1538 2273 1577 vero
2306 1522 2461 1593 quod
2486 1538 2601 1576 non
2637 1526 2728 1576 est
2774 1537 2902 1575 esse
2934 1521 3249 1591 negaverit,
3291 1527 3382 1575 est
3436 1519 3670 1591 negatio

2018 1627 2174 1678 vera,
2209 1615 2273 1665 ut
2304 1612 2351 1665 si
2384 1610 2514 1681 quis
2538 1628 2651 1665 non
2684 1610 2914 1664 vivente
2938 1610 3175 1664 Socrate
3198 1609 3377 1675 dicat,
3400 1610 3671 1664 Socrates

2020 1718 2138 1755 non
2169 1699 2328 1754 vivit.
2347 1700 2425 1753 Ex
2443 1699 2535 1754 his
2567 1699 2765 1771 igitur,
2798 1698 2857 1752 id
2892 1702 2977 1752 est
3005 1714 3075 1752 ex
3105 1697 3498 1753 afﬁrmatione
3529 1714 3664 1752 vera

2022 1794 2081 1845 et
2134 1789 2443 1860 negatione
2468 1787 2636 1857 falsa,
2670 1791 2728 1842 et
2776 1804 2982 1842 rursus
3010 1803 3078 1841 ex
3130 1786 3440 1858 negatione
3461 1803 3597 1841 vera
3621 1791 3677 1842 et

264 1877 439 1944 tione,
472 1872 865 1929 afﬁrmatione
897 1875 954 1926 et
983 1871 1291 1942 negatione
1323 1869 1515 1941 priora
1548 1872 1910 1937 sunt,partes

2029 1877 2413 1933 afﬁrmatione
2445 1876 2611 1945 falsa,
2645 1879 2899 1946 quatuor
2930 1875 3165 1947 quidem
3210 1880 3350 1929 sunt
3404 1874 3675 1931 enuntia-

261 1965 411 2019 enim
444 1964 667 2033 priores
698 1966 840 2016 sunt
862 1960 954 2014 his
986 1977 1112 2029 quia
1134 1963 1592 2030 componuntur,
1620 1958 1758 2027 jure
1787 1956 1911 2011 Ι]ωο

262 2059 390 2109 ante
421 2054 620 2107 omnia
652 2050 895 2106 deﬁnita
938 2054 1098 2104 sunt.
1156 2047 1442 2113 Quoniam
1503 2062 1637 2103 vero
1696 2062 1909 2101 nomen

262 2145 426 2215 prius
448 2146 537 2197 est
559 2140 931 2211 verbo,prius
956 2142 1399 2207 nomen,postea
1418 2154 1550 2192 vero
1590 2135 1908 2191 difﬁnitum

264 2237 349 2288 est
380 2232 644 2286 verbum.
679 2229 791 2284 Sed
823 2227 1101 2300 quoniam
1142 2243 1315 2282 omne
1363 2242 1549 2297 genus
1607 2225 1912 2297 speciebus

266 2322 389 2377 suis
422 2321 584 2394 prius
616 2324 723 2386 est,
759 2326 890 2390 post
919 2317 1062 2383 haec,
1096 2317 1151 2370 id
1184 2320 1273 2371 est
1302 2332 1513 2371 nomen
1542 2320 1600 2371 et
1644 2315 1910 2379 verbum,

262 2410 590 2465 orationem
610 2407 964 2463 difﬁnitione
986 2405 1317 2477 descripsit,
1335 2422 1463 2476 qua:
1495 2410 1551 2460 et
1578 2405 1910 2476 proximum

258 2498 680 2556 enuntiationis
714 2513 896 2566 genus
929 2501 1104 2563 esset,
1137 2500 1193 2549 et
1210 2497 1483 2566 superius
1500 2494 1911 2550 afﬁrmationis

254 2599 308 2646 et
342 2588 675 2660 negationis
701 2604 715 2643 :
741 2590 873 2657 post
902 2584 1225 2641 orationem
1255 2599 1389 2638 vero
1420 2584 1910 2651 enuntiationem,

256 2694 384 2750 quae
417 2693 553 2732 cum
577 2676 655 2731 sit
685 2674 911 2747 species
934 2672 1238 2738 orationis,
1270 2672 1683 2728 afﬁrmationis
1714 2677 1912 2727 tamen

254 2774 313 2823 et
343 2764 672 2837 negationis
708 2768 865 2819 esset
893 2762 1241 2835 genus.Post
1271 2761 1736 2817 enuntiationem
1778 2778 1913 2818 vero

262 2855 746 2923 afﬁrmationem,
780 2869 907 2924 quze
938 2868 1275 2922 quanquam
1310 2851 1605 2922 negationi
1661 2868 1917 2921 zequaava

264 2944 493 3017 species
526 2947 681 2999 esset
711 2942 1038 2998 secundum
1096 2956 1282 3011 genus
1339 2939 1664 3011 proprium,
1722 2942 1776 2995 id
1827 2945 1917 2996 est

262 3031 823 3091 enuntiationem:in
845 3029 1169 3103 prolatione
1194 3034 1388 3085 tamen
1412 3030 1762 3101 priorest,ut
1794 3030 1917 3102 ipse

263 3125 589 3197 suprajam
609 3121 808 3177 docuit
829 3121 1029 3175 dicens
1054 3137 1066 3175 :
1088 3120 1393 3175 Estautem
1410 3136 1528 3174 una
1570 3125 1758 3192 prima
1788 3137 1916 3175 ora-

264 3215 346 3269 tio
378 3212 744 3268 enuntiativa
765 3210 1099 3275 afﬁrmatio,
1121 3209 1329 3264 deinde
1352 3209 1601 3281 negatio.
1637 3210 1743 3265 Sed
1777 3227 1919 3281 quo-

272 3305 436 3358 niam
463 3319 493 3356 a
521 3300 690 3356 nobis
711 3300 986 3371 superius
1010 3300 1232 3355 dictum
1256 3304 1341 3354 est
1361 3299 1469 3354 has
1500 3314 1632 3354 eum
1655 3300 1919 3371 quinque

274 3410 370 3447 res
402 3390 664 3445 difﬁnire
687 3388 853 3459 velle,
889 3388 1028 3459 quid
1065 3388 1141 3442 sit
1171 3388 1369 3459 dictio,
1402 3388 1541 3458 quid
1574 3389 1926 3457 enuntiatio,

271 3482 421 3553 quid
460 3478 800 3546 afﬁrmatio,
835 3477 977 3549 quid
1012 3476 1266 3549 negatio,
1324 3476 1465 3548 quid
1524 3477 1927 3535 contradictio.

271 3570 608 3626 Dictiunem
631 3567 770 3638 quid
798 3566 872 3621 sit
892 3566 1147 3622 ostendit
1169 3582 1270 3638 per
1297 3566 1356 3620 id
1390 3568 1545 3637 quod
1566 3567 1678 3623 ait:
1705 3568 1929 3624 Nomen

270 3676 417 3731 ergo
442 3662 498 3712 et
510 3657 755 3712 verbum
770 3654 947 3710 dictio
964 3653 1040 3710 sit
1056 3654 1669 3723 sola,enuntiationem
1685 3674 1817 3712 vero
1834 3672 1936 3727 per

271 3750 334 3805 id
361 3748 522 3819 quod
546 3746 628 3801 ait
654 3745 995 3800 :Estautem
1021 3744 1607 3815 simplexenuntiatio
1622 3762 1730 3801 vox
1751 3746 1936 3817 signi-

278 3837 521 3893 ﬁcativa
543 3836 614 3889 de
635 3851 701 3890 eo
722 3834 876 3905 quod
901 3838 989 3888 est
1011 3832 1230 3904 aliquid
1253 3834 1344 3888 vel
1366 3850 1481 3889 non
1508 3838 1616 3897 est,
1655 3836 1936 3906 quemad-

2023 1967 2233 2033 tiones,
2268 1966 2370 2021 sed
2401 1965 2460 2019 in
2481 1965 2710 2020 duabus
2730 1964 3065 2033 afﬁrmatio,
3099 1965 3155 2018 in
3176 1964 3407 2019 duabus
3439 1964 3671 2035 negatio

2023 2056 2376 2113 continetur.
2397 2053 2898 2110 Contradictiones
2915 2068 3047 2108 vero
3070 2053 3217 2121 duae,
3252 2053 3361 2108 hoc
3394 2058 3483 2109 est
3512 2054 3671 2109 enim

2024 2146 2178 2216 quod
2203 2145 2283 2199 ait
2304 2161 2317 2198 :
2338 2142 2625 2207 Quoniam
2647 2146 2841 2197 autem
2868 2146 2955 2197 est
2976 2142 3283 2197 enuntiare
3304 2146 3359 2197 et
3385 2144 3541 2214 quod
3583 2148 3675 2198 est

2025 2252 2139 2290 non
2163 2233 2529 2299 esse,falsam
2552 2230 3017 2287 enuntiationem
3035 2231 3360 2302 negationis
3374 2232 3629 2287 ostendit
3656 2250 3670 2299 ;

2024 2324 2297 2395 quodque
2321 2322 2632 2391 addidit,et
2661 2320 2813 2391 quod
2839 2337 2955 2375 non
2978 2324 3234 2388 estesse,
3270 2320 3478 2376 falsam
3514 2322 3674 2376 afﬁr-

2026 2413 2345 2467 mationem
2378 2410 2438 2465 in
2468 2408 2869 2465 enuntiatione
2892 2409 3223 2479 proposuit.
3256 2408 3408 2464 Illud
3443 2425 3677 2481 quoque

2026 2501 2180 2572 quod
2214 2500 2384 2565 dixit,
2416 2504 2469 2555 et
2504 2499 2657 2571 quod
2687 2502 2777 2553 est
2805 2497 3434 2565 esse,enuntiationem
3476 2515 3673 2553 veram

2026 2590 2316 2662 designat,
2350 2588 2486 2660 quia
2518 2587 2571 2643 id
2605 2587 2759 2659 quod
2792 2592 2883 2642 est
2912 2604 3041 2643 esse
3096 2604 3231 2642 vera
3285 2587 3677 2643 afﬁrmatione

2028 2680 2354 2752 profertur;
2378 2676 2636 2748 amplius
2667 2676 2816 2747 quod
2870 2676 2970 2743 ait,
3001 2680 3056 2730 et
3081 2675 3236 2745 quod
3268 2692 3383 2730 non
3415 2679 3505 2730 est
3560 2693 3677 2731 non

2029 2783 2181 2833 esse,
2215 2784 2358 2823 vers:
2392 2765 2720 2837 negationis
2751 2763 3006 2835 speciem
3037 2763 3217 2818 dedit.
3276 2765 3465 2827 Quare
3518 2768 3575 2819 et
3629 2764 3681 2817 si

2033 2858 2189 2930 quod
2224 2860 2312 2911 est
2330 2871 2463 2910 vere
2488 2858 2680 2926 potest
2704 2853 2818 2907 dici
2844 2868 2993 2921 esse,
3028 2856 3086 2906 et
3116 2852 3173 2905 id
3221 2853 3373 2921 quod
3405 2857 3495 2906 est
3536 2851 3681 2907 falso

2030 2949 2225 3019 potest
2255 2944 2557 3017 praedicari
2589 2960 2702 2997 non
2730 2947 2943 3007 esse,et
2973 2942 3031 2995 id
3062 2942 3218 3012 quod
3250 2958 3366 2996 non
3407 2946 3497 2997 est
3551 2958 3685 2996 vere

2032 3041 2220 3108 potest
2244 3034 2539 3091 enuntiari
2565 3051 2680 3089 non
2707 3049 2855 3099 esse,
2888 3037 2945 3087 et
2973 3032 3029 3086 id
3063 3033 3216 3103 quod
3250 3049 3365 3087 non
3398 3036 3488 3088 est
3538 3032 3681 3087 falso

2031 3142 2161 3181 esse
2183 3125 2394 3196 poterit
2426 3121 3117 3186 afﬁrmari,manifestum
3148 3125 3236 3176 est
3256 3137 3489 3177 omnem
3525 3121 3685 3176 afﬁr-

2037 3214 2358 3270 mationem
2381 3212 2596 3266 habere
2610 3210 2869 3281 aliquam
2894 3208 3411 3264 contradictionem
3431 3210 3690 3281 negatio-

1983 3296 1996 3321 ⁸
2038 3304 2128 3359 nis
2147 3301 2497 3375 appositam,
2531 3305 2588 3355 et
2618 3315 2852 3354 omnem
2882 3315 3085 3353 rursus
3114 3299 3485 3369 negationem
3527 3300 3689 3354 afﬁr-

2039 3390 2316 3449 mationis
2328 3389 2695 3461 oppositione
2712 3389 2896 3442 facere
2914 3388 3459 3443 contradictionem.
3473 3388 3689 3443 Etenim

2038 3482 2088 3536 si
2117 3496 2291 3537 omne
2323 3479 2476 3550 quod
2501 3478 2635 3548 quis
2665 3476 2923 3533 afﬁrmat
2953 3476 3150 3547 negari
3186 3476 3417 3546 poterit,
3447 3481 3503 3531 et
3533 3478 3690 3548 quod

2042 3570 2172 3641 quis
2191 3566 2827 3640 negatafﬁrmari,quis
2851 3565 3205 3620 dubitaverit
3225 3582 3328 3621 nec
3346 3566 3691 3621 afﬁrmatio-

2043 3676 2177 3715 nem
2210 3673 2381 3730 posse
2413 3656 2692 3711 constitui
2724 3655 2816 3709 cui
2849 3654 3082 3725 negatio
3136 3671 3251 3709 non
3303 3655 3691 3721 contradicat,

2046 3764 2152 3804 nec
2180 3746 2550 3818 negationem
2584 3745 2755 3814 cujus
2788 3742 2951 3798 nulla
2980 3743 3294 3798 afﬁrmatio
3319 3744 3507 3800 valeat
3528 3745 3694 3799 inve-

2046 3835 2393 3893 niri.0mnis
2419 3835 2596 3906 igitur
2619 3832 2934 3888 afﬁrmatio
2959 3832 3351 3903 negationem,
3380 3839 3437 3889 et
3468 3833 3697 3904 negatio

275 3928 417 3982 mod
433 3942 529 3980 um
548 3929 811 3995 tempora
831 3922 1014 3978 divisa
1035 3924 1652 3990 sunt,afﬁrmationem
1681 3942 1812 3980 vero
1840 3942 1941 3995 per

270 4019 335 4072 id
376 4016 536 4087 quod
572 4016 688 4070 ait:
714 4016 814 4069 Est
844 4018 1037 4068 autem
1072 4013 1383 4069 afﬁrmatio
1407 4015 1735 4071 enuntiatio
1759 4017 1938 4071 alicu-

259 4108 373 4177 jus
400 4105 478 4159 de
497 4104 732 4175 aliquo;
758 4102 1126 4175 negationem
1151 4118 1382 4174 quoque
1406 4103 1682 4159 difﬁnivit
1702 4105 1939 4160 dicens:

270 4192 533 4264 Negatio
566 4208 700 4246 vero
733 4190 985 4260 alicujus
1012 4191 1336 4245 enuntiatio
1371 4193 1443 4246 ab
1487 4191 1704 4263 aliquo.
1739 4193 1945 4248 Restat

272 4299 427 4353 ergo
449 4281 519 4336 de
539 4280 1001 4336 contradictione
1023 4279 1328 4336 disserere.
1351 4281 1498 4345 Quid
1531 4283 1609 4337 sit
1638 4298 1772 4354 ergo
1800 4299 1942 4338 con-

273 4370 565 4426 tradictio
607 4370 733 4440 ipse
764 4369 1143 4439 prosequitur
1167 4369 1368 4425 dicens
1392 4387 1410 4422 :

2048 3927 2226 3982 habet
2255 3926 2586 3996 oppositam
2612 3922 3091 3986 afﬁrmationem,
3123 3926 3213 3977 est
3248 3923 3431 3993 igitur
3471 3932 3701 3979 contra-

2051 4015 2228 4072 dictio
2260 4012 2578 4069 afﬁrmatio
2614 4016 2669 4066 et
2692 4011 2923 4082 negatio
2956 4011 3257 4082 oppositae.
3293 4012 3440 4077 Quid
3501 4018 3698 4067 autem

2050 4108 2128 4162 sit
2156 4104 2448 4176 oppositio
2482 4101 2773 4173 posterius
2806 4100 3121 4155 dicendum
3154 4104 3262 4167 est,
3297 4109 3396 4155 aut
3426 4100 3567 4171 quid
3620 4101 3700 4155 sit

2052 4192 2433 4251 contradictio
2461 4194 2592 4263 post
2622 4189 3074 4261 diligentissima
3099 4189 3319 4244 ratione
3334 4190 3695 4245 monstrabo.

2053 4284 2215 4350 Quod
2238 4287 2435 4337 autem
2455 4280 2620 4348 ait,et
2650 4278 2804 4334 circa
2829 4294 2894 4333 ea
2916 4294 3041 4347 qure
3069 4282 3210 4332 sunt
3251 4284 3413 4332 extra
3443 4294 3697 4349 praesens

2054 4370 2462 4444 tempora,tale
2485 4374 2574 4425 est
2588 4373 2867 4438 tanquam
2892 4367 2939 4421 si
2964 4366 3182 4421 diceret
3206 4382 3218 4421 :
3239 4368 3399 4422 Sicut
3438 4368 3700 4423 afﬁrma-

363 4459 648 4528 Quom'am
676 4462 866 4513 autem
896 4463 972 4513 est
1000 4460 1301 4514 enuntiare
1328 4464 1381 4515 et
1411 4460 1551 4530 quod
1572 4469 1648 4515 est
1679 4477 1788 4516 non
1809 4478 1947 4529 esse,
2055 4464 2134 4518 tio
2166 4466 2226 4516 et
2255 4459 2487 4531 negatio
2519 4458 2577 4512 in
2612 4456 2885 4528 przesenti
2910 4461 3167 4526 tempore
3200 4456 3326 4511 ﬁeri
3359 4462 3568 4528 potest,
3622 4458 3704 4511 ita

275 4554 340 4604 et
374 4549 523 4620 quod
545 4564 655 4603 non
686 4550 764 4602 est
792 4562 929 4617 esse,
962 4555 1013 4602 et
1040 4548 1180 4618 quod
1210 4556 1449 4618 estesse,
1480 4553 1533 4603 et
1563 4549 1703 4619 quod
1732 4567 1846 4605 non
1873 4555 1948 4605 est
2058 4555 2233 4610 etiam
2261 4551 2347 4606 vel
2371 4552 2428 4605 in
2450 4552 2736 4621 praeterito
2770 4546 2858 4602 vel
2882 4547 2943 4601 in
2973 4548 3205 4603 futuro:
3230 4565 3365 4603 nam
3412 4548 3565 4602 sicut
3605 4564 3705 4619 po-

280 4654 403 4694 non
436 4652 575 4701 esse,
604 4644 657 4691 et
684 4652 833 4691 czrca
860 4652 925 4691 ea
948 4650 1073 4707 quae
1100 4643 1232 4691 sunt
1253 4641 1412 4692 extra
1435 4653 1679 4707 praesens
1700 4648 1950 4710 tempora
1984 4622 2026 4685 Ι)
2058 4650 2169 4700 test
2199 4642 2255 4696 id
2289 4640 2441 4711 quod
2476 4642 2563 4694 est
2594 4653 2726 4693 esse
2756 4636 3059 4702 constitui,
3093 4637 3173 4691 ita
3206 4641 3395 4707 potest
3425 4637 3483 4691 id
3549 4638 3705 4708 quod

277 4728 565 4782 similiter
606 4741 769 4782 omne
850 4726 1124 4794 contingit
1183 4726 1323 4796 quod
1400 4726 1524 4797 quis
1564 4729 1948 4799 afﬁrmaverit.
2063 4732 2174 4787 fuit
2202 4730 2382 4784 fuisse
2406 4726 2672 4799 proponi,
2707 4730 2764 4780 et
2790 4725 2843 4780 id
2870 4725 3022 4796 quod
3068 4726 3328 4781 futurum
3363 4730 3450 4781 cst
3480 4726 3538 4780 in
3584 4743 3711 4797 spe-

280 4832 525 4885 negare,
546 4816 763 4888 etquod
780 4817 1058 4883 negaverit
1074 4817 1954 4888 afﬁrmare;quaremanifeslum
2064 4821 2208 4877 ciem
2235 4816 2417 4873 futuri
2445 4816 2732 4886 temporis
2755 4812 3133 4879 afﬁrmari,ut
3160 4830 3292 4868 cum
3313 4814 3567 4870 dicimus
3615 4816 3713 4870 So-

283 4916 375 4961 esl
407 4907 679 4977 quoniam
711 4906 863 4961 omni
890 4905 1266 4977 afﬁrmationi
1294 4909 1521 4976 negatio
1576 4916 1654 4962 est
1681 4910 1953 4979 opposita,
2065 4915 2250 4967 crates
2276 4909 2405 4979 fuit,
2441 4906 2527 4961 sol
2560 4909 2759 4960 aestate
2782 4903 2838 4958 in
2862 4904 3082 4959 Cancro
3105 4903 3340 4959 futurus
3372 4908 3479 4961 est.
3505 4904 3713 4960 Eodem

284 5001 345 5050 et
378 4996 540 5050 omni
568 4995 853 5065 negationz’
880 4994 1208 5065 afﬁrmatio,
1239 5001 1290 5049 et
1322 4998 1396 5051 sit
1426 4996 1524 5052 hoc
1550 4998 1955 5069 geontradictio.
2068 5000 2241 5056 modo
2267 5014 2404 5069 ergo
2427 5001 2486 5051 et
2506 4995 2574 5050 de
2599 4995 2792 5049 futuro
2825 4998 2879 5048 et
2901 4992 2972 5047 de
3003 4994 3292 5065 praeterito
3317 4994 3633 5048 afﬁrmatio
3664 4999 3722 5049 et

295 5086 629 5155 afﬁrmatio
658 5091 709 5139 et
738 5085 951 5154 negatio
979 5086 1262 5154 oppositae.
2068 5089 2304 5164 negatio
2332 5084 3303 5155 constituuntur,quemadmodum
3328 5086 3399 5139 de
3421 5084 3719 5155 praesenti:

371 5172 683 5243 Expeditis
709 5172 984 5227 omnibus
1016 5188 1143 5243 quas
1175 5188 1302 5229 sese
1353 5173 1782 5246 explicaturum
1831 5193 1961 5232 esse
2069 5183 2337 5237 futurum
2371 5180 2567 5232 autem
2600 5177 2657 5229 et
2688 5172 3045 5245 praeteritum
3106 5173 3467 5228 extrinsecus
3524 5178 3633 5241 est,
3666 5176 3723 5227 et

289 5262 687 5335 promiserat,
718 5278 875 5317 nunc
900 5263 968 5316 ad
996 5262 1281 5333 reliquam
1306 5262 1528 5319 scilicet
1551 5265 1958 5321 contradictio-
2072 5274 2278 5342 praeter
2301 5281 2556 5337 praesens
2580 5261 2989 5333 tempus.lllud
3009 5260 3166 5317 enim
3204 5262 3416 5327 veniet,
3448 5261 3593 5318 illud
3626 5277 3720 5316 re-

287 5369 442 5408 nem
479 5351 685 5407 ordine
714 5352 892 5416 venit,
914 5367 1160 5423 eamque
1180 5354 1250 5408 ab
1274 5353 1770 5411 afﬁrmationibus
1789 5372 1962 5426 nega-
2073 5357 2267 5415 cessit.
2303 5355 2476 5410 Recte
2508 5353 2691 5425 igitur
2713 5358 2766 5406 el
2784 5349 2941 5406 circa
2967 5367 3035 5406 ea
3066 5367 3196 5421 qum
3220 5354 3361 5405 sunt
3384 5355 3542 5406 extra
3588 5366 3725 5421 prae-

288 5442 695 5513 tionibusque
719 5441 1147 5513 reperitdicens
1168 5443 1444 5498 omnibus
1467 5444 1963 5500 afﬁrmationibus
2075 5464 2212 5504 sens
2242 5451 2507 5517 tempora
2537 5440 2880 5512 hujusmodi
2914 5456 3084 5510 posse
3108 5438 3495 5494 affirmatione
3547 5454 3725 5508 nega-

285 5548 488 5603 posse
511 5532 777 5604 proprias
800 5532 1139 5603 negationes
1160 5533 1392 5604 opponi,
1415 5538 1470 5589 et
1492 5536 1764 5591 omnibus
1787 5552 1964 5607 negao
2075 5538 2385 5606 tionesque
2411 5532 2551 5588 dixit
2568 5530 2835 5598 evenire;
2866 5529 3017 5584 circa
3048 5528 3205 5583 enim
3257 5528 3612 5598 praeteritum
3668 5528 3726 5578 et

280 5621 573 5676 tionibus
602 5622 871 5692 proprias
902 5638 1133 5693 quoque
1169 5639 1376 5678 rursus
1408 5639 1479 5679 ex
1510 5624 1758 5679 adverso
1808 5625 1970 5679 afﬁr-
2078 5626 2369 5693 futurum,
2402 5621 2556 5693 quod
2591 5624 2678 5675 est
2696 5620 3062 5674 extrinsecus
3085 5634 3117 5669 a
3146 5616 3416 5687 praesenti
3442 5620 3727 5685 tempore,

276 5710 606 5765 mationes
637 5725 806 5779 posse
834 5709 1142 5780 constitui;
1168 5710 1277 5766 hoc
1309 5716 1501 5767 autem
1532 5711 1667 5767 hinc
1691 5712 1964 5768 sumitur.
2079 5713 2349 5770 similiter
2369 5725 2541 5767 omne
2564 5702 3377 5779 contingit(utipseait)quod
3402 5702 3535 5772 quis
3567 5701 3733 5757 afﬁr-

604 5831 877 5893 PATROL.
923 5832 1133 5893 LXIV.
3373 5822 3447 5878 1⁵
