4090 6184
467 351 572 405 459

464 476 711 531 maverit
741 489 972 546 negare,
1006 476 1063 528 et
1092 473 1244 544 quod
1278 471 1413 543 quis
1436 470 1732 543 negaverit
1754 470 2047 525 afﬁrmare
2082 485 2095 533 ;
2130 481 2179 546 Α

464 566 621 621 unde
640 565 705 618 ﬁt
729 568 792 618 ut
812 563 870 617 in
893 561 1173 617 omnibus
1190 561 1554 632 temporibus
1576 558 1720 614 illud
1742 562 2115 619 constet,om-

467 655 526 709 ni
558 651 932 708 affirmationi
965 665 1135 722 posse
1167 651 1383 722 opponi
1415 649 1801 719 negationem,
1836 646 2113 716 omnique

470 739 769 811 negationi
801 739 1131 810 oppositam
1149 737 1603 793 afﬁrmationem
1621 753 1792 808 posse
1810 734 2109 791 constitui.

468 830 634 885 Nunc
664 832 861 883 autem
894 827 1087 899 qualis
1108 829 1316 882 debeat
1336 827 1491 882 sumi
1513 826 1827 898 oppositio,
1863 826 1921 878 in
1956 823 2111 878 afﬁr-

470 917 723 973 matione
748 921 806 972 et
829 916 1139 987 negatione
1162 915 1658 982 demonstrat,hoc
1688 914 1843 969 enim
1867 917 1957 968 est
1979 929 2114 966 con-

470 1006 1077 1074 tradictio,afﬁrmatio
1098 1010 1155 1059 et
1176 1004 1408 1077 negatio
1430 1005 1731 1075 oppositae.
1757 1003 1919 1066 Quod
1949 1002 1995 1056 si
2029 1001 2114 1055 hae

474 1096 754 1167 oppositas
773 1095 1141 1150 constituunt
1163 1094 1702 1161 contradictionem,
1720 1092 1911 1164 qualis
1933 1092 1991 1145 in
2023 1089 2116 1145 his

474 1185 646 1239 debat
669 1201 797 1240 esse
820 1183 1108 1254 oppositio
1126 1201 1247 1254 quae
1272 1183 1789 1239 contradictionem
1813 1179 2117 1235 constituit

473 1279 627 1328 recte
659 1273 1050 1344 prosequitur.

544 1364 671 1417 Dz’co
702 1366 887 1417 autem
916 1363 1116 1433 opponi
1142 1362 1387 1431 ejusdem
1416 1362 1480 1417 de
1526 1360 1731 1429 eodem,
1790 1374 1897 1415 non
1930 1365 2117 1412 autem

467 1452 757 1524 aequivoce,
772 1461 824 1506 et
840 1467 1178 1522 quaecunque
1192 1454 1382 1507 caetera
1405 1452 1610 1506 talium
1630 1449 2114 1505 determinavimus

466 1547 656 1599 contra
685 1542 1008 1613 sophistica:
1038 1541 1505 1611 importunitates.
2058 1530 2069 1535 ’

537 1632 681 1685 Cum
710 1631 941 1684 duobus
960 1630 1229 1685 terminis
1252 1629 1499 1701 simplex
1522 1628 1840 1701 propositio
1864 1630 2113 1690 constet,

466 1726 524 1775 et
547 1737 699 1774 unus
724 1719 1024 1787 subjectus
1050 1720 1210 1788 sit,et
1231 1719 1381 1774 alius
1401 1720 1752 1791 praedicetur
1774 1736 1787 1785 ;
1812 1717 2115 1785 subjectus

468 1812 661 1865 autem
697 1809 771 1863 sit
801 1809 901 1879 qui
934 1809 1159 1879 primus
1191 1808 1427 1873 dicitur,
1462 1808 1814 1880 przedicatus
1848 1822 1981 1861 vero
2010 1803 2109 1875 qui
2145 1840 2188 1919 Β

474 1918 497 1919 η
558 1906 627 1919 ,a,
677 1902 687 1919 9
748 1918 757 1919 κ
846 1901 963 1919 1!,"
1002 1900 1089 1919 SH,
1137 1899 1487 1919 -m,___!L!A,--
1548 1897 1990 1919 μυομμ--ι2Α-Α...
2060 1900 2108 1919 -1
2178 1916 2181 1919 ν

472 1902 804 1973 posterius;
830 1901 972 1955 dicit
1001 1900 1101 1955 illa
1129 1899 1493 1971 oppositione
1544 1897 1995 1955 affirmationem
2055 1900 2111 1950 et
2145 1897 2181 1925 π

475 1992 842 2062 negationem
876 1990 1161 2060 integram
1178 1988 1535 2044 constituere
1568 1986 2114 2056 contradictionem,

474 2097 600 2150 quae
624 2079 776 2135 idem
800 2078 1130 2149 subjectum
1155 2078 1426 2145 habeant,
1452 2079 1604 2132 idem
1636 2076 1812 2132 etiam
1838 2075 2115 2147 praedica-

471 2173 621 2234 tum,
656 2174 719 2223 ut
741 2185 928 2239 neque
959 2168 1291 2239 subjectum
1324 2183 1514 2237 neque
1544 2166 1921 2237 praedicatum
1948 2163 2117 2233 plura

472 2257 1005 2330 signiﬁcet,alioqui
1040 2273 1157 2312 non
1190 2257 1299 2311 erit
1337 2256 1719 2311 contradictio
1771 2271 1873 2309 nec
1922 2252 2117 2321 aliqua

472 2348 763 2421 oppositio
797 2354 862 2403 ut
885 2364 1014 2403 cum
1039 2348 1189 2414 dico,
1223 2348 1493 2402 Socrates
1529 2345 1699 2401 albus
1723 2348 1832 2412 est,
1876 2348 1932 2398 et
1963 2342 2116 2396 alius

472 2438 636 2504 dicit,
663 2437 925 2508 Ethiops
956 2437 1123 2492 albus
1148 2454 1262 2492 non
1294 2441 1402 2505 est,
1427 2436 1548 2491 haec
1580 2434 1893 2490 affirmatio
1943 2436 2117 2503 atque

471 2526 704 2598 negatio
764 2544 878 2581 non
963 2530 1103 2580 sunt
1187 2526 1494 2596 Oppositze,
1547 2524 1763 2578 idcirco
1824 2522 1964 2592 quia
2034 2523 2119 2574 est

471 2616 629 2671 aliud
656 2616 986 2686 subjectum
1001 2619 1055 2670 et
1072 2615 1221 2669 idem
1240 2613 1711 2686 praedicatum.1n
1730 2612 1823 2666 alti
1835 2609 2118 2664 rmatione

470 2706 624 2760 enim
649 2705 916 2760 Socrates
940 2705 1241 2774 subjectus
1264 2703 1461 2772 fuit,in
1486 2702 1789 2772 negatione
1828 2698 2113 2769 Ethiops.

472 2794 698 2849 Rursus
716 2810 849 2848 cum
876 2793 1308 2862 dico,Socrates
1329 2792 1499 2846 albus
1529 2795 1639 2859 est,
1672 2794 1728 2844 et
1757 2788 1909 2843 alius
1950 2786 2113 2853 dicit,

468 2886 735 2939 Socrates
764 2882 1153 2954 philosophus
1179 2898 1292 2935 non
1318 2885 1538 2946 est,nec
1561 2879 1678 2933 haec
1701 2895 1908 2933 rursus
1939 2893 2115 2948 nega-

471 2973 551 3028 tio
583 2976 787 3028 contra
809 2971 1261 3026 afﬁrmationem
1284 2969 1493 3025 retinet
1511 2967 1960 3040 Oppositionem,
1986 2966 2116 3019 ideo

469 3064 607 3133 quia
637 3062 791 3115 aliud
828 3061 1206 3132 pradicatum
1239 3060 1300 3114 in
1335 3059 1597 3128 utrisque
1656 3056 2022 3128 proponitur,
2057 3054 2114 3107 in

468 3150 860 3206 affirmatione
888 3151 1047 3205 enim
1073 3150 1271 3204 album
1309 3147 1657 3217 przedicatur
1688 3147 1759 3201 ad
1793 3146 2113 3211 Socratem,

466 3239 529 3293 in
562 3240 866 3306 negatione
891 3209 1467 3309 pbilosophus.Quod
1502 3237 1551 3292 si
1587 3241 1832 3305 utraque
1860 3209 2110 3289 suntdié
2145 3209 2187 3274 (ἶ

463 3326 850 3393 versa,multo
870 3326 1061 3398 magis
1084 3326 1250 3380 nulla
1271 3327 1335 3380 ﬁt
1366 3324 1681 3396 oppositio,
1714 3328 1778 3378 ut
1807 3340 1941 3378 cum
1993 3323 2121 3378 dico

471 3417 742 3473 Socrates
770 3413 1158 3486 philosophus
1180 3414 1343 3481 est,si
1380 3413 1735 3484 respondeat
1753 3411 1924 3481 alius,
1959 3411 2121 3465 Plato

468 3506 771 3561 Romanus
804 3521 920 3559 non
954 3507 1064 3569 est,
1096 3502 1191 3558 hic
1220 3518 1404 3573 neque
1436 3503 1592 3557 idem
1625 3502 1956 3572 subjectum
2010 3505 2117 3567 est,

470 3612 660 3668 neque
681 3596 833 3651 idem
862 3594 1327 3666 praedicatum,et
1349 3594 1483 3664 plus
1506 3593 1884 3647 istmdiversae
1901 3595 2123 3660 sunt,et

473 3684 634 3740 nulla
665 3689 867 3739 contra
898 3700 960 3738 se
990 3682 1358 3754 oppositione
1405 3681 1762 3751 compositae,
1797 3690 1968 3751 atque
1991 3681 2120 3735 ideo

477 3777 729 3845 possunt
752 3776 1013 3842 utraeque
1045 3771 1223 3826 simul
1255 3786 1383 3826 esse
1413 3786 1579 3836 verte,
1613 3770 1725 3825 etsi
1754 3769 1839 3823 ita
1896 3769 2117 3823 contin-

476 3862 563 3935 git
593 3866 849 3932 utraaque
882 3861 1057 3917 simul
1082 3876 1210 3916 esse
1242 3859 1423 3928 falsae,
1455 3876 1559 3914 nec
1592 3875 1706 3913 non
1766 3858 1941 3913 etiam
2002 3875 2122 3913 una

472 3950 820 4021 vera,altera
843 3951 1153 4014 falsa.Qua3
1174 3950 1330 4005 enim
1364 3966 1425 4004 se
1458 3966 1572 4003 non
1599 3948 1919 4021 perimunt,
1972 3947 2119 4004 nihil

473 4059 575 4099 eas
596 4043 844 4114 impedit
865 4048 967 4099 aut
987 4047 1267 4113 utrasque
1297 4041 1603 4109 falsas,aut
1627 4044 1906 4111 utrasque
1928 4056 2115 4111 veras,

464 4138 573 4189 aut
595 4150 772 4188 unam
798 4131 1240 4200 veram,falsum
1258 4131 1441 4186 altera
1456 4130 1692 4202 reperiri
1720 4146 1732 4184 :
1760 4146 1940 4201 quare
1982 4147 2119 4199 quo-

466 4238 598 4277 rum
622 4222 711 4277 vel
736 4221 896 4277 aliud
920 4221 1252 4291 subjectum
1279 4226 1384 4289 est,
1406 4218 1495 4275 vel
1527 4218 1685 4273 aliud
1712 4218 2112 4289 praedicatum,

466 4310 854 4382 illa'opposita
879 4328 1006 4366 esse
1030 4327 1144 4365 non
1169 4309 1461 4377 dicimus;
1487 4308 1641 4363 unde
1674 4308 1737 4362 ﬁt
1774 4314 1834 4362 ut
1867 4324 1970 4363 nec
2014 4306 2114 4363 illa

464 4416 698 4470 quoque
732 4417 858 4471 quae
882 4399 1053 4471 plura
1076 4399 1427 4470 signiﬁcant,
1461 4398 1511 4453 si
1545 4398 1812 4467 subjecta
1840 4402 1940 4452 aut
1963 4414 2108 4468 prte-

462 4488 655 4543 dicata
686 4488 806 4544 sint
835 4488 1345 4543 contradictoriam
1372 4487 1741 4558 negationem
1762 4486 2109 4542 valeantcu-

462 4577 762 4633 stodire.Si
796 4576 931 4649 quis
962 4577 1115 4633 enim
1145 4594 1362 4633 nomen
1394 4577 1755 4648 sequivocum
1804 4575 2104 4647 subjiciat,
2139 4569 2185 4635 D

459 4670 515 4721 et
538 4666 692 4722 aliud
719 4668 1009 4739 pradicet,
1036 4671 1099 4721 ut
1121 4668 1169 4721 si
1193 4668 1321 4737 quis
1346 4669 1546 4721 contra
1578 4665 1920 4735 hujusmodi
1943 4665 2105 4719 affir-

457 4756 775 4811 mationem
809 4757 1127 4812 constituat
1158 4756 1551 4829 negationem,
1586 4771 1700 4809 non
1734 4754 1906 4809 faciet
1935 4770 2106 4824 oppo-

455 4844 729 4901 sitionem
757 4851 855 4902 :ut
878 4863 1012 4903 cum
1047 4848 1199 4915 dico,
1232 4850 1371 4901 Cato
1396 4862 1456 4900 se
1481 4845 1654 4900 Uticze
1712 4844 1942 4910 occidit,
2002 4861 2103 4899 no-

452 4952 587 4992 men
620 4936 727 4993 hoc
745 4939 897 5011 quod
921 4938 1137 4993 dicitur
1167 4939 1305 4994 Cato
1355 4935 1716 5007 aaquivocum
1768 4938 1874 4989 est.
1912 4934 2106 4989 Potest

447 5026 603 5082 enim
629 5034 684 5083 et
717 5026 1216 5097 Oratorintelligi,
1249 5030 1306 5081 et
1328 5023 1422 5078 hic
1456 5024 1551 5096 qui
1585 5022 1907 5079 exercitum
1940 5023 2105 5078 duxit

448 5114 507 5170 in
538 5116 887 5173 Africam.Si
922 5116 1054 5184 quis
1076 5115 1257 5186 igitur
1278 5113 1456 5179 dicat,
1490 5112 1627 5167 Cato
1660 5129 1721 5167 se
1752 5111 1928 5166 Uticae
1951 5111 2101 5167 occi-

448 5204 552 5272 dit,
587 5210 779 5277 potest
809 5207 1056 5262 fortasse
1086 5203 1334 5274 intelligi
1369 5203 1439 5257 de
1490 5204 1701 5256 Catone
1761 5201 2007 5257 Marciaa.
2042 5201 2098 5255 Si

448 5294 577 5364 quis
610 5296 1125 5367 respondeat,Cato
1144 5310 1206 5348 se
1228 5292 1402 5347 Uticae
1428 5309 1542 5347 non
1569 5291 2000 5362 occidit,potest
2029 5292 2099 5347 de

447 5384 663 5440 Catone
684 5385 958 5440 Censorio
981 5382 1361 5439 constituisse
1396 5381 1789 5452 negationem.
1822 5382 1929 5436 Sed
1964 5398 2097 5452 quo-

446 5472 607 5529 niam
632 5474 897 5528 diversus
922 5478 1011 5528 est
1027 5473 1159 5527 Cato
1187 5471 1497 5526 Censorius
1525 5487 1557 5523 a
1587 5471 1802 5526 Catone
1844 5470 2094 5539 Marciae,

444 5566 500 5617 et
523 5578 734 5617 nomen
759 5562 955 5634 ipsum
982 5560 1215 5617 Catonis
1240 5559 1473 5615 diversa
1510 5550 1824 5630 significat,
1857 5559 2093 5616 diversos

445 5669 477 5707 a
500 5669 561 5709 se
585 5651 899 5709 afﬁrmatio
921 5655 978 5708 et
1001 5652 1329 5723 negatio.Et
1360 5650 1415 5704 id
1451 5667 1562 5707 non
1587 5650 1821 5707 omnino
1863 5650 2094 5723 perimit

1741 349 1857 401 AN.
1902 345 2127 398 MANL.
2165 345 2323 399 sev.
2364 348 2602 425 Boa'rn

3725 363 3808 415 ῘιῦΟ

2218 472 2465 540 negatio,
2495 475 2646 545 quod
2675 475 2977 530 constituit
3006 477 3336 533 afﬁrmatio.
3360 479 3654 538 Affirmatio
3676 486 3802 541 enim

2218 560 2523 614 constituit
2549 561 2769 617 Marciae
2793 564 3067 620 Catonem
3092 583 3153 620 se
3175 566 3345 621 Utica
3379 571 3689 639 peremisse.
3716 574 3811 628 Nc-

2217 648 2369 717 gatio
2400 665 2534 703 vero
2559 651 2697 705 dicit
2728 652 3031 724 Catonem,
3063 655 3109 710 si
3143 655 3225 711 ita
3244 657 3808 729 contingit,0ratorem

2219 752 2332 790 non
2362 755 2421 792 se
2447 738 2618 795 Uticae
2638 743 3174 813 peremisse.Quare
3209 763 3319 801 non
3356 751 3695 804 constituunt
3735 770 3814 807 ve-

2219 841 2350 879 rum
2384 827 2533 882 inter
2551 846 2611 884 se
2644 830 3003 905 falsumque,
3036 834 3254 889 idcirco
3288 837 3439 906 quod
3472 854 3502 891 a
3532 854 3589 892 se
3610 839 3815 895 diversa:

2218 920 2376 969 sunt.
2412 917 2556 972 Nam
2582 925 2898 993 utrumque
2930 941 3131 978 verum
3164 930 3272 992 est,
3308 930 3364 995 et
3394 929 3540 997 quod
3596 946 3655 983 se
3703 930 3822 985 Cato

2220 1002 2396 1059 Uticae
2414 1009 2876 1078 oceidit,scilicet
2897 1014 3147 1078 Marciae,
3176 1020 3231 1068 et
3254 1015 3406 1085 quod
3430 1032 3489 1085 se
3514 1015 3639 1072 Cato
3670 1017 3826 1075 Uticae

2220 1108 2332 1146 non
2367 1095 2599 1162 occidit,
2633 1099 2853 1154 scilicet
2885 1101 3107 1171 Orator,
3143 1108 3312 1173 atque
3355 1104 3444 1161 hic
3500 1106 3825 1176 aequivocum

2219 1180 2551 1249 subjectum
2578 1184 2802 1253 fecit,ut
2829 1186 2947 1241 hinc
2982 1188 3294 1243 afﬁrmatio
3327 1195 3382 1245 et
3409 1196 3631 1262 negatio
3678 1211 3831 1264 oppo-

2220 1268 2492 1324 sitionem
2526 1273 2686 1328 nullo
2708 1277 2879 1331 modo
2909 1278 3353 1334 constituerent.
3389 1282 3545 1346 Quod
3575 1282 3617 1337 si
3644 1283 3830 1353 praedi-

2220 1366 2411 1413 catum
2436 1362 2605 1417 fuerit
2636 1366 3243 1437 a=quivocum,eodem
3280 1374 3453 1425 modo
3484 1373 3835 1427 contradictio

2218 1463 2331 1501 non
2355 1449 2608 1505 fit.Dicat
2631 1454 2784 1507 enim
2806 1456 3139 1527 quisquam,
3173 1458 3309 1514 Cato
3344 1460 3513 1514 fortis
3546 1465 3649 1529 est,
3677 1464 3729 1515 et
3776 1462 3837 1516 dc

2218 1536 2432 1594 Catone
2455 1542 2730 1610 praedicet
2754 1545 3155 1601 fortitudinem
3184 1549 3422 1618 mentis,
3448 1549 3705 1620 aliusque
3735 1568 3844 1605 res-

2220 1628 2491 1696 pondeat,
2517 1628 2654 1684 Cato
2680 1630 2847 1686 fortis
2882 1650 2993 1689 non
3018 1637 3210 1703 est,ad
3246 1637 3704 1693 imbecillitatem
3728 1656 3841 1692 cor-

2220 1715 2377 1783 poris
2410 1723 2706 1789 spectans,
2743 1722 2821 1775 ita
2855 1722 3036 1793 igitur
3067 1726 3449 1796 :equivocatio
3506 1726 3848 1781 fortitudinis

2220 1804 2663 1876 ambiguitatem
2701 1809 2985 1882 fecit,qure
3006 1814 3434 1884 oppositionem
3462 1814 3625 1870 nulla
3646 1816 3849 1870 ratione

2218 1902 2591 1963 componeret
2624 1914 2636 1964 ;
2669 1902 2724 1951 et
2754 1900 2802 1952 si
2836 1906 3077 1971 uterque
3108 1904 3400 1959 terminus
3455 1904 3753 1975 subjectus
3803 1909 3854 1959 et

2218 1983 2567 2052 praedicatus
2586 1986 2860 2056 (equivoci
2886 1990 3123 2057 fuerint,
3143 1991 3327 2047 multo
3350 1992 3543 2065 magis
3577 1993 3803 2048 diversa
3825 2009 3854 2047 ο.

2221 2088 2280 2125 se
2305 2078 2478 2127 erunt
2499 2076 2929 2146 propositiones
2954 2083 3011 2133 et
3044 2096 3156 2134 non
3183 2082 3607 2152 opposita’mec
3628 2083 3773 2137 inter
3800 2097 3855 2137 se

2217 2176 2420 2215 verum
2450 2162 2778 2236 falsumque
2809 2166 3158 2238 dividentes,
3194 2171 3291 2224 sed
3342 2174 3632 2243 utrasque
3688 2188 3861 2235 veras,

2219 2248 2515 2306 interdum
2551 2259 2832 2327 utrasque
2890 2256 3066 2313 falsas
3129 2275 3259 2313 esse
3327 2261 3643 2332 contingit.
3699 2261 3871 2324 Quare

2221 2357 2402 2394 unum
2425 2347 2791 2412 oportetesse
2808 2346 3479 2420 subjectum,unumque
3501 2352 3873 2422 praedicatum,

2221 2429 2360 2484 utid
2392 2433 2545 2502 quod
2575 2434 2889 2489 affirmatio
2914 2438 3247 2509 praedicavit
3271 2447 3323 2493 el
3349 2442 3578 2510 junxit,
3613 2441 3761 2495 idem
3784 2455 3873 2494 ne-

2222 2519 2377 2590 gatio
2411 2522 2631 2576 dividat
2662 2528 2717 2577 et
2742 2525 3044 2597 abjungat,
3071 2533 3125 2581 et
3156 2526 3208 2579 id
3235 2531 3397 2597 quod
3435 2531 3508 2584 de
3526 2530 3788 2600 subjecto
3811 2529 3881 2582 af-

2222 2608 2473 2665 ﬁrmatio
2508 2613 2837 2682 praedicavit
2876 2616 2946 2669 de
2976 2616 3178 2670 eodem
3213 2617 3456 2690 negatio
3522 2623 3714 2690 neget.
3749 2618 3880 2674 Nam

2224 2697 2271 2751 si
2308 2698 2381 2751 sit
2405 2704 2646 2771 uterque
2667 2703 2997 2774 aequivocus
3025 2706 3310 2760 terminus
3340 2709 3725 2780 autquilibet
3746 2724 3886 2762 unus

2223 2802 2446 2855 eorum,
2483 2789 2601 2843 fieri
2637 2796 2827 2862 potest
2860 2797 2920 2846 ut
2951 2794 3109 2848 aliud
3141 2795 3305 2850 tollat
3343 2799 3591 2869 negatio
3616 2814 3785 2867 quam
3817 2797 3887 2849 af-

2223 2872 2483 2932 ﬁrmatio
2503 2880 2714 2948 posuit.
2741 2880 2941 2951 Itaque
2966 2882 3124 2937 nulla
3144 2884 3206 2937 tit
3232 2888 3767 2957 oppositio.Quare
3788 2902 3891 2940 non

2222 2962 2303 3017 ita
2336 2966 2669 3021 faciendum
2703 2973 2807 3035 est,
2844 2972 2941 3025 sed
2976 2972 3129 3026 idem
3155 2973 3507 3044 subjectum
3543 2984 3602 3031 et
3625 2977 3891 3048 pradica-

2222 3057 2345 3108 tum
2380 3055 2437 3109 in
2462 3058 2850 3114 afﬁrmatione
2871 3077 2999 3115 esse
3023 3062 3213 3128 debet,
3240 3062 3410 3120 idem
3463 3066 3524 3120 in
3552 3065 3893 3138 negatione;

2224 3146 2398 3214 atque
2422 3143 2531 3200 hoc
2562 3151 2650 3200 est
2671 3149 2819 3217 quod
2847 3148 2964 3203 ait:
2990 3149 3128 3204 Dico
3154 3156 3358 3208 autem
3386 3155 3619 3226 opponi
3644 3156 3895 3224 ejusdem

2228 3231 2297 3285 de
2321 3234 2545 3303 eodem,
2571 3252 2681 3291 non
2709 3242 2906 3292 autem
2930 3240 3429 3310 azquivoce.Quod
3457 3244 3627 3299 enim
3652 3245 3735 3298 ait
3756 3244 3897 3313 ejus-

2230 3320 2461 3389 dem,ad
2487 3323 2864 3394 przedicatum
2890 3327 3107 3394 retulit,
3134 3330 3293 3400 quod
3322 3332 3401 3386 de
3434 3335 3653 3389 eodem
3679 3334 3749 3388 ad
3774 3332 3900 3387 sub-

2221 3411 2470 3479 jectum,
2496 3414 3038 3471 etsubaudiendum
3062 3422 3172 3483 est,
3192 3419 3329 3475 dico
3351 3425 3567 3477 autem
3589 3422 3803 3495 opponi
3821 3436 3905 3474 ne-

2228 3501 2519 3571 gationem
2552 3504 2813 3574 ejusdem
2839 3505 3127 3577 praedicati
3152 3508 3222 3561 de
3254 3511 3483 3565 eodem
3513 3529 3584 3567 su
3599 3509 3906 3582 bjecto,scd

2230 3605 2341 3643 non
2367 3589 2487 3645 sint
2515 3593 2821 3663 equivoca,
2853 3611 3038 3666 neque
3072 3597 3455 3668 subjectum,
3476 3616 3677 3671 neque
3711 3599 3908 3673 praedi-

2229 3683 2445 3749 catum,
2480 3684 2536 3735 et
2566 3682 2751 3738 multo
2784 3685 2972 3755 magis
3006 3689 3275 3755 utraque,
3314 3691 3430 3744 sed
3470 3708 3669 3746 unum
3705 3688 3914 3760 aliquid

2229 3768 2576 3839 significent.
2610 3771 2771 3833 Quod
2805 3788 2906 3843 per
2937 3772 3043 3827 hoc
3078 3773 3222 3828 dixit
3251 3779 3427 3845 quod
3456 3779 3703 3849 ait,non
3724 3785 3912 3834 autem

2226 3857 2538 3929 aequivoce,
2564 3874 2668 3915 nec
2691 3860 2813 3915 sola
2835 3861 2883 3917 si
2903 3880 3014 3917 non
3041 3863 3117 3917 sit
3138 3866 3743 3939 azquivocatio,ratio
3759 3870 3918 3925 firma

2227 3951 2315 4001 est
2346 3948 2414 4001 ad
2478 3951 2947 4006 constituendam
2994 3954 3476 4025 oppositionem.
3518 3960 3713 4014 Multa
3771 3957 3919 4013 enim

2226 4041 2365 4091 sunt
2395 4055 2523 4108 qua:
2556 4038 2612 4092 in
2647 4039 2983 4110 sophisticis
3016 4042 3280 4099 elenchis
3308 4061 3542 4105 contra
3584 4066 3690 4106 eos
3722 4048 3821 4120 qui
3849 4063 3927 4103 ar-

2223 4130 2518 4196 gumentis
2570 4126 2870 4183 fallacibus
2899 4147 3040 4185 verre
3099 4134 3361 4192 rationis
3399 4138 3575 4195 viam
3643 4142 3928 4193 conantur

2222 4220 2477 4271 evertere
2540 4217 2972 4287 determinavit,
3034 4224 3588 4292 quemadmodum
3654 4227 3931 4285 faciendae

2221 4310 2419 4361 essent
2451 4306 2899 4378 propositiones,
2929 4312 2985 4364 et
3006 4314 3545 4380 quemadmodum
3574 4316 3932 4373 invenienda

2219 4398 2373 4448 esset
2404 4400 2885 4465 argumentorum
2918 4397 3164 4467 fallacia,
3192 4404 3367 4470 quod
3396 4404 3508 4461 hic
3528 4408 3621 4463 ait
3646 4424 3663 4463 ι
3687 4408 3761 4463 Et
3794 4420 3934 4478 quaa-

2216 4499 2445 4554 cunque
2475 4489 2678 4539 cetera
2708 4485 2911 4542 talium
2934 4488 3429 4549 determinamus
3465 4502 3691 4551 contra
3744 4495 3935 4567 sephi-

2218 4572 2396 4628 sticas
2417 4573 2915 4645 importunitates,
2935 4580 3216 4648 tanquam
3236 4580 3293 4633 si
3324 4583 3583 4642 diceret
3609 4602 3625 4640 ε
3649 4586 3797 4642 Dico
3820 4583 3937 4657 qui-

2218 4662 2347 4717 dem
2368 4663 2579 4735 opponi
2604 4664 3048 4721 afﬁrmationem
3073 4668 3393 4737 negationi
3412 4676 3715 4744 ejusdem
3740 4676 3940 4748 praedi-

2216 4750 2324 4803 cati
2361 4752 2429 4805 de
2458 4753 2658 4806 eodem
2720 4754 3004 4825 subjecto,
3064 4755 3173 4811 hoc
3245 4764 3315 4813 et
3379 4779 3789 4837 quascunque
3833 4763 3941 4821 alia

2216 4845 2377 4909 sunt,
2410 4858 2536 4911 quos
2566 4841 2623 4895 in
2657 4842 2993 4912 sophisticis
3026 4844 3295 4902 elenchis
3339 4851 3790 4912 deter-minata
3809 4860 3942 4911 sunt

2216 4934 2415 4984 contra
2437 4935 2918 5001 argumentorum
2939 4933 3473 5004 importunitates.
3492 4944 3566 4998 Et
3583 4944 3690 5001 hic
3709 4946 3941 5017 quidem

2215 5017 2488 5089 quoniam
2522 5018 2679 5074 aliud
2718 5021 3018 5092 negotium
3053 5028 3194 5090 erat,
3229 5035 3783 5092 commodissime
3817 5037 3942 5090 bre-

2211 5108 2471 5178 viterque
2506 5107 2863 5179 perstrinxit.
2897 5109 3012 5165 Nos
3044 5117 3237 5168 autem
3269 5117 3441 5186 quid
3482 5121 3550 5175 in
3592 5122 3945 5197 sophisticis

2212 5196 2469 5253 elencbis
2485 5198 2960 5255 determinaverit
2976 5202 3045 5256 ad
3061 5202 3335 5258 constitu
3348 5212 3605 5269 endam
3623 5214 3949 5287 oppositio-

2212 5286 2301 5342 nis
2334 5286 2879 5355 contradictionem,
2914 5297 3198 5360 quantum
3224 5290 3535 5356 brevitas
3565 5286 3945 5372 patiturmou

2208 5392 2522 5449 gravamur
2545 5393 2852 5448 apponere.
2882 5382 3003 5433 Non
3024 5380 3177 5434 enim
3198 5380 3430 5442 solum
3462 5391 3521 5445 si
3548 5392 3949 5463 aequivocatio

2206 5467 2266 5521 in
2304 5465 2803 5538 propositionibus
2836 5468 3151 5524 collocetur
3180 5470 3369 5528 nulla
3407 5477 3485 5531 ﬁt
3511 5482 3948 5547 contradictio,

2206 5572 2407 5646 verum
2440 5556 2617 5611 etiam
2652 5555 2702 5611 si
2763 5558 3089 5613 univocatio
3123 5560 3181 5613 in
3240 5567 3620 5635 negatione
3683 5574 3951 5646 ponitur,

2204 5645 2303 5701 illa
2324 5644 2621 5718 Oppositio
2645 5647 3165 5704 contradictionem
3190 5651 3473 5719 penitus
3496 5674 3631 5717 non
3657 5644 3945 5719 habebit:
