4106 6172
412 186 515 240 471
1692 179 1809 231 AN.
1851 177 2033 231 MAN]

2197 177 2277 229 ιν.
2317 176 2530 231 BOETI
2537 179 2558 227 Ι
3721 176 3818 230 472

416 309 659 382 quidam
690 307 866 363 homo
890 308 1095 377 justus
1128 321 1239 360 non
1271 308 1381 359 est.
1410 306 1476 356 Et
1508 318 1715 356 rursus
1738 300 1797 354 in
1820 316 1884 354 eo
1917 299 2071 370 quod
2104 301 2151 366 A
2187 299 2276 370 pis
2298 317 2409 356 non
2435 304 2543 369 est,
2569 317 2687 355 una
2716 315 2869 368 vera,
2905 297 3105 354 statim
3140 296 3288 353 falsa
3314 297 3508 354 altera
3536 300 3817 369 reperitur,

416 398 739 468 est,nullus
768 398 1166 468 bomojustus
1199 400 1309 463 est,
1341 392 1618 465 quoniam
1666 390 1810 447 falsa
1844 390 2072 461 negatio
2184 396 2363 461 atque
2422 391 2550 446 ideo
2601 390 2687 444 bis
2746 397 2948 444 contra
3010 387 3387 443 universales
3446 389 3819 445 universaliter

416 498 669 560 est,vera
696 498 781 546 est
813 486 1398 556 afﬁrmatio,quidam
1424 484 1809 555 bomojustus
1828 487 2075 538 estHaec
2184 480 2525 551 praedicatus
2559 479 2780 534 faciunt
2811 477 3358 534 contradictionem.
3396 478 3535 534 Nam
3557 479 3603 531 si
3625 484 3806 535 contra

423 587 621 639 antem
652 578 1003 635 universalis
1033 575 1352 632 affirmatio
1372 579 1427 629 et
1450 574 1822 645 particularis
1845 573 2077 645 negatio
2184 568 2343 623 illam
2378 585 2505 640 quae
2535 574 2624 624 est
2654 568 2845 623 omnis
2878 568 3051 623 homo
3075 567 3278 637 justus
3321 571 3430 633 est,
3455 583 3522 621 ea
3567 584 3686 637 quae
3735 575 3812 624 est

423 690 552 743 quae
577 672 715 726 sunt
741 667 1071 735 angulares,
1098 670 1155 720 et
1186 663 1533 719 universalis
1556 664 1874 735 negatio,et
1905 662 2079 734 parti-
2186 657 2363 712 homo
2383 658 2587 727 justus
2618 673 2731 711 non
2779 660 2888 726 est,
2921 656 2981 711 in
3012 656 3377 726 oppositione
3409 656 3804 723 constituatur,

427 760 644 817 cularis
679 757 1150 826 afﬁrmatio,qua2
1175 756 1313 825 ipsa:
1335 770 1567 826 quoque
1584 758 1723 808 sunt
1743 752 2078 823 angulares,
2196 762 2314 801 una
2343 762 2575 817 semper
2603 762 2739 801 vera
2770 748 2878 814 est,
2912 744 3094 799 altera
3123 743 3284 799 lalsa.
3320 743 3390 797 Es
3418 744 3463 797 si
3487 749 3683 798 contra
3703 762 3812 799 eam

429 847 896 906 contradictoris:
943 846 1347 900 nominantur.
1382 847 1449 897 Et
1488 843 1610 897 haec
1643 841 1753 896 illae
1784 847 1873 897 est
1902 856 2080 912 quam
2193 852 2319 906 quae
2352 839 2440 890 est
2475 835 2672 891 nullus
2702 835 2878 890 homo
2904 835 3103 905 justus
3135 838 3225 888 est
3250 832 3551 887 indeﬁnite
3577 835 3814 903 proposi-

427 938 633 1010 quzerit
660 934 1045 990 contradictio
1076 933 1137 987 in
1169 950 1285 1004 qua
1319 949 1434 987 una
1463 947 1697 1002 semper
1721 948 1875 1000 vera,
1904 930 2086 985 altera
2192 924 2273 979 tio
2294 941 2416 995 quae
2441 928 2551 990 est,
2571 925 2964 995 bomojustus
2985 926 3074 977 est
3094 927 3446 992 opponatur,
3469 937 3667 1010 verum
3686 921 3820 977 inter

432 1043 665 1097 semper
676 1024 826 1079 falsa
843 1023 1280 1094 sit.Superioris
1297 1028 1491 1076 autem
1510 1020 1928 1092 disputationis
1941 1020 2086 1074 inte-
2194 1030 2256 1069 se
2272 1014 2695 1085 propositiones
2710 1013 3043 1083 falsumque
3055 1011 3301 1065 distribu
3313 1016 3418 1065 unt
3431 1009 3580 1066 sicut
3594 1011 3821 1065 deﬁnitae

429 1133 602 1190 grum
636 1114 1052 1185 descriptionis
1070 1112 1447 1167 subdidimus
1475 1109 2088 1181 exemplar,quatenus
2198 1120 2430 1174 quoque
2446 1101 2864 1158 universalium
2885 1100 3653 1173 propositiones,secundum
3673 1100 3826 1171 parti-

434 1188 589 1277 quod
623 1205 819 1259 animo
878 1201 1347 1274 cogitationeque
1410 1206 1759 1271 conceptum
1791 1203 1880 1255 est
1909 1198 2092 1254 oculis
2198 1191 2427 1247 culares
2444 1196 2618 1262 atque
2637 1191 2998 1247 universales
3017 1190 3297 1260 opposita:
3319 1188 3828 1259 quantitates,con-

432 1293 767 1367 expositum
802 1291 1096 1347 memoriae
1114 1290 1381 1345 tenacius
1414 1290 1712 1359 infigatur.
2201 1280 2571 1336 tradictorias
2597 1280 2823 1335 faciunt
2839 1278 3257 1350 oppositiones.
3280 1280 3472 1341 Quare
3494 1282 3715 1331 constat
3741 1294 3827 1332 eas

2204 1387 2329 1441 quae
2363 1368 2690 1424 universale
2716 1385 2829 1424 non
2858 1366 3272 1423 universaliter
3295 1366 3617 1438 proferunt,
3637 1374 3686 1421 et
3707 1372 3828 1421 sunt

2205 1459 2744 1530 indefinitaa,neque
2759 1458 2980 1530 particu
2992 1458 3107 1514 lare
3121 1473 3309 1529 neque
3326 1456 3651 1512 universale
3664 1458 3828 1530 profe-

2206 1555 2421 1615 rentes,
2444 1549 2607 1620 ipsas
2629 1547 2869 1619 quidem
2894 1564 3006 1602 non
3028 1562 3259 1617 semper
3280 1546 3438 1602 inter
3454 1562 3516 1601 se
3532 1562 3722 1601 verum
3738 1546 3827 1600 fal-

2208 1636 3212 1709 sumquedividere,particularibus
3230 1640 3429 1691 tamen
3449 1635 3700 1691 definitis
3717 1651 3829 1691 esse

2208 1726 2569 1784 consimiles.
2594 1726 2934 1797 Singulares
2954 1742 3087 1781 vero
3110 1743 3236 1797 quae
3254 1729 3397 1780 sunt
3420 1742 3601 1780 unum
3624 1724 3830 1795 opposi-

2208 1815 2651 1886 tionis;modum
2679 1815 2833 1870 inter
2853 1832 2915 1871 se
2938 1819 3169 1871 tenent:
3196 1814 3305 1870 has
3323 1817 3373 1870 si
3395 1816 3466 1870 ad
3488 1815 3636 1869 idem
3660 1814 3832 1884 subje-

2212 1910 2399 1974 ctum,
2426 1905 2495 1959 ad
2522 1904 2677 1960 idem
2702 1905 3103 1976 praedicatum,
3130 1904 3198 1959 ad
3223 1905 3495 1960 eamdem
3516 1909 3745 1976 partem,
3772 1903 3832 1957 ad

2212 1995 2369 2049 idem
2403 1999 2659 2065 tempus,
2683 1994 2755 2048 ad
2779 1993 3041 2049 eamdem
3060 1992 3429 2063 relationem,
3463 1994 3658 2049 eodem
3689 1995 3836 2048 modo

2215 2084 2616 2155 proposueris,
2630 2082 2784 2138 inter
2798 2098 2859 2138 se
2872 2099 3073 2138 verum
3097 2082 3383 2138 falsumve
3396 2083 3760 2147 distribuunt,
3778 2086 3834 2137 ut

2215 2178 2306 2229 est
2322 2178 2586 2228 Socrates
2592 2173 2796 2243 justus
2808 2177 2917 2243 est,
2939 2177 3207 2228 Socrates
3226 2173 3435 2243 justus
3448 2190 3561 2227 non
3589 2178 3687 2227 est.
3706 2172 3834 2226 Sunt

2217 2265 2396 2337 igitur
2417 2265 2541 2319 duas
2566 2263 3079 2333 contradictiones,
3104 2281 3222 2319 una
3242 2281 3373 2335 qua
3399 2265 3463 2319 fit
3485 2264 3540 2319 in
3565 2265 3831 2319 universa-

2218 2354 2375 2411 libus
2396 2354 3218 2427 angulariterparlicularibus
3232 2359 3439 2411 contra
3452 2354 3835 2427 positis,altera

2219 2462 2350 2515 quae
2373 2445 2434 2500 (it
2455 2444 2513 2498 in
2536 2443 2938 2516 singularibus
2956 2460 3089 2499 cum
3115 2445 3396 2501 omnibus
3416 2445 3505 2500 his
3527 2462 3666 2516 quas
3685 2445 3736 2500 in
3754 2460 3832 2499 so-

2221 2534 2489 2606 phisticis
2515 2533 2773 2589 elenchis
2796 2534 3065 2605 exposuit
3088 2534 3671 2590 delerminationibus
3686 2550 3834 2604 oppo-

2220 2622 2372 2679 sitis.
2390 2623 2580 2687 Quare
2600 2623 2874 2695 quoniam
2895 2623 3398 2693 quemadmodum
3424 2642 3485 2680 se
3509 2624 3710 2680 habent
3726 2639 3833 2694 pro-

2222 2714 2561 2784 positiones,
2585 2729 2741 2784 quoq
2754 2728 2820 2767 ue
2835 2713 3008 2768 modo
3028 2712 3245 2768 faciant
3259 2713 3727 2770 contradictorias
3747 2729 3831 2783 0p-

2223 2801 2541 2874 positiones
2586 2801 2975 2869 ostendimus,
3023 2803 3093 2857 ad
3152 2802 3284 2873 ipsa
3335 2802 3655 2859 Aristotelis
3684 2801 3833 2857 verba

525 2924 824 2975 Afﬂrmatio
846 2926 1199 2990 particularis.
1455 2929 1676 2992 Negatio
1697 2926 2053 2992 particularis.
2221 2891 2549 2992 qui‘amusf
2572 2890 2630 2945 in
2655 2891 2871 2992 (Ῑυίίῖξξδ
2894 2907 2998 2992 pner
3015 2890 3133 2992 hae?
3153 2894 3543 2992 θ’ξηθξοὲῐξίῖξ
3559 2891 3731 2992 {agilis
3746 2907 3829 2992 Pe"

2224 2980 2358 3037 terit
2375 2980 2602 3036 evenire
2624 2979 2897 3050 cognitio.
2914 2980 3245 3052 Superioris
3268 2981 3668 3054 descriptionis
3687 2977 3829 3035 intel-

459 3075 562 3131 His
591 3093 727 3148 ergo
749 3077 830 3133 ita
852 3095 979 3134 sese
1010 3078 1730 3150 babentibus,indeﬁuitas
1760 3078 2107 3151 propositio-
2139 3046 2181 3113 θ’
2221 3064 2524 3142 “gentiam
2546 3046 2970 3140 plenitlsnotat.
2992 3046 3254 3125 Aitenim
3272 3046 3509 3144 quando
3526 3088 3613 3127 res
3632 3070 3827 3125 univer-

461 3180 566 3218 nes
584 3164 1032 3236 singularesque
1054 3168 1380 3238 videamus,
1415 3173 1466 3224 et
1488 3168 1744 3238 primum
1774 3168 1844 3222 de
1866 3166 2109 3221 infinitis
2219 3160 2362 3216 salis
2386 3157 2792 3214 universaliter
2813 3158 3239 3230 designatur,et
3259 3175 3392 3215 eam
3412 3161 3543 3231 quis
3567 3160 3828 3215 universa-

460 3251 886 3321 disputandum
918 3255 1357 3311 estindeﬁnita
1385 3256 1567 3327 igitur
1594 3272 1697 3327 per
1714 3273 1776 3313 se
1803 3255 2110 3310 veritatem
2220 3248 2352 3305 liter
2382 3248 2661 3315 afﬁrmat,
2695 3247 2743 3301 si
2777 3248 3040 3302 eamdem
3076 3248 3227 3303 alius
3250 3247 3651 3305 universaliter
3667 3250 3828 3318 neget,

475 3339 914 3410 falsitatemque
936 3358 1047 3397 non
1077 3342 1592 3412 dividunt;etenim
1615 3360 1747 3399 cum
1780 3343 2112 3408 dico,homo
2220 3338 2549 3395 itasibimet
2562 3341 2927 3409 comparatas
2942 3338 3372 3409 propositiones
3385 3355 3511 3395 esse
3524 3337 3827 3394 contrarias.

459 3432 663 3502 justus
692 3429 982 3498 est,homo
1001 3432 1205 3501 justus
1227 3450 1343 3487 non
1374 3438 1772 3505 est,utrasque
1792 3450 1955 3489 veras
1975 3448 2111 3489 con-
2220 3433 2408 3501 Atque
2425 3429 2482 3483 in
2508 3427 2615 3483 hoc
2633 3443 2800 3481 suam
2828 3427 3178 3482 sententiam
3198 3428 3569 3484 manifestius
3589 3423 3826 3483 ostendit.

466 3518 1158 3588 tingitesseindeﬁnitas.
1193 3521 1588 3587 Quocircaeas
1609 3521 2118 3578 acontradictione
2222 3517 2513 3586 Aitenim,
2534 3515 2662 3571 dico
2684 3520 2877 3571 autem
2904 3515 3293 3572 universalem
3329 3516 3759 3573 enuntiationem
3779 3512 3825 3565 in

467 3623 815 3679 separamus
844 3622 858 3664 :
892 3610 1276 3665 contradictio
1334 3626 1590 3682 namque
1623 3611 2000 3667 constituitur
2028 3612 2117 3682 (ut
2224 3604 2563 3670 universali,
2594 3608 2659 3660 ut
2678 3604 2871 3660 omnis
2889 3604 3063 3661 homo
3085 3604 3255 3660 albus
3273 3610 3386 3662 est.
3410 3606 3549 3661 Nam
3576 3620 3697 3660 cum
3717 3600 3824 3656 uni-

466 3713 622 3768 saape
653 3697 877 3751 dictum
910 3697 1020 3768 est)
1053 3714 1117 3753 eo
1149 3699 1303 3769 quod
1340 3717 1644 3770 nunquam
1680 3704 1939 3771 utrasque
1969 3715 2113 3754 verte
2226 3694 2469 3753 versalis
2490 3694 2567 3749 sit
2590 3694 2787 3762 homo,
2813 3694 2871 3749 in
2907 3694 3221 3750 universali
3253 3695 3492 3751 homine
3524 3689 3826 3751 universalis

464 3788 568 3838 aut
597 3788 857 3855 utraeque
881 3785 1041 3840 falsae
1075 3787 1314 3858 reperiri
1345 3795 1584 3860 queant,
1602 3790 1704 3845 sed
1736 3806 1855 3844 una
1884 3804 2118 3861 semper
2226 3791 2316 3843 est
2346 3785 2693 3855 enuntiatio,
2721 3801 2823 3856 per
2851 3802 3027 3856 quam
3059 3785 3279 3840 dicitur
3305 3786 3499 3842 omnis
3530 3786 3706 3841 homo.
3736 3780 3827 3835 Res

462 3872 747 3939 veritatis,
781 3872 962 3929 altera
992 3874 1267 3931 falsitatis
1297 3893 1478 3948 capax
1507 3883 1617 3935 est.
1666 3878 1775 3932 Sed
1813 3894 1938 3949 quae
1984 3877 2115 3933 uni-
2226 3891 2362 3947 ergo
2382 3873 2750 3940 universalis,
2775 3873 2946 3951 idest
2966 3874 3157 3942 homo,
3183 3890 3286 3945 per
3306 3874 3634 3946 omniaquae
3655 3868 3828 3927 estde-

463 3960 856 4017 versalitatem
886 3964 1187 4034 proferunt
1207 3966 1716 4033 indeﬁnitemdlla:
1738 3966 2115 4022 deﬁnitarum
2224 3962 2559 4019 terminatio
2584 3962 2991 4018 universaliter
3020 3963 3336 4034 praedicata
3357 3970 3466 4031 est,
3488 3968 3543 4019 et
3572 3963 3670 4016 hoc
3696 3957 3826 4013 afﬁr-

466 4048 913 4120 particularium
931 4052 1048 4107 vim
1080 4054 1444 4110 tenent.'l‘ale
1475 4054 1631 4109 enim
1663 4060 1749 4110 est
1777 4055 1930 4126 quod
1963 4055 2114 4126 dico,
2227 4052 2458 4109 mative.
2491 4052 2767 4124 Negative
2792 4068 2925 4107 vero
2945 4052 3354 4108 universaliter
3372 4052 3450 4108 ita
3471 4052 3698 4115 dicetur,
3722 4044 3828 4101 nul-

465 4139 869 4210 homojustus
899 4146 1007 4207 est,
1032 4147 1312 4215 tanquam
1345 4143 1395 4198 si
1426 4144 1642 4211 dicam,
1667 4144 1906 4217 quidam
1944 4144 2116 4200 homo
2226 4140 2320 4195 lus
2356 4140 2526 4196 homo
2555 4140 2727 4195 albus
2751 4145 2863 4204 est,
2894 4140 3091 4195 nullus
3122 4140 3274 4196 enim
3308 4141 3696 4197 universalitas
3720 4133 3826 4190 uni-

456 4230 661 4301 justus
690 4234 863 4286 estzet
880 4248 1088 4287 rursus
1107 4232 1221 4288 tale
1238 4233 1501 4303 estquod
1534 4233 1683 4299 dico,
1718 4233 1893 4289 homo
1914 4234 2118 4303 justus
2225 4228 2543 4285 versalitati
2574 4245 2703 4299 quae
2735 4233 2824 4284 est
2850 4228 3026 4283 homo
3050 4230 3276 4300 adjecta
3297 4239 3384 4286 est
3412 4248 3425 4298 ;
3452 4230 3553 4285 hoc
3576 4226 3725 4283 modo
3744 4221 3825 4292 igi-

467 4334 583 4372 non
614 4323 1008 4390 est,tanquam
1037 4321 1085 4375 si
1115 4321 1977 4393 dicam,quidamhomojustus
2000 4340 2115 4380 non
2230 4324 2325 4374 tur
2355 4317 2686 4373 universale
2716 4318 3122 4374 universaliter
3151 4320 3524 4376 enuntiantes
3552 4310 3825 4372 afﬁrmatio

469 4405 702 4461 est.Hoc
733 4406 835 4461 illa
864 4422 956 4461 res
987 4410 1291 4480 approbat,
1316 4412 1472 4480 quod
1497 4412 1999 4482 quemadmodum
2027 4414 2121 4469 de-
2150 4416 2195 4480 D
2227 4414 2283 4466 et
2314 4408 2544 4481 negatio
2575 4408 2876 4463 contraria:
2910 4414 3071 4474 sunt,
3106 4408 3257 4464 sicut
3282 4416 3340 4464 et
3361 4411 3483 4481 ipse
3512 4410 3756 4471 testatur,
3782 4401 3828 4452 et

472 4494 653 4549 ﬁnita
686 4499 743 4549 et
772 4494 1155 4565 particulares
1187 4497 1245 4552 in
1279 4499 1576 4569 aliquibus
1617 4517 1764 4557 verae
1810 4518 1936 4557 esse
1983 4520 2116 4573 pos-
2229 4516 2337 4555 nos
2368 4498 2656 4569 superiori
2686 4498 3049 4569 expositione
3082 4498 3461 4567 digessimus.

472 4588 633 4650 sunt,
667 4584 725 4639 in
746 4583 1039 4653 aliquibus
1068 4602 1266 4641 verum
1300 4588 1636 4661 falsumque
1654 4589 1943 4661 dividunt,
1976 4609 2123 4647 nun-
2304 4588 2526 4656 Quando
2551 4593 2737 4642 autem
2764 4587 2831 4642 de
2862 4588 3266 4644 universalibus
3307 4605 3418 4644 non
3462 4582 3824 4642 universaliter,

472 4689 643 4744 quam
663 4689 797 4728 vero
822 4678 1098 4743 utrasque
1112 4674 1291 4731 falsas
1311 4692 1440 4732 esse
1462 4678 1766 4749 contingit.
1783 4679 1868 4734 Ita
1888 4696 2122 4753 quoque
2228 4694 2339 4734 non
2362 4686 2491 4733 sunt
2519 4678 2608 4734 ΙιιἘ
2633 4679 2944 4744 contrariae,
2992 4694 3110 4748 quae
3158 4682 3341 4733 autem
3376 4675 3741 4749 signiﬁcantur
3764 4672 3826 4721 est

472 4763 531 4818 in
582 4760 905 4817 indefinitis
946 4764 1276 4819 universale
1317 4766 1807 4837 significantibus,
1841 4772 2121 4841 utrasque
2229 4784 2353 4822 esse
2373 4766 2677 4837 aliquando
2697 4769 2994 4822 contraria.
3028 4767 3160 4823 Dico
3182 4777 3370 4823 autem
3400 4781 3509 4820 non
3534 4755 3824 4818 universali-

468 4847 645 4904 simul
679 4865 847 4904 veras
878 4866 1007 4906 esse
1040 4852 1348 4925 contingit,
1378 4858 1444 4908 ut
1475 4854 1533 4909 in
1565 4870 1629 4910 eo
1657 4856 1811 4926 quod
1843 4856 2120 4925 dicimus,
2230 4862 2314 4912 ter
2339 4857 2633 4912 enuntiare
2661 4856 2727 4910 de
2771 4857 2857 4910 his
2911 4871 3037 4927 quae
3081 4864 3211 4911 sunt
3261 4854 3613 4916 universalia,
3663 4856 3716 4903 ut
3759 4845 3823 4898 est

470 4938 648 4993 homo
672 4938 875 5007 justus
896 4944 1007 5005 est,
1032 4940 1420 5013 bomojustus
1444 4960 1559 4998 non
1583 4948 1692 5011 est,
1716 4949 1993 5015 utrasque
2014 4946 2119 5001 fal-
2228 4946 2385 5001 albus
2414 4945 2593 5012 homo,
2618 4961 2731 5000 non
2759 4954 2837 5001 est
2874 4945 3036 5000 albus
3066 4944 3223 5001 homo
3248 4962 3262 4998 :
3308 4962 3430 5000 cum
3465 4941 3604 4998 enim
3632 4936 3819 4991 autver.

466 5041 565 5080 sas
600 5025 857 5095 proferre
889 5026 1253 5097 impossibile
1277 5034 1385 5096 est,
1411 5031 1511 5085 sed
1538 5047 1715 5085 unam
1736 5048 1951 5097 veram,
1978 5031 2120 5088 alte-
2228 5052 2287 5091 sa
2300 5037 2352 5091 te
2379 5038 2451 5091 sit
2480 5036 2659 5102 homo,
2690 5053 2806 5090 non
2832 5035 3228 5091 universaliter
3260 5038 3436 5090 utitur
3461 5028 3819 5088 enuntiatione.

466 5130 594 5168 ram
618 5114 824 5169 falsam
850 5115 908 5169 in
927 5115 1021 5171 his
1046 5116 1320 5173 facillime
1344 5120 1669 5190 reperimus
1695 5120 1752 5174 in
1785 5120 1879 5176 his
1902 5121 2123 5178 scilicet
2231 5126 2420 5180 Omnis
2449 5142 2682 5195 namque
2712 5140 2819 5181 non
2838 5126 3155 5181 universale
3168 5124 3466 5195 signiﬁcat,
3486 5121 3575 5176 sed
3592 5112 3822 5187 quoniam

464 5202 735 5258 terminis
758 5204 857 5275 qui
882 5204 1231 5261 naturaliter
1243 5211 1299 5261 et
1322 5209 1649 5264 necessario
1669 5210 1954 5279 subjectis
1976 5210 2119 5266 sub-
2232 5214 2640 5269 universaliter.

466 5291 704 5347 stantiis
734 5292 1153 5361 inhaerescunt,
1174 5296 1259 5351 vel
1286 5296 1343 5350 in
1367 5296 1580 5369 bisqui
1610 5297 1804 5353 inesse
1844 5316 1958 5354 non
1995 5317 2122 5371 pos—
2305 5303 2528 5359 Volenti
2578 5302 2945 5358 indeﬁnitam
2992 5304 3443 5375 propositionem
3488 5295 3664 5370 qualis
3691 5293 3821 5347 esset

465 5387 609 5437 sunt
641 5399 654 5437 :
682 5386 745 5437 ut
775 5383 1053 5453 quoniam
1073 5384 1288 5440 animal
1313 5384 1537 5441 homini
1562 5403 1631 5442 ex
1654 5387 2000 5443 necessitate
2032 5388 2118 5444 in-
2230 5393 2555 5461 ostendere,
2589 5409 2703 5448 non
2735 5392 2908 5447 modo
2939 5392 3254 5447 auferenda
3293 5391 3401 5447 fuit
3445 5389 3512 5443 ab
3544 5375 3815 5439 universali

461 5476 572 5541 est,
606 5472 656 5528 si
688 5474 822 5546 quis
854 5473 1034 5541 dicat,
1061 5474 1236 5530 homo
1260 5476 1478 5532 animal
1507 5483 1618 5543 est,
1642 5478 1824 5551 idque
1851 5483 2118 5551 negetur,
2230 5482 2478 5537 termino
2498 5480 2845 5538 universalis
2868 5480 3295 5552 determinatio,
3316 5493 3506 5534 verum
3527 5473 3685 5529 etiam
3705 5482 3817 5540 par-

467 5562 642 5619 homo
673 5562 892 5618 animal
926 5580 1041 5620 non
1074 5569 1182 5636 est,
1208 5565 1296 5621 vel
1320 5565 1494 5623 homo
1516 5567 1669 5640 lapis
1690 5572 1798 5637 est,
1824 5568 1998 5625 homo
2030 5568 2120 5626 la-
2232 5569 2516 5642 ticularis,
2548 5576 2605 5626 et
2626 5569 2883 5642 oportuit
2910 5569 3023 5627 dici
3048 5570 3156 5625 boc
3189 5570 3378 5626 modo.
3405 5561 3627 5631 Quando
3646 5562 3809 5614 autem

498 1446 796 1497 Afﬁrmatio
830 1445 1174 1494 universalis.
1438 1443 1663 1506 Negatio
1695 1442 2031 1492 universalis.

663 1580 1163 1848 ﬂ
1488 1608 1574 1655 ί
1672 1577 1800 1678 ‘\

778 1702 1034 1770 omslio
1207 1763 1392 1821 Cant"
1699 1696 1759 1771 ιο
1799 1680 1858 1915 ὃ

886 2132 997 2204 se"
1567 2131 1677 2241 -έέ

863 2105 1248 2318 »καθ’
1269 2225 1356 2307 φξβ
1418 2089 1679 2334 ἐξ

1107 2304 1180 2363 go
1338 2302 1437 2397 $.45
1676 2321 1724 2341 χ.

799 2554 883 2591 me
901 2526 1075 2625 {ultus
1183 2515 1346 2616 tm;
1505 2558 1587 2601 mo
1615 2535 1791 2634 ω

790 2626 878 2697 sit
1491 2659 1617 2705 non
1631 2636 1709 2740 cf:
