4106 6172
308 322 414 375 477

1056 328 1130 380 IN
1167 328 1443 382 LIBRUM
1481 330 1578 382 DE
1617 312 2300 385 INTERPRETA‘I‘IONE
2337 318 2583 384 sumo
2617 329 2969 385 saeuum.

3602 318 3708 374 478

304 450 421 505 lem
454 455 656 506 contra
689 468 815 507 eam
844 468 967 523 qua:
993 468 1109 507 rem
1132 452 1521 508 universalem
1551 453 1957 509 universaliter
1988 448 2035 521 Α
2070 460 2157 511 est
2182 456 2421 526 quidam
2455 456 2627 510 homo
2661 454 2849 509 albus.
2871 453 3083 508 Positis
3114 450 3294 523 igitur
3316 448 3545 504 duabus
3572 464 3709 520 pro-

307 541 603 612 proponit,
639 546 813 613 atque
840 542 948 596 hoc
979 548 1067 597 est
1091 544 1244 612 quod
1280 544 1379 597 ait:
1415 543 1639 616 Opponi
1661 549 1850 599 autem
1877 544 1959 598 af-

310 630 707 684 ﬁrmationem
744 632 1037 701 negationi
1056 632 1185 687 dico
1203 632 1664 701 contradictorie,
1683 651 1807 704 quae
1832 633 1963 687 uni-

308 720 623 774 versaliter
683 722 999 791 signiﬁcat,
1060 722 1249 776 eidem
1308 738 1435 793 quae
1486 739 1598 777 non
1661 723 1962 778 universa-

310 809 467 873 liter,
496 814 561 863 ut
584 810 635 863 ei
659 826 783 879 quae
810 815 899 864 est
920 810 1113 865 omnis
1136 810 1310 865 homo
1330 812 1527 881 justus
1551 812 1963 883 estopponitur

310 914 380 952 ea
394 914 523 970 quae
539 898 865 954 universale
879 899 1169 970 signiﬁcat
1193 905 1514 955 nontamen
1536 918 1609 955 un
1622 899 1959 969 iversaliter,

309 991 473 1041 utea
504 1004 627 1057 qua:
659 992 767 1053 est,
802 989 1037 1057 quidam
1070 989 1459 1059 homojustus
1484 1006 1595 1044 non
1620 994 1744 1044 est:
1772 989 1959 1044 homi-

308 1093 441 1131 nem
474 1077 630 1131 enim
659 1076 1042 1131 universalem
1072 1077 1365 1148 signiﬁcat
1388 1095 1501 1132 non
1536 1078 1959 1144 universaliter,

307 1174 369 1219 ut
392 1182 526 1219 cum
546 1164 830 1234 dicit,non
845 1166 1034 1220 omnis
1052 1166 1225 1220 homo
1248 1167 1444 1236 justus
1462 1167 1699 1227 est.baec
1716 1173 1803 1222 est
1824 1185 1957 1221 con-

310 1254 981 1324 tradictoriaoppositio,
1009 1259 1073 1307 ut
1096 1256 1143 1308 si
1160 1255 1235 1308 sit
1259 1256 1602 1310 universalis
1622 1257 1957 1323 afﬁrmatio,

308 1344 385 1399 sit
411 1342 787 1414 particularis
814 1344 1062 1413 negatio;
1082 1342 1125 1399 si
1151 1345 1226 1398 sit
1248 1344 1600 1400 universalis
1628 1345 1962 1414 negatio,sit

308 1431 684 1504 particularis
716 1433 1049 1487 afﬁrmatio.
1083 1433 1405 1504 Angulares
1437 1438 1591 1489 enim
1621 1435 1705 1503 (ut
1735 1435 1956 1488 dictum

308 1524 418 1591 est)
452 1520 592 1575 solae
623 1521 845 1575 faciunt
874 1522 1413 1592 contradictionem,
1446 1524 1622 1577 verba
1670 1521 1850 1593 igitur
1898 1538 1960 1578 se

307 1612 563 1666 obscure
596 1610 836 1679 habent,
870 1611 969 1666 sed
1006 1612 1291 1666 sententia
1326 1611 1638 1667 manifesta
1660 1616 1786 1679 est;
1820 1612 1961 1667 dicit

303 1701 460 1755 enim
482 1700 583 1753 illa
605 1700 817 1771 opponi
841 1701 1751 1756 contradictorieafﬁrmationem
1780 1718 1957 1773 nega-

2069 546 2480 617 positionibus,
2518 546 2907 600 afﬁrmatione
2942 542 3278 607 universali,
3313 538 3708 595 etuniversali

2070 636 2395 707 negatione,
2423 653 2517 691 ars
2538 635 2730 690 danda
2752 639 2837 688 est
2860 642 3147 704 quatenus
3176 648 3375 687 earum
3407 631 3708 685 invenian-

2069 730 2165 780 tur
2196 724 2481 796 opposita.
2510 723 2790 795 Opposita
2821 727 3014 777 autem
3049 721 3175 775 dico
3235 719 3705 787 contradictoris,

2069 832 2180 869 non
2215 814 2529 878 contrarie,
2565 830 2746 883 neque
2782 812 2899 867 ullo
2924 811 3094 865 modo
3128 808 3259 864 alio.
3293 806 3553 863 Sitenim
3587 808 3706 863 haec

2068 903 2400 973 afﬁrmatio,
2428 902 2615 958 omnis
2647 902 2821 957 homo
2846 903 3044 971 justus
3076 906 3185 967 est,
3218 906 3273 956 et
3301 901 3422 955 haec
3457 898 3705 971 negatio,

2070 992 2267 1047 nullus
2292 994 2463 1047 homo
2488 993 2690 1061 justus
2720 996 2827 1056 est,
2862 996 3063 1045 contra
3096 990 3548 1045 afﬁrmationem
3582 1006 3707 1059 qua}

2068 1087 2152 1137 est
2188 1082 2373 1135 omnis
2404 1082 2575 1136 homo
2600 1082 2789 1151 justus
2818 1085 2904 1135 est
2928 1081 3199 1134 videntur
3220 1097 3344 1135 esse
3374 1079 3709 1150 negationes

2067 1173 2176 1242 hae,
2215 1190 2329 1227 una
2363 1172 2559 1227 nullus
2577 1172 2750 1227 homo
2775 1172 2976 1242 justus
3006 1175 3113 1235 est,
3142 1169 3321 1225 altera
3346 1169 3581 1241 quidam
3606 1168 3707 1222 ho-

2069 1280 2163 1317 mo
2192 1264 2389 1333 justus
2406 1278 2520 1315 non
2538 1261 2836 1327 est,eltera
2852 1277 2963 1315 non
2980 1258 3171 1314 omnis
3196 1259 3579 1329 homojustus
3594 1261 3703 1323 est,

2068 1358 2123 1408 et
2151 1358 2443 1424 postrema
2475 1352 2797 1417 indeﬁnita,
2831 1350 3004 1405 homo
3031 1352 3230 1419 justus
3265 1368 3375 1404 non
3409 1353 3517 1404 est.
3570 1350 3705 1411 Quze

2068 1441 2272 1496 harum
2299 1441 2476 1513 igitur
2500 1446 2697 1495 contra
2719 1456 2843 1495 eam
2862 1457 2986 1510 quae
3010 1438 3708 1507 estomnisbomojustus

2067 1537 2155 1588 est
2173 1531 2635 1587 contradictione
2650 1531 3044 1587 constituitur.
3073 1528 3587 1584 Contradictoriam
3604 1544 3706 1582 au-

2067 1627 2181 1677 tem
2216 1638 2353 1676 voco
2388 1620 2811 1692 oppositionem
2839 1620 2895 1674 in
2920 1636 3033 1691 qua
3066 1618 3378 1674 afﬁrmatio
3396 1622 3453 1673 et
3476 1617 3707 1687 negatio

2067 1727 2255 1781 neque
2275 1717 2535 1781 utraeque
2567 1726 2712 1765 verae
2744 1709 2881 1774 sint,
2918 1724 3103 1779 neque
3142 1708 3295 1762 falsae
3330 1704 3705 1777 utraque,sed

306 1790 480 1855 tioni,
509 1788 599 1843 vel
628 1788 995 1861 negationem
1028 1790 1428 1856 affirmationi,
1489 1804 1849 1861 quaecunque
1898 1791 1949 1844 id
2070 1817 2183 1853 una
2212 1816 2440 1870 semper
2468 1815 2620 1863 vera,
2655 1798 2835 1853 altera
2864 1796 3030 1853 falsa.
3066 1796 3122 1851 Si
3184 1813 3319 1866 ergo
3378 1798 3709 1866 opponatur

308 1882 463 1953 quod
490 1896 585 1937 res
608 1880 791 1936 altera
808 1882 1133 1936 universale
1149 1881 1557 1936 universaliter
1573 1881 1952 1951 signiﬁcaret,

307 1974 496 2026 eidem
524 1970 903 2043 signiﬁcaret,
921 1987 1033 2025 non
1052 1971 1619 2041 universaliterquod
1646 1975 1798 2025 esset
1817 1971 1951 2024 uni-

306 2060 552 2125 versale,
573 2067 639 2114 ut
657 2061 710 2114 in
735 2060 827 2115 his
846 2078 992 2131 quas
1016 2076 1194 2131 supra
1212 2060 1465 2114 diximus
1486 2078 1499 2126 ;
1524 2062 1657 2114 etut
1678 2061 1793 2114 haec
1826 2077 1953 2131 quae

310 2154 417 2213 est,
448 2149 646 2203 omnis
678 2149 850 2203 homo
876 2150 1077 2218 justus
1120 2154 1227 2215 est,
1264 2166 1382 2203 rem
1415 2148 1800 2204 universalem
1825 2150 1953 2202 uni-

307 2238 620 2294 versaliter
643 2238 1013 2309 significavit,
1040 2238 1134 2292 illa
1163 2254 1291 2310 qua)
1309 2242 1394 2293 est
1418 2256 1530 2293 non
1556 2238 1749 2293 omnis
1781 2239 1956 2293 homo

302 2329 510 2398 justus
539 2332 648 2396 est,
683 2328 868 2383 eidem
904 2327 1283 2382 afﬁrmationi
1315 2328 1602 2398 opposita,
1633 2328 1701 2382 dc
1732 2327 1956 2382 univer-

307 2418 417 2473 sali
441 2417 685 2472 homine
716 2434 829 2471 non
864 2416 1272 2472 universaliter
1313 2418 1556 2487 negavit,
1609 2417 1807 2471 dicens
1842 2433 1955 2471 non

306 2506 695 2561 omnishomo
718 2507 1041 2575 justusest.
1076 2506 1297 2561 Rursus
1329 2523 1395 2560 ea
1424 2524 1549 2576 quae
1591 2505 1956 2573 dicit,nullus

306 2597 486 2651 homo
511 2597 715 2665 justus
745 2608 849 2661 est,
872 2611 990 2649 rem
1022 2594 1401 2650 universalem
1429 2594 1831 2649 universaliter
1852 2612 1955 2649 ue-

305 2687 465 2758 gavit
488 2685 693 2740 dicens
719 2684 1303 2755 nullus.Eavcroqum
1326 2686 1485 2746 dicit,
1516 2685 1757 2751 quidam
1783 2683 1957 2740 homo

292 2776 502 2845 justus
517 2778 757 2843 est,rem
775 2774 1160 2828 universalem
1181 2774 1956 2841 particulariterafﬁrmavit,

299 2871 357 2919 et
392 2881 509 2918 non
548 2863 971 2930 universaliter;
1008 2863 1301 2918 hominem
1329 2865 1483 2918 enim
1519 2864 1832 2935 quemdam
1860 2864 1957 2934 ju-

305 2959 464 3009 stum
491 2970 624 3008 esse
648 2951 1079 3024 proposuit,sed
1102 2954 1396 3008 hominem
1420 2970 1532 3009 non
1555 2952 1959 3007 universaliter

305 3041 641 3098 enuntiavit
659 3057 777 3096 rem
797 3040 1734 3113 universalem.Persequiturergo
1756 3058 1959 3096 omnes

306 3132 699 3204 proprietates
731 3130 1218 3201 propositionum.
1246 3130 1839 3185 Aitenimzcontrarize
1864 3148 1957 3185 ve-

2066 1894 2273 1944 contra
2305 1905 2428 1943 eam
2465 1905 2589 1958 quae
2624 1893 2709 1942 est
2729 1886 2921 1942 omnis
2945 1886 3337 1956 homojustus
3359 1889 3465 1953 est,
3490 1900 3555 1939 ea
3580 1900 3707 1954 quas

2070 1978 2371 2033 estnullus
2399 1978 2903 2047 homojustusest,
2930 1975 3273 2030 universalis
3296 1972 3517 2029 scilicet
3533 1989 3706 2044 nega-

2068 2066 2169 2135 tio,
2199 2086 2312 2122 non
2334 2071 2421 2122 est
2442 2067 2728 2138 oppositio
2762 2062 3233 2126 contradictoris,
3262 2068 3517 2131 utraeque
3548 2061 3701 2116 enim

2070 2157 2226 2213 falsa)
2260 2162 2415 2211 sunt.
2440 2156 2493 2210 Si
2518 2173 2649 2211 vero
2668 2160 2918 2228 ponatur
2948 2171 3014 2209 ea
3033 2170 3157 2224 quas
3178 2156 3285 2217 est,
3313 2154 3487 2207 homo
3506 2153 3708 2222 justus

2071 2264 2182 2302 non
2220 2256 2326 2312 est,
2361 2246 2685 2315 indeﬁnita,
2714 2262 2815 2299 nec
2842 2242 3216 2315 ipsaquoque
3242 2240 3706 2311 facitoppositio-

2070 2353 2224 2403 nem;
2260 2336 2531 2406 quoniam
2564 2332 2717 2389 enim
2738 2332 3043 2387 indeﬁnita
3066 2338 3172 2400 est,
3200 2335 3383 2401 potest
3400 2328 3707 2400 aliquoties

2070 2443 2171 2497 pro
2206 2424 2517 2479 universali
2553 2423 2862 2494 negatione
2896 2440 2995 2493 pro
3027 2421 3456 2491 exspectatione
3482 2420 3708 2473 audito-

2070 2517 2149 2570 ris
2184 2514 2450 2585 intelligi.
2485 2513 2764 2579 Quocirca
2796 2529 2899 2567 nec
2934 2513 3057 2583 ipsa
3090 2511 3227 2565 facit
3258 2508 3708 2581 oppositionem,

2070 2604 2116 2660 si
2151 2604 2304 2659 enim
2339 2603 2445 2658 hoc
2479 2598 2650 2657 modo
2681 2601 2879 2657 audita
2912 2601 3005 2665 sit,
3032 2617 3160 2654 cum
3195 2599 3273 2654 ita
3320 2598 3606 2669 accipitur
3649 2600 3711 2650 ut

2069 2691 2382 2759 contraria,
2409 2689 2580 2745 simul
2602 2706 2699 2745 eas
2725 2690 2896 2745 falsas
2923 2688 3169 2745 inveniri
3197 2687 3713 2757 contingit.Restat

2070 2800 2203 2853 ergo
2237 2786 2299 2836 ut
2332 2785 2430 2835 aut
2460 2798 2526 2835 ea
2554 2782 2626 2835 sit
2657 2797 2781 2851 quos
2814 2784 2902 2833 est
2935 2796 3047 2833 non
3082 2777 3273 2833 omnis
3306 2776 3479 2830 homo
3512 2776 3712 2844 justus

2068 2876 2178 2933 est,
2212 2876 2311 2926 aut
2334 2888 2401 2924 ea
2422 2886 2547 2940 qua:
2571 2874 2659 2925 est
2683 2868 2919 2940 quidam
2944 2867 3331 2936 homojustus
3355 2882 3468 2919 non
3492 2861 3711 2917 est.Sed

2068 2961 2154 3015 ha":
2188 2960 2298 3014 sibi
2331 2958 2723 3013 consentiunt.
2756 2958 2913 3012 Idem
2942 2956 3092 3013 enim
3127 2954 3267 3009 dicit
3296 2953 3395 3024 qui
3448 2951 3717 3023 proponit

2071 3050 2309 3120 quidam
2343 3049 2514 3103 homo
2540 3048 2738 3117 justus
2772 3064 2884 3101 non
2937 3050 3045 3111 est,
3105 3048 3159 3099 et
3213 3044 3367 3097 idem
3426 3042 3523 3112 qui
3574 3039 3716 3095 dicit

2072 3157 2185 3194 non
2220 3139 2410 3193 omnis
2441 3136 2617 3192 homo
2638 3137 2838 3207 justus
2860 3139 2966 3191 est.
3002 3133 3145 3189 Nam
3188 3131 3234 3188 si
3260 3130 3497 3203 quidam
3539 3131 3713 3186 homo

300 3238 363 3276 ro
389 3220 781 3276 universalem
815 3219 1351 3283 alﬁrmationem,et
1374 3219 1759 3275 universalem
1782 3237 1954 3291 nega-
1988 3199 2030 3265 Ε
2068 3231 2266 3300 justus
2288 3242 2401 3282 non
2421 3231 2527 3294 est,
2557 3243 2666 3281 non
2692 3224 2883 3280 omnis
2914 3224 3075 3278 homo
3093 3225 3291 3293 justus
3318 3225 3423 3288 est;
3449 3224 3505 3275 et
3525 3219 3572 3276 si
3600 3236 3714 3274 non

298 3311 550 3366 tionem.
584 3309 919 3364 Sicutenim
949 3307 1531 3379 supradixiteasquze
1552 3307 1961 3364 universaliter

305 3399 645 3457 universale
679 3398 1099 3469 signiﬁcarent,
1132 3397 1217 3452 vel
1255 3399 1311 3452 in
1346 3397 1755 3465 afﬁrmatione,
1780 3396 1864 3451 vel
1898 3395 1955 3451 in

304 3490 624 3561 negatione
650 3505 777 3543 esse
801 3488 1145 3555 contrarias,
1178 3487 1258 3541 ita
1275 3504 1427 3540 nunc
1452 3487 1851 3558 quoqueidem
1871 3504 1957 3541 re-

309 3581 459 3652 petit
483 3577 811 3634 contrarias
834 3593 963 3631 esse
985 3576 1185 3631 dicens
1209 3575 1597 3631 universalem
1618 3575 1960 3629 afﬁrmatio-

310 3688 443 3725 nem
471 3665 982 3737 universalemque
1013 3667 1403 3737 negationem;
1446 3682 1765 3736 earumque
1799 3665 1961 3735 ponit

308 3759 600 3829 exempla,
636 3774 761 3828 quae
798 3755 1153 3811 universales
1187 3760 1469 3826 utrasque
1497 3770 1625 3809 esse
1668 3758 1959 3809 monstra-

308 3855 457 3913 rent,
492 3853 557 3901 ut
587 3846 781 3900 omnis
800 3846 972 3900 homo
999 3846 1319 3915 justusest,
1352 3843 1961 3914 nullushomojustus

307 3944 414 3993 est.
452 3938 672 3991 Horum
709 3941 901 3990 autem
955 3953 1077 4005 quae
1112 3935 1435 4006 proprietas
1470 3938 1624 3987 esset
1657 3933 1962 4003 proposuit

310 4028 535 4081 dicens:
564 4024 903 4094 bujusmodi
941 4024 1368 4095 propositiones
1414 4021 1781 4093 impossibile
1833 4036 1961 4076 esse

312 4122 599 4185 utrasque
617 4114 727 4168 sibi
754 4114 813 4167 in
834 4113 1071 4167 veritate
1094 4113 1340 4167 invicem
1356 4112 1838 4183 consentire,qua3
1859 4125 1959 4165 au-

317 4210 435 4259 tem
470 4203 563 4256 his
594 4206 787 4256 essent
815 4202 1097 4271 oppositae
1128 4204 1457 4269 contingere
1491 4206 1766 4270 utrasque
1796 4217 1960 4255 veras

309 4293 619 4349 esse.Sunt
642 4296 834 4345 autem
861 4291 1138 4362 oppositae
1163 4291 1529 4362 hisutraeque
1552 4290 1959 4363 particulares,

311 4380 631 4437 universali
647 4380 802 4434 enim
821 4380 1196 4435 afﬁrmatioui
1215 4380 1587 4452 particularis
1604 4381 1831 4451 negatio
1855 4396 1959 4451 op-

309 4473 570 4545 ponitur,
585 4482 643 4526 et
660 4469 974 4525 universali
990 4470 1279 4541 negationi
1302 4469 1581 4540 particula
1593 4469 1670 4524 ris
1699 4470 1791 4523 afﬁ
1804 4487 1957 4524 rma-

2073 3319 2265 3373 omnis
2288 3317 2674 3387 homojustus
2696 3314 3054 3386 est,quidam
3073 3311 3451 3380 bomojustus
3469 3326 3580 3363 non
3607 3313 3717 3364 est.

2075 3411 2259 3473 Quare
2274 3408 2532 3476 utraeque
2550 3404 2766 3475 particu
2779 3403 2927 3459 lares
2943 3402 3278 3472 negationes
3292 3397 3719 3454 contradictorie

2075 3498 2450 3567 opponuntur
2482 3498 2681 3549 contra
2716 3492 3101 3547 universalem
3134 3490 3605 3545 atﬁrmationem.
3652 3490 3714 3543 In

2073 3586 2165 3641 his
2198 3586 2352 3639 enim
2388 3600 2572 3655 neque
2604 3600 2747 3637 verae
2782 3588 3042 3651 utraeque
3066 3584 3222 3645 sunt,
3248 3584 3712 3647 nequeutraeque

2074 3675 2363 3739 falsae,sed
2390 3690 2503 3727 una
2533 3689 2689 3737 vera,
2719 3672 2898 3726 altera
2934 3666 3095 3724 falsa.
3133 3668 3357 3723 Rursus
3382 3666 3458 3721 sit
3484 3666 3711 3737 negatio

2074 3762 2423 3818 universalis
2455 3778 2521 3815 ea
2544 3778 2670 3832 quae
2702 3763 2808 3826 est,
2837 3756 3033 3813 nullus
3050 3757 3433 3827 bomojustus
3449 3756 3713 3809 est.Con-

2072 3859 2161 3907 tra
2194 3852 2343 3907 hanc
2376 3850 2931 3920 videnturoppositze
2949 3848 3042 3902 afﬁ
3056 3846 3389 3911 rmationes,
3415 3844 3498 3898 hae
3520 3844 3713 3899 omnis

2074 3941 2244 3995 homo
2270 3940 2475 4007 justus
2506 3936 3012 4005 est,homojustus
3035 3944 3140 3999 est,
3162 3932 3396 4004 quidam
3426 3931 3712 4001 homoju-

2075 4033 2201 4084 stus
2234 4034 2341 4083 est:
2364 4028 2460 4082 sed
2480 4032 2679 4081 contra
2696 4026 2982 4095 hancqum
2998 4021 3297 4079 estnullus
3324 4020 3715 4089 homojnstus

2074 4123 2161 4174 est
2192 4119 2237 4173 si
2274 4122 2602 4188 opponatur
2623 4132 2689 4170 ea
2712 4132 2837 4185 quae
2862 4119 2947 4167 est
2968 4114 3159 4167 omnis
3192 4111 3579 4180 homojustus
3604 4113 3713 4177 cst,

2076 4214 2321 4279 possunt
2353 4210 2609 4276 utrazque
2640 4221 2767 4259 esse
2794 4202 2967 4267 falsae;
3005 4219 3183 4271 quare
3211 4217 3320 4253 non
3342 4201 3715 4267 opponuntur

2074 4294 2536 4351 contradictorie.
2565 4300 2636 4348 At
2669 4308 2798 4346 vero
2826 4291 2997 4345 etiam
3044 4308 3108 4346 ea
3159 4306 3284 4361 quae
3344 4286 3483 4341 dicit
3538 4286 3715 4340 homo

2065 4388 2265 4455 justus
2297 4389 2409 4454 est,
2442 4383 2719 4455 quoniam
2753 4380 3054 4435 indeﬁnite
3085 4382 3389 4449 est,potest
3412 4376 3492 4431 ita
3516 4376 3574 4430 in
3609 4373 3715 4429 ali-

2073 4474 2291 4545 quibus
2312 4472 2557 4544 intelligi
2578 4477 2853 4542 tanquam
2874 4469 2921 4524 si
2939 4468 3297 4524 dicatomnis
3318 4467 3491 4521 homo
3512 4466 3713 4535 justus

308 4543 394 4617 tio
425 4561 695 4633 opposita
719 4568 825 4615 est.
850 4560 1231 4626 Quocircaha
1252 4560 1380 4614 dua:
1402 4556 1959 4631 partlcularisnega-
1993 4543 2038 4606 D
2069 4543 2173 4618 est.
2200 4560 2360 4626 Quod
2396 4561 2445 4616 si
2477 4543 2561 4616 sic
2592 4566 2699 4628 est,
2730 4560 2940 4631 poterit
2969 4557 3283 4630 aliquando
3316 4573 3446 4611 cum
3501 4572 3565 4610 ea
3611 4572 3714 4608 ne-

305 4654 388 4707 tio
422 4657 479 4707 et
509 4648 842 4717 afﬁrmatio,
877 4665 1003 4719 qua
1029 4648 1305 4719 Opposita:
1329 4652 1469 4702 sunt
1501 4646 1871 4703 afﬁrmationi
1902 4652 1957 4703 et

310 4740 605 4814 negationi
632 4736 1062 4795 universalibus
1086 4735 1462 4808 angulariter,
1479 4736 1563 4791 haa
1584 4742 1828 4808 possunt
1849 4737 1950 4791 ali-

311 4830 546 4904 quando
580 4846 709 4884 esse
740 4844 882 4883 vera:
915 4830 970 4882 et
1002 4826 1059 4880 in
1092 4827 1319 4891 eodem,
1354 4831 1418 4881 ut
1450 4827 1507 4880 in
1549 4843 1614 4881 eo
1656 4827 1809 4897 quod
1842 4830 1951 4895 est,

312 4922 552 4993 quidam
586 4917 985 4987 homojustus
1015 4919 1123 4984 est,
1148 4916 1384 4985 quidam
1413 4915 1806 4985 homojustus
1840 4933 1953 4971 non

310 5014 416 5076 est;
451 5010 549 5063 sed
588 5005 824 5077 quidam
859 5006 1032 5060 homo
1066 5006 1268 5073 justus
1299 5009 1386 5059 est
1439 5005 1706 5075 opposita
1759 5009 1847 5059 est
1902 5005 1951 5059 ei

310 5118 435 5171 qua:
467 5102 557 5153 est
588 5095 784 5150 nullus
817 5094 1207 5163 bomojustus
1234 5096 1357 5161 est;
1395 5092 1493 5147 illa
1523 5110 1655 5147 vero
1710 5110 1835 5164 qua:
1868 5096 1957 5149 est

312 5190 552 5261 quidam
588 5185 764 5240 homo
793 5185 988 5254 justus
1022 5199 1135 5237 non
1170 5186 1282 5245 est,
1316 5182 1584 5253 opposita
1612 5182 1792 5245 est,ei
1824 5200 1952 5252 quae

309 5284 397 5334 est
426 5276 623 5333 omnis
655 5274 829 5329 homo
856 5274 1057 5343 justus
1089 5275 1196 5327 est.
1233 5271 1341 5326 Sed
1406 5276 1663 5340 utraeque
1694 5271 1843 5326 inter
1892 5287 1954 5326 se

312 5368 572 5441 quidem,
606 5363 845 5435 quidam
878 5361 1271 5430 homojustus
1302 5364 1412 5428 est,
1434 5364 1489 5414 et
1513 5360 1753 5430 quidam
1781 5359 1952 5415 homo

302 5462 497 5531 justus
528 5471 643 5511 non
668 5456 777 5519 est,
802 5452 858 5505 in
878 5451 1119 5505 veritate
1142 5450 1536 5504 consentiunt.
1568 5452 1685 5503 Hoc
1708 5455 1794 5504 est
1816 5466 1952 5520 ergo

309 5547 458 5620 quod
484 5546 589 5601 ait:
615 5542 854 5597 Hisvero
876 5540 1174 5611 oppositas
1198 5539 1486 5609 contingit
1509 5537 1566 5592 in
1591 5539 1793 5593 eodem
1822 5555 1952 5593 eas—

311 5654 416 5707 que
448 5628 1239 5703 designatexemplis,utnon
1267 5625 1643 5682 omnishomo
1662 5624 1950 5695 albusest,

2066 4651 2298 4722 gutioue
2330 4668 2455 4722 quae
2488 4656 2576 4705 est
2607 4648 2808 4705 nullus
2841 4648 3238 4720 homojustus
3256 4652 3343 4701 est
3368 4645 3544 4700 simul
3586 4660 3715 4699 esse

2066 4741 2226 4809 falsa;
2261 4758 2441 4812 quare
2466 4758 2578 4795 non
2609 4743 2697 4795 est
2728 4741 3014 4811 opposita.
3063 4735 3433 4807 Relinquitur
3464 4750 3599 4805 ergo
3642 4737 3706 4788 ut

2064 4849 2130 4887 ea
2161 4847 2288 4903 quae
2320 4834 2407 4886 est
2438 4830 2678 4901 quidam
2723 4828 2896 4883 homo
2945 4829 3146 4897 justus
3195 4831 3283 4880 est
3340 4828 3540 4879 contra
3583 4841 3711 4879 eam

2065 4939 2187 4991 quae
2222 4926 2312 4977 est
2345 4920 2541 4976 nullus
2574 4920 2748 4974 homo
2781 4920 2973 4989 justus
3006 4922 3094 4971 est
3145 4914 3592 4970 contradictorie
3624 4915 3712 4968 vi-

2065 5010 2569 5081 deaturopposita.
2598 5005 3153 5078 Angulariterigitur
3175 5004 3534 5075 requirenda;
3551 5010 3711 5068 sunt,

2066 5110 2125 5154 ut
2156 5105 2358 5155 contra
2391 5098 2777 5154 universalem
2812 5097 3228 5151 afﬁmationem
3262 5094 3363 5148 illa
3387 5103 3713 5165 opponatur

2064 5206 2185 5258 quae
2220 5189 2329 5243 sub
2363 5187 2672 5242 universali
2710 5186 3017 5257 negatione
3049 5191 3157 5249 est,
3189 5188 3391 5238 contra
3419 5183 3711 5238 universa-

2064 5280 2175 5334 lem
2200 5280 2567 5350 negationem
2590 5278 2687 5332 illa
2712 5275 3157 5331 contradictoric
3173 5274 3706 5345 constituaturqum

2062 5372 2151 5421 est
2183 5365 2629 5433 sub_universali
2651 5364 3057 5434 affirmatione,
3088 5362 3239 5435 quod
3269 5362 3705 5417 scilicetvolens

2062 5446 2397 5502 Aristoteles
2430 5448 2736 5502 ostendero
2770 5447 2854 5500 sic
2886 5446 3000 5499 ait:

2135 5540 2480 5609 Quaecunque
2498 5537 2672 5608 igitur
2683 5535 3139 5591 contradictiones
3158 5533 3556 5587 um’versalium
3574 5535 3703 5585 sunt

2060 5627 2475 5696 universaliter,
2507 5642 2719 5683 necesse
2747 5634 2825 5681 est
2852 5625 3091 5680 alterum
3118 5638 3230 5677 esse
3258 5638 3463 5691 veram,
3486 5620 3569 5675 vel
3597 5620 3704 5690 ful-
