  <div class='ocr_page' id='page_1' title='image "/cluster/home/n/w/nwhite01/storage/ocr_20150623/64/hvd.32044073505125/245.png"; bbox 0 0 4090 6184; ppageno 0'>
   <div class='ocr_carea' id='block_1_1' title="bbox 444 301 546 355">
    <p class='ocr_par' dir='ltr' id='par_1_1' title="bbox 444 301 546 355">
     <span class='ocr_line' id='line_1_1' title="bbox 444 301 546 355; baseline -0.01 -1"><span class='ocrx_word' id='word_1_1' title='bbox 444 301 546 355; x_wconf 84' lang='grc'><strong>479</strong></span> 
     </span>
    </p>
   </div>
   <div class='ocr_carea' id='block_1_2' title="bbox 1732 290 3799 356">
    <p class='ocr_par' dir='ltr' id='par_1_2' title="bbox 1732 290 3799 356">
     <span class='ocr_line' id='line_1_2' title="bbox 1732 290 3799 356; baseline 0.004 -9"><span class='ocrx_word' id='word_1_2' title='bbox 1732 293 1849 347; x_wconf 82' lang='lat' dir='ltr'><strong>AN.</strong></span> <span class='ocrx_word' id='word_1_3' title='bbox 1890 290 2113 345; x_wconf 79' lang='lat' dir='ltr'><strong>MANL.</strong></span> <span class='ocrx_word' id='word_1_4' title='bbox 2152 290 2310 344; x_wconf 79' lang='lat' dir='ltr'><strong>BEV.</strong></span> <span class='ocrx_word' id='word_1_5' title='bbox 2351 290 2590 346; x_wconf 81' lang='lat' dir='ltr'><strong>BOETII</strong></span> <span class='ocrx_word' id='word_1_6' title='bbox 3708 303 3799 356; x_wconf 66' lang='lat'><strong>480</strong></span> 
     </span>
    </p>
   </div>
   <div class='ocr_carea' id='block_1_3' title="bbox 441 414 3801 497">
    <p class='ocr_par' dir='ltr' id='par_1_3' title="bbox 441 414 3801 497">
     <span class='ocr_line' id='line_1_3' title="bbox 441 414 3801 497; baseline 0 -15"><span class='ocrx_word' id='word_1_7' title='bbox 441 444 581 483; x_wconf 84' lang='lat' dir='ltr'><strong>sam.</strong></span> <span class='ocrx_word' id='word_1_8' title='bbox 603 429 664 481; x_wconf 77' lang='lat' dir='ltr'><strong>Et</strong></span> <span class='ocrx_word' id='word_1_9' title='bbox 698 438 1041 497; x_wconf 66' lang='lat' dir='ltr'><strong>qumcunque</strong></span> <span class='ocrx_word' id='word_1_10' title='bbox 1062 424 1124 477; x_wconf 85' lang='lat' dir='ltr'><strong>in</strong></span> <span class='ocrx_word' id='word_1_11' title='bbox 1143 418 1521 489; x_wconf 76' lang='lat' dir='ltr'><strong>singularibus</strong></span> <span class='ocrx_word' id='word_1_12' title='bbox 1542 425 1695 483; x_wconf 75' lang='lat' dir='ltr'><strong>sunt,</strong></span> <span class='ocrx_word' id='word_1_13' title='bbox 1712 424 1772 470; x_wconf 79' lang='lat' dir='ltr'><strong>ut</strong></span> <span class='ocrx_word' id='word_1_14' title='bbox 1793 423 1871 471; x_wconf 77' lang='lat' dir='ltr'><strong>est</strong></span> <span class='ocrx_word' id='word_1_15' title='bbox 1893 415 2085 471; x_wconf 86' lang='lat' dir='ltr'><strong>Soera-</strong></span> <span class='ocrx_word' id='word_1_16' title='bbox 2122 416 2173 481; x_wconf 75' lang='grc' dir='ltr'><strong>Α</strong></span> <span class='ocrx_word' id='word_1_17' title='bbox 2207 414 2302 483; x_wconf 97' lang='lat' dir='ltr'><strong>pla</strong></span> <span class='ocrx_word' id='word_1_18' title='bbox 2332 419 2689 485; x_wconf 82' lang='lat' dir='ltr'><strong>proponatur</strong></span> <span class='ocrx_word' id='word_1_19' title='bbox 2720 433 2845 486; x_wconf 78' lang='lat' dir='ltr'><strong>quze</strong></span> <span class='ocrx_word' id='word_1_20' title='bbox 2865 417 3159 473; x_wconf 87' lang='lat' dir='ltr'><strong>contraria</strong></span> <span class='ocrx_word' id='word_1_21' title='bbox 3179 433 3306 473; x_wconf 85' lang='lat' dir='ltr'><strong>esse</strong></span> <span class='ocrx_word' id='word_1_22' title='bbox 3325 418 3801 485; x_wconf 84' lang='lat' dir='ltr'><strong>videantur.Albus</strong></span> 
     </span>
    </p>
   </div>
   <div class='ocr_carea' id='block_1_4' title="bbox 442 508 1554 582">
    <p class='ocr_par' dir='ltr' id='par_1_4' title="bbox 442 508 1554 582">
     <span class='ocr_line' id='line_1_4' title="bbox 442 508 1554 582; baseline -0.01 -11"><span class='ocrx_word' id='word_1_23' title='bbox 442 521 521 573; x_wconf 84' lang='lat' dir='ltr'><strong>tes</strong></span> <span class='ocrx_word' id='word_1_24' title='bbox 551 517 708 571; x_wconf 75' lang='lat' dir='ltr'><strong>albus</strong></span> <span class='ocrx_word' id='word_1_25' title='bbox 724 525 821 582; x_wconf 80' lang='lat' dir='ltr'><strong>est,</strong></span> <span class='ocrx_word' id='word_1_26' title='bbox 853 529 963 568; x_wconf 84' lang='lat' dir='ltr'><strong>non</strong></span> <span class='ocrx_word' id='word_1_27' title='bbox 991 519 1069 566; x_wconf 78' lang='lat' dir='ltr'><strong>est</strong></span> <span class='ocrx_word' id='word_1_28' title='bbox 1098 512 1346 565; x_wconf 83' lang='lat' dir='ltr'><strong>Socrates</strong></span> <span class='ocrx_word' id='word_1_29' title='bbox 1377 508 1554 561; x_wconf 82' lang='lat' dir='ltr'><strong>albus.</strong></span> 
     </span>
    </p>
   </div>
   <div class='ocr_carea' id='block_1_5' title="bbox 520 594 2089 673">
    <p class='ocr_par' dir='ltr' id='par_1_5' title="bbox 520 594 2089 673">
     <span class='ocr_line' id='line_1_5' title="bbox 520 594 2089 673; baseline -0.008 -12"><span class='ocrx_word' id='word_1_30' title='bbox 520 608 578 662; x_wconf 84' lang='lat' dir='ltr'><strong>In</strong></span> <span class='ocrx_word' id='word_1_31' title='bbox 596 605 711 660; x_wconf 85' lang='lat' dir='ltr'>illis</span> <span class='ocrx_word' id='word_1_32' title='bbox 724 604 878 659; x_wconf 90' lang='lat' dir='ltr'><strong>enim</strong></span> <span class='ocrx_word' id='word_1_33' title='bbox 894 618 1018 673; x_wconf 85' lang='lat' dir='ltr'><strong>quae</strong></span> <span class='ocrx_word' id='word_1_34' title='bbox 1034 597 1492 655; x_wconf 68' lang='lat' dir='ltr'><strong>contradictoris:</strong></span> <span class='ocrx_word' id='word_1_35' title='bbox 1507 614 1569 651; x_wconf 89' lang='lat' dir='ltr'><strong>su</strong></span> <span class='ocrx_word' id='word_1_36' title='bbox 1582 600 1642 650; x_wconf 89' lang='lat' dir='ltr'><strong>nt</strong></span> <span class='ocrx_word' id='word_1_37' title='bbox 1655 594 2089 651; x_wconf 88' lang='lat' dir='ltr'><strong>universalibus</strong></span> 
     </span>
    </p>
   </div>
   <div class='ocr_carea' id='block_1_6' title="bbox 446 682 2089 761">
    <p class='ocr_par' dir='ltr' id='par_1_6' title="bbox 446 682 2089 761">
     <span class='ocr_line' id='line_1_6' title="bbox 446 682 2089 761; baseline -0.009 -10"><span class='ocrx_word' id='word_1_38' title='bbox 446 693 855 751; x_wconf 89' lang='lat' dir='ltr'><strong>universaliter</strong></span> <span class='ocrx_word' id='word_1_39' title='bbox 885 688 1234 761; x_wconf 74' lang='lat' dir='ltr'><strong>praedicatis,</strong></span> <span class='ocrx_word' id='word_1_40' title='bbox 1268 686 1327 741; x_wconf 93' lang='lat' dir='ltr'><strong>in</strong></span> <span class='ocrx_word' id='word_1_41' title='bbox 1363 686 1454 741; x_wconf 90' lang='lat' dir='ltr'><strong>his</strong></span> <span class='ocrx_word' id='word_1_42' title='bbox 1483 702 1686 741; x_wconf 90' lang='lat' dir='ltr'><strong>verum</strong></span> <span class='ocrx_word' id='word_1_43' title='bbox 1720 700 1951 755; x_wconf 81' lang='lat' dir='ltr'><strong>semper</strong></span> <span class='ocrx_word' id='word_1_44' title='bbox 1979 682 2089 738; x_wconf 86' lang='lat' dir='ltr'><strong>fal-</strong></span> 
     </span>
    </p>
   </div>
   <div class='ocr_carea' id='block_1_7' title="bbox 445 770 2090 853">
    <p class='ocr_par' dir='ltr' id='par_1_7' title="bbox 445 770 2090 853">
     <span class='ocr_line' id='line_1_7' title="bbox 445 770 2090 853; baseline -0.009 -14"><span class='ocrx_word' id='word_1_45' title='bbox 445 798 697 853; x_wconf 86' lang='lat' dir='ltr'><strong>sumque</strong></span> <span class='ocrx_word' id='word_1_46' title='bbox 731 780 1051 845; x_wconf 75' lang='lat' dir='ltr'><strong>dividitur;</strong></span> <span class='ocrx_word' id='word_1_47' title='bbox 1087 774 1548 831; x_wconf 78' lang='lat' dir='ltr'><strong>contradictoriae</strong></span> <span class='ocrx_word' id='word_1_48' title='bbox 1581 778 1773 828; x_wconf 87' lang='lat' dir='ltr'><strong>autem</strong></span> <span class='ocrx_word' id='word_1_49' title='bbox 1805 777 1944 827; x_wconf 90' lang='lat' dir='ltr'><strong>sunt</strong></span> <span class='ocrx_word' id='word_1_50' title='bbox 1966 770 2090 826; x_wconf 88' lang='lat' dir='ltr'><strong>uni-</strong></span> 
     </span>
    </p>
   </div>
   <div class='ocr_carea' id='block_1_8' title="bbox 443 861 2093 936">
    <p class='ocr_par' dir='ltr' id='par_1_8' title="bbox 443 861 2093 936">
     <span class='ocr_line' id='line_1_8' title="bbox 443 861 2093 936; baseline -0.007 -11"><span class='ocrx_word' id='word_1_51' title='bbox 443 870 687 926; x_wconf 88' lang='lat' dir='ltr'><strong>versalis</strong></span> <span class='ocrx_word' id='word_1_52' title='bbox 720 864 1129 922; x_wconf 82' lang='lat' dir='ltr'><strong>afﬁrmationis</strong></span> <span class='ocrx_word' id='word_1_53' title='bbox 1162 862 1537 936; x_wconf 85' lang='lat' dir='ltr'><strong>particularis</strong></span> <span class='ocrx_word' id='word_1_54' title='bbox 1573 862 1823 931; x_wconf 83' lang='lat' dir='ltr'><strong>negatio,</strong></span> <span class='ocrx_word' id='word_1_55' title='bbox 1857 866 1913 916; x_wconf 89' lang='lat' dir='ltr'><strong>et</strong></span> <span class='ocrx_word' id='word_1_56' title='bbox 1960 861 2093 915; x_wconf 89' lang='lat' dir='ltr'><strong>uni-</strong></span> 
     </span>
    </p>
   </div>
   <div class='ocr_carea' id='block_1_9' title="bbox 442 950 2092 1030">
    <p class='ocr_par' dir='ltr' id='par_1_9' title="bbox 442 950 2092 1030">
     <span class='ocr_line' id='line_1_9' title="bbox 442 950 2092 1030; baseline -0.008 -14"><span class='ocrx_word' id='word_1_57' title='bbox 442 959 683 1016; x_wconf 86' lang='lat' dir='ltr'><strong>versalis</strong></span> <span class='ocrx_word' id='word_1_58' title='bbox 706 957 1031 1030; x_wconf 85' lang='lat' dir='ltr'><strong>negationis</strong></span> <span class='ocrx_word' id='word_1_59' title='bbox 1057 954 1426 1028; x_wconf 84' lang='lat' dir='ltr'><strong>particularis</strong></span> <span class='ocrx_word' id='word_1_60' title='bbox 1444 952 1851 1008; x_wconf 81' lang='lat' dir='ltr'><strong>afﬁrmatio.lu</strong></span> <span class='ocrx_word' id='word_1_61' title='bbox 1875 950 1965 1005; x_wconf 90' lang='lat' dir='ltr'><strong>his</strong></span> <span class='ocrx_word' id='word_1_62' title='bbox 1984 951 2092 1022; x_wconf 83' lang='lat' dir='ltr'><strong>igi-</strong></span> 
     </span>
    </p>
   </div>
   <div class='ocr_carea' id='block_1_10' title="bbox 446 1039 2094 1118">
    <p class='ocr_par' dir='ltr' id='par_1_10' title="bbox 446 1039 2094 1118">
     <span class='ocr_line' id='line_1_10' title="bbox 446 1039 2094 1118; baseline -0.008 -13"><span class='ocrx_word' id='word_1_63' title='bbox 446 1055 543 1107; x_wconf 88' lang='lat' dir='ltr'><strong>tur</strong></span> <span class='ocrx_word' id='word_1_64' title='bbox 564 1066 676 1103; x_wconf 87' lang='lat' dir='ltr'><strong>una</strong></span> <span class='ocrx_word' id='word_1_65' title='bbox 694 1063 927 1118; x_wconf 85' lang='lat' dir='ltr'><strong>semper</strong></span> <span class='ocrx_word' id='word_1_66' title='bbox 939 1062 1093 1111; x_wconf 90' lang='lat' dir='ltr'><strong>vera,</strong></span> <span class='ocrx_word' id='word_1_67' title='bbox 1118 1044 1300 1099; x_wconf 87' lang='lat' dir='ltr'><strong>altera</strong></span> <span class='ocrx_word' id='word_1_68' title='bbox 1320 1058 1551 1114; x_wconf 82' lang='lat' dir='ltr'><strong>semper</strong></span> <span class='ocrx_word' id='word_1_69' title='bbox 1583 1041 1749 1096; x_wconf 85' lang='lat' dir='ltr'><strong>falsa.</strong></span> <span class='ocrx_word' id='word_1_70' title='bbox 1782 1042 1972 1111; x_wconf 87' lang='lat' dir='ltr'><strong>Atque</strong></span> <span class='ocrx_word' id='word_1_71' title='bbox 1985 1039 2094 1093; x_wconf 89' lang='lat' dir='ltr'><strong>hoc</strong></span> 
     </span>
    </p>
   </div>
   <div class='ocr_carea' id='block_1_11' title="bbox 443 1129 2095 1210">
    <p class='ocr_par' dir='ltr' id='par_1_11' title="bbox 443 1129 2095 1210">
     <span class='ocr_line' id='line_1_11' title="bbox 443 1129 2095 1210; baseline -0.007 -15"><span class='ocrx_word' id='word_1_72' title='bbox 443 1143 533 1195; x_wconf 88' lang='lat' dir='ltr'><strong>est</strong></span> <span class='ocrx_word' id='word_1_73' title='bbox 554 1139 707 1210; x_wconf 90' lang='lat' dir='ltr'><strong>quod</strong></span> <span class='ocrx_word' id='word_1_74' title='bbox 733 1139 842 1192; x_wconf 85' lang='lat' dir='ltr'><strong>ait:</strong></span> <span class='ocrx_word' id='word_1_75' title='bbox 868 1137 1239 1205; x_wconf 63' lang='lat' dir='ltr'><strong>Quaecunque</strong></span> <span class='ocrx_word' id='word_1_76' title='bbox 1261 1133 1441 1203; x_wconf 79' lang='lat' dir='ltr'><strong>igitur</strong></span> <span class='ocrx_word' id='word_1_77' title='bbox 1455 1129 1942 1187; x_wconf 81' lang='lat' dir='ltr'><strong>contradictiones</strong></span> <span class='ocrx_word' id='word_1_78' title='bbox 1956 1132 2095 1184; x_wconf 87' lang='lat' dir='ltr'><strong>sunt</strong></span> 
     </span>
    </p>
   </div>
   <div class='ocr_carea' id='block_1_12' title="bbox 445 1219 2093 1290">
    <p class='ocr_par' dir='ltr' id='par_1_12' title="bbox 445 1219 2093 1290">
     <span class='ocr_line' id='line_1_12' title="bbox 445 1219 2093 1290; baseline -0.007 -8"><span class='ocrx_word' id='word_1_79' title='bbox 445 1225 867 1283; x_wconf 88' lang='lat' dir='ltr'><strong>universalium</strong></span> <span class='ocrx_word' id='word_1_80' title='bbox 884 1222 1375 1279; x_wconf 85' lang='lat' dir='ltr'><strong>universaliter.El</strong></span> <span class='ocrx_word' id='word_1_81' title='bbox 1389 1220 1482 1276; x_wconf 89' lang='lat' dir='ltr'><strong>hic</strong></span> <span class='ocrx_word' id='word_1_82' title='bbox 1496 1219 1970 1290; x_wconf 85' lang='lat' dir='ltr'><strong>distinguendum</strong></span> <span class='ocrx_word' id='word_1_83' title='bbox 1984 1223 2093 1286; x_wconf 90' lang='lat' dir='ltr'><strong>est,</strong></span> 
     </span>
    </p>
   </div>
   <div class='ocr_carea' id='block_1_13' title="bbox 445 1308 2094 1388">
    <p class='ocr_par' dir='ltr' id='par_1_13' title="bbox 445 1308 2094 1388">
     <span class='ocr_line' id='line_1_13' title="bbox 445 1308 2094 1388; baseline -0.007 -16"><span class='ocrx_word' id='word_1_84' title='bbox 445 1322 510 1372; x_wconf 92' lang='lat' dir='ltr'><strong>ut</strong></span> <span class='ocrx_word' id='word_1_85' title='bbox 528 1314 1008 1388; x_wconf 86' lang='lat' dir='ltr'><strong>intelligatursic,</strong></span> <span class='ocrx_word' id='word_1_86' title='bbox 1025 1310 1581 1385; x_wconf 66' lang='lat' dir='ltr'><strong>quascunqueigitur</strong></span> <span class='ocrx_word' id='word_1_87' title='bbox 1602 1308 2094 1364; x_wconf 74' lang='lat' dir='ltr'><strong>contradictiones</strong></span> 
     </span>
    </p>
   </div>
   <div class='ocr_carea' id='block_1_14' title="bbox 444 1397 2093 1473">
    <p class='ocr_par' dir='ltr' id='par_1_14' title="bbox 444 1397 2093 1473">
     <span class='ocr_line' id='line_1_14' title="bbox 444 1397 2093 1473; baseline -0.007 -11"><span class='ocrx_word' id='word_1_88' title='bbox 444 1412 588 1462; x_wconf 88' lang='lat' dir='ltr'><strong>sunt</strong></span> <span class='ocrx_word' id='word_1_89' title='bbox 614 1403 1033 1460; x_wconf 88' lang='lat' dir='ltr'><strong>universalium</strong></span> <span class='ocrx_word' id='word_1_90' title='bbox 1062 1400 1526 1473; x_wconf 80' lang='lat' dir='ltr'><strong>propositionum</strong></span> <span class='ocrx_word' id='word_1_91' title='bbox 1545 1397 1948 1453; x_wconf 87' lang='lat' dir='ltr'><strong>universaliter</strong></span> <span class='ocrx_word' id='word_1_92' title='bbox 1969 1413 2093 1468; x_wconf 84' lang='lat' dir='ltr'><strong>pro-</strong></span> 
     </span>
    </p>
   </div>
   <div class='ocr_carea' id='block_1_15' title="bbox 444 1486 2092 1567">
    <p class='ocr_par' dir='ltr' id='par_1_15' title="bbox 444 1486 2092 1567">
     <span class='ocr_line' id='line_1_15' title="bbox 444 1486 2092 1567; baseline -0.007 -16"><span class='ocrx_word' id='word_1_93' title='bbox 444 1495 792 1567; x_wconf 89' lang='lat' dir='ltr'><strong>positarum,</strong></span> <span class='ocrx_word' id='word_1_94' title='bbox 826 1509 1063 1547; x_wconf 88' lang='lat' dir='ltr'><strong>necesse</strong></span> <span class='ocrx_word' id='word_1_95' title='bbox 1091 1490 1433 1545; x_wconf 76' lang='lat' dir='ltr'><strong>estalteram</strong></span> <span class='ocrx_word' id='word_1_96' title='bbox 1456 1505 1649 1543; x_wconf 88' lang='lat' dir='ltr'><strong>veram</strong></span> <span class='ocrx_word' id='word_1_97' title='bbox 1664 1503 1813 1556; x_wconf 89' lang='lat' dir='ltr'><strong>esse,</strong></span> <span class='ocrx_word' id='word_1_98' title='bbox 1848 1486 2092 1541; x_wconf 82' lang='lat' dir='ltr'><strong>alterum</strong></span> 
     </span>
    </p>
   </div>
   <div class='ocr_carea' id='block_1_16' title="bbox 443 1575 2092 1652">
    <p class='ocr_par' dir='ltr' id='par_1_16' title="bbox 443 1575 2092 1652">
     <span class='ocr_line' id='line_1_16' title="bbox 443 1575 2092 1652; baseline -0.007 -11"><span class='ocrx_word' id='word_1_99' title='bbox 443 1586 675 1642; x_wconf 85' lang='lat' dir='ltr'><strong>falsam.</strong></span> <span class='ocrx_word' id='word_1_100' title='bbox 710 1584 775 1638; x_wconf 86' lang='lat' dir='ltr'><strong>Et</strong></span> <span class='ocrx_word' id='word_1_101' title='bbox 805 1583 863 1637; x_wconf 92' lang='lat' dir='ltr'><strong>in</strong></span> <span class='ocrx_word' id='word_1_102' title='bbox 887 1582 978 1636; x_wconf 89' lang='lat' dir='ltr'><strong>his</strong></span> <span class='ocrx_word' id='word_1_103' title='bbox 1004 1580 1258 1652; x_wconf 88' lang='lat' dir='ltr'><strong>primum</strong></span> <span class='ocrx_word' id='word_1_104' title='bbox 1288 1578 1572 1633; x_wconf 85' lang='lat' dir='ltr'><strong>dividitur</strong></span> <span class='ocrx_word' id='word_1_105' title='bbox 1592 1578 1806 1632; x_wconf 88' lang='lat' dir='ltr'><strong>veritas</strong></span> <span class='ocrx_word' id='word_1_106' title='bbox 1836 1575 2092 1631; x_wconf 82' lang='lat' dir='ltr'><strong>falsitas-</strong></span> 
     </span>
    </p>
   </div>
   <div class='ocr_carea' id='block_1_17' title="bbox 443 1667 2089 1748">
    <p class='ocr_par' dir='ltr' id='par_1_17' title="bbox 443 1667 2089 1748">
     <span class='ocr_line' id='line_1_17' title="bbox 443 1667 2089 1748; baseline -0.007 -19"><span class='ocrx_word' id='word_1_107' title='bbox 443 1692 476 1748; x_wconf 90' lang='lat' dir='ltr'><strong>q</strong></span> <span class='ocrx_word' id='word_1_108' title='bbox 489 1690 709 1745; x_wconf 69' lang='lat' dir='ltr'><strong>ue,quas</strong></span> <span class='ocrx_word' id='word_1_109' title='bbox 728 1672 841 1726; x_wconf 88' lang='lat' dir='ltr'><strong>sibi</strong></span> <span class='ocrx_word' id='word_1_110' title='bbox 854 1675 909 1726; x_wconf 88' lang='lat' dir='ltr'><strong>et</strong></span> <span class='ocrx_word' id='word_1_111' title='bbox 922 1668 1250 1741; x_wconf 86' lang='lat' dir='ltr'><strong>quantitate</strong></span> <span class='ocrx_word' id='word_1_112' title='bbox 1265 1667 1614 1739; x_wconf 83' lang='lat' dir='ltr'><strong>etqualitate</strong></span> <span class='ocrx_word' id='word_1_113' title='bbox 1628 1667 1908 1738; x_wconf 70' lang='lat' dir='ltr'><strong>oppositas</strong></span> <span class='ocrx_word' id='word_1_114' title='bbox 1929 1682 1995 1720; x_wconf 91' lang='lat' dir='ltr'><strong>su</strong></span> <span class='ocrx_word' id='word_1_115' title='bbox 2008 1670 2089 1731; x_wconf 87' lang='lat' dir='ltr'><strong>ut,</strong></span> 
     </span>
    </p>
   </div>
   <div class='ocr_carea' id='block_1_18' title="bbox 2195 503 3800 580">
    <p class='ocr_par' dir='ltr' id='par_1_18' title="bbox 2195 503 3800 580">
     <span class='ocr_line' id='line_1_18' title="bbox 2195 503 3800 580; baseline 0.009 -24"><span class='ocrx_word' id='word_1_116' title='bbox 2195 503 2351 556; x_wconf 91' lang='lat' dir='ltr'><strong>enim</strong></span> <span class='ocrx_word' id='word_1_117' title='bbox 2385 507 2441 557; x_wconf 85' lang='lat' dir='ltr'><strong>et</strong></span> <span class='ocrx_word' id='word_1_118' title='bbox 2468 503 2650 573; x_wconf 83' lang='lat' dir='ltr'><strong>niger,</strong></span> <span class='ocrx_word' id='word_1_119' title='bbox 2676 505 2892 575; x_wconf 88' lang='lat' dir='ltr'><strong>probus</strong></span> <span class='ocrx_word' id='word_1_120' title='bbox 2940 510 2996 561; x_wconf 87' lang='lat' dir='ltr'><strong>et</strong></span> <span class='ocrx_word' id='word_1_121' title='bbox 3027 506 3215 578; x_wconf 85' lang='lat' dir='ltr'><strong>turpis</strong></span> <span class='ocrx_word' id='word_1_122' title='bbox 3247 508 3527 565; x_wconf 87' lang='lat' dir='ltr'><strong>contraria</strong></span> <span class='ocrx_word' id='word_1_123' title='bbox 3581 520 3721 580; x_wconf 85' lang='lat' dir='ltr'><strong>sunt,</strong></span> <span class='ocrx_word' id='word_1_124' title='bbox 3752 522 3800 572; x_wconf 86' lang='lat' dir='ltr'><strong>et</strong></span> 
     </span>
    </p>
   </div>
   <div class='ocr_carea' id='block_1_19' title="bbox 2198 594 3804 670">
    <p class='ocr_par' dir='ltr' id='par_1_19' title="bbox 2198 594 3804 670">
     <span class='ocr_line' id='line_1_19' title="bbox 2198 594 3804 670; baseline 0.008 -23"><span class='ocrx_word' id='word_1_125' title='bbox 2198 594 2450 648; x_wconf 82' lang='lat' dir='ltr'><strong>fortasse</strong></span> <span class='ocrx_word' id='word_1_126' title='bbox 2471 594 2701 649; x_wconf 86' lang='lat' dir='ltr'><strong>dubitet</strong></span> <span class='ocrx_word' id='word_1_127' title='bbox 2723 596 2958 666; x_wconf 90' lang='lat' dir='ltr'><strong>quidam</strong></span> <span class='ocrx_word' id='word_1_128' title='bbox 2988 602 3182 652; x_wconf 90' lang='lat' dir='ltr'><strong>utrum</strong></span> <span class='ocrx_word' id='word_1_129' title='bbox 3205 615 3320 653; x_wconf 90' lang='lat' dir='ltr'><strong>uno</strong></span> <span class='ocrx_word' id='word_1_130' title='bbox 3344 606 3590 670; x_wconf 86' lang='lat' dir='ltr'><strong>tempore</strong></span> <span class='ocrx_word' id='word_1_131' title='bbox 3602 610 3804 661; x_wconf 83' lang='lat' dir='ltr'><strong>contra-</strong></span> 
     </span>
    </p>
   </div>
   <div class='ocr_carea' id='block_1_20' title="bbox 2201 683 3806 764">
    <p class='ocr_par' dir='ltr' id='par_1_20' title="bbox 2201 683 3806 764">
     <span class='ocr_line' id='line_1_20' title="bbox 2201 683 3806 764; baseline 0.007 -25"><span class='ocrx_word' id='word_1_132' title='bbox 2201 683 2285 739; x_wconf 89' lang='lat' dir='ltr'><strong>ria</strong></span> <span class='ocrx_word' id='word_1_133' title='bbox 2308 685 2428 739; x_wconf 70' lang='lat' dir='ltr'><strong>haec</strong></span> <span class='ocrx_word' id='word_1_134' title='bbox 2461 684 2520 739; x_wconf 90' lang='lat' dir='ltr'><strong>in</strong></span> <span class='ocrx_word' id='word_1_135' title='bbox 2552 685 2847 755; x_wconf 74' lang='lat' dir='ltr'><strong>aliquibus</strong></span> <span class='ocrx_word' id='word_1_136' title='bbox 2877 688 3109 742; x_wconf 89' lang='lat' dir='ltr'><strong>valeant</strong></span> <span class='ocrx_word' id='word_1_137' title='bbox 3161 690 3421 760; x_wconf 90' lang='lat' dir='ltr'><strong>reperiri.</strong></span> <span class='ocrx_word' id='word_1_138' title='bbox 3469 692 3570 746; x_wconf 88' lang='lat' dir='ltr'><strong>Sed</strong></span> <span class='ocrx_word' id='word_1_139' title='bbox 3620 694 3806 764; x_wconf 83' lang='lat' dir='ltr'><strong>adjecit</strong></span> 
     </span>
    </p>
   </div>
   <div class='ocr_carea' id='block_1_21' title="bbox 2198 773 3806 848">
    <p class='ocr_par' dir='ltr' id='par_1_21' title="bbox 2198 773 3806 848">
     <span class='ocr_line' id='line_1_21' title="bbox 2198 773 3806 848; baseline 0.007 -19"><span class='ocrx_word' id='word_1_140' title='bbox 2198 773 2531 845; x_wconf 85' lang='lat' dir='ltr'><strong>exemplum</strong></span> <span class='ocrx_word' id='word_1_141' title='bbox 2549 774 2733 841; x_wconf 87' lang='lat' dir='ltr'><strong>aliud,</strong></span> <span class='ocrx_word' id='word_1_142' title='bbox 2750 778 2899 847; x_wconf 89' lang='lat' dir='ltr'><strong>quod</strong></span> <span class='ocrx_word' id='word_1_143' title='bbox 2916 794 3049 832; x_wconf 91' lang='lat' dir='ltr'><strong>cum</strong></span> <span class='ocrx_word' id='word_1_144' title='bbox 3066 778 3357 833; x_wconf 88' lang='lat' dir='ltr'><strong>contraria</strong></span> <span class='ocrx_word' id='word_1_145' title='bbox 3370 796 3481 834; x_wconf 91' lang='lat' dir='ltr'><strong>non</strong></span> <span class='ocrx_word' id='word_1_146' title='bbox 3496 781 3806 848; x_wconf 85' lang='lat' dir='ltr'><strong>sint,tamen</strong></span> 
     </span>
    </p>
   </div>
   <div class='ocr_carea' id='block_1_22' title="bbox 2199 864 3803 941">
    <p class='ocr_par' dir='ltr' id='par_1_22' title="bbox 2199 864 3803 941">
     <span class='ocr_line' id='line_1_22' title="bbox 2199 864 3803 941; baseline 0.007 -22"><span class='ocrx_word' id='word_1_147' title='bbox 2199 880 2267 919; x_wconf 80' lang='lat' dir='ltr'><strong>ex</strong></span> <span class='ocrx_word' id='word_1_148' title='bbox 2299 882 2364 920; x_wconf 89' lang='lat' dir='ltr'><strong>eo</strong></span> <span class='ocrx_word' id='word_1_149' title='bbox 2396 864 2549 920; x_wconf 88' lang='lat' dir='ltr'><strong>sicut</strong></span> <span class='ocrx_word' id='word_1_150' title='bbox 2571 867 2627 919; x_wconf 90' lang='lat' dir='ltr'><strong>in</strong></span> <span class='ocrx_word' id='word_1_151' title='bbox 2654 868 2961 923; x_wconf 87' lang='lat' dir='ltr'><strong>contrariis</strong></span> <span class='ocrx_word' id='word_1_152' title='bbox 2978 884 3210 940; x_wconf 89' lang='lat' dir='ltr'><strong>quoque</strong></span> <span class='ocrx_word' id='word_1_153' title='bbox 3233 870 3458 940; x_wconf 88' lang='lat' dir='ltr'><strong>negatio</strong></span> <span class='ocrx_word' id='word_1_154' title='bbox 3480 878 3803 941; x_wconf 86' lang='lat' dir='ltr'><strong>procreatur:</strong></span> 
     </span>
    </p>
   </div>
   <div class='ocr_carea' id='block_1_23' title="bbox 2199 953 3806 1027">
    <p class='ocr_par' dir='ltr' id='par_1_23' title="bbox 2199 953 3806 1027">
     <span class='ocr_line' id='line_1_23' title="bbox 2199 953 3806 1027; baseline 0.005 -19"><span class='ocrx_word' id='word_1_155' title='bbox 2199 958 2264 1008; x_wconf 93' lang='lat' dir='ltr'><strong>ut</strong></span> <span class='ocrx_word' id='word_1_156' title='bbox 2293 953 2341 1009; x_wconf 91' lang='lat' dir='ltr'><strong>si</strong></span> <span class='ocrx_word' id='word_1_157' title='bbox 2374 955 2505 1025; x_wconf 88' lang='lat' dir='ltr'><strong>quis</strong></span> <span class='ocrx_word' id='word_1_158' title='bbox 2537 955 2714 1024; x_wconf 86' lang='lat' dir='ltr'><strong>dicat,</strong></span> <span class='ocrx_word' id='word_1_159' title='bbox 2747 960 2834 1011; x_wconf 89' lang='lat' dir='ltr'><strong>est</strong></span> <span class='ocrx_word' id='word_1_160' title='bbox 2864 955 3038 1012; x_wconf 91' lang='lat' dir='ltr'><strong>homo</strong></span> <span class='ocrx_word' id='word_1_161' title='bbox 3071 958 3308 1027; x_wconf 88' lang='lat' dir='ltr'><strong>probus,</strong></span> <span class='ocrx_word' id='word_1_162' title='bbox 3334 961 3392 1012; x_wconf 88' lang='lat' dir='ltr'><strong>et</strong></span> <span class='ocrx_word' id='word_1_163' title='bbox 3414 958 3558 1014; x_wconf 85' lang='lat' dir='ltr'><strong>alius</strong></span> <span class='ocrx_word' id='word_1_164' title='bbox 3578 959 3806 1027; x_wconf 84' lang='lat' dir='ltr'><strong>dicat,tit</strong></span> 
     </span>
    </p>
   </div>
   <div class='ocr_carea' id='block_1_24' title="bbox 2200 1044 3807 1120">
    <p class='ocr_par' dir='ltr' id='par_1_24' title="bbox 2200 1044 3807 1120">
     <span class='ocr_line' id='line_1_24' title="bbox 2200 1044 3807 1120; baseline 0.004 -21"><span class='ocrx_word' id='word_1_165' title='bbox 2200 1044 2371 1101; x_wconf 89' lang='lat' dir='ltr'><strong>homo</strong></span> <span class='ocrx_word' id='word_1_166' title='bbox 2394 1045 2694 1117; x_wconf 88' lang='lat' dir='ltr'><strong>probus,si</strong></span> <span class='ocrx_word' id='word_1_167' title='bbox 2717 1047 2850 1116; x_wconf 88' lang='lat' dir='ltr'><strong>quis</strong></span> <span class='ocrx_word' id='word_1_168' title='bbox 2872 1046 2958 1101; x_wconf 90' lang='lat' dir='ltr'><strong>vel</strong></span> <span class='ocrx_word' id='word_1_169' title='bbox 2982 1046 3093 1102; x_wconf 86' lang='lat' dir='ltr'><strong>alio</strong></span> <span class='ocrx_word' id='word_1_170' title='bbox 3118 1048 3379 1116; x_wconf 88' lang='lat' dir='ltr'><strong>docente,</strong></span> <span class='ocrx_word' id='word_1_171' title='bbox 3402 1048 3485 1103; x_wconf 86' lang='lat' dir='ltr'><strong>vel</strong></span> <span class='ocrx_word' id='word_1_172' title='bbox 3509 1050 3688 1120; x_wconf 88' lang='lat' dir='ltr'><strong>seipsu</strong></span> <span class='ocrx_word' id='word_1_173' title='bbox 3701 1067 3807 1106; x_wconf 88' lang='lat' dir='ltr'><strong>cor-</strong></span> 
     </span>
    </p>
   </div>
   <div class='ocr_carea' id='block_1_25' title="bbox 2200 1133 3810 1211">
    <p class='ocr_par' dir='ltr' id='par_1_25' title="bbox 2200 1133 3810 1211">
     <span class='ocr_line' id='line_1_25' title="bbox 2200 1133 3810 1211; baseline 0.005 -24"><span class='ocrx_word' id='word_1_174' title='bbox 2200 1133 2424 1205; x_wconf 88' lang='lat' dir='ltr'><strong>rigente</strong></span> <span class='ocrx_word' id='word_1_175' title='bbox 2455 1133 2656 1204; x_wconf 85' lang='lat' dir='ltr'><strong>aliqua</strong></span> <span class='ocrx_word' id='word_1_176' title='bbox 2677 1134 2987 1205; x_wconf 85' lang='lat' dir='ltr'><strong>disciplina</strong></span> <span class='ocrx_word' id='word_1_177' title='bbox 3005 1134 3247 1190; x_wconf 82' lang='lat' dir='ltr'><strong>rationis</strong></span> <span class='ocrx_word' id='word_1_178' title='bbox 3270 1135 3503 1191; x_wconf 88' lang='lat' dir='ltr'><strong>eniteat.</strong></span> <span class='ocrx_word' id='word_1_179' title='bbox 3530 1136 3672 1193; x_wconf 82' lang='lat' dir='ltr'><strong>Nihil</strong></span> <span class='ocrx_word' id='word_1_180' title='bbox 3692 1154 3810 1211; x_wconf 83' lang='lat' dir='ltr'><strong>ergo</strong></span> 
     </span>
    </p>
   </div>
   <div class='ocr_carea' id='block_1_26' title="bbox 2199 1222 3809 1297">
    <p class='ocr_par' dir='ltr' id='par_1_26' title="bbox 2199 1222 3809 1297">
     <span class='ocr_line' id='line_1_26' title="bbox 2199 1222 3809 1297; baseline 0.004 -21"><span class='ocrx_word' id='word_1_181' title='bbox 2199 1222 2553 1278; x_wconf 90' lang='lat' dir='ltr'><strong>contrarium</strong></span> <span class='ocrx_word' id='word_1_182' title='bbox 2572 1222 2748 1278; x_wconf 84' lang='lat' dir='ltr'><strong>habet</strong></span> <span class='ocrx_word' id='word_1_183' title='bbox 2769 1240 2897 1279; x_wconf 90' lang='lat' dir='ltr'><strong>esse</strong></span> <span class='ocrx_word' id='word_1_184' title='bbox 2921 1226 3192 1295; x_wconf 88' lang='lat' dir='ltr'><strong>probum,</strong></span> <span class='ocrx_word' id='word_1_185' title='bbox 3217 1230 3274 1279; x_wconf 91' lang='lat' dir='ltr'><strong>et</strong></span> <span class='ocrx_word' id='word_1_186' title='bbox 3296 1224 3418 1280; x_wconf 84' lang='lat' dir='ltr'><strong>ﬁeri</strong></span> <span class='ocrx_word' id='word_1_187' title='bbox 3446 1227 3692 1297; x_wconf 87' lang='lat' dir='ltr'><strong>probum;</strong></span> <span class='ocrx_word' id='word_1_188' title='bbox 3725 1244 3809 1283; x_wconf 90' lang='lat' dir='ltr'><strong>ne-</strong></span> 
     </span>
    </p>
   </div>
   <div class='ocr_carea' id='block_1_27' title="bbox 2199 1311 3811 1387">
    <p class='ocr_par' dir='ltr' id='par_1_27' title="bbox 2199 1311 3811 1387">
     <span class='ocr_line' id='line_1_27' title="bbox 2199 1311 3811 1387; baseline 0.004 -22"><span class='ocrx_word' id='word_1_189' title='bbox 2199 1328 2312 1383; x_wconf 87' lang='lat' dir='ltr'><strong>que</strong></span> <span class='ocrx_word' id='word_1_190' title='bbox 2343 1312 2499 1367; x_wconf 89' lang='lat' dir='ltr'><strong>enim</strong></span> <span class='ocrx_word' id='word_1_191' title='bbox 2525 1311 2606 1367; x_wconf 88' lang='lat' dir='ltr'><strong>ita</strong></span> <span class='ocrx_word' id='word_1_192' title='bbox 2636 1315 2994 1369; x_wconf 87' lang='lat' dir='ltr'><strong>contrarium</strong></span> <span class='ocrx_word' id='word_1_193' title='bbox 3015 1318 3124 1380; x_wconf 91' lang='lat' dir='ltr'><strong>est,</strong></span> <span class='ocrx_word' id='word_1_194' title='bbox 3147 1317 3213 1369; x_wconf 89' lang='lat' dir='ltr'><strong>ut</strong></span> <span class='ocrx_word' id='word_1_195' title='bbox 3235 1330 3363 1370; x_wconf 88' lang='lat' dir='ltr'><strong>esse</strong></span> <span class='ocrx_word' id='word_1_196' title='bbox 3386 1314 3672 1370; x_wconf 88' lang='lat' dir='ltr'><strong>hominem</strong></span> <span class='ocrx_word' id='word_1_197' title='bbox 3695 1333 3811 1387; x_wconf 88' lang='lat' dir='ltr'><strong>pro-</strong></span> 
     </span>
    </p>
   </div>
   <div class='ocr_carea' id='block_1_28' title="bbox 2199 1401 3811 1474">
    <p class='ocr_par' dir='ltr' id='par_1_28' title="bbox 2199 1401 3811 1474">
     <span class='ocr_line' id='line_1_28' title="bbox 2199 1401 3811 1474; baseline 0.002 -18"><span class='ocrx_word' id='word_1_198' title='bbox 2199 1402 2362 1469; x_wconf 90' lang='lat' dir='ltr'><strong>bum,</strong></span> <span class='ocrx_word' id='word_1_199' title='bbox 2397 1406 2454 1456; x_wconf 88' lang='lat' dir='ltr'><strong>et</strong></span> <span class='ocrx_word' id='word_1_200' title='bbox 2482 1418 2609 1456; x_wconf 85' lang='lat' dir='ltr'><strong>esse</strong></span> <span class='ocrx_word' id='word_1_201' title='bbox 2640 1401 2937 1458; x_wconf 88' lang='lat' dir='ltr'><strong>hominem</strong></span> <span class='ocrx_word' id='word_1_202' title='bbox 2973 1408 3227 1474; x_wconf 89' lang='lat' dir='ltr'><strong>turpem.</strong></span> <span class='ocrx_word' id='word_1_203' title='bbox 3253 1406 3440 1467; x_wconf 85' lang='lat' dir='ltr'><strong>Quare</strong></span> <span class='ocrx_word' id='word_1_204' title='bbox 3460 1404 3508 1458; x_wconf 90' lang='lat' dir='ltr'><strong>si</strong></span> <span class='ocrx_word' id='word_1_205' title='bbox 3535 1404 3669 1458; x_wconf 84' lang='lat' dir='ltr'><strong>nihil</strong></span> <span class='ocrx_word' id='word_1_206' title='bbox 3692 1421 3811 1460; x_wconf 85' lang='lat' dir='ltr'><strong>con-</strong></span> 
     </span>
    </p>
   </div>
   <div class='ocr_carea' id='block_1_29' title="bbox 2196 1490 3815 1565">
    <p class='ocr_par' dir='ltr' id='par_1_29' title="bbox 2196 1490 3815 1565">
     <span class='ocr_line' id='line_1_29' title="bbox 2196 1490 3815 1565; baseline 0.002 -18"><span class='ocrx_word' id='word_1_207' title='bbox 2196 1490 2440 1547; x_wconf 88' lang='lat' dir='ltr'><strong>trarium</strong></span> <span class='ocrx_word' id='word_1_208' title='bbox 2476 1491 2675 1559; x_wconf 90' lang='lat' dir='ltr'><strong>habet,</strong></span> <span class='ocrx_word' id='word_1_209' title='bbox 2696 1491 2941 1548; x_wconf 90' lang='lat' dir='ltr'><strong>dubium</strong></span> <span class='ocrx_word' id='word_1_210' title='bbox 2958 1509 3071 1548; x_wconf 88' lang='lat' dir='ltr'><strong>non</strong></span> <span class='ocrx_word' id='word_1_211' title='bbox 3087 1497 3176 1548; x_wconf 90' lang='lat' dir='ltr'><strong>est</strong></span> <span class='ocrx_word' id='word_1_212' title='bbox 3199 1493 3340 1563; x_wconf 90' lang='lat' dir='ltr'><strong>quin</strong></span> <span class='ocrx_word' id='word_1_213' title='bbox 3358 1492 3534 1549; x_wconf 89' lang='lat' dir='ltr'><strong>simul</strong></span> <span class='ocrx_word' id='word_1_214' title='bbox 3559 1510 3678 1549; x_wconf 86' lang='lat' dir='ltr'><strong>esse</strong></span> <span class='ocrx_word' id='word_1_215' title='bbox 3699 1512 3815 1565; x_wconf 88' lang='lat' dir='ltr'><strong>pos-</strong></span> 
     </span>
    </p>
   </div>
   <div class='ocr_carea' id='block_1_30' title="bbox 2198 1580 3816 1654">
    <p class='ocr_par' dir='ltr' id='par_1_30' title="bbox 2198 1580 3816 1654">
     <span class='ocr_line' id='line_1_30' title="bbox 2198 1580 3816 1654; baseline 0.002 -19"><span class='ocrx_word' id='word_1_216' title='bbox 2198 1580 2455 1636; x_wconf 88' lang='lat' dir='ltr'><strong>sint.Sed</strong></span> <span class='ocrx_word' id='word_1_217' title='bbox 2487 1581 2639 1651; x_wconf 91' lang='lat' dir='ltr'><strong>quod</strong></span> <span class='ocrx_word' id='word_1_218' title='bbox 2675 1581 2739 1635; x_wconf 84' lang='lat' dir='ltr'><strong>ﬁt</strong></span> <span class='ocrx_word' id='word_1_219' title='bbox 2760 1581 3043 1636; x_wconf 89' lang='lat' dir='ltr'><strong>inondum</strong></span> <span class='ocrx_word' id='word_1_220' title='bbox 3075 1586 3166 1637; x_wconf 89' lang='lat' dir='ltr'><strong>est</strong></span> <span class='ocrx_word' id='word_1_221' title='bbox 3197 1581 3392 1637; x_wconf 90' lang='lat' dir='ltr'><strong>adhuc</strong></span> <span class='ocrx_word' id='word_1_222' title='bbox 3424 1598 3553 1637; x_wconf 90' lang='lat' dir='ltr'><strong>cum</strong></span> <span class='ocrx_word' id='word_1_223' title='bbox 3578 1583 3641 1637; x_wconf 83' lang='lat' dir='ltr'><strong>ﬁt</strong></span> <span class='ocrx_word' id='word_1_224' title='bbox 3658 1598 3816 1654; x_wconf 89' lang='lat' dir='ltr'><strong>quare</strong></span> 
     </span>
    </p>
   </div>
   <div class='ocr_carea' id='block_1_31' title="bbox 2199 1669 3815 1741">
    <p class='ocr_par' dir='ltr' id='par_1_31' title="bbox 2199 1669 3815 1741">
     <span class='ocr_line' id='line_1_31' title="bbox 2199 1669 3815 1741; baseline 0.001 -18"><span class='ocrx_word' id='word_1_225' title='bbox 2199 1670 2460 1725; x_wconf 91' lang='lat' dir='ltr'><strong>nondum</strong></span> <span class='ocrx_word' id='word_1_226' title='bbox 2491 1674 2581 1724; x_wconf 86' lang='lat' dir='ltr'><strong>est</strong></span> <span class='ocrx_word' id='word_1_227' title='bbox 2613 1669 2831 1740; x_wconf 90' lang='lat' dir='ltr'><strong>probus</strong></span> <span class='ocrx_word' id='word_1_228' title='bbox 2864 1669 2964 1740; x_wconf 89' lang='lat' dir='ltr'><strong>qui</strong></span> <span class='ocrx_word' id='word_1_229' title='bbox 2992 1670 3057 1724; x_wconf 82' lang='lat' dir='ltr'><strong>ﬁt</strong></span> <span class='ocrx_word' id='word_1_230' title='bbox 3090 1670 3330 1741; x_wconf 91' lang='lat' dir='ltr'><strong>probus.</strong></span> <span class='ocrx_word' id='word_1_231' title='bbox 3365 1669 3475 1725; x_wconf 87' lang='lat' dir='ltr'><strong>Sed</strong></span> <span class='ocrx_word' id='word_1_232' title='bbox 3506 1685 3693 1725; x_wconf 91' lang='lat' dir='ltr'><strong>verum</strong></span> <span class='ocrx_word' id='word_1_233' title='bbox 3737 1674 3815 1725; x_wconf 87' lang='lat' dir='ltr'><strong>est</strong></span> 
     </span>
    </p>
   </div>
   <div class='ocr_carea' id='block_1_32' title="bbox 445 1755 3812 1836">
    <p class='ocr_par' dir='ltr' id='par_1_32' title="bbox 445 1755 3812 1836">
     <span class='ocr_line' id='line_1_32' title="bbox 445 1755 3812 1836; baseline -0.002 -17"><span class='ocrx_word' id='word_1_234' title='bbox 445 1760 1008 1836; x_wconf 87' lang='lat' dir='ltr'><strong>qualitatequodilla</strong></span> <span class='ocrx_word' id='word_1_235' title='bbox 1032 1759 1262 1828; x_wconf 87' lang='lat' dir='ltr'><strong>negatio</strong></span> <span class='ocrx_word' id='word_1_236' title='bbox 1280 1762 1389 1824; x_wconf 89' lang='lat' dir='ltr'><strong>est,</strong></span> <span class='ocrx_word' id='word_1_237' title='bbox 1417 1757 1513 1811; x_wconf 90' lang='lat' dir='ltr'><strong>illa</strong></span> <span class='ocrx_word' id='word_1_238' title='bbox 1535 1755 1871 1823; x_wconf 81' lang='lat' dir='ltr'><strong>afﬁrmatio;</strong></span> <span class='ocrx_word' id='word_1_239' title='bbox 1898 1771 2085 1827; x_wconf 89' lang='lat' dir='ltr'><strong>quau-</strong></span> <span class='ocrx_word' id='word_1_240' title='bbox 2116 1768 2165 1832; x_wconf 81' lang='grc' dir='ltr'><strong>Β</strong></span> <span class='ocrx_word' id='word_1_241' title='bbox 2196 1758 2386 1814; x_wconf 87' lang='lat' dir='ltr'><strong>dicere</strong></span> <span class='ocrx_word' id='word_1_242' title='bbox 2415 1774 2548 1813; x_wconf 89' lang='lat' dir='ltr'><strong>cum</strong></span> <span class='ocrx_word' id='word_1_243' title='bbox 2573 1774 2639 1813; x_wconf 90' lang='lat' dir='ltr'><strong>eo</strong></span> <span class='ocrx_word' id='word_1_244' title='bbox 2661 1760 2811 1829; x_wconf 87' lang='lat' dir='ltr'><strong>quod</strong></span> <span class='ocrx_word' id='word_1_245' title='bbox 2836 1763 2961 1814; x_wconf 89' lang='lat' dir='ltr'><strong>est:</strong></span> <span class='ocrx_word' id='word_1_246' title='bbox 2995 1764 3084 1814; x_wconf 90' lang='lat' dir='ltr'><strong>est</strong></span> <span class='ocrx_word' id='word_1_247' title='bbox 3106 1758 3280 1814; x_wconf 89' lang='lat' dir='ltr'><strong>homo</strong></span> <span class='ocrx_word' id='word_1_248' title='bbox 3304 1759 3812 1830; x_wconf 88' lang='lat' dir='ltr'><strong>probus,quoniam</strong></span> 
     </span>
    </p>
   </div>
   <div class='ocr_carea' id='block_1_33' title="bbox 447 1844 2088 1924">
    <p class='ocr_par' dir='ltr' id='par_1_33' title="bbox 447 1844 2088 1924">
     <span class='ocr_line' id='line_1_33' title="bbox 447 1844 2088 1924; baseline -0.007 -14"><span class='ocrx_word' id='word_1_249' title='bbox 447 1856 611 1910; x_wconf 87' lang='lat' dir='ltr'><strong>titate</strong></span> <span class='ocrx_word' id='word_1_250' title='bbox 642 1853 796 1924; x_wconf 92' lang='lat' dir='ltr'><strong>quod</strong></span> <span class='ocrx_word' id='word_1_251' title='bbox 829 1850 929 1905; x_wconf 89' lang='lat' dir='ltr'><strong>illa</strong></span> <span class='ocrx_word' id='word_1_252' title='bbox 960 1847 1332 1916; x_wconf 77' lang='lat' dir='ltr'><strong>universalis,</strong></span> <span class='ocrx_word' id='word_1_253' title='bbox 1356 1846 1456 1902; x_wconf 90' lang='lat' dir='ltr'><strong>illa</strong></span> <span class='ocrx_word' id='word_1_254' title='bbox 1474 1845 1843 1917; x_wconf 89' lang='lat' dir='ltr'><strong>particularis</strong></span> <span class='ocrx_word' id='word_1_255' title='bbox 1874 1844 2088 1900; x_wconf 84' lang='lat' dir='ltr'><strong>est.Se-</strong></span> 
     </span>
    </p>
   </div>
   <div class='ocr_carea' id='block_1_34' title="bbox 444 1932 2085 2008">
    <p class='ocr_par' dir='ltr' id='par_1_34' title="bbox 444 1932 2085 2008">
     <span class='ocr_line' id='line_1_34' title="bbox 444 1932 2085 2008; baseline -0.007 -9"><span class='ocrx_word' id='word_1_256' title='bbox 444 1943 634 1999; x_wconf 83' lang='lat' dir='ltr'><strong>eundo</strong></span> <span class='ocrx_word' id='word_1_257' title='bbox 668 1946 864 1997; x_wconf 91' lang='lat' dir='ltr'><strong>autem</strong></span> <span class='ocrx_word' id='word_1_258' title='bbox 898 1940 1068 1994; x_wconf 84' lang='lat' dir='ltr'><strong>modo</strong></span> <span class='ocrx_word' id='word_1_259' title='bbox 1100 1938 1160 1992; x_wconf 93' lang='lat' dir='ltr'><strong>in</strong></span> <span class='ocrx_word' id='word_1_260' title='bbox 1187 1937 1260 1992; x_wconf 91' lang='lat' dir='ltr'><strong>iis</strong></span> <span class='ocrx_word' id='word_1_261' title='bbox 1292 1952 1422 2008; x_wconf 65' lang='lat' dir='ltr'><strong>qua:</strong></span> <span class='ocrx_word' id='word_1_262' title='bbox 1451 1939 1591 1990; x_wconf 87' lang='lat' dir='ltr'><strong>sunt</strong></span> <span class='ocrx_word' id='word_1_263' title='bbox 1623 1934 1975 2006; x_wconf 85' lang='lat' dir='ltr'><strong>singularia,</strong></span> <span class='ocrx_word' id='word_1_264' title='bbox 2036 1932 2085 1988; x_wconf 87' lang='lat' dir='ltr'><strong>si</strong></span> 
     </span>
    </p>
   </div>
   <div class='ocr_carea' id='block_1_35' title="bbox 440 2022 2089 2100">
    <p class='ocr_par' dir='ltr' id='par_1_35' title="bbox 440 2022 2089 2100">
     <span class='ocr_line' id='line_1_35' title="bbox 440 2022 2089 2100; baseline -0.005 -15"><span class='ocrx_word' id='word_1_265' title='bbox 440 2049 475 2085; x_wconf 89' lang='grc' dir='ltr'><strong>η</strong></span> <span class='ocrx_word' id='word_1_266' title='bbox 488 2031 613 2085; x_wconf 75' lang='lat' dir='ltr'><strong>ulla:</strong></span> <span class='ocrx_word' id='word_1_267' title='bbox 629 2036 1103 2100; x_wconf 81' lang='lat' dir='ltr'><strong>argumentorum</strong></span> <span class='ocrx_word' id='word_1_268' title='bbox 1121 2024 1346 2081; x_wconf 67' lang='lat' dir='ltr'><strong>nebulae</strong></span> <span class='ocrx_word' id='word_1_269' title='bbox 1362 2025 1497 2092; x_wconf 89' lang='lat' dir='ltr'><strong>sint,</strong></span> <span class='ocrx_word' id='word_1_270' title='bbox 1515 2023 1724 2079; x_wconf 86' lang='lat' dir='ltr'><strong>veritas</strong></span> <span class='ocrx_word' id='word_1_271' title='bbox 1747 2022 2089 2093; x_wconf 80' lang='lat' dir='ltr'><strong>falsilasque</strong></span> 
     </span>
    </p>
   </div>
   <div class='ocr_carea' id='block_1_36' title="bbox 441 2112 2087 2187">
    <p class='ocr_par' dir='ltr' id='par_1_36' title="bbox 441 2112 2087 2187">
     <span class='ocr_line' id='line_1_36' title="bbox 441 2112 2087 2187; baseline -0.005 -13"><span class='ocrx_word' id='word_1_272' title='bbox 441 2118 813 2186; x_wconf 89' lang='lat' dir='ltr'><strong>dividitur,ut</strong></span> <span class='ocrx_word' id='word_1_273' title='bbox 833 2117 890 2171; x_wconf 93' lang='lat' dir='ltr'><strong>in</strong></span> <span class='ocrx_word' id='word_1_274' title='bbox 916 2133 982 2172; x_wconf 90' lang='lat' dir='ltr'><strong>eo</strong></span> <span class='ocrx_word' id='word_1_275' title='bbox 1017 2116 1173 2187; x_wconf 90' lang='lat' dir='ltr'><strong>quod</strong></span> <span class='ocrx_word' id='word_1_276' title='bbox 1207 2119 1296 2170; x_wconf 91' lang='lat' dir='ltr'><strong>est</strong></span> <span class='ocrx_word' id='word_1_277' title='bbox 1342 2118 1607 2170; x_wconf 85' lang='lat' dir='ltr'><strong>Socrates</strong></span> <span class='ocrx_word' id='word_1_278' title='bbox 1640 2112 1810 2167; x_wconf 88' lang='lat' dir='ltr'><strong>albus</strong></span> <span class='ocrx_word' id='word_1_279' title='bbox 1840 2116 1952 2177; x_wconf 85' lang='lat' dir='ltr'><strong>est,</strong></span> <span class='ocrx_word' id='word_1_280' title='bbox 1983 2115 2087 2165; x_wconf 84' lang='lat' dir='ltr'><strong>So-</strong></span> 
     </span>
    </p>
   </div>
   <div class='ocr_carea' id='block_1_37' title="bbox 445 2200 2090 2273">
    <p class='ocr_par' dir='ltr' id='par_1_37' title="bbox 445 2200 2090 2273">
     <span class='ocr_line' id='line_1_37' title="bbox 445 2200 2090 2273; baseline -0.005 -10"><span class='ocrx_word' id='word_1_281' title='bbox 445 2212 634 2264; x_wconf 88' lang='lat' dir='ltr'><strong>crates</strong></span> <span class='ocrx_word' id='word_1_282' title='bbox 655 2208 827 2262; x_wconf 89' lang='lat' dir='ltr'><strong>albus</strong></span> <span class='ocrx_word' id='word_1_283' title='bbox 844 2223 955 2261; x_wconf 85' lang='lat' dir='ltr'><strong>non</strong></span> <span class='ocrx_word' id='word_1_284' title='bbox 983 2211 1091 2273; x_wconf 88' lang='lat' dir='ltr'><strong>est;</strong></span> <span class='ocrx_word' id='word_1_285' title='bbox 1113 2222 1231 2259; x_wconf 89' lang='lat' dir='ltr'><strong>una</strong></span> <span class='ocrx_word' id='word_1_286' title='bbox 1255 2204 1410 2259; x_wconf 90' lang='lat' dir='ltr'><strong>enim</strong></span> <span class='ocrx_word' id='word_1_287' title='bbox 1428 2219 1563 2257; x_wconf 88' lang='lat' dir='ltr'><strong>vera</strong></span> <span class='ocrx_word' id='word_1_288' title='bbox 1593 2206 1701 2269; x_wconf 87' lang='lat' dir='ltr'><strong>est,</strong></span> <span class='ocrx_word' id='word_1_289' title='bbox 1736 2203 1921 2256; x_wconf 89' lang='lat' dir='ltr'><strong>altera</strong></span> <span class='ocrx_word' id='word_1_290' title='bbox 1942 2200 2090 2255; x_wconf 86' lang='lat' dir='ltr'><strong>falsa</strong></span> 
     </span>
    </p>
   </div>
   <div class='ocr_carea' id='block_1_38' title="bbox 444 2288 2088 2367">
    <p class='ocr_par' dir='ltr' id='par_1_38' title="bbox 444 2288 2088 2367">
     <span class='ocr_line' id='line_1_38' title="bbox 444 2288 2088 2367; baseline -0.006 -15"><span class='ocrx_word' id='word_1_291' title='bbox 444 2303 554 2366; x_wconf 89' lang='lat' dir='ltr'><strong>est,</strong></span> <span class='ocrx_word' id='word_1_292' title='bbox 574 2297 623 2352; x_wconf 92' lang='lat' dir='ltr'><strong>si</strong></span> <span class='ocrx_word' id='word_1_293' title='bbox 649 2296 735 2367; x_wconf 91' lang='lat' dir='ltr'><strong>(ut</strong></span> <span class='ocrx_word' id='word_1_294' title='bbox 757 2295 977 2351; x_wconf 90' lang='lat' dir='ltr'><strong>dictum</strong></span> <span class='ocrx_word' id='word_1_295' title='bbox 1001 2294 1109 2366; x_wconf 89' lang='lat' dir='ltr'><strong>est)</strong></span> <span class='ocrx_word' id='word_1_296' title='bbox 1133 2292 1294 2349; x_wconf 89' lang='lat' dir='ltr'><strong>nulla</strong></span> <span class='ocrx_word' id='word_1_297' title='bbox 1310 2291 1665 2363; x_wconf 87' lang='lat' dir='ltr'><strong>ambiguitas</strong></span> <span class='ocrx_word' id='word_1_298' title='bbox 1682 2288 2088 2362; x_wconf 67' lang='lat' dir='ltr'><strong>mquivocatio-</strong></span> 
     </span>
    </p>
   </div>
   <div class='ocr_carea' id='block_1_39' title="bbox 449 2384 875 2458">
    <p class='ocr_par' dir='ltr' id='par_1_39' title="bbox 449 2384 875 2458">
     <span class='ocr_line' id='line_1_39' title="bbox 449 2384 875 2458; baseline -0.007 -16"><span class='ocrx_word' id='word_1_299' title='bbox 449 2387 542 2442; x_wconf 90' lang='lat' dir='ltr'><strong>nis</strong></span> <span class='ocrx_word' id='word_1_300' title='bbox 574 2384 875 2458; x_wconf 90' lang='lat' dir='ltr'><strong>impediat.</strong></span> 
     </span>
    </p>
   </div>
   <div class='ocr_carea' id='block_1_40' title="bbox 519 2467 2088 2545">
    <p class='ocr_par' dir='ltr' id='par_1_40' title="bbox 519 2467 2088 2545">
     <span class='ocr_line' id='line_1_40' title="bbox 519 2467 2088 2545; baseline -0.005 -16"><span class='ocrx_word' id='word_1_301' title='bbox 519 2477 867 2545; x_wconf 56' lang='lat' dir='ltr'><strong>Quaecunque</strong></span> <span class='ocrx_word' id='word_1_302' title='bbox 895 2478 1084 2528; x_wconf 88' lang='lat' dir='ltr'><strong>autem</strong></span> <span class='ocrx_word' id='word_1_303' title='bbox 1112 2471 1512 2528; x_wconf 83' lang='lat' dir='ltr'><strong>universalium</strong></span> <span class='ocrx_word' id='word_1_304' title='bbox 1540 2486 1652 2525; x_wconf 82' lang='lat' dir='ltr'><strong>non</strong></span> <span class='ocrx_word' id='word_1_305' title='bbox 1672 2467 2088 2535; x_wconf 81' lang='lat' dir='ltr'><strong>universaliler,</strong></span> 
     </span>
    </p>
   </div>
   <div class='ocr_carea' id='block_1_41' title="bbox 440 2558 2093 2635">
    <p class='ocr_par' dir='ltr' id='par_1_41' title="bbox 440 2558 2093 2635">
     <span class='ocr_line' id='line_1_41' title="bbox 440 2558 2093 2635; baseline -0.004 -16"><span class='ocrx_word' id='word_1_306' title='bbox 440 2583 552 2622; x_wconf 79' lang='lat' dir='ltr'><strong>non</strong></span> <span class='ocrx_word' id='word_1_307' title='bbox 571 2566 686 2620; x_wconf 76' lang='lat' dir='ltr'><strong>haec</strong></span> <span class='ocrx_word' id='word_1_308' title='bbox 715 2563 933 2635; x_wconf 79' lang='lat' dir='ltr'><strong>quidem</strong></span> <span class='ocrx_word' id='word_1_309' title='bbox 963 2578 1165 2634; x_wconf 85' lang='lat' dir='ltr'><strong>semper</strong></span> <span class='ocrx_word' id='word_1_310' title='bbox 1188 2577 1316 2617; x_wconf 84' lang='lat' dir='ltr'><strong>vera</strong></span> <span class='ocrx_word' id='word_1_311' title='bbox 1346 2570 1443 2628; x_wconf 81' lang='lat' dir='ltr'><strong>est,</strong></span> <span class='ocrx_word' id='word_1_312' title='bbox 1475 2559 1579 2615; x_wconf 82' lang='lat' dir='ltr'><strong>illa</strong></span> <span class='ocrx_word' id='word_1_313' title='bbox 1611 2576 1733 2615; x_wconf 88' lang='lat' dir='ltr'><strong>vero</strong></span> <span class='ocrx_word' id='word_1_314' title='bbox 1746 2558 2093 2630; x_wconf 79' lang='lat' dir='ltr'><strong>[atsa.Simul</strong></span> 
     </span>
    </p>
   </div>
   <div class='ocr_carea' id='block_1_42' title="bbox 445 2649 2094 2723">
    <p class='ocr_par' dir='ltr' id='par_1_42' title="bbox 445 2649 2094 2723">
     <span class='ocr_line' id='line_1_42' title="bbox 445 2649 2094 2723; baseline -0.005 -13"><span class='ocrx_word' id='word_1_315' title='bbox 445 2657 593 2711; x_wconf 83' lang='lat' dir='ltr'><strong>enim</strong></span> <span class='ocrx_word' id='word_1_316' title='bbox 624 2670 812 2710; x_wconf 82' lang='lat' dir='ltr'><strong>verum</strong></span> <span class='ocrx_word' id='word_1_317' title='bbox 825 2657 902 2708; x_wconf 84' lang='lat' dir='ltr'><strong>est</strong></span> <span class='ocrx_word' id='word_1_318' title='bbox 918 2653 1096 2708; x_wconf 82' lang='lat' dir='ltr'><strong>dicere</strong></span> <span class='ocrx_word' id='word_1_319' title='bbox 1116 2651 1377 2723; x_wconf 82' lang='lat' dir='ltr'><strong>quoniam</strong></span> <span class='ocrx_word' id='word_1_320' title='bbox 1387 2658 1467 2706; x_wconf 77' lang='lat' dir='ltr'><strong>est</strong></span> <span class='ocrx_word' id='word_1_321' title='bbox 1480 2651 1636 2705; x_wconf 86' lang='lat' dir='ltr'><strong>homo</strong></span> <span class='ocrx_word' id='word_1_322' title='bbox 1647 2649 2001 2716; x_wconf 79' lang='lat' dir='ltr'><strong>albus,etnon</strong></span> <span class='ocrx_word' id='word_1_323' title='bbox 2017 2652 2094 2703; x_wconf 83' lang='lat' dir='ltr'><strong>est</strong></span> 
     </span>
    </p>
   </div>
   <div class='ocr_carea' id='block_1_43' title="bbox 453 2737 2089 2810">
    <p class='ocr_par' dir='ltr' id='par_1_43' title="bbox 453 2737 2089 2810">
     <span class='ocr_line' id='line_1_43' title="bbox 453 2737 2089 2810; baseline -0.003 -12"><span class='ocrx_word' id='word_1_324' title='bbox 453 2744 611 2800; x_wconf 84' lang='lat' dir='ltr'><strong>homo</strong></span> <span class='ocrx_word' id='word_1_325' title='bbox 643 2743 879 2810; x_wconf 83' lang='lat' dir='ltr'><strong>albus,et</strong></span> <span class='ocrx_word' id='word_1_326' title='bbox 902 2755 977 2797; x_wconf 74' lang='lat' dir='ltr'><strong>est</strong></span> <span class='ocrx_word' id='word_1_327' title='bbox 997 2743 1154 2797; x_wconf 81' lang='lat' dir='ltr'><strong>homo</strong></span> <span class='ocrx_word' id='word_1_328' title='bbox 1165 2741 1451 2805; x_wconf 56' lang='lat' dir='ltr'><strong>probus,et</strong></span> <span class='ocrx_word' id='word_1_329' title='bbox 1465 2755 1573 2795; x_wconf 88' lang='lat' dir='ltr'><strong>non</strong></span> <span class='ocrx_word' id='word_1_330' title='bbox 1585 2742 1662 2794; x_wconf 83' lang='lat' dir='ltr'><strong>est</strong></span> <span class='ocrx_word' id='word_1_331' title='bbox 1692 2737 1851 2793; x_wconf 87' lang='lat' dir='ltr'><strong>homo</strong></span> <span class='ocrx_word' id='word_1_332' title='bbox 1864 2739 2089 2805; x_wconf 85' lang='lat' dir='ltr'><strong>probus.</strong></span> 
     </span>
    </p>
   </div>
   <div class='ocr_carea' id='block_1_44' title="bbox 450 2827 2094 2904">
    <p class='ocr_par' dir='ltr' id='par_1_44' title="bbox 450 2827 2094 2904">
     <span class='ocr_line' id='line_1_44' title="bbox 450 2827 2094 2904; baseline -0.005 -14"><span class='ocrx_word' id='word_1_333' title='bbox 450 2835 668 2890; x_wconf 81' lang='lat' dir='ltr'><strong>Sienim</strong></span> <span class='ocrx_word' id='word_1_334' title='bbox 686 2833 863 2904; x_wconf 80' lang='lat' dir='ltr'><strong>turpis</strong></span> <span class='ocrx_word' id='word_1_335' title='bbox 876 2840 973 2898; x_wconf 80' lang='lat' dir='ltr'><strong>est,</strong></span> <span class='ocrx_word' id='word_1_336' title='bbox 988 2848 1098 2886; x_wconf 82' lang='lat' dir='ltr'><strong>non</strong></span> <span class='ocrx_word' id='word_1_337' title='bbox 1114 2832 1312 2901; x_wconf 83' lang='lat' dir='ltr'><strong>probus</strong></span> <span class='ocrx_word' id='word_1_338' title='bbox 1341 2832 1495 2895; x_wconf 82' lang='lat' dir='ltr'><strong>est,et</strong></span> <span class='ocrx_word' id='word_1_339' title='bbox 1514 2830 1564 2883; x_wconf 88' lang='lat' dir='ltr'><strong>si</strong></span> <span class='ocrx_word' id='word_1_340' title='bbox 1578 2828 1639 2897; x_wconf 78' lang='lat' dir='ltr'><strong>ﬁt</strong></span> <span class='ocrx_word' id='word_1_341' title='bbox 1665 2827 2094 2899; x_wconf 79' lang='lat' dir='ltr'><strong>aliquid,etiam-</strong></span> 
     </span>
    </p>
   </div>
   <div class='ocr_carea' id='block_1_45' title="bbox 449 2918 2092 2983">
    <p class='ocr_par' dir='ltr' id='par_1_45' title="bbox 449 2918 2092 2983">
     <span class='ocr_line' id='line_1_45' title="bbox 449 2918 2092 2983; baseline -0.004 -6"><span class='ocrx_word' id='word_1_342' title='bbox 449 2940 581 2977; x_wconf 84' lang='lat' dir='ltr'><strong>num</strong></span> <span class='ocrx_word' id='word_1_343' title='bbox 604 2938 713 2977; x_wconf 82' lang='lat' dir='ltr'><strong>non</strong></span> <span class='ocrx_word' id='word_1_344' title='bbox 735 2921 1135 2977; x_wconf 79' lang='lat' dir='ltr'><strong>est.Videbztur</strong></span> <span class='ocrx_word' id='word_1_345' title='bbox 1152 2925 1340 2975; x_wconf 81' lang='lat' dir='ltr'><strong>autem</strong></span> <span class='ocrx_word' id='word_1_346' title='bbox 1364 2920 1542 2973; x_wconf 76' lang='lat' dir='ltr'><strong>subito</strong></span> <span class='ocrx_word' id='word_1_347' title='bbox 1560 2918 1943 2972; x_wconf 78' lang='lat' dir='ltr'><strong>inconreniens</strong></span> <span class='ocrx_word' id='word_1_348' title='bbox 1958 2932 2092 2983; x_wconf 87' lang='lat' dir='ltr'><strong>esse,</strong></span> 
     </span>
    </p>
   </div>
   <div class='ocr_carea' id='block_1_46' title="bbox 451 3006 2093 3082">
    <p class='ocr_par' dir='ltr' id='par_1_46' title="bbox 451 3006 2093 3082">
     <span class='ocr_line' id='line_1_46' title="bbox 451 3006 2093 3082; baseline -0.004 -15"><span class='ocrx_word' id='word_1_349' title='bbox 451 3012 651 3067; x_wconf 83' lang='lat' dir='ltr'><strong>idcirco</strong></span> <span class='ocrx_word' id='word_1_350' title='bbox 674 3010 931 3082; x_wconf 79' lang='lat' dir='ltr'><strong>quoniam</strong></span> <span class='ocrx_word' id='word_1_351' title='bbox 945 3010 1165 3066; x_wconf 79' lang='lat' dir='ltr'><strong>videtur</strong></span> <span class='ocrx_word' id='word_1_352' title='bbox 1179 3008 1503 3081; x_wconf 80' lang='lat' dir='ltr'><strong>signiﬁcare</strong></span> <span class='ocrx_word' id='word_1_353' title='bbox 1514 3024 1623 3063; x_wconf 86' lang='lat' dir='ltr'><strong>non</strong></span> <span class='ocrx_word' id='word_1_354' title='bbox 1637 3010 1713 3062; x_wconf 78' lang='lat' dir='ltr'><strong>est</strong></span> <span class='ocrx_word' id='word_1_355' title='bbox 1736 3006 1897 3061; x_wconf 89' lang='lat' dir='ltr'><strong>homo</strong></span> <span class='ocrx_word' id='word_1_356' title='bbox 1915 3007 2093 3074; x_wconf 81' lang='lat' dir='ltr'><strong>albus,</strong></span> 
     </span>
    </p>
   </div>
   <div class='ocr_carea' id='block_1_47' title="bbox 2195 1848 3813 1919">
    <p class='ocr_par' dir='ltr' id='par_1_47' title="bbox 2195 1848 3813 1919">
     <span class='ocr_line' id='line_1_47' title="bbox 2195 1848 3813 1919; baseline -0.001 -14"><span class='ocrx_word' id='word_1_357' title='bbox 2195 1852 2261 1905; x_wconf 83' lang='lat' dir='ltr'><strong>tit</strong></span> <span class='ocrx_word' id='word_1_358' title='bbox 2285 1852 2458 1904; x_wconf 90' lang='lat' dir='ltr'><strong>homo</strong></span> <span class='ocrx_word' id='word_1_359' title='bbox 2489 1848 2729 1918; x_wconf 88' lang='lat' dir='ltr'><strong>probus;</strong></span> <span class='ocrx_word' id='word_1_360' title='bbox 2766 1852 2865 1903; x_wconf 89' lang='lat' dir='ltr'><strong>sed</strong></span> <span class='ocrx_word' id='word_1_361' title='bbox 2898 1849 2999 1919; x_wconf 88' lang='lat' dir='ltr'><strong>qui</strong></span> <span class='ocrx_word' id='word_1_362' title='bbox 3031 1849 3098 1904; x_wconf 84' lang='lat' dir='ltr'><strong>ﬁt</strong></span> <span class='ocrx_word' id='word_1_363' title='bbox 3120 1850 3342 1919; x_wconf 91' lang='lat' dir='ltr'><strong>probus</strong></span> <span class='ocrx_word' id='word_1_364' title='bbox 3377 1849 3568 1917; x_wconf 90' lang='lat' dir='ltr'><strong>homo,</strong></span> <span class='ocrx_word' id='word_1_365' title='bbox 3601 1866 3706 1903; x_wconf 90' lang='lat' dir='ltr'><strong>non</strong></span> <span class='ocrx_word' id='word_1_366' title='bbox 3736 1852 3813 1904; x_wconf 89' lang='lat' dir='ltr'><strong>est</strong></span> 
     </span>
    </p>
   </div>
   <div class='ocr_carea' id='block_1_48' title="bbox 2194 1936 3808 2011">
    <p class='ocr_par' dir='ltr' id='par_1_48' title="bbox 2194 1936 3808 2011">
     <span class='ocr_line' id='line_1_48' title="bbox 2194 1936 3808 2011; baseline -0.001 -18"><span class='ocrx_word' id='word_1_367' title='bbox 2194 1938 2414 2011; x_wconf 89' lang='lat' dir='ltr'><strong>probus</strong></span> <span class='ocrx_word' id='word_1_368' title='bbox 2445 1936 2871 1992; x_wconf 89' lang='lat' dir='ltr'><strong>homo.Verum</strong></span> <span class='ocrx_word' id='word_1_369' title='bbox 2904 1941 2995 1992; x_wconf 84' lang='lat' dir='ltr'><strong>est</strong></span> <span class='ocrx_word' id='word_1_370' title='bbox 3026 1936 3207 2009; x_wconf 88' lang='lat' dir='ltr'><strong>igitur</strong></span> <span class='ocrx_word' id='word_1_371' title='bbox 3231 1938 3426 1993; x_wconf 88' lang='lat' dir='ltr'><strong>dicere</strong></span> <span class='ocrx_word' id='word_1_372' title='bbox 3482 1937 3653 1994; x_wconf 88' lang='lat' dir='ltr'><strong>simul</strong></span> <span class='ocrx_word' id='word_1_373' title='bbox 3681 1954 3808 2007; x_wconf 88' lang='lat' dir='ltr'><strong>quo-</strong></span> 
     </span>
    </p>
   </div>
   <div class='ocr_carea' id='block_1_49' title="bbox 2196 2024 3811 2097">
    <p class='ocr_par' dir='ltr' id='par_1_49' title="bbox 2196 2024 3811 2097">
     <span class='ocr_line' id='line_1_49' title="bbox 2196 2024 3811 2097; baseline -0.002 -15"><span class='ocrx_word' id='word_1_374' title='bbox 2196 2026 2352 2082; x_wconf 90' lang='lat' dir='ltr'><strong>niam</strong></span> <span class='ocrx_word' id='word_1_375' title='bbox 2384 2030 2473 2081; x_wconf 87' lang='lat' dir='ltr'><strong>est</strong></span> <span class='ocrx_word' id='word_1_376' title='bbox 2492 2024 2665 2079; x_wconf 89' lang='lat' dir='ltr'><strong>homo</strong></span> <span class='ocrx_word' id='word_1_377' title='bbox 2697 2025 2937 2096; x_wconf 87' lang='lat' dir='ltr'><strong>probus,</strong></span> <span class='ocrx_word' id='word_1_378' title='bbox 2971 2032 3029 2080; x_wconf 90' lang='lat' dir='ltr'><strong>et</strong></span> <span class='ocrx_word' id='word_1_379' title='bbox 3059 2042 3173 2081; x_wconf 92' lang='lat' dir='ltr'><strong>non</strong></span> <span class='ocrx_word' id='word_1_380' title='bbox 3204 2026 3486 2082; x_wconf 86' lang='lat' dir='ltr'><strong>esthomo</strong></span> <span class='ocrx_word' id='word_1_381' title='bbox 3526 2024 3811 2097; x_wconf 87' lang='lat' dir='ltr'><strong>probus,li-</strong></span> 
     </span>
    </p>
   </div>
   <div class='ocr_carea' id='block_1_50' title="bbox 2195 2112 3814 2187">
    <p class='ocr_par' dir='ltr' id='par_1_50' title="bbox 2195 2112 3814 2187">
     <span class='ocr_line' id='line_1_50' title="bbox 2195 2112 3814 2187; baseline -0.001 -17"><span class='ocrx_word' id='word_1_382' title='bbox 2195 2120 2284 2171; x_wconf 88' lang='lat' dir='ltr'><strong>cet</strong></span> <span class='ocrx_word' id='word_1_383' title='bbox 2315 2132 2433 2170; x_wconf 91' lang='lat' dir='ltr'><strong>non</strong></span> <span class='ocrx_word' id='word_1_384' title='bbox 2459 2112 2717 2169; x_wconf 89' lang='lat' dir='ltr'><strong>invalida</strong></span> <span class='ocrx_word' id='word_1_385' title='bbox 2745 2114 3009 2186; x_wconf 85' lang='lat' dir='ltr'><strong>exempla</strong></span> <span class='ocrx_word' id='word_1_386' title='bbox 3040 2115 3158 2169; x_wconf 89' lang='lat' dir='ltr'><strong>sint</strong></span> <span class='ocrx_word' id='word_1_387' title='bbox 3180 2115 3374 2187; x_wconf 85' lang='lat' dir='ltr'><strong>posita</strong></span> <span class='ocrx_word' id='word_1_388' title='bbox 3411 2117 3482 2171; x_wconf 91' lang='lat' dir='ltr'><strong>de</strong></span> <span class='ocrx_word' id='word_1_389' title='bbox 3512 2114 3814 2171; x_wconf 88' lang='lat' dir='ltr'><strong>contrariis.</strong></span> 
     </span>
    </p>
   </div>
   <div class='ocr_carea' id='block_1_51' title="bbox 2194 2202 3818 2275">
    <p class='ocr_par' dir='ltr' id='par_1_51' title="bbox 2194 2202 3818 2275">
     <span class='ocr_line' id='line_1_51' title="bbox 2194 2202 3818 2275; baseline -0.002 -15"><span class='ocrx_word' id='word_1_390' title='bbox 2194 2204 2351 2260; x_wconf 89' lang='lat' dir='ltr'><strong>Nihil</strong></span> <span class='ocrx_word' id='word_1_391' title='bbox 2385 2204 2540 2258; x_wconf 89' lang='lat' dir='ltr'><strong>enim</strong></span> <span class='ocrx_word' id='word_1_392' title='bbox 2573 2202 2841 2275; x_wconf 84' lang='lat' dir='ltr'><strong>prohibet</strong></span> <span class='ocrx_word' id='word_1_393' title='bbox 2859 2220 2974 2259; x_wconf 93' lang='lat' dir='ltr'><strong>uno</strong></span> <span class='ocrx_word' id='word_1_394' title='bbox 2994 2209 3247 2275; x_wconf 88' lang='lat' dir='ltr'><strong>tempore</strong></span> <span class='ocrx_word' id='word_1_395' title='bbox 3276 2205 3569 2261; x_wconf 87' lang='lat' dir='ltr'><strong>contraria</strong></span> <span class='ocrx_word' id='word_1_396' title='bbox 3593 2204 3716 2259; x_wconf 89' lang='lat' dir='ltr'><strong>aliis</strong></span> <span class='ocrx_word' id='word_1_397' title='bbox 3743 2208 3818 2257; x_wconf 88' lang='lat' dir='ltr'><strong>at-</strong></span> 
     </span>
    </p>
   </div>
   <div class='ocr_carea' id='block_1_52' title="bbox 2198 2290 3821 2365">
    <p class='ocr_par' dir='ltr' id='par_1_52' title="bbox 2198 2290 3821 2365">
     <span class='ocr_line' id='line_1_52' title="bbox 2198 2290 3821 2365; baseline -0.002 -16"><span class='ocrx_word' id='word_1_398' title='bbox 2198 2310 2313 2365; x_wconf 87' lang='lat' dir='ltr'><strong>que</strong></span> <span class='ocrx_word' id='word_1_399' title='bbox 2324 2292 2456 2348; x_wconf 91' lang='lat' dir='ltr'><strong>aliis</strong></span> <span class='ocrx_word' id='word_1_400' title='bbox 2470 2292 2659 2347; x_wconf 89' lang='lat' dir='ltr'><strong>inesse</strong></span> <span class='ocrx_word' id='word_1_401' title='bbox 2672 2290 2970 2361; x_wconf 81' lang='lat' dir='ltr'><strong>subjectis:</strong></span> <span class='ocrx_word' id='word_1_402' title='bbox 2985 2294 3259 2363; x_wconf 89' lang='lat' dir='ltr'><strong>quocirca</strong></span> <span class='ocrx_word' id='word_1_403' title='bbox 3269 2309 3377 2349; x_wconf 91' lang='lat' dir='ltr'><strong>con</strong></span> <span class='ocrx_word' id='word_1_404' title='bbox 3387 2292 3821 2349; x_wconf 85' lang='lat' dir='ltr'><strong>statindeﬁnitas</strong></span> 
     </span>
    </p>
   </div>
   <div class='ocr_carea' id='block_1_53' title="bbox 2199 2380 3819 2454">
    <p class='ocr_par' dir='ltr' id='par_1_53' title="bbox 2199 2380 3819 2454">
     <span class='ocr_line' id='line_1_53' title="bbox 2199 2380 3819 2454; baseline -0.001 -18"><span class='ocrx_word' id='word_1_405' title='bbox 2199 2398 2303 2453; x_wconf 91' lang='lat' dir='ltr'><strong>per</strong></span> <span class='ocrx_word' id='word_1_406' title='bbox 2335 2381 2394 2436; x_wconf 91' lang='lat' dir='ltr'><strong>id</strong></span> <span class='ocrx_word' id='word_1_407' title='bbox 2427 2380 2583 2451; x_wconf 89' lang='lat' dir='ltr'><strong>quod</strong></span> <span class='ocrx_word' id='word_1_408' title='bbox 2610 2380 2668 2435; x_wconf 90' lang='lat' dir='ltr'><strong>in</strong></span> <span class='ocrx_word' id='word_1_409' title='bbox 2690 2380 2973 2452; x_wconf 89' lang='lat' dir='ltr'><strong>exemplis</strong></span> <span class='ocrx_word' id='word_1_410' title='bbox 2997 2398 3174 2452; x_wconf 89' lang='lat' dir='ltr'><strong>supra</strong></span> <span class='ocrx_word' id='word_1_411' title='bbox 3194 2383 3393 2454; x_wconf 90' lang='lat' dir='ltr'><strong>posuit</strong></span> <span class='ocrx_word' id='word_1_412' title='bbox 3417 2381 3591 2437; x_wconf 91' lang='lat' dir='ltr'><strong>simul</strong></span> <span class='ocrx_word' id='word_1_413' title='bbox 3614 2380 3819 2452; x_wconf 86' lang='lat' dir='ltr'><strong>aliquo-</strong></span> 
     </span>
    </p>
   </div>
   <div class='ocr_carea' id='block_1_54' title="bbox 2198 2470 3819 2544">
    <p class='ocr_par' dir='ltr' id='par_1_54' title="bbox 2198 2470 3819 2544">
     <span class='ocr_line' id='line_1_54' title="bbox 2198 2470 3819 2544; baseline -0.001 -18"><span class='ocrx_word' id='word_1_414' title='bbox 2198 2471 2309 2526; x_wconf 88' lang='lat' dir='ltr'><strong>ties</strong></span> <span class='ocrx_word' id='word_1_415' title='bbox 2338 2486 2503 2526; x_wconf 82' lang='lat' dir='ltr'><strong>veras</strong></span> <span class='ocrx_word' id='word_1_416' title='bbox 2534 2470 2738 2535; x_wconf 90' lang='lat' dir='ltr'><strong>videri,</strong></span> <span class='ocrx_word' id='word_1_417' title='bbox 2771 2474 2827 2526; x_wconf 90' lang='lat' dir='ltr'><strong>et</strong></span> <span class='ocrx_word' id='word_1_418' title='bbox 2858 2488 2971 2527; x_wconf 91' lang='lat' dir='ltr'><strong>non</strong></span> <span class='ocrx_word' id='word_1_419' title='bbox 3003 2488 3235 2544; x_wconf 82' lang='lat' dir='ltr'><strong>semper</strong></span> <span class='ocrx_word' id='word_1_420' title='bbox 3261 2473 3418 2528; x_wconf 89' lang='lat' dir='ltr'><strong>inter</strong></span> <span class='ocrx_word' id='word_1_421' title='bbox 3440 2489 3501 2528; x_wconf 90' lang='lat' dir='ltr'><strong>se</strong></span> <span class='ocrx_word' id='word_1_422' title='bbox 3522 2470 3819 2527; x_wconf 82' lang='lat' dir='ltr'><strong>verumfal-</strong></span> 
     </span>
    </p>
   </div>
   <div class='ocr_carea' id='block_1_55' title="bbox 2199 2560 3817 2631">
    <p class='ocr_par' dir='ltr' id='par_1_55' title="bbox 2199 2560 3817 2631">
     <span class='ocr_line' id='line_1_55' title="bbox 2199 2560 3817 2631; baseline -0.001 -16"><span class='ocrx_word' id='word_1_423' title='bbox 2199 2576 2451 2631; x_wconf 89' lang='lat' dir='ltr'><strong>sumque</strong></span> <span class='ocrx_word' id='word_1_424' title='bbox 2470 2560 2695 2630; x_wconf 90' lang='lat' dir='ltr'><strong>partiri.</strong></span> <span class='ocrx_word' id='word_1_425' title='bbox 2718 2560 2877 2620; x_wconf 88' lang='lat' dir='ltr'><strong>Quod</strong></span> <span class='ocrx_word' id='word_1_426' title='bbox 2913 2577 3044 2615; x_wconf 90' lang='lat' dir='ltr'><strong>vero</strong></span> <span class='ocrx_word' id='word_1_427' title='bbox 3072 2562 3171 2615; x_wconf 86' lang='lat' dir='ltr'><strong>ait:</strong></span> <span class='ocrx_word' id='word_1_428' title='bbox 3204 2561 3703 2616; x_wconf 85' lang='lat' dir='ltr'><strong>videbitureutem</strong></span> <span class='ocrx_word' id='word_1_429' title='bbox 3734 2576 3817 2614; x_wconf 88' lang='lat' dir='ltr'><strong>su-</strong></span> 
     </span>
    </p>
   </div>
   <div class='ocr_carea' id='block_1_56' title="bbox 2200 2647 3821 2721">
    <p class='ocr_par' dir='ltr' id='par_1_56' title="bbox 2200 2647 3821 2721">
     <span class='ocr_line' id='line_1_56' title="bbox 2200 2647 3821 2721; baseline -0.002 -17"><span class='ocrx_word' id='word_1_430' title='bbox 2200 2648 2319 2704; x_wconf 90' lang='lat' dir='ltr'><strong>bito</strong></span> <span class='ocrx_word' id='word_1_431' title='bbox 2333 2647 2747 2703; x_wconf 86' lang='lat' dir='ltr'><strong>inconveniens</strong></span> <span class='ocrx_word' id='word_1_432' title='bbox 2761 2649 3132 2716; x_wconf 86' lang='lat' dir='ltr'><strong>esse,idcirco</strong></span> <span class='ocrx_word' id='word_1_433' title='bbox 3145 2650 3417 2721; x_wconf 89' lang='lat' dir='ltr'><strong>quoniam</strong></span> <span class='ocrx_word' id='word_1_434' title='bbox 3429 2648 3821 2719; x_wconf 79' lang='lat' dir='ltr'><strong>videtursigci-</strong></span> 
     </span>
    </p>
   </div>
   <div class='ocr_carea' id='block_1_57' title="bbox 2201 2735 3821 2812">
    <p class='ocr_par' dir='ltr' id='par_1_57' title="bbox 2201 2735 3821 2812">
     <span class='ocr_line' id='line_1_57' title="bbox 2201 2735 3821 2812; baseline -0.002 -20"><span class='ocrx_word' id='word_1_435' title='bbox 2201 2737 2374 2792; x_wconf 80' lang='lat' dir='ltr'><strong>ﬁcere</strong></span> <span class='ocrx_word' id='word_1_436' title='bbox 2390 2754 2503 2791; x_wconf 89' lang='lat' dir='ltr'><strong>non</strong></span> <span class='ocrx_word' id='word_1_437' title='bbox 2522 2741 2607 2792; x_wconf 86' lang='lat' dir='ltr'><strong>est</strong></span> <span class='ocrx_word' id='word_1_438' title='bbox 2619 2735 2787 2792; x_wconf 87' lang='lat' dir='ltr'><strong>albus</strong></span> <span class='ocrx_word' id='word_1_439' title='bbox 2807 2737 3183 2806; x_wconf 89' lang='lat' dir='ltr'><strong>homo,simul</strong></span> <span class='ocrx_word' id='word_1_440' title='bbox 3198 2739 3373 2795; x_wconf 82' lang='lat' dir='ltr'><strong>etiam</strong></span> <span class='ocrx_word' id='word_1_441' title='bbox 3396 2740 3665 2812; x_wconf 90' lang='lat' dir='ltr'><strong>quoniam</strong></span> <span class='ocrx_word' id='word_1_442' title='bbox 3678 2752 3821 2792; x_wconf 87' lang='lat' dir='ltr'><strong>nemo</strong></span> 
     </span>
    </p>
   </div>
   <div class='ocr_carea' id='block_1_58' title="bbox 2202 2825 3823 2898">
    <p class='ocr_par' dir='ltr' id='par_1_58' title="bbox 2202 2825 3823 2898">
     <span class='ocr_line' id='line_1_58' title="bbox 2202 2825 3823 2898; baseline -0.002 -17"><span class='ocrx_word' id='word_1_443' title='bbox 2202 2826 2375 2881; x_wconf 90' lang='lat' dir='ltr'><strong>homo</strong></span> <span class='ocrx_word' id='word_1_444' title='bbox 2406 2825 2575 2881; x_wconf 91' lang='lat' dir='ltr'><strong>albus</strong></span> <span class='ocrx_word' id='word_1_445' title='bbox 2598 2830 2705 2892; x_wconf 89' lang='lat' dir='ltr'><strong>est,</strong></span> <span class='ocrx_word' id='word_1_446' title='bbox 2737 2825 3075 2896; x_wconf 80' lang='lat' dir='ltr'><strong>bujusmodi</strong></span> <span class='ocrx_word' id='word_1_447' title='bbox 3095 2834 3204 2885; x_wconf 89' lang='lat' dir='ltr'><strong>est.</strong></span> <span class='ocrx_word' id='word_1_448' title='bbox 3231 2828 3389 2884; x_wconf 83' lang='lat' dir='ltr'><strong>Dixit</strong></span> <span class='ocrx_word' id='word_1_449' title='bbox 3406 2829 3561 2884; x_wconf 89' lang='lat' dir='ltr'><strong>enim</strong></span> <span class='ocrx_word' id='word_1_450' title='bbox 3585 2826 3823 2898; x_wconf 88' lang='lat' dir='ltr'><strong>preposi-</strong></span> 
     </span>
    </p>
   </div>
   <div class='ocr_carea' id='block_1_59' title="bbox 2201 2914 3823 2987">
    <p class='ocr_par' dir='ltr' id='par_1_59' title="bbox 2201 2914 3823 2987">
     <span class='ocr_line' id='line_1_59' title="bbox 2201 2914 3823 2987; baseline -0.001 -18"><span class='ocrx_word' id='word_1_451' title='bbox 2201 2914 2418 2969; x_wconf 88' lang='lat' dir='ltr'><strong>tionem</strong></span> <span class='ocrx_word' id='word_1_452' title='bbox 2443 2914 2875 2983; x_wconf 81' lang='lat' dir='ltr'><strong>affirmationis,</strong></span> <span class='ocrx_word' id='word_1_453' title='bbox 2893 2931 3021 2969; x_wconf 89' lang='lat' dir='ltr'><strong>eam</strong></span> <span class='ocrx_word' id='word_1_454' title='bbox 3036 2933 3161 2987; x_wconf 77' lang='lat' dir='ltr'><strong>quae</strong></span> <span class='ocrx_word' id='word_1_455' title='bbox 3183 2917 3434 2973; x_wconf 89' lang='lat' dir='ltr'><strong>dicitest</strong></span> <span class='ocrx_word' id='word_1_456' title='bbox 3462 2918 3633 2973; x_wconf 89' lang='lat' dir='ltr'><strong>homo</strong></span> <span class='ocrx_word' id='word_1_457' title='bbox 3654 2916 3823 2984; x_wconf 83' lang='lat' dir='ltr'><strong>albus,</strong></span> 
     </span>
    </p>
   </div>
   <div class='ocr_carea' id='block_1_60' title="bbox 2202 3006 3824 3076">
    <p class='ocr_par' dir='ltr' id='par_1_60' title="bbox 2202 3006 3824 3076">
     <span class='ocr_line' id='line_1_60' title="bbox 2202 3006 3824 3076; baseline 0.002 -22"><span class='ocrx_word' id='word_1_458' title='bbox 2202 3020 2397 3060; x_wconf 83' lang='lat' dir='ltr'><strong>veram</strong></span> <span class='ocrx_word' id='word_1_459' title='bbox 2432 3019 2605 3075; x_wconf 89' lang='lat' dir='ltr'><strong>posse</strong></span> <span class='ocrx_word' id='word_1_460' title='bbox 2627 3020 2754 3059; x_wconf 90' lang='lat' dir='ltr'><strong>esse</strong></span> <span class='ocrx_word' id='word_1_461' title='bbox 2785 3020 2917 3059; x_wconf 89' lang='lat' dir='ltr'><strong>cum</strong></span> <span class='ocrx_word' id='word_1_462' title='bbox 2950 3021 3017 3059; x_wconf 88' lang='lat' dir='ltr'><strong>ea</strong></span> <span class='ocrx_word' id='word_1_463' title='bbox 3047 3022 3175 3076; x_wconf 64' lang='lat' dir='ltr'><strong>quae</strong></span> <span class='ocrx_word' id='word_1_464' title='bbox 3207 3007 3355 3062; x_wconf 89' lang='lat' dir='ltr'><strong>dicit</strong></span> <span class='ocrx_word' id='word_1_465' title='bbox 3386 3025 3502 3063; x_wconf 89' lang='lat' dir='ltr'><strong>non</strong></span> <span class='ocrx_word' id='word_1_466' title='bbox 3533 3012 3619 3063; x_wconf 88' lang='lat' dir='ltr'><strong>est</strong></span> <span class='ocrx_word' id='word_1_467' title='bbox 3674 3006 3824 3060; x_wconf 90' lang='lat' dir='ltr'><strong>homo</strong></span> 
     </span>
    </p>
   </div>
   <div class='ocr_carea' id='block_1_61' title="bbox 447 3091 3828 3195">
    <p class='ocr_par' dir='ltr' id='par_1_61' title="bbox 447 3091 3828 3195">
     <span class='ocr_line' id='line_1_61' title="bbox 447 3091 3828 3195; baseline -0.002 -41"><span class='ocrx_word' id='word_1_468' title='bbox 447 3101 614 3155; x_wconf 82' lang='lat' dir='ltr'><strong>simul</strong></span> <span class='ocrx_word' id='word_1_469' title='bbox 644 3102 810 3156; x_wconf 84' lang='lat' dir='ltr'><strong>etiam</strong></span> <span class='ocrx_word' id='word_1_470' title='bbox 829 3099 1091 3170; x_wconf 82' lang='lat' dir='ltr'><strong>quoniam</strong></span> <span class='ocrx_word' id='word_1_471' title='bbox 1119 3113 1276 3154; x_wconf 84' lang='lat' dir='ltr'><strong>nemo</strong></span> <span class='ocrx_word' id='word_1_472' title='bbox 1302 3097 1457 3154; x_wconf 87' lang='lat' dir='ltr'><strong>homo</strong></span> <span class='ocrx_word' id='word_1_473' title='bbox 1476 3105 1554 3152; x_wconf 81' lang='lat' dir='ltr'><strong>est</strong></span> <span class='ocrx_word' id='word_1_474' title='bbox 1575 3097 1752 3151; x_wconf 84' lang='lat' dir='ltr'><strong>albus.</strong></span> <span class='ocrx_word' id='word_1_475' title='bbox 1780 3097 1885 3151; x_wconf 81' lang='lat' dir='ltr'><strong>Hoc</strong></span> <span class='ocrx_word' id='word_1_476' title='bbox 1911 3104 2095 3151; x_wconf 77' lang='lat' dir='ltr'><strong>autem</strong></span> <span class='ocrx_word' id='word_1_477' title='bbox 2126 3129 2168 3195; x_wconf 65' lang='grc' dir='ltr'>Ο</span> <span class='ocrx_word' id='word_1_478' title='bbox 2205 3092 2395 3148; x_wconf 89' lang='lat' dir='ltr'><strong>albus.</strong></span> <span class='ocrx_word' id='word_1_479' title='bbox 2420 3092 2587 3148; x_wconf 89' lang='lat' dir='ltr'><strong>Nunc</strong></span> <span class='ocrx_word' id='word_1_480' title='bbox 2617 3091 2726 3147; x_wconf 89' lang='lat' dir='ltr'><strong>hoc</strong></span> <span class='ocrx_word' id='word_1_481' title='bbox 2760 3097 2961 3149; x_wconf 89' lang='lat' dir='ltr'><strong>notat:</strong></span> <span class='ocrx_word' id='word_1_482' title='bbox 2997 3094 3249 3166; x_wconf 89' lang='lat' dir='ltr'><strong>Videtur,</strong></span> <span class='ocrx_word' id='word_1_483' title='bbox 3282 3096 3499 3165; x_wconf 86' lang='lat' dir='ltr'><strong>inquit,</strong></span> <span class='ocrx_word' id='word_1_484' title='bbox 3547 3094 3828 3166; x_wconf 86' lang='lat' dir='ltr'><strong>aliquoties</strong></span> 
     </span>
    </p>
   </div>
   <div class='ocr_carea' id='block_1_62' title="bbox 448 3183 1886 3260">
    <p class='ocr_par' dir='ltr' id='par_1_62' title="bbox 448 3183 1886 3260">
     <span class='ocr_line' id='line_1_62' title="bbox 448 3183 1886 3260; baseline 0 -19"><span class='ocrx_word' id='word_1_485' title='bbox 448 3204 625 3260; x_wconf 82' lang='lat' dir='ltr'><strong>neque</strong></span> <span class='ocrx_word' id='word_1_486' title='bbox 654 3188 801 3243; x_wconf 81' lang='lat' dir='ltr'><strong>idem</strong></span> <span class='ocrx_word' id='word_1_487' title='bbox 831 3188 1134 3260; x_wconf 83' lang='lat' dir='ltr'><strong>signiﬁcat,</strong></span> <span class='ocrx_word' id='word_1_488' title='bbox 1165 3202 1338 3257; x_wconf 81' lang='lat' dir='ltr'><strong>neque</strong></span> <span class='ocrx_word' id='word_1_489' title='bbox 1366 3186 1534 3240; x_wconf 81' lang='lat' dir='ltr'><strong>simul</strong></span> <span class='ocrx_word' id='word_1_490' title='bbox 1558 3183 1886 3241; x_wconf 81' lang='lat' dir='ltr'><strong>necessario.</strong></span> 
     </span>
    </p>
   </div>
   <div class='ocr_carea' id='block_1_63' title="bbox 522 3273 2092 3347">
    <p class='ocr_par' dir='ltr' id='par_1_63' title="bbox 522 3273 2092 3347">
     <span class='ocr_line' id='line_1_63' title="bbox 522 3273 2092 3347; baseline -0.003 -15"><span class='ocrx_word' id='word_1_491' title='bbox 522 3277 956 3347; x_wconf 88' lang='lat' dir='ltr'><strong>Propositiones</strong></span> <span class='ocrx_word' id='word_1_492' title='bbox 987 3293 1085 3331; x_wconf 84' lang='lat' dir='ltr'><strong>eas</strong></span> <span class='ocrx_word' id='word_1_493' title='bbox 1116 3292 1243 3346; x_wconf 67' lang='lat' dir='ltr'><strong>quae</strong></span> <span class='ocrx_word' id='word_1_494' title='bbox 1274 3274 1334 3329; x_wconf 85' lang='lat' dir='ltr'><strong>in</strong></span> <span class='ocrx_word' id='word_1_495' title='bbox 1368 3273 1797 3329; x_wconf 85' lang='lat' dir='ltr'><strong>universalibus</strong></span> <span class='ocrx_word' id='word_1_496' title='bbox 1825 3290 1937 3329; x_wconf 91' lang='lat' dir='ltr'><strong>non</strong></span> <span class='ocrx_word' id='word_1_497' title='bbox 1964 3273 2092 3328; x_wconf 90' lang='lat' dir='ltr'><strong>uni-</strong></span> 
     </span>
    </p>
   </div>
   <div class='ocr_carea' id='block_1_64' title="bbox 451 3361 2093 3436">
    <p class='ocr_par' dir='ltr' id='par_1_64' title="bbox 451 3361 2093 3436">
     <span class='ocr_line' id='line_1_64' title="bbox 451 3361 2093 3436; baseline -0.002 -18"><span class='ocrx_word' id='word_1_498' title='bbox 451 3365 755 3420; x_wconf 87' lang='lat' dir='ltr'><strong>versaliter</strong></span> <span class='ocrx_word' id='word_1_499' title='bbox 786 3365 1181 3436; x_wconf 85' lang='lat' dir='ltr'><strong>proferuntur,</strong></span> <span class='ocrx_word' id='word_1_500' title='bbox 1209 3380 1325 3419; x_wconf 90' lang='lat' dir='ltr'><strong>non</strong></span> <span class='ocrx_word' id='word_1_501' title='bbox 1356 3380 1588 3434; x_wconf 85' lang='lat' dir='ltr'><strong>semper</strong></span> <span class='ocrx_word' id='word_1_502' title='bbox 1606 3380 1774 3418; x_wconf 88' lang='lat' dir='ltr'><strong>veras</strong></span> <span class='ocrx_word' id='word_1_503' title='bbox 1822 3377 1972 3429; x_wconf 89' lang='lat' dir='ltr'><strong>esse,</strong></span> <span class='ocrx_word' id='word_1_504' title='bbox 2006 3361 2093 3416; x_wconf 91' lang='lat' dir='ltr'><strong>vel</strong></span> 
     </span>
    </p>
   </div>
   <div class='ocr_carea' id='block_1_65' title="bbox 450 3452 2097 3523">
    <p class='ocr_par' dir='ltr' id='par_1_65' title="bbox 450 3452 2097 3523">
     <span class='ocr_line' id='line_1_65' title="bbox 450 3452 2097 3523; baseline -0.001 -13"><span class='ocrx_word' id='word_1_505' title='bbox 450 3454 632 3510; x_wconf 71' lang='lat' dir='ltr'><strong>falsas</strong></span> <span class='ocrx_word' id='word_1_506' title='bbox 664 3458 904 3509; x_wconf 86' lang='lat' dir='ltr'><strong>conatur</strong></span> <span class='ocrx_word' id='word_1_507' title='bbox 934 3453 1258 3522; x_wconf 88' lang='lat' dir='ltr'><strong>ostendere,</strong></span> <span class='ocrx_word' id='word_1_508' title='bbox 1297 3452 1399 3507; x_wconf 87' lang='lat' dir='ltr'><strong>hoc</strong></span> <span class='ocrx_word' id='word_1_509' title='bbox 1430 3457 1621 3507; x_wconf 90' lang='lat' dir='ltr'><strong>autem</strong></span> <span class='ocrx_word' id='word_1_510' title='bbox 1659 3468 1760 3523; x_wconf 90' lang='lat' dir='ltr'><strong>per</strong></span> <span class='ocrx_word' id='word_1_511' title='bbox 1804 3452 2097 3508; x_wconf 87' lang='lat' dir='ltr'><strong>contraria</strong></span> 
     </span>
    </p>
   </div>
   <div class='ocr_carea' id='block_1_66' title="bbox 450 3540 2095 3613">
    <p class='ocr_par' dir='ltr' id='par_1_66' title="bbox 450 3540 2095 3613">
     <span class='ocr_line' id='line_1_66' title="bbox 450 3540 2095 3613; baseline -0.001 -15"><span class='ocrx_word' id='word_1_512' title='bbox 450 3547 760 3599; x_wconf 85' lang='lat' dir='ltr'><strong>monstrat.</strong></span> <span class='ocrx_word' id='word_1_513' title='bbox 789 3543 867 3597; x_wconf 90' lang='lat' dir='ltr'><strong>Ea</strong></span> <span class='ocrx_word' id='word_1_514' title='bbox 896 3541 1052 3596; x_wconf 89' lang='lat' dir='ltr'><strong>enim</strong></span> <span class='ocrx_word' id='word_1_515' title='bbox 1087 3541 1406 3613; x_wconf 88' lang='lat' dir='ltr'><strong>prepositio</strong></span> <span class='ocrx_word' id='word_1_516' title='bbox 1438 3557 1565 3611; x_wconf 65' lang='lat' dir='ltr'><strong>quis</strong></span> <span class='ocrx_word' id='word_1_517' title='bbox 1599 3546 1689 3595; x_wconf 91' lang='lat' dir='ltr'><strong>est</strong></span> <span class='ocrx_word' id='word_1_518' title='bbox 1718 3540 1892 3597; x_wconf 89' lang='lat' dir='ltr'><strong>homo</strong></span> <span class='ocrx_word' id='word_1_519' title='bbox 1924 3541 2095 3596; x_wconf 89' lang='lat' dir='ltr'><strong>albus</strong></span> 
     </span>
    </p>
   </div>
   <div class='ocr_carea' id='block_1_67' title="bbox 448 3629 2092 3703">
    <p class='ocr_par' dir='ltr' id='par_1_67' title="bbox 448 3629 2092 3703">
     <span class='ocr_line' id='line_1_67' title="bbox 448 3629 2092 3703; baseline -0.002 -14"><span class='ocrx_word' id='word_1_520' title='bbox 448 3638 558 3702; x_wconf 89' lang='lat' dir='ltr'><strong>est,</strong></span> <span class='ocrx_word' id='word_1_521' title='bbox 588 3638 644 3688; x_wconf 90' lang='lat' dir='ltr'><strong>et</strong></span> <span class='ocrx_word' id='word_1_522' title='bbox 674 3632 853 3703; x_wconf 85' lang='lat' dir='ltr'><strong>hujus</strong></span> <span class='ocrx_word' id='word_1_523' title='bbox 887 3630 1116 3702; x_wconf 87' lang='lat' dir='ltr'><strong>negatio</strong></span> <span class='ocrx_word' id='word_1_524' title='bbox 1148 3646 1276 3701; x_wconf 65' lang='lat' dir='ltr'><strong>quae</strong></span> <span class='ocrx_word' id='word_1_525' title='bbox 1309 3633 1400 3684; x_wconf 88' lang='lat' dir='ltr'><strong>est</strong></span> <span class='ocrx_word' id='word_1_526' title='bbox 1428 3629 1602 3684; x_wconf 90' lang='lat' dir='ltr'><strong>homo</strong></span> <span class='ocrx_word' id='word_1_527' title='bbox 1633 3629 1802 3684; x_wconf 89' lang='lat' dir='ltr'><strong>albus</strong></span> <span class='ocrx_word' id='word_1_528' title='bbox 1833 3646 1949 3684; x_wconf 90' lang='lat' dir='ltr'><strong>non</strong></span> <span class='ocrx_word' id='word_1_529' title='bbox 1983 3636 2092 3697; x_wconf 89' lang='lat' dir='ltr'><strong>est,</strong></span> 
     </span>
    </p>
   </div>
   <div class='ocr_carea' id='block_1_68' title="bbox 450 3716 2093 3777">
    <p class='ocr_par' dir='ltr' id='par_1_68' title="bbox 450 3716 2093 3777">
     <span class='ocr_line' id='line_1_68' title="bbox 450 3716 2093 3777; baseline -0.003 -1"><span class='ocrx_word' id='word_1_530' title='bbox 450 3722 559 3777; x_wconf 87' lang='lat' dir='ltr'><strong>hoc</strong></span> <span class='ocrx_word' id='word_1_531' title='bbox 593 3721 764 3776; x_wconf 92' lang='lat' dir='ltr'><strong>modo</strong></span> <span class='ocrx_word' id='word_1_532' title='bbox 796 3719 1403 3774; x_wconf 88' lang='lat' dir='ltr'><strong>ostendunturverum</strong></span> <span class='ocrx_word' id='word_1_533' title='bbox 1425 3721 1483 3772; x_wconf 90' lang='lat' dir='ltr'><strong>et</strong></span> <span class='ocrx_word' id='word_1_534' title='bbox 1513 3716 1728 3772; x_wconf 90' lang='lat' dir='ltr'><strong>falsum</strong></span> <span class='ocrx_word' id='word_1_535' title='bbox 1750 3718 1901 3773; x_wconf 88' lang='lat' dir='ltr'><strong>inter</strong></span> <span class='ocrx_word' id='word_1_536' title='bbox 1922 3733 1983 3772; x_wconf 91' lang='lat' dir='ltr'><strong>se</strong></span> <span class='ocrx_word' id='word_1_537' title='bbox 2006 3717 2093 3772; x_wconf 89' lang='lat' dir='ltr'><strong>in-</strong></span> 
     </span>
    </p>
   </div>
   <div class='ocr_carea' id='block_1_69' title="bbox 445 3806 2097 3879">
    <p class='ocr_par' dir='ltr' id='par_1_69' title="bbox 445 3806 2097 3879">
     <span class='ocr_line' id='line_1_69' title="bbox 445 3806 2097 3879; baseline -0.002 -15"><span class='ocrx_word' id='word_1_538' title='bbox 445 3811 677 3865; x_wconf 90' lang='lat' dir='ltr'><strong>terdum</strong></span> <span class='ocrx_word' id='word_1_539' title='bbox 718 3825 831 3863; x_wconf 92' lang='lat' dir='ltr'><strong>non</strong></span> <span class='ocrx_word' id='word_1_540' title='bbox 852 3824 1024 3879; x_wconf 88' lang='lat' dir='ltr'><strong>posse</strong></span> <span class='ocrx_word' id='word_1_541' title='bbox 1046 3807 1482 3862; x_wconf 88' lang='lat' dir='ltr'><strong>dividere.Nam</strong></span> <span class='ocrx_word' id='word_1_542' title='bbox 1507 3807 1556 3861; x_wconf 91' lang='lat' dir='ltr'><strong>si</strong></span> <span class='ocrx_word' id='word_1_543' title='bbox 1580 3823 1781 3861; x_wconf 89' lang='lat' dir='ltr'><strong>verum</strong></span> <span class='ocrx_word' id='word_1_544' title='bbox 1800 3810 1889 3861; x_wconf 91' lang='lat' dir='ltr'><strong>est</strong></span> <span class='ocrx_word' id='word_1_545' title='bbox 1920 3810 1985 3861; x_wconf 91' lang='lat' dir='ltr'><strong>ut</strong></span> <span class='ocrx_word' id='word_1_546' title='bbox 2008 3806 2097 3861; x_wconf 70' lang='lat' dir='ltr'><strong>hee</strong></span> 
     </span>
    </p>
   </div>
   <div class='ocr_carea' id='block_1_70' title="bbox 448 3894 2093 3963">
    <p class='ocr_par' dir='ltr' id='par_1_70' title="bbox 448 3894 2093 3963">
     <span class='ocr_line' id='line_1_70' title="bbox 448 3894 2093 3963; baseline -0.003 -9"><span class='ocrx_word' id='word_1_547' title='bbox 448 3902 577 3954; x_wconf 66' lang='lat' dir='ltr'><strong>dum</strong></span> <span class='ocrx_word' id='word_1_548' title='bbox 601 3897 1044 3963; x_wconf 82' lang='lat' dir='ltr'><strong>afﬁrmationes,</strong></span> <span class='ocrx_word' id='word_1_549' title='bbox 1079 3905 1165 3951; x_wconf 90' lang='lat' dir='ltr'><strong>est</strong></span> <span class='ocrx_word' id='word_1_550' title='bbox 1195 3895 1371 3950; x_wconf 90' lang='lat' dir='ltr'><strong>homo</strong></span> <span class='ocrx_word' id='word_1_551' title='bbox 1403 3894 1574 3950; x_wconf 89' lang='lat' dir='ltr'><strong>albus</strong></span> <span class='ocrx_word' id='word_1_552' title='bbox 1604 3900 1662 3950; x_wconf 91' lang='lat' dir='ltr'><strong>et</strong></span> <span class='ocrx_word' id='word_1_553' title='bbox 1690 3900 1780 3949; x_wconf 91' lang='lat' dir='ltr'><strong>est</strong></span> <span class='ocrx_word' id='word_1_554' title='bbox 1813 3895 1987 3950; x_wconf 90' lang='lat' dir='ltr'><strong>homo</strong></span> <span class='ocrx_word' id='word_1_555' title='bbox 2008 3896 2093 3950; x_wconf 91' lang='lat' dir='ltr'><strong>ni-</strong></span> 
     </span>
    </p>
   </div>
   <div class='ocr_carea' id='block_1_71' title="bbox 451 3983 2096 4059">
    <p class='ocr_par' dir='ltr' id='par_1_71' title="bbox 451 3983 2096 4059">
     <span class='ocr_line' id='line_1_71' title="bbox 451 3983 2096 4059; baseline -0.002 -17"><span class='ocrx_word' id='word_1_556' title='bbox 451 4004 572 4059; x_wconf 89' lang='lat' dir='ltr'><strong>ger,</strong></span> <span class='ocrx_word' id='word_1_557' title='bbox 597 3990 859 4057; x_wconf 68' lang='lat' dir='ltr'><strong>utraeque</strong></span> <span class='ocrx_word' id='word_1_558' title='bbox 877 4002 992 4040; x_wconf 89' lang='lat' dir='ltr'><strong>uno</strong></span> <span class='ocrx_word' id='word_1_559' title='bbox 1015 3989 1279 4057; x_wconf 88' lang='lat' dir='ltr'><strong>tempore</strong></span> <span class='ocrx_word' id='word_1_560' title='bbox 1299 4000 1443 4040; x_wconf 70' lang='lat' dir='ltr'><strong>vere:</strong></span> <span class='ocrx_word' id='word_1_561' title='bbox 1465 3983 1810 4052; x_wconf 89' lang='lat' dir='ltr'><strong>sint,verum</strong></span> <span class='ocrx_word' id='word_1_562' title='bbox 1841 3989 1931 4039; x_wconf 89' lang='lat' dir='ltr'><strong>est</strong></span> <span class='ocrx_word' id='word_1_563' title='bbox 1950 4000 2096 4055; x_wconf 91' lang='lat' dir='ltr'><strong>quo-</strong></span> 
     </span>
    </p>
   </div>
   <div class='ocr_carea' id='block_1_72' title="bbox 450 4073 2099 4146">
    <p class='ocr_par' dir='ltr' id='par_1_72' title="bbox 450 4073 2099 4146">
     <span class='ocr_line' id='line_1_72' title="bbox 450 4073 2099 4146; baseline -0.001 -17"><span class='ocrx_word' id='word_1_564' title='bbox 450 4092 562 4146; x_wconf 87' lang='lat' dir='ltr'><strong>que</strong></span> <span class='ocrx_word' id='word_1_565' title='bbox 594 4073 1429 4130; x_wconf 77' lang='lat' dir='ltr'><strong>afﬁrmationemindeﬁnitam</strong></span> <span class='ocrx_word' id='word_1_566' title='bbox 1458 4077 1515 4128; x_wconf 89' lang='lat' dir='ltr'><strong>et</strong></span> <span class='ocrx_word' id='word_1_567' title='bbox 1536 4073 1901 4128; x_wconf 77' lang='lat' dir='ltr'><strong>indefinitam</strong></span> <span class='ocrx_word' id='word_1_568' title='bbox 1926 4090 2099 4145; x_wconf 86' lang='lat' dir='ltr'><strong>nega-</strong></span> 
     </span>
    </p>
   </div>
   <div class='ocr_carea' id='block_1_73' title="bbox 449 4160 2094 4235">
    <p class='ocr_par' dir='ltr' id='par_1_73' title="bbox 449 4160 2094 4235">
     <span class='ocr_line' id='line_1_73' title="bbox 449 4160 2094 4235; baseline -0.001 -16"><span class='ocrx_word' id='word_1_569' title='bbox 449 4165 665 4220; x_wconf 84' lang='lat' dir='ltr'><strong>tionem</strong></span> <span class='ocrx_word' id='word_1_570' title='bbox 694 4168 974 4235; x_wconf 90' lang='lat' dir='ltr'><strong>utrasque</strong></span> <span class='ocrx_word' id='word_1_571' title='bbox 1003 4178 1171 4217; x_wconf 88' lang='lat' dir='ltr'><strong>veras</strong></span> <span class='ocrx_word' id='word_1_572' title='bbox 1202 4160 1511 4233; x_wconf 89' lang='lat' dir='ltr'><strong>aliquoties</strong></span> <span class='ocrx_word' id='word_1_573' title='bbox 1543 4160 1810 4217; x_wconf 86' lang='lat' dir='ltr'><strong>inveniri.</strong></span> <span class='ocrx_word' id='word_1_574' title='bbox 1873 4166 2011 4217; x_wconf 87' lang='lat' dir='ltr'><strong>Nam</strong></span> <span class='ocrx_word' id='word_1_575' title='bbox 2046 4162 2094 4217; x_wconf 93' lang='lat' dir='ltr'><strong>si</strong></span> 
     </span>
    </p>
   </div>
   <div class='ocr_carea' id='block_1_74' title="bbox 451 4250 2093 4324">
    <p class='ocr_par' dir='ltr' id='par_1_74' title="bbox 451 4250 2093 4324">
     <span class='ocr_line' id='line_1_74' title="bbox 451 4250 2093 4324; baseline -0.002 -17"><span class='ocrx_word' id='word_1_576' title='bbox 451 4270 653 4309; x_wconf 90' lang='lat' dir='ltr'><strong>verum</strong></span> <span class='ocrx_word' id='word_1_577' title='bbox 686 4258 775 4309; x_wconf 84' lang='lat' dir='ltr'><strong>est</strong></span> <span class='ocrx_word' id='word_1_578' title='bbox 807 4252 1082 4324; x_wconf 89' lang='lat' dir='ltr'><strong>quoniam</strong></span> <span class='ocrx_word' id='word_1_579' title='bbox 1116 4257 1205 4306; x_wconf 90' lang='lat' dir='ltr'><strong>est</strong></span> <span class='ocrx_word' id='word_1_580' title='bbox 1229 4250 1405 4306; x_wconf 84' lang='lat' dir='ltr'><strong>homo</strong></span> <span class='ocrx_word' id='word_1_581' title='bbox 1438 4250 1627 4317; x_wconf 89' lang='lat' dir='ltr'><strong>albus,</strong></span> <span class='ocrx_word' id='word_1_582' title='bbox 1660 4267 1861 4305; x_wconf 91' lang='lat' dir='ltr'><strong>verum</strong></span> <span class='ocrx_word' id='word_1_583' title='bbox 1892 4251 2093 4305; x_wconf 89' lang='lat' dir='ltr'><strong>itidem</strong></span> 
     </span>
    </p>
   </div>
   <div class='ocr_carea' id='block_1_75' title="bbox 450 4339 2099 4413">
    <p class='ocr_par' dir='ltr' id='par_1_75' title="bbox 450 4339 2099 4413">
     <span class='ocr_line' id='line_1_75' title="bbox 450 4339 2099 4413; baseline -0.004 -15"><span class='ocrx_word' id='word_1_584' title='bbox 450 4347 540 4400; x_wconf 87' lang='lat' dir='ltr'><strong>est</strong></span> <span class='ocrx_word' id='word_1_585' title='bbox 570 4342 847 4413; x_wconf 86' lang='lat' dir='ltr'><strong>quoniam</strong></span> <span class='ocrx_word' id='word_1_586' title='bbox 877 4347 966 4396; x_wconf 93' lang='lat' dir='ltr'><strong>est</strong></span> <span class='ocrx_word' id='word_1_587' title='bbox 997 4342 1174 4395; x_wconf 89' lang='lat' dir='ltr'><strong>homo</strong></span> <span class='ocrx_word' id='word_1_588' title='bbox 1207 4339 1374 4411; x_wconf 88' lang='lat' dir='ltr'><strong>niger</strong></span> <span class='ocrx_word' id='word_1_589' title='bbox 1403 4357 1417 4393; x_wconf 92' lang='lat'><strong>:</strong></span> <span class='ocrx_word' id='word_1_590' title='bbox 1450 4356 1584 4394; x_wconf 86' lang='lat' dir='ltr'><strong>nam</strong></span> <span class='ocrx_word' id='word_1_591' title='bbox 1619 4355 1749 4394; x_wconf 89' lang='lat' dir='ltr'><strong>cum</strong></span> <span class='ocrx_word' id='word_1_592' title='bbox 1778 4339 1979 4394; x_wconf 80' lang='lat' dir='ltr'><strong>Gallus</strong></span> <span class='ocrx_word' id='word_1_593' title='bbox 2020 4340 2099 4393; x_wconf 89' lang='lat' dir='ltr'><strong>sit</strong></span> 
     </span>
    </p>
   </div>
   <div class='ocr_carea' id='block_1_76' title="bbox 450 4426 2095 4500">
    <p class='ocr_par' dir='ltr' id='par_1_76' title="bbox 450 4426 2095 4500">
     <span class='ocr_line' id='line_1_76' title="bbox 450 4426 2095 4500; baseline -0.001 -15"><span class='ocrx_word' id='word_1_594' title='bbox 450 4431 763 4495; x_wconf 77' lang='lat' dir='ltr'><strong>candidus,</strong></span> <span class='ocrx_word' id='word_1_595' title='bbox 777 4430 1043 4500; x_wconf 67' lang='lat' dir='ltr'><strong>{Ethiops</strong></span> <span class='ocrx_word' id='word_1_596' title='bbox 1059 4428 1413 4500; x_wconf 82' lang='lat' dir='ltr'><strong>nigerrimus</strong></span> <span class='ocrx_word' id='word_1_597' title='bbox 1428 4428 1722 4483; x_wconf 88' lang='lat' dir='ltr'><strong>invenitur</strong></span> <span class='ocrx_word' id='word_1_598' title='bbox 1740 4426 2095 4499; x_wconf 85' lang='lat' dir='ltr'><strong>simul.Ergo</strong></span> 
     </span>
    </p>
   </div>
   <div class='ocr_carea' id='block_1_77' title="bbox 451 4502 2170 4588">
    <p class='ocr_par' dir='ltr' id='par_1_77' title="bbox 451 4502 2170 4588">
     <span class='ocr_line' id='line_1_77' title="bbox 451 4502 2170 4588; baseline -0.001 -15"><span class='ocrx_word' id='word_1_599' title='bbox 451 4535 654 4573; x_wconf 90' lang='lat' dir='ltr'><strong>verum</strong></span> <span class='ocrx_word' id='word_1_600' title='bbox 688 4522 776 4573; x_wconf 84' lang='lat' dir='ltr'><strong>est</strong></span> <span class='ocrx_word' id='word_1_601' title='bbox 805 4518 997 4573; x_wconf 87' lang='lat' dir='ltr'><strong>dicere</strong></span> <span class='ocrx_word' id='word_1_602' title='bbox 1022 4520 1299 4588; x_wconf 88' lang='lat' dir='ltr'><strong>quoniam</strong></span> <span class='ocrx_word' id='word_1_603' title='bbox 1333 4522 1421 4572; x_wconf 90' lang='lat' dir='ltr'><strong>est</strong></span> <span class='ocrx_word' id='word_1_604' title='bbox 1473 4517 1648 4573; x_wconf 90' lang='lat' dir='ltr'><strong>homo</strong></span> <span class='ocrx_word' id='word_1_605' title='bbox 1700 4516 1868 4571; x_wconf 87' lang='lat' dir='ltr'><strong>albus</strong></span> <span class='ocrx_word' id='word_1_606' title='bbox 1899 4521 1956 4571; x_wconf 90' lang='lat' dir='ltr'><strong>et</strong></span> <span class='ocrx_word' id='word_1_607' title='bbox 2006 4521 2096 4571; x_wconf 89' lang='lat' dir='ltr'><strong>est</strong></span> <span class='ocrx_word' id='word_1_608' title='bbox 2126 4502 2170 4565; x_wconf 86' lang='lat' dir='ltr'><strong>D</strong></span> 
     </span>
    </p>
   </div>
   <div class='ocr_carea' id='block_1_78' title="bbox 452 4602 2098 4677">
    <p class='ocr_par' dir='ltr' id='par_1_78' title="bbox 452 4602 2098 4677">
     <span class='ocr_line' id='line_1_78' title="bbox 452 4602 2098 4677; baseline -0.001 -18"><span class='ocrx_word' id='word_1_609' title='bbox 452 4604 626 4659; x_wconf 88' lang='lat' dir='ltr'><strong>homo</strong></span> <span class='ocrx_word' id='word_1_610' title='bbox 660 4604 843 4674; x_wconf 89' lang='lat' dir='ltr'><strong>niger:</strong></span> <span class='ocrx_word' id='word_1_611' title='bbox 878 4605 978 4659; x_wconf 92' lang='lat' dir='ltr'><strong>sed</strong></span> <span class='ocrx_word' id='word_1_612' title='bbox 1013 4604 1111 4676; x_wconf 89' lang='lat' dir='ltr'><strong>qui</strong></span> <span class='ocrx_word' id='word_1_613' title='bbox 1146 4606 1309 4677; x_wconf 87' lang='lat' dir='ltr'><strong>niger</strong></span> <span class='ocrx_word' id='word_1_614' title='bbox 1340 4608 1428 4659; x_wconf 79' lang='lat' dir='ltr'><strong>est</strong></span> <span class='ocrx_word' id='word_1_615' title='bbox 1450 4603 1615 4659; x_wconf 90' lang='lat' dir='ltr'><strong>albus</strong></span> <span class='ocrx_word' id='word_1_616' title='bbox 1638 4621 1752 4659; x_wconf 92' lang='lat' dir='ltr'><strong>non</strong></span> <span class='ocrx_word' id='word_1_617' title='bbox 1784 4610 1893 4669; x_wconf 85' lang='lat' dir='ltr'><strong>est;</strong></span> <span class='ocrx_word' id='word_1_618' title='bbox 1918 4602 2098 4658; x_wconf 89' lang='lat' dir='ltr'><strong>simul</strong></span> 
     </span>
    </p>
   </div>
   <div class='ocr_carea' id='block_1_79' title="bbox 450 4695 2100 4768">
    <p class='ocr_par' dir='ltr' id='par_1_79' title="bbox 450 4695 2100 4768">
     <span class='ocr_line' id='line_1_79' title="bbox 450 4695 2100 4768; baseline -0.001 -17"><span class='ocrx_word' id='word_1_619' title='bbox 450 4712 587 4768; x_wconf 86' lang='lat' dir='ltr'><strong>ergo</strong></span> <span class='ocrx_word' id='word_1_620' title='bbox 616 4713 819 4752; x_wconf 89' lang='lat' dir='ltr'><strong>verum</strong></span> <span class='ocrx_word' id='word_1_621' title='bbox 844 4700 933 4751; x_wconf 90' lang='lat' dir='ltr'><strong>est</strong></span> <span class='ocrx_word' id='word_1_622' title='bbox 955 4696 1147 4752; x_wconf 88' lang='lat' dir='ltr'><strong>dicere</strong></span> <span class='ocrx_word' id='word_1_623' title='bbox 1178 4696 1457 4768; x_wconf 89' lang='lat' dir='ltr'><strong>quoniam</strong></span> <span class='ocrx_word' id='word_1_624' title='bbox 1490 4701 1579 4752; x_wconf 91' lang='lat' dir='ltr'><strong>est</strong></span> <span class='ocrx_word' id='word_1_625' title='bbox 1615 4696 1786 4752; x_wconf 84' lang='lat' dir='ltr'><strong>homo</strong></span> <span class='ocrx_word' id='word_1_626' title='bbox 1818 4695 2009 4764; x_wconf 89' lang='lat' dir='ltr'><strong>albus,</strong></span> <span class='ocrx_word' id='word_1_627' title='bbox 2044 4699 2100 4750; x_wconf 90' lang='lat' dir='ltr'><strong>et</strong></span> 
     </span>
    </p>
   </div>
   <div class='ocr_carea' id='block_1_80' title="bbox 452 4785 2095 4858">
    <p class='ocr_par' dir='ltr' id='par_1_80' title="bbox 452 4785 2095 4858">
     <span class='ocr_line' id='line_1_80' title="bbox 452 4785 2095 4858; baseline -0.001 -17"><span class='ocrx_word' id='word_1_628' title='bbox 452 4803 568 4841; x_wconf 92' lang='lat' dir='ltr'><strong>non</strong></span> <span class='ocrx_word' id='word_1_629' title='bbox 593 4794 679 4842; x_wconf 89' lang='lat' dir='ltr'><strong>est</strong></span> <span class='ocrx_word' id='word_1_630' title='bbox 701 4786 873 4841; x_wconf 89' lang='lat' dir='ltr'><strong>homo</strong></span> <span class='ocrx_word' id='word_1_631' title='bbox 902 4787 1092 4843; x_wconf 86' lang='lat' dir='ltr'><strong>albus.</strong></span> <span class='ocrx_word' id='word_1_632' title='bbox 1120 4787 1278 4843; x_wconf 86' lang='lat' dir='ltr'><strong>Idem</strong></span> <span class='ocrx_word' id='word_1_633' title='bbox 1298 4787 1615 4858; x_wconf 89' lang='lat' dir='ltr'><strong>quoquede</strong></span> <span class='ocrx_word' id='word_1_634' title='bbox 1638 4787 1819 4857; x_wconf 91' lang='lat' dir='ltr'><strong>probo</strong></span> <span class='ocrx_word' id='word_1_635' title='bbox 1842 4794 1898 4840; x_wconf 89' lang='lat' dir='ltr'><strong>et</strong></span> <span class='ocrx_word' id='word_1_636' title='bbox 1917 4785 2095 4856; x_wconf 89' lang='lat' dir='ltr'><strong>turpi.</strong></span> 
     </span>
    </p>
   </div>
   <div class='ocr_carea' id='block_1_81' title="bbox 449 4874 2097 4947">
    <p class='ocr_par' dir='ltr' id='par_1_81' title="bbox 449 4874 2097 4947">
     <span class='ocr_line' id='line_1_81' title="bbox 449 4874 2097 4947; baseline -0.001 -16"><span class='ocrx_word' id='word_1_637' title='bbox 449 4876 597 4931; x_wconf 82' lang='lat' dir='ltr'><strong>Nam</strong></span> <span class='ocrx_word' id='word_1_638' title='bbox 633 4876 681 4929; x_wconf 87' lang='lat' dir='ltr'><strong>si</strong></span> <span class='ocrx_word' id='word_1_639' title='bbox 707 4892 908 4932; x_wconf 89' lang='lat' dir='ltr'><strong>verum</strong></span> <span class='ocrx_word' id='word_1_640' title='bbox 932 4881 1022 4931; x_wconf 88' lang='lat' dir='ltr'><strong>est</strong></span> <span class='ocrx_word' id='word_1_641' title='bbox 1041 4877 1234 4932; x_wconf 90' lang='lat' dir='ltr'><strong>dicere</strong></span> <span class='ocrx_word' id='word_1_642' title='bbox 1256 4877 1531 4947; x_wconf 88' lang='lat' dir='ltr'><strong>quoniam</strong></span> <span class='ocrx_word' id='word_1_643' title='bbox 1556 4880 1647 4931; x_wconf 87' lang='lat' dir='ltr'><strong>est</strong></span> <span class='ocrx_word' id='word_1_644' title='bbox 1663 4876 1833 4929; x_wconf 90' lang='lat' dir='ltr'><strong>homo</strong></span> <span class='ocrx_word' id='word_1_645' title='bbox 1857 4874 2097 4945; x_wconf 88' lang='lat' dir='ltr'><strong>probus,</strong></span> 
     </span>
    </p>
   </div>
   <div class='ocr_carea' id='block_1_82' title="bbox 453 4963 2099 5039">
    <p class='ocr_par' dir='ltr' id='par_1_82' title="bbox 453 4963 2099 5039">
     <span class='ocr_line' id='line_1_82' title="bbox 453 4963 2099 5039; baseline -0.001 -20"><span class='ocrx_word' id='word_1_646' title='bbox 453 4965 504 5019; x_wconf 89' lang='lat' dir='ltr'><strong>si</strong></span> <span class='ocrx_word' id='word_1_647' title='bbox 537 4965 670 5036; x_wconf 91' lang='lat' dir='ltr'><strong>quis</strong></span> <span class='ocrx_word' id='word_1_648' title='bbox 700 4965 809 5020; x_wconf 90' lang='lat' dir='ltr'><strong>hoc</strong></span> <span class='ocrx_word' id='word_1_649' title='bbox 841 4966 911 5021; x_wconf 92' lang='lat' dir='ltr'><strong>de</strong></span> <span class='ocrx_word' id='word_1_650' title='bbox 943 4966 1289 5039; x_wconf 88' lang='lat' dir='ltr'><strong>philosopho</strong></span> <span class='ocrx_word' id='word_1_651' title='bbox 1312 4966 1488 5033; x_wconf 89' lang='lat' dir='ltr'><strong>dicat,</strong></span> <span class='ocrx_word' id='word_1_652' title='bbox 1513 4969 1570 5020; x_wconf 91' lang='lat' dir='ltr'><strong>et</strong></span> <span class='ocrx_word' id='word_1_653' title='bbox 1594 4980 1799 5019; x_wconf 89' lang='lat' dir='ltr'><strong>rursus</strong></span> <span class='ocrx_word' id='word_1_654' title='bbox 1822 4963 2099 5034; x_wconf 87' lang='lat' dir='ltr'><strong>quoniam</strong></span> 
     </span>
    </p>
   </div>
   <div class='ocr_carea' id='block_1_83' title="bbox 453 5039 2100 5126">
    <p class='ocr_par' dir='ltr' id='par_1_83' title="bbox 453 5039 2100 5126">
     <span class='ocr_line' id='line_1_83' title="bbox 453 5039 2100 5126; baseline -0.002 -18"><span class='ocrx_word' id='word_1_655' title='bbox 453 5058 543 5109; x_wconf 88' lang='lat' dir='ltr'><strong>est</strong></span> <span class='ocrx_word' id='word_1_656' title='bbox 573 5053 745 5109; x_wconf 86' lang='lat' dir='ltr'><strong>homo</strong></span> <span class='ocrx_word' id='word_1_657' title='bbox 777 5055 968 5126; x_wconf 90' lang='lat' dir='ltr'><strong>turpis</strong></span> <span class='ocrx_word' id='word_1_658' title='bbox 1001 5039 1200 5109; x_wconf 80' lang='lat' dir='ltr'><strong>verum</strong></span> <span class='ocrx_word' id='word_1_659' title='bbox 1233 5058 1321 5110; x_wconf 90' lang='lat' dir='ltr'><strong>est</strong></span> <span class='ocrx_word' id='word_1_660' title='bbox 1351 5054 1399 5108; x_wconf 90' lang='lat' dir='ltr'><strong>si</strong></span> <span class='ocrx_word' id='word_1_661' title='bbox 1430 5053 1565 5124; x_wconf 89' lang='lat' dir='ltr'><strong>quis</strong></span> <span class='ocrx_word' id='word_1_662' title='bbox 1595 5052 1705 5107; x_wconf 92' lang='lat' dir='ltr'><strong>hoc</strong></span> <span class='ocrx_word' id='word_1_663' title='bbox 1735 5052 1806 5106; x_wconf 89' lang='lat' dir='ltr'><strong>de</strong></span> <span class='ocrx_word' id='word_1_664' title='bbox 1826 5051 1982 5123; x_wconf 83' lang='lat' dir='ltr'><strong>Sylla</strong></span> <span class='ocrx_word' id='word_1_665' title='bbox 2011 5052 2100 5106; x_wconf 90' lang='lat' dir='ltr'><strong>di-</strong></span> 
     </span>
    </p>
   </div>
   <div class='ocr_carea' id='block_1_84' title="bbox 454 5140 2099 5213">
    <p class='ocr_par' dir='ltr' id='par_1_84' title="bbox 454 5140 2099 5213">
     <span class='ocr_line' id='line_1_84' title="bbox 454 5140 2099 5213; baseline -0.001 -15"><span class='ocrx_word' id='word_1_666' title='bbox 454 5148 631 5211; x_wconf 83' lang='lat' dir='ltr'><strong>ceret,</strong></span> <span class='ocrx_word' id='word_1_667' title='bbox 663 5160 861 5198; x_wconf 85' lang='lat' dir='ltr'><strong>verum</strong></span> <span class='ocrx_word' id='word_1_668' title='bbox 886 5150 1045 5199; x_wconf 90' lang='lat' dir='ltr'><strong>esset</strong></span> <span class='ocrx_word' id='word_1_669' title='bbox 1071 5150 1408 5213; x_wconf 82' lang='lat' dir='ltr'><strong>utrumque,</strong></span> <span class='ocrx_word' id='word_1_670' title='bbox 1434 5147 1490 5196; x_wconf 91' lang='lat' dir='ltr'><strong>et</strong></span> <span class='ocrx_word' id='word_1_671' title='bbox 1512 5141 1787 5212; x_wconf 83' lang='lat' dir='ltr'><strong>quoniam</strong></span> <span class='ocrx_word' id='word_1_672' title='bbox 1812 5147 1902 5195; x_wconf 90' lang='lat' dir='ltr'><strong>est</strong></span> <span class='ocrx_word' id='word_1_673' title='bbox 1924 5140 2099 5196; x_wconf 90' lang='lat' dir='ltr'><strong>homo</strong></span> 
     </span>
    </p>
   </div>
   <div class='ocr_carea' id='block_1_85' title="bbox 453 5231 2101 5303">
    <p class='ocr_par' dir='ltr' id='par_1_85' title="bbox 453 5231 2101 5303">
     <span class='ocr_line' id='line_1_85' title="bbox 453 5231 2101 5303; baseline 0 -17"><span class='ocrx_word' id='word_1_674' title='bbox 453 5233 691 5303; x_wconf 90' lang='lat' dir='ltr'><strong>probus,</strong></span> <span class='ocrx_word' id='word_1_675' title='bbox 727 5238 784 5286; x_wconf 90' lang='lat' dir='ltr'><strong>et</strong></span> <span class='ocrx_word' id='word_1_676' title='bbox 814 5238 903 5287; x_wconf 89' lang='lat' dir='ltr'><strong>est</strong></span> <span class='ocrx_word' id='word_1_677' title='bbox 925 5233 1102 5288; x_wconf 91' lang='lat' dir='ltr'><strong>homo</strong></span> <span class='ocrx_word' id='word_1_678' title='bbox 1135 5232 1348 5303; x_wconf 89' lang='lat' dir='ltr'><strong>turpis;</strong></span> <span class='ocrx_word' id='word_1_679' title='bbox 1382 5232 1481 5285; x_wconf 89' lang='lat' dir='ltr'><strong>sed</strong></span> <span class='ocrx_word' id='word_1_680' title='bbox 1500 5232 1600 5302; x_wconf 92' lang='lat' dir='ltr'><strong>qui</strong></span> <span class='ocrx_word' id='word_1_681' title='bbox 1634 5231 2101 5302; x_wconf 78' lang='lat' dir='ltr'><strong>turpisest,pro-</strong></span> 
     </span>
    </p>
   </div>
   <div class='ocr_carea' id='block_1_86' title="bbox 452 5319 2100 5393">
    <p class='ocr_par' dir='ltr' id='par_1_86' title="bbox 452 5319 2100 5393">
     <span class='ocr_line' id='line_1_86' title="bbox 452 5319 2100 5393; baseline -0.001 -18"><span class='ocrx_word' id='word_1_682' title='bbox 452 5323 563 5375; x_wconf 89' lang='lat' dir='ltr'><strong>bus</strong></span> <span class='ocrx_word' id='word_1_683' title='bbox 584 5338 695 5376; x_wconf 91' lang='lat' dir='ltr'><strong>non</strong></span> <span class='ocrx_word' id='word_1_684' title='bbox 730 5327 839 5376; x_wconf 89' lang='lat' dir='ltr'><strong>est.</strong></span> <span class='ocrx_word' id='word_1_685' title='bbox 860 5322 1049 5377; x_wconf 84' lang='lat' dir='ltr'><strong>Simul</strong></span> <span class='ocrx_word' id='word_1_686' title='bbox 1072 5321 1253 5393; x_wconf 86' lang='lat' dir='ltr'><strong>igitur</strong></span> <span class='ocrx_word' id='word_1_687' title='bbox 1273 5336 1474 5375; x_wconf 90' lang='lat' dir='ltr'><strong>verum</strong></span> <span class='ocrx_word' id='word_1_688' title='bbox 1493 5324 1582 5375; x_wconf 90' lang='lat' dir='ltr'><strong>est</strong></span> <span class='ocrx_word' id='word_1_689' title='bbox 1602 5320 1791 5374; x_wconf 89' lang='lat' dir='ltr'><strong>dicere</strong></span> <span class='ocrx_word' id='word_1_690' title='bbox 1822 5319 2100 5391; x_wconf 91' lang='lat' dir='ltr'><strong>quoniam</strong></span> 
     </span>
    </p>
   </div>
   <div class='ocr_carea' id='block_1_87' title="bbox 452 5408 2101 5480">
    <p class='ocr_par' dir='ltr' id='par_1_87' title="bbox 452 5408 2101 5480">
     <span class='ocr_line' id='line_1_87' title="bbox 452 5408 2101 5480; baseline -0.001 -16"><span class='ocrx_word' id='word_1_691' title='bbox 452 5416 542 5465; x_wconf 88' lang='lat' dir='ltr'><strong>est</strong></span> <span class='ocrx_word' id='word_1_692' title='bbox 565 5409 737 5465; x_wconf 91' lang='lat' dir='ltr'><strong>homo</strong></span> <span class='ocrx_word' id='word_1_693' title='bbox 760 5411 1065 5480; x_wconf 88' lang='lat' dir='ltr'><strong>probus,et</strong></span> <span class='ocrx_word' id='word_1_694' title='bbox 1082 5427 1197 5464; x_wconf 89' lang='lat' dir='ltr'><strong>non</strong></span> <span class='ocrx_word' id='word_1_695' title='bbox 1222 5414 1309 5463; x_wconf 89' lang='lat' dir='ltr'><strong>est</strong></span> <span class='ocrx_word' id='word_1_696' title='bbox 1334 5408 1505 5464; x_wconf 92' lang='lat' dir='ltr'><strong>homo</strong></span> <span class='ocrx_word' id='word_1_697' title='bbox 1539 5408 1775 5479; x_wconf 89' lang='lat' dir='ltr'><strong>probus.</strong></span> <span class='ocrx_word' id='word_1_698' title='bbox 1800 5408 1909 5463; x_wconf 88' lang='lat' dir='ltr'><strong>Sed</strong></span> <span class='ocrx_word' id='word_1_699' title='bbox 1942 5409 2101 5463; x_wconf 89' lang='lat' dir='ltr'><strong>vide-</strong></span> 
     </span>
    </p>
   </div>
   <div class='ocr_carea' id='block_1_88' title="bbox 453 5497 2101 5570">
    <p class='ocr_par' dir='ltr' id='par_1_88' title="bbox 453 5497 2101 5570">
     <span class='ocr_line' id='line_1_88' title="bbox 453 5497 2101 5570; baseline -0.001 -17"><span class='ocrx_word' id='word_1_700' title='bbox 453 5500 616 5553; x_wconf 89' lang='lat' dir='ltr'><strong>bitur</strong></span> <span class='ocrx_word' id='word_1_701' title='bbox 646 5500 894 5553; x_wconf 81' lang='lat' dir='ltr'><strong>fortasse</strong></span> <span class='ocrx_word' id='word_1_702' title='bbox 917 5497 1140 5570; x_wconf 89' lang='lat' dir='ltr'><strong>aliquid</strong></span> <span class='ocrx_word' id='word_1_703' title='bbox 1164 5497 1275 5553; x_wconf 90' lang='lat' dir='ltr'><strong>sibi</strong></span> <span class='ocrx_word' id='word_1_704' title='bbox 1297 5497 1514 5553; x_wconf 86' lang='lat' dir='ltr'><strong>dixisse</strong></span> <span class='ocrx_word' id='word_1_705' title='bbox 1536 5497 1893 5552; x_wconf 90' lang='lat' dir='ltr'><strong>contrarium</strong></span> <span class='ocrx_word' id='word_1_706' title='bbox 1916 5502 1971 5552; x_wconf 90' lang='lat' dir='ltr'><strong>et</strong></span> <span class='ocrx_word' id='word_1_707' title='bbox 1992 5497 2101 5552; x_wconf 86' lang='lat' dir='ltr'><strong>dif-</strong></span> 
     </span>
    </p>
   </div>
   <div class='ocr_carea' id='block_1_89' title="bbox 456 5585 2101 5659">
    <p class='ocr_par' dir='ltr' id='par_1_89' title="bbox 456 5585 2101 5659">
     <span class='ocr_line' id='line_1_89' title="bbox 456 5585 2101 5659; baseline 0.001 -18"><span class='ocrx_word' id='word_1_708' title='bbox 456 5587 665 5644; x_wconf 83' lang='lat' dir='ltr'><strong>ﬁcilior</strong></span> <span class='ocrx_word' id='word_1_709' title='bbox 696 5588 971 5659; x_wconf 88' lang='lat' dir='ltr'><strong>procedat</strong></span> <span class='ocrx_word' id='word_1_710' title='bbox 991 5589 1247 5643; x_wconf 87' lang='lat' dir='ltr'><strong>ostensio</strong></span> <span class='ocrx_word' id='word_1_711' title='bbox 1272 5603 1399 5659; x_wconf 66' lang='lat' dir='ltr'><strong>quae</strong></span> <span class='ocrx_word' id='word_1_712' title='bbox 1417 5602 1519 5658; x_wconf 89' lang='lat' dir='ltr'><strong>per</strong></span> <span class='ocrx_word' id='word_1_713' title='bbox 1536 5585 1880 5658; x_wconf 77' lang='lat' dir='ltr'><strong>huiusmodi</strong></span> <span class='ocrx_word' id='word_1_714' title='bbox 1905 5603 2101 5642; x_wconf 84' lang='lat' dir='ltr'><strong>exem-</strong></span> 
     </span>
    </p>
   </div>
   <div class='ocr_carea' id='block_1_90' title="bbox 2206 3182 3826 3257">
    <p class='ocr_par' dir='ltr' id='par_1_90' title="bbox 2206 3182 3826 3257">
     <span class='ocr_line' id='line_1_90' title="bbox 2206 3182 3826 3257; baseline 0 -20"><span class='ocrx_word' id='word_1_715' title='bbox 2206 3182 2616 3238; x_wconf 89' lang='lat' dir='ltr'><strong>inconveniens</strong></span> <span class='ocrx_word' id='word_1_716' title='bbox 2645 3198 2795 3253; x_wconf 83' lang='lat' dir='ltr'><strong>esse,</strong></span> <span class='ocrx_word' id='word_1_717' title='bbox 2827 3189 2883 3238; x_wconf 86' lang='lat' dir='ltr'><strong>et</strong></span> <span class='ocrx_word' id='word_1_718' title='bbox 2904 3184 3293 3257; x_wconf 90' lang='lat' dir='ltr'><strong>incongruum</strong></span> <span class='ocrx_word' id='word_1_719' title='bbox 3330 3188 3526 3243; x_wconf 89' lang='lat' dir='ltr'><strong>dicere</strong></span> <span class='ocrx_word' id='word_1_720' title='bbox 3556 3203 3677 3242; x_wconf 88' lang='lat' dir='ltr'><strong>eam</strong></span> <span class='ocrx_word' id='word_1_721' title='bbox 3716 3201 3826 3255; x_wconf 64' lang='lat' dir='ltr'><strong>quae</strong></span> 
     </span>
    </p>
   </div>
   <div class='ocr_carea' id='block_1_91' title="bbox 2202 3270 3828 3344">
    <p class='ocr_par' dir='ltr' id='par_1_91' title="bbox 2202 3270 3828 3344">
     <span class='ocr_line' id='line_1_91' title="bbox 2202 3270 3828 3344; baseline 0.001 -18"><span class='ocrx_word' id='word_1_722' title='bbox 2202 3270 2343 3326; x_wconf 90' lang='lat' dir='ltr'><strong>dicit</strong></span> <span class='ocrx_word' id='word_1_723' title='bbox 2373 3274 2464 3326; x_wconf 91' lang='lat' dir='ltr'><strong>est</strong></span> <span class='ocrx_word' id='word_1_724' title='bbox 2493 3271 2667 3328; x_wconf 91' lang='lat' dir='ltr'><strong>homo</strong></span> <span class='ocrx_word' id='word_1_725' title='bbox 2697 3271 2867 3328; x_wconf 89' lang='lat' dir='ltr'><strong>albus</strong></span> <span class='ocrx_word' id='word_1_726' title='bbox 2892 3278 2949 3328; x_wconf 91' lang='lat' dir='ltr'><strong>et</strong></span> <span class='ocrx_word' id='word_1_727' title='bbox 2977 3289 3261 3344; x_wconf 4' lang='lat' dir='ltr'><strong>eampquze</strong></span> <span class='ocrx_word' id='word_1_728' title='bbox 3293 3281 3390 3332; x_wconf 89' lang='lat' dir='ltr'><strong>est</strong></span> <span class='ocrx_word' id='word_1_729' title='bbox 3419 3293 3535 3331; x_wconf 91' lang='lat' dir='ltr'><strong>non</strong></span> <span class='ocrx_word' id='word_1_730' title='bbox 3565 3282 3650 3331; x_wconf 88' lang='lat' dir='ltr'><strong>est</strong></span> <span class='ocrx_word' id='word_1_731' title='bbox 3676 3274 3828 3329; x_wconf 86' lang='lat' dir='ltr'><strong>homo</strong></span> 
     </span>
    </p>
   </div>
   <div class='ocr_carea' id='block_1_92' title="bbox 2202 3360 3828 3437">
    <p class='ocr_par' dir='ltr' id='par_1_92' title="bbox 2202 3360 3828 3437">
     <span class='ocr_line' id='line_1_92' title="bbox 2202 3360 3828 3437; baseline -0.001 -21"><span class='ocrx_word' id='word_1_732' title='bbox 2202 3361 2373 3416; x_wconf 90' lang='lat' dir='ltr'><strong>albus</strong></span> <span class='ocrx_word' id='word_1_733' title='bbox 2407 3360 2585 3416; x_wconf 90' lang='lat' dir='ltr'><strong>simul</strong></span> <span class='ocrx_word' id='word_1_734' title='bbox 2618 3378 2781 3417; x_wconf 85' lang='lat' dir='ltr'><strong>veras</strong></span> <span class='ocrx_word' id='word_1_735' title='bbox 2812 3378 2939 3418; x_wconf 88' lang='lat' dir='ltr'><strong>esse</strong></span> <span class='ocrx_word' id='word_1_736' title='bbox 2972 3380 3163 3435; x_wconf 89' lang='lat' dir='ltr'><strong>posse,</strong></span> <span class='ocrx_word' id='word_1_737' title='bbox 3196 3363 3422 3421; x_wconf 89' lang='lat' dir='ltr'><strong>idcirco</strong></span> <span class='ocrx_word' id='word_1_738' title='bbox 3454 3366 3609 3437; x_wconf 89' lang='lat' dir='ltr'><strong>quod</strong></span> <span class='ocrx_word' id='word_1_739' title='bbox 3639 3378 3828 3433; x_wconf 80' lang='lat' dir='ltr'><strong>eaquae</strong></span> 
     </span>
    </p>
   </div>
   <div class='ocr_carea' id='block_1_93' title="bbox 2201 3450 3831 3524">
    <p class='ocr_par' dir='ltr' id='par_1_93' title="bbox 2201 3450 3831 3524">
     <span class='ocr_line' id='line_1_93' title="bbox 2201 3450 3831 3524; baseline -0.001 -18"><span class='ocrx_word' id='word_1_740' title='bbox 2201 3454 2292 3506; x_wconf 88' lang='lat' dir='ltr'><strong>est</strong></span> <span class='ocrx_word' id='word_1_741' title='bbox 2314 3467 2427 3506; x_wconf 93' lang='lat' dir='ltr'><strong>non</strong></span> <span class='ocrx_word' id='word_1_742' title='bbox 2445 3450 2716 3506; x_wconf 89' lang='lat' dir='ltr'><strong>esthomo</strong></span> <span class='ocrx_word' id='word_1_743' title='bbox 2730 3451 2902 3506; x_wconf 89' lang='lat' dir='ltr'><strong>albus</strong></span> <span class='ocrx_word' id='word_1_744' title='bbox 2917 3451 3630 3524; x_wconf 87' lang='lat' dir='ltr'><strong>emittitimaginationem</strong></span> <span class='ocrx_word' id='word_1_745' title='bbox 3646 3466 3831 3524; x_wconf 85' lang='lat' dir='ltr'><strong>quam-</strong></span> 
     </span>
    </p>
   </div>
   <div class='ocr_carea' id='block_1_94' title="bbox 2202 3540 3829 3611">
    <p class='ocr_par' dir='ltr' id='par_1_94' title="bbox 2202 3540 3829 3611">
     <span class='ocr_line' id='line_1_94' title="bbox 2202 3540 3829 3611; baseline -0.001 -18"><span class='ocrx_word' id='word_1_746' title='bbox 2202 3541 2337 3594; x_wconf 89' lang='lat' dir='ltr'><strong>dam</strong></span> <span class='ocrx_word' id='word_1_747' title='bbox 2358 3540 2515 3610; x_wconf 91' lang='lat' dir='ltr'><strong>quod</strong></span> <span class='ocrx_word' id='word_1_748' title='bbox 2535 3540 2826 3611; x_wconf 81' lang='lat' dir='ltr'><strong>signiticet</strong></span> <span class='ocrx_word' id='word_1_749' title='bbox 2846 3542 3121 3611; x_wconf 89' lang='lat' dir='ltr'><strong>quoniam</strong></span> <span class='ocrx_word' id='word_1_750' title='bbox 3137 3542 3345 3598; x_wconf 91' lang='lat' dir='ltr'><strong>nullus</strong></span> <span class='ocrx_word' id='word_1_751' title='bbox 3364 3544 3540 3600; x_wconf 88' lang='lat' dir='ltr'><strong>homo</strong></span> <span class='ocrx_word' id='word_1_752' title='bbox 3553 3543 3717 3598; x_wconf 89' lang='lat' dir='ltr'><strong>albus</strong></span> <span class='ocrx_word' id='word_1_753' title='bbox 3734 3545 3829 3595; x_wconf 88' lang='lat' dir='ltr'><strong>est.</strong></span> 
     </span>
    </p>
   </div>
   <div class='ocr_carea' id='block_1_95' title="bbox 2202 3628 3833 3704">
    <p class='ocr_par' dir='ltr' id='par_1_95' title="bbox 2202 3628 3833 3704">
     <span class='ocr_line' id='line_1_95' title="bbox 2202 3628 3833 3704; baseline -0.001 -21"><span class='ocrx_word' id='word_1_754' title='bbox 2202 3628 2445 3685; x_wconf 89' lang='lat' dir='ltr'><strong>Videtur</strong></span> <span class='ocrx_word' id='word_1_755' title='bbox 2475 3629 2628 3684; x_wconf 89' lang='lat' dir='ltr'><strong>enim</strong></span> <span class='ocrx_word' id='word_1_756' title='bbox 2658 3630 2887 3701; x_wconf 85' lang='lat' dir='ltr'><strong>negatio</strong></span> <span class='ocrx_word' id='word_1_757' title='bbox 2919 3629 3263 3701; x_wconf 82' lang='lat' dir='ltr'><strong>hujusmodi</strong></span> <span class='ocrx_word' id='word_1_758' title='bbox 3294 3649 3438 3704; x_wconf 69' lang='lat' dir='ltr'><strong>quos</strong></span> <span class='ocrx_word' id='word_1_759' title='bbox 3469 3638 3580 3699; x_wconf 86' lang='lat' dir='ltr'><strong>est,</strong></span> <span class='ocrx_word' id='word_1_760' title='bbox 3609 3648 3717 3687; x_wconf 87' lang='lat' dir='ltr'><strong>non</strong></span> <span class='ocrx_word' id='word_1_761' title='bbox 3756 3630 3833 3683; x_wconf 87' lang='lat' dir='ltr'><strong>est</strong></span> 
     </span>
    </p>
   </div>
   <div class='ocr_carea' id='block_1_96' title="bbox 2202 3716 3831 3793">
    <p class='ocr_par' dir='ltr' id='par_1_96' title="bbox 2202 3716 3831 3793">
     <span class='ocr_line' id='line_1_96' title="bbox 2202 3716 3831 3793; baseline -0.002 -19"><span class='ocrx_word' id='word_1_762' title='bbox 2202 3718 2374 3774; x_wconf 91' lang='lat' dir='ltr'><strong>homo</strong></span> <span class='ocrx_word' id='word_1_763' title='bbox 2407 3717 2599 3785; x_wconf 88' lang='lat' dir='ltr'><strong>albus,</strong></span> <span class='ocrx_word' id='word_1_764' title='bbox 2620 3716 2763 3772; x_wconf 90' lang='lat' dir='ltr'><strong>illud</strong></span> <span class='ocrx_word' id='word_1_765' title='bbox 2784 3735 3012 3790; x_wconf 90' lang='lat' dir='ltr'><strong>quoque</strong></span> <span class='ocrx_word' id='word_1_766' title='bbox 3026 3719 3365 3791; x_wconf 80' lang='lat' dir='ltr'><strong>significare</strong></span> <span class='ocrx_word' id='word_1_767' title='bbox 3389 3718 3831 3793; x_wconf 85' lang='lat' dir='ltr'><strong>simulquoniam</strong></span> 
     </span>
    </p>
   </div>
   <div class='ocr_carea' id='block_1_97' title="bbox 2202 3806 3831 3880">
    <p class='ocr_par' dir='ltr' id='par_1_97' title="bbox 2202 3806 3831 3880">
     <span class='ocr_line' id='line_1_97' title="bbox 2202 3806 3831 3880; baseline -0.002 -18"><span class='ocrx_word' id='word_1_768' title='bbox 2202 3806 2399 3862; x_wconf 89' lang='lat' dir='ltr'><strong>nullus</strong></span> <span class='ocrx_word' id='word_1_769' title='bbox 2431 3806 2606 3861; x_wconf 89' lang='lat' dir='ltr'><strong>homo</strong></span> <span class='ocrx_word' id='word_1_770' title='bbox 2636 3806 2805 3863; x_wconf 89' lang='lat' dir='ltr'><strong>albus</strong></span> <span class='ocrx_word' id='word_1_771' title='bbox 2834 3812 2942 3863; x_wconf 88' lang='lat' dir='ltr'><strong>est:</strong></span> <span class='ocrx_word' id='word_1_772' title='bbox 2977 3813 3041 3862; x_wconf 86' lang='lat' dir='ltr'><strong>ut</strong></span> <span class='ocrx_word' id='word_1_773' title='bbox 3070 3808 3119 3864; x_wconf 91' lang='lat' dir='ltr'><strong>si</strong></span> <span class='ocrx_word' id='word_1_774' title='bbox 3152 3810 3285 3880; x_wconf 89' lang='lat' dir='ltr'><strong>quis</strong></span> <span class='ocrx_word' id='word_1_775' title='bbox 3323 3812 3559 3878; x_wconf 82' lang='lat' dir='ltr'><strong>dixerit,</strong></span> <span class='ocrx_word' id='word_1_776' title='bbox 3595 3827 3703 3865; x_wconf 87' lang='lat' dir='ltr'><strong>non</strong></span> <span class='ocrx_word' id='word_1_777' title='bbox 3755 3810 3831 3861; x_wconf 88' lang='lat' dir='ltr'><strong>est</strong></span> 
     </span>
    </p>
   </div>
   <div class='ocr_carea' id='block_1_98' title="bbox 2203 3894 3831 3970">
    <p class='ocr_par' dir='ltr' id='par_1_98' title="bbox 2203 3894 3831 3970">
     <span class='ocr_line' id='line_1_98' title="bbox 2203 3894 3831 3970; baseline -0.001 -19"><span class='ocrx_word' id='word_1_778' title='bbox 2203 3896 2378 3951; x_wconf 90' lang='lat' dir='ltr'><strong>homo</strong></span> <span class='ocrx_word' id='word_1_779' title='bbox 2397 3894 2703 3961; x_wconf 88' lang='lat' dir='ltr'><strong>albus,hoc</strong></span> <span class='ocrx_word' id='word_1_780' title='bbox 2724 3912 2855 3951; x_wconf 89' lang='lat' dir='ltr'><strong>eum</strong></span> <span class='ocrx_word' id='word_1_781' title='bbox 2881 3896 3097 3953; x_wconf 84' lang='lat' dir='ltr'><strong>dixisse</strong></span> <span class='ocrx_word' id='word_1_782' title='bbox 3119 3900 3457 3969; x_wconf 86' lang='lat' dir='ltr'><strong>putandum</strong></span> <span class='ocrx_word' id='word_1_783' title='bbox 3483 3901 3557 3955; x_wconf 90' lang='lat' dir='ltr'><strong>sit</strong></span> <span class='ocrx_word' id='word_1_784' title='bbox 3579 3897 3831 3970; x_wconf 86' lang='lat' dir='ltr'><strong>quoniam</strong></span> 
     </span>
    </p>
   </div>
   <div class='ocr_carea' id='block_1_99' title="bbox 2203 3983 3833 4060">
    <p class='ocr_par' dir='ltr' id='par_1_99' title="bbox 2203 3983 3833 4060">
     <span class='ocr_line' id='line_1_99' title="bbox 2203 3983 3833 4060; baseline -0.004 -19"><span class='ocrx_word' id='word_1_785' title='bbox 2203 3985 2399 4041; x_wconf 91' lang='lat' dir='ltr'><strong>nullus</strong></span> <span class='ocrx_word' id='word_1_786' title='bbox 2430 3984 2605 4039; x_wconf 89' lang='lat' dir='ltr'><strong>homo</strong></span> <span class='ocrx_word' id='word_1_787' title='bbox 2636 3983 2804 4041; x_wconf 91' lang='lat' dir='ltr'><strong>albus</strong></span> <span class='ocrx_word' id='word_1_788' title='bbox 2829 3991 2937 4041; x_wconf 91' lang='lat' dir='ltr'><strong>est.</strong></span> <span class='ocrx_word' id='word_1_789' title='bbox 2961 3989 3081 4042; x_wconf 86' lang='lat' dir='ltr'><strong>Hoc</strong></span> <span class='ocrx_word' id='word_1_790' title='bbox 3102 3990 3605 4060; x_wconf 86' lang='lat' dir='ltr'><strong>autem,inquit,id</strong></span> <span class='ocrx_word' id='word_1_791' title='bbox 3630 3994 3833 4051; x_wconf 81' lang='lat' dir='ltr'><strong>est,uon</strong></span> 
     </span>
    </p>
   </div>
   <div class='ocr_carea' id='block_1_100' title="bbox 2202 4073 3835 4143">
    <p class='ocr_par' dir='ltr' id='par_1_100' title="bbox 2202 4073 3835 4143">
     <span class='ocr_line' id='line_1_100' title="bbox 2202 4073 3835 4143; baseline -0.004 -11"><span class='ocrx_word' id='word_1_792' title='bbox 2202 4080 2289 4132; x_wconf 89' lang='lat' dir='ltr'><strong>est</strong></span> <span class='ocrx_word' id='word_1_793' title='bbox 2308 4074 2481 4130; x_wconf 92' lang='lat' dir='ltr'><strong>homo</strong></span> <span class='ocrx_word' id='word_1_794' title='bbox 2500 4073 2694 4143; x_wconf 89' lang='lat' dir='ltr'><strong>albus,</strong></span> <span class='ocrx_word' id='word_1_795' title='bbox 2719 4080 2776 4130; x_wconf 90' lang='lat' dir='ltr'><strong>et</strong></span> <span class='ocrx_word' id='word_1_796' title='bbox 2793 4093 2999 4131; x_wconf 87' lang='lat' dir='ltr'><strong>rursus</strong></span> <span class='ocrx_word' id='word_1_797' title='bbox 3023 4077 3223 4133; x_wconf 90' lang='lat' dir='ltr'><strong>nullus</strong></span> <span class='ocrx_word' id='word_1_798' title='bbox 3245 4079 3430 4134; x_wconf 88' lang='lat' dir='ltr'><strong>homo</strong></span> <span class='ocrx_word' id='word_1_799' title='bbox 3450 4080 3620 4134; x_wconf 88' lang='lat' dir='ltr'><strong>albus</strong></span> <span class='ocrx_word' id='word_1_800' title='bbox 3640 4080 3835 4143; x_wconf 88' lang='lat' dir='ltr'><strong>est,ne-</strong></span> 
     </span>
    </p>
   </div>
   <div class='ocr_carea' id='block_1_101' title="bbox 2204 4162 3833 4240">
    <p class='ocr_par' dir='ltr' id='par_1_101' title="bbox 2204 4162 3833 4240">
     <span class='ocr_line' id='line_1_101' title="bbox 2204 4162 3833 4240; baseline -0.003 -23"><span class='ocrx_word' id='word_1_801' title='bbox 2204 4178 2316 4233; x_wconf 92' lang='lat' dir='ltr'><strong>que</strong></span> <span class='ocrx_word' id='word_1_802' title='bbox 2350 4162 2501 4217; x_wconf 90' lang='lat' dir='ltr'><strong>idem</strong></span> <span class='ocrx_word' id='word_1_803' title='bbox 2533 4163 2890 4234; x_wconf 80' lang='lat' dir='ltr'><strong>signiﬁcant,</strong></span> <span class='ocrx_word' id='word_1_804' title='bbox 2924 4181 3113 4237; x_wconf 90' lang='lat' dir='ltr'><strong>neque</strong></span> <span class='ocrx_word' id='word_1_805' title='bbox 3164 4182 3407 4240; x_wconf 89' lang='lat' dir='ltr'><strong>semper</strong></span> <span class='ocrx_word' id='word_1_806' title='bbox 3462 4164 3639 4222; x_wconf 90' lang='lat' dir='ltr'><strong>simul</strong></span> <span class='ocrx_word' id='word_1_807' title='bbox 3694 4164 3833 4218; x_wconf 89' lang='lat' dir='ltr'><strong>sunt.</strong></span> 
     </span>
    </p>
   </div>
   <div class='ocr_carea' id='block_1_102' title="bbox 2201 4250 3839 4323">
    <p class='ocr_par' dir='ltr' id='par_1_102' title="bbox 2201 4250 3839 4323">
     <span class='ocr_line' id='line_1_102' title="bbox 2201 4250 3839 4323; baseline -0.002 -15"><span class='ocrx_word' id='word_1_808' title='bbox 2201 4254 2345 4308; x_wconf 86' lang='lat' dir='ltr'><strong>Nam</strong></span> <span class='ocrx_word' id='word_1_809' title='bbox 2378 4251 2478 4323; x_wconf 88' lang='lat' dir='ltr'><strong>qui</strong></span> <span class='ocrx_word' id='word_1_810' title='bbox 2510 4252 2653 4307; x_wconf 91' lang='lat' dir='ltr'><strong>dicit</strong></span> <span class='ocrx_word' id='word_1_811' title='bbox 2682 4252 2883 4309; x_wconf 90' lang='lat' dir='ltr'><strong>nullus</strong></span> <span class='ocrx_word' id='word_1_812' title='bbox 2914 4254 3087 4310; x_wconf 90' lang='lat' dir='ltr'><strong>homo</strong></span> <span class='ocrx_word' id='word_1_813' title='bbox 3120 4254 3290 4311; x_wconf 88' lang='lat' dir='ltr'><strong>albus</strong></span> <span class='ocrx_word' id='word_1_814' title='bbox 3324 4262 3436 4322; x_wconf 89' lang='lat' dir='ltr'><strong>est,</strong></span> <span class='ocrx_word' id='word_1_815' title='bbox 3474 4250 3839 4311; x_wconf 84' lang='lat' dir='ltr'><strong>universalem</strong></span> 
     </span>
    </p>
   </div>
   <div class='ocr_carea' id='block_1_103' title="bbox 2201 4341 3835 4413">
    <p class='ocr_par' dir='ltr' id='par_1_103' title="bbox 2201 4341 3835 4413">
     <span class='ocr_line' id='line_1_103' title="bbox 2201 4341 3835 4413; baseline 0.001 -17"><span class='ocrx_word' id='word_1_816' title='bbox 2201 4341 2599 4396; x_wconf 87' lang='lat' dir='ltr'><strong>determinans</strong></span> <span class='ocrx_word' id='word_1_817' title='bbox 2633 4343 3027 4413; x_wconf 90' lang='lat' dir='ltr'><strong>negationem,</strong></span> <span class='ocrx_word' id='word_1_818' title='bbox 3086 4345 3159 4399; x_wconf 92' lang='lat' dir='ltr'><strong>de</strong></span> <span class='ocrx_word' id='word_1_819' title='bbox 3216 4344 3661 4401; x_wconf 85' lang='lat' dir='ltr'><strong>universalitate</strong></span> <span class='ocrx_word' id='word_1_820' title='bbox 3716 4356 3835 4413; x_wconf 84' lang='lat' dir='ltr'><strong>pro-</strong></span> 
     </span>
    </p>
   </div>
   <div class='ocr_carea' id='block_1_104' title="bbox 2202 4429 3834 4503">
    <p class='ocr_par' dir='ltr' id='par_1_104' title="bbox 2202 4429 3834 4503">
     <span class='ocr_line' id='line_1_104' title="bbox 2202 4429 3834 4503; baseline -0.002 -18"><span class='ocrx_word' id='word_1_821' title='bbox 2202 4430 2387 4503; x_wconf 90' lang='lat' dir='ltr'><strong>ponit.</strong></span> <span class='ocrx_word' id='word_1_822' title='bbox 2415 4429 2520 4495; x_wconf 89' lang='lat' dir='ltr'><strong>Qui</strong></span> <span class='ocrx_word' id='word_1_823' title='bbox 2550 4446 2682 4486; x_wconf 89' lang='lat' dir='ltr'><strong>vero</strong></span> <span class='ocrx_word' id='word_1_824' title='bbox 2714 4431 2877 4501; x_wconf 89' lang='lat' dir='ltr'><strong>dicit,</strong></span> <span class='ocrx_word' id='word_1_825' title='bbox 2914 4450 3026 4488; x_wconf 89' lang='lat' dir='ltr'><strong>non</strong></span> <span class='ocrx_word' id='word_1_826' title='bbox 3061 4440 3149 4488; x_wconf 88' lang='lat' dir='ltr'><strong>est</strong></span> <span class='ocrx_word' id='word_1_827' title='bbox 3173 4433 3348 4490; x_wconf 85' lang='lat' dir='ltr'><strong>homo</strong></span> <span class='ocrx_word' id='word_1_828' title='bbox 3375 4433 3570 4499; x_wconf 88' lang='lat' dir='ltr'><strong>albus,</strong></span> <span class='ocrx_word' id='word_1_829' title='bbox 3592 4449 3702 4487; x_wconf 90' lang='lat' dir='ltr'><strong>non</strong></span> <span class='ocrx_word' id='word_1_830' title='bbox 3722 4445 3834 4485; x_wconf 88' lang='lat' dir='ltr'><strong>om-</strong></span> 
     </span>
    </p>
   </div>
   <div class='ocr_carea' id='block_1_105' title="bbox 2204 4514 3836 4592">
    <p class='ocr_par' dir='ltr' id='par_1_105' title="bbox 2204 4514 3836 4592">
     <span class='ocr_line' id='line_1_105' title="bbox 2204 4514 3836 4592; baseline -0.004 -19"><span class='ocrx_word' id='word_1_831' title='bbox 2204 4520 2342 4573; x_wconf 90' lang='lat' dir='ltr'><strong>nino</strong></span> <span class='ocrx_word' id='word_1_832' title='bbox 2376 4518 2448 4573; x_wconf 91' lang='lat' dir='ltr'><strong>de</strong></span> <span class='ocrx_word' id='word_1_833' title='bbox 2474 4523 2593 4573; x_wconf 87' lang='lat' dir='ltr'><strong>tota</strong></span> <span class='ocrx_word' id='word_1_834' title='bbox 2616 4520 3054 4575; x_wconf 84' lang='lat' dir='ltr'><strong>universalitate</strong></span> <span class='ocrx_word' id='word_1_835' title='bbox 3081 4531 3272 4592; x_wconf 83' lang='lat' dir='ltr'><strong>negat,</strong></span> <span class='ocrx_word' id='word_1_836' title='bbox 3292 4523 3397 4576; x_wconf 90' lang='lat' dir='ltr'><strong>sed</strong></span> <span class='ocrx_word' id='word_1_837' title='bbox 3423 4521 3474 4576; x_wconf 90' lang='lat' dir='ltr'><strong>ei</strong></span> <span class='ocrx_word' id='word_1_838' title='bbox 3489 4526 3712 4577; x_wconf 87' lang='lat' dir='ltr'><strong>tantum</strong></span> <span class='ocrx_word' id='word_1_839' title='bbox 3730 4514 3836 4571; x_wconf 78' lang='lat' dir='ltr'><strong>suf-</strong></span> 
     </span>
    </p>
   </div>
   <div class='ocr_carea' id='block_1_106' title="bbox 2209 4606 3841 4682">
    <p class='ocr_par' dir='ltr' id='par_1_106' title="bbox 2209 4606 3841 4682">
     <span class='ocr_line' id='line_1_106' title="bbox 2209 4606 3841 4682; baseline -0.004 -21"><span class='ocrx_word' id='word_1_840' title='bbox 2209 4607 2331 4661; x_wconf 82' lang='lat' dir='ltr'><strong>ﬁcit</strong></span> <span class='ocrx_word' id='word_1_841' title='bbox 2361 4607 2431 4662; x_wconf 91' lang='lat' dir='ltr'><strong>de</strong></span> <span class='ocrx_word' id='word_1_842' title='bbox 2463 4607 2919 4678; x_wconf 85' lang='lat' dir='ltr'><strong>particularitate</strong></span> <span class='ocrx_word' id='word_1_843' title='bbox 2952 4625 3215 4680; x_wconf 86' lang='lat' dir='ltr'><strong>negasse;</strong></span> <span class='ocrx_word' id='word_1_844' title='bbox 3250 4616 3431 4682; x_wconf 88' lang='lat' dir='ltr'><strong>atque</strong></span> <span class='ocrx_word' id='word_1_845' title='bbox 3461 4628 3531 4667; x_wconf 84' lang='lat' dir='ltr'><strong>ea</strong></span> <span class='ocrx_word' id='word_1_846' title='bbox 3587 4624 3708 4681; x_wconf 71' lang='lat' dir='ltr'><strong>qua:</strong></span> <span class='ocrx_word' id='word_1_847' title='bbox 3763 4606 3841 4659; x_wconf 81' lang='lat' dir='ltr'><strong>est</strong></span> 
     </span>
    </p>
   </div>
   <div class='ocr_carea' id='block_1_107' title="bbox 2208 4691 3838 4768">
    <p class='ocr_par' dir='ltr' id='par_1_107' title="bbox 2208 4691 3838 4768">
     <span class='ocr_line' id='line_1_107' title="bbox 2208 4691 3838 4768; baseline -0.004 -17"><span class='ocrx_word' id='word_1_848' title='bbox 2208 4696 2411 4751; x_wconf 91' lang='lat' dir='ltr'><strong>nullus</strong></span> <span class='ocrx_word' id='word_1_849' title='bbox 2444 4694 2618 4751; x_wconf 88' lang='lat' dir='ltr'><strong>homo</strong></span> <span class='ocrx_word' id='word_1_850' title='bbox 2650 4696 2818 4752; x_wconf 88' lang='lat' dir='ltr'><strong>albus</strong></span> <span class='ocrx_word' id='word_1_851' title='bbox 2848 4702 2960 4768; x_wconf 88' lang='lat' dir='ltr'><strong>est,</strong></span> <span class='ocrx_word' id='word_1_852' title='bbox 2993 4698 3043 4753; x_wconf 89' lang='lat' dir='ltr'><strong>si</strong></span> <span class='ocrx_word' id='word_1_853' title='bbox 3078 4715 3230 4753; x_wconf 92' lang='lat' dir='ltr'><strong>unus</strong></span> <span class='ocrx_word' id='word_1_854' title='bbox 3260 4698 3446 4755; x_wconf 87' lang='lat' dir='ltr'><strong>homo</strong></span> <span class='ocrx_word' id='word_1_855' title='bbox 3463 4699 3632 4754; x_wconf 86' lang='lat' dir='ltr'><strong>albus</strong></span> <span class='ocrx_word' id='word_1_856' title='bbox 3666 4691 3838 4755; x_wconf 87' lang='lat' dir='ltr'><strong>fuerit,</strong></span> 
     </span>
    </p>
   </div>
   <div class='ocr_carea' id='block_1_108' title="bbox 2210 4778 3842 4856">
    <p class='ocr_par' dir='ltr' id='par_1_108' title="bbox 2210 4778 3842 4856">
     <span class='ocr_line' id='line_1_108' title="bbox 2210 4778 3842 4856; baseline -0.004 -17"><span class='ocrx_word' id='word_1_857' title='bbox 2210 4784 2358 4840; x_wconf 79' lang='lat' dir='ltr'><strong>falsa</strong></span> <span class='ocrx_word' id='word_1_858' title='bbox 2390 4790 2498 4840; x_wconf 89' lang='lat' dir='ltr'><strong>est.</strong></span> <span class='ocrx_word' id='word_1_859' title='bbox 2532 4785 2612 4840; x_wconf 89' lang='lat' dir='ltr'><strong>Ea</strong></span> <span class='ocrx_word' id='word_1_860' title='bbox 2638 4802 2772 4841; x_wconf 90' lang='lat' dir='ltr'><strong>vero</strong></span> <span class='ocrx_word' id='word_1_861' title='bbox 2804 4802 2931 4856; x_wconf 79' lang='lat' dir='ltr'><strong>quas</strong></span> <span class='ocrx_word' id='word_1_862' title='bbox 2960 4786 3100 4841; x_wconf 88' lang='lat' dir='ltr'><strong>dicit</strong></span> <span class='ocrx_word' id='word_1_863' title='bbox 3131 4803 3249 4842; x_wconf 87' lang='lat' dir='ltr'><strong>non</strong></span> <span class='ocrx_word' id='word_1_864' title='bbox 3281 4793 3378 4844; x_wconf 85' lang='lat' dir='ltr'><strong>est</strong></span> <span class='ocrx_word' id='word_1_865' title='bbox 3410 4788 3585 4845; x_wconf 89' lang='lat' dir='ltr'><strong>homo</strong></span> <span class='ocrx_word' id='word_1_866' title='bbox 3616 4778 3842 4847; x_wconf 88' lang='lat' dir='ltr'><strong>albus,si</strong></span> 
     </span>
    </p>
   </div>
   <div class='ocr_carea' id='block_1_109' title="bbox 2208 4872 3841 4948">
    <p class='ocr_par' dir='ltr' id='par_1_109' title="bbox 2208 4872 3841 4948">
     <span class='ocr_line' id='line_1_109' title="bbox 2208 4872 3841 4948; baseline -0.002 -20"><span class='ocrx_word' id='word_1_867' title='bbox 2208 4890 2365 4929; x_wconf 91' lang='lat' dir='ltr'><strong>unus</strong></span> <span class='ocrx_word' id='word_1_868' title='bbox 2396 4872 2570 4929; x_wconf 92' lang='lat' dir='ltr'><strong>homo</strong></span> <span class='ocrx_word' id='word_1_869' title='bbox 2602 4875 2769 4930; x_wconf 86' lang='lat' dir='ltr'><strong>albus</strong></span> <span class='ocrx_word' id='word_1_870' title='bbox 2801 4892 2914 4930; x_wconf 90' lang='lat' dir='ltr'><strong>non</strong></span> <span class='ocrx_word' id='word_1_871' title='bbox 2952 4876 3145 4945; x_wconf 80' lang='lat' dir='ltr'><strong>fuerit,</strong></span> <span class='ocrx_word' id='word_1_872' title='bbox 3179 4893 3317 4933; x_wconf 84' lang='lat' dir='ltr'><strong>vera</strong></span> <span class='ocrx_word' id='word_1_873' title='bbox 3374 4882 3487 4944; x_wconf 88' lang='lat' dir='ltr'><strong>est;</strong></span> <span class='ocrx_word' id='word_1_874' title='bbox 3521 4891 3694 4948; x_wconf 84' lang='lat' dir='ltr'><strong>quare</strong></span> <span class='ocrx_word' id='word_1_875' title='bbox 3744 4885 3841 4925; x_wconf 89' lang='lat' dir='ltr'><strong>non</strong></span> 
     </span>
    </p>
   </div>
   <div class='ocr_carea' id='block_1_110' title="bbox 2210 4957 3843 5036">
    <p class='ocr_par' dir='ltr' id='par_1_110' title="bbox 2210 4957 3843 5036">
     <span class='ocr_line' id='line_1_110' title="bbox 2210 4957 3843 5036; baseline -0.005 -19"><span class='ocrx_word' id='word_1_876' title='bbox 2210 4962 2502 5033; x_wconf 82' lang='lat' dir='ltr'><strong>signiﬁcat</strong></span> <span class='ocrx_word' id='word_1_877' title='bbox 2532 4963 2707 5019; x_wconf 90' lang='lat' dir='ltr'><strong>idem.</strong></span> <span class='ocrx_word' id='word_1_878' title='bbox 2740 4964 2879 5019; x_wconf 91' lang='lat' dir='ltr'><strong>Dico</strong></span> <span class='ocrx_word' id='word_1_879' title='bbox 2912 4970 3101 5020; x_wconf 88' lang='lat' dir='ltr'><strong>autem</strong></span> <span class='ocrx_word' id='word_1_880' title='bbox 3138 4966 3421 5036; x_wconf 84' lang='lat' dir='ltr'><strong>quoniam</strong></span> <span class='ocrx_word' id='word_1_881' title='bbox 3463 4981 3569 5020; x_wconf 88' lang='lat' dir='ltr'><strong>nec</strong></span> <span class='ocrx_word' id='word_1_882' title='bbox 3626 4957 3843 5018; x_wconf 90' lang='lat' dir='ltr'><strong>omnino</strong></span> 
     </span>
    </p>
   </div>
   <div class='ocr_carea' id='block_1_111' title="bbox 2211 5049 3845 5125">
    <p class='ocr_par' dir='ltr' id='par_1_111' title="bbox 2211 5049 3845 5125">
     <span class='ocr_line' id='line_1_111' title="bbox 2211 5049 3845 5125; baseline -0.004 -18"><span class='ocrx_word' id='word_1_883' title='bbox 2211 5052 2678 5125; x_wconf 89' lang='lat' dir='ltr'><strong>quotiescunque</strong></span> <span class='ocrx_word' id='word_1_884' title='bbox 2701 5054 2921 5108; x_wconf 91' lang='lat' dir='ltr'><strong>dictum</strong></span> <span class='ocrx_word' id='word_1_885' title='bbox 2946 5053 3415 5123; x_wconf 82' lang='lat' dir='ltr'><strong>iueritquoniam</strong></span> <span class='ocrx_word' id='word_1_886' title='bbox 3445 5069 3558 5107; x_wconf 84' lang='lat' dir='ltr'><strong>non</strong></span> <span class='ocrx_word' id='word_1_887' title='bbox 3584 5056 3671 5107; x_wconf 90' lang='lat' dir='ltr'><strong>est</strong></span> <span class='ocrx_word' id='word_1_888' title='bbox 3691 5049 3845 5104; x_wconf 87' lang='lat' dir='ltr'><strong>homo</strong></span> 
     </span>
    </p>
   </div>
   <div class='ocr_carea' id='block_1_112' title="bbox 2212 5138 3843 5212">
    <p class='ocr_par' dir='ltr' id='par_1_112' title="bbox 2212 5138 3843 5212">
     <span class='ocr_line' id='line_1_112' title="bbox 2212 5138 3843 5212; baseline -0.007 -17"><span class='ocrx_word' id='word_1_889' title='bbox 2212 5140 2546 5205; x_wconf 83' lang='lat' dir='ltr'><strong>albus,mox</strong></span> <span class='ocrx_word' id='word_1_890' title='bbox 2560 5141 2852 5212; x_wconf 82' lang='lat' dir='ltr'><strong>significat</strong></span> <span class='ocrx_word' id='word_1_891' title='bbox 2867 5141 3143 5212; x_wconf 86' lang='lat' dir='ltr'><strong>quoniam</strong></span> <span class='ocrx_word' id='word_1_892' title='bbox 3159 5140 3362 5196; x_wconf 87' lang='lat' dir='ltr'><strong>nullus</strong></span> <span class='ocrx_word' id='word_1_893' title='bbox 3381 5147 3473 5197; x_wconf 85' lang='lat' dir='ltr'><strong>est</strong></span> <span class='ocrx_word' id='word_1_894' title='bbox 3486 5141 3656 5195; x_wconf 89' lang='lat' dir='ltr'><strong>homo</strong></span> <span class='ocrx_word' id='word_1_895' title='bbox 3672 5138 3843 5191; x_wconf 84' lang='lat' dir='ltr'><strong>albus.</strong></span> 
     </span>
    </p>
   </div>
   <div class='ocr_carea' id='block_1_113' title="bbox 2210 5225 3844 5296">
    <p class='ocr_par' dir='ltr' id='par_1_113' title="bbox 2210 5225 3844 5296">
     <span class='ocr_line' id='line_1_113' title="bbox 2210 5225 3844 5296; baseline -0.006 -11"><span class='ocrx_word' id='word_1_896' title='bbox 2210 5230 2357 5285; x_wconf 87' lang='lat' dir='ltr'><strong>Nam</strong></span> <span class='ocrx_word' id='word_1_897' title='bbox 2390 5244 2521 5284; x_wconf 90' lang='lat' dir='ltr'><strong>cum</strong></span> <span class='ocrx_word' id='word_1_898' title='bbox 2555 5229 2683 5284; x_wconf 92' lang='lat' dir='ltr'><strong>dico</strong></span> <span class='ocrx_word' id='word_1_899' title='bbox 2716 5229 2917 5285; x_wconf 92' lang='lat' dir='ltr'><strong>nullus</strong></span> <span class='ocrx_word' id='word_1_900' title='bbox 2954 5231 3124 5286; x_wconf 85' lang='lat' dir='ltr'><strong>homo</strong></span> <span class='ocrx_word' id='word_1_901' title='bbox 3157 5231 3327 5285; x_wconf 87' lang='lat' dir='ltr'><strong>albus</strong></span> <span class='ocrx_word' id='word_1_902' title='bbox 3364 5236 3477 5296; x_wconf 88' lang='lat' dir='ltr'><strong>est,</strong></span> <span class='ocrx_word' id='word_1_903' title='bbox 3514 5230 3633 5285; x_wconf 67' lang='lat' dir='ltr'><strong>haec</strong></span> <span class='ocrx_word' id='word_1_904' title='bbox 3663 5225 3844 5282; x_wconf 88' lang='lat' dir='ltr'><strong>eadem</strong></span> 
     </span>
    </p>
   </div>
   <div class='ocr_carea' id='block_1_114' title="bbox 2212 5310 3847 5389">
    <p class='ocr_par' dir='ltr' id='par_1_114' title="bbox 2212 5310 3847 5389">
     <span class='ocr_line' id='line_1_114' title="bbox 2212 5310 3847 5389; baseline -0.009 -15"><span class='ocrx_word' id='word_1_905' title='bbox 2212 5318 2506 5389; x_wconf 81' lang='lat' dir='ltr'><strong>signiﬁcat</strong></span> <span class='ocrx_word' id='word_1_906' title='bbox 2536 5319 2815 5389; x_wconf 89' lang='lat' dir='ltr'><strong>quoniam</strong></span> <span class='ocrx_word' id='word_1_907' title='bbox 2844 5335 2958 5375; x_wconf 90' lang='lat' dir='ltr'><strong>non</strong></span> <span class='ocrx_word' id='word_1_908' title='bbox 2991 5319 3267 5375; x_wconf 84' lang='lat' dir='ltr'><strong>esthomo</strong></span> <span class='ocrx_word' id='word_1_909' title='bbox 3291 5320 3492 5374; x_wconf 89' lang='lat' dir='ltr'><strong>albus.</strong></span> <span class='ocrx_word' id='word_1_910' title='bbox 3513 5310 3847 5374; x_wconf 87' lang='lat' dir='ltr'><strong>Universalis</strong></span> 
     </span>
    </p>
   </div>
   <div class='ocr_carea' id='block_1_115' title="bbox 2212 5398 3844 5464">
    <p class='ocr_par' dir='ltr' id='par_1_115' title="bbox 2212 5398 3844 5464">
     <span class='ocr_line' id='line_1_115' title="bbox 2212 5398 3844 5464; baseline -0.007 -1"><span class='ocrx_word' id='word_1_911' title='bbox 2212 5406 2369 5463; x_wconf 90' lang='lat' dir='ltr'><strong>enim</strong></span> <span class='ocrx_word' id='word_1_912' title='bbox 2402 5406 2555 5461; x_wconf 91' lang='lat' dir='ltr'><strong>intra</strong></span> <span class='ocrx_word' id='word_1_913' title='bbox 2583 5424 2646 5463; x_wconf 91' lang='lat' dir='ltr'><strong>se</strong></span> <span class='ocrx_word' id='word_1_914' title='bbox 2663 5407 3482 5464; x_wconf 82' lang='lat' dir='ltr'><strong>continetindeﬁnitam.Cum</strong></span> <span class='ocrx_word' id='word_1_915' title='bbox 3508 5414 3697 5463; x_wconf 88' lang='lat' dir='ltr'><strong>autem</strong></span> <span class='ocrx_word' id='word_1_916' title='bbox 3716 5398 3844 5456; x_wconf 88' lang='lat' dir='ltr'><strong>dici-</strong></span> 
     </span>
    </p>
   </div>
   <div class='ocr_carea' id='block_1_116' title="bbox 2213 5491 3848 5565">
    <p class='ocr_par' dir='ltr' id='par_1_116' title="bbox 2213 5491 3848 5565">
     <span class='ocr_line' id='line_1_116' title="bbox 2213 5491 3848 5565; baseline -0.003 -14"><span class='ocrx_word' id='word_1_917' title='bbox 2213 5513 2347 5551; x_wconf 91' lang='lat' dir='ltr'><strong>mus</strong></span> <span class='ocrx_word' id='word_1_918' title='bbox 2381 5512 2495 5550; x_wconf 91' lang='lat' dir='ltr'><strong>non</strong></span> <span class='ocrx_word' id='word_1_919' title='bbox 2528 5502 2617 5552; x_wconf 92' lang='lat' dir='ltr'><strong>est</strong></span> <span class='ocrx_word' id='word_1_920' title='bbox 2646 5497 2822 5553; x_wconf 91' lang='lat' dir='ltr'><strong>homo</strong></span> <span class='ocrx_word' id='word_1_921' title='bbox 2854 5498 3045 5565; x_wconf 86' lang='lat' dir='ltr'><strong>albus,</strong></span> <span class='ocrx_word' id='word_1_922' title='bbox 3102 5515 3217 5554; x_wconf 89' lang='lat' dir='ltr'><strong>non</strong></span> <span class='ocrx_word' id='word_1_923' title='bbox 3273 5498 3523 5553; x_wconf 91' lang='lat' dir='ltr'><strong>omnino</strong></span> <span class='ocrx_word' id='word_1_924' title='bbox 3573 5491 3848 5564; x_wconf 72' lang='lat' dir='ltr'><strong>signiﬁcat</strong></span> 
     </span>
    </p>
   </div>
   <div class='ocr_carea' id='block_1_117' title="bbox 2212 5582 3846 5658">
    <p class='ocr_par' dir='ltr' id='par_1_117' title="bbox 2212 5582 3846 5658">
     <span class='ocr_line' id='line_1_117' title="bbox 2212 5582 3846 5658; baseline -0.005 -17"><span class='ocrx_word' id='word_1_925' title='bbox 2212 5585 2492 5658; x_wconf 88' lang='lat' dir='ltr'><strong>quoniam</strong></span> <span class='ocrx_word' id='word_1_926' title='bbox 2512 5585 2712 5642; x_wconf 89' lang='lat' dir='ltr'><strong>nullus</strong></span> <span class='ocrx_word' id='word_1_927' title='bbox 2734 5587 2909 5645; x_wconf 91' lang='lat' dir='ltr'><strong>homo</strong></span> <span class='ocrx_word' id='word_1_928' title='bbox 2932 5589 3104 5644; x_wconf 86' lang='lat' dir='ltr'><strong>albus</strong></span> <span class='ocrx_word' id='word_1_929' title='bbox 3123 5586 3557 5656; x_wconf 83' lang='lat' dir='ltr'><strong>est,indeﬁnita</strong></span> <span class='ocrx_word' id='word_1_930' title='bbox 3573 5582 3721 5641; x_wconf 89' lang='lat' dir='ltr'><strong>enim</strong></span> <span class='ocrx_word' id='word_1_931' title='bbox 3746 5592 3846 5634; x_wconf 85' lang='lat' dir='ltr'><strong>non</strong></span> 
     </span>
    </p>
   </div>
  </div>
