4106 6172
312 343 427 397 489

1074 350 1150 401 IN
1189 349 1462 403 LIBRUM
1503 349 1594 401 DE
1630 345 2310 402 INTERPRETATIONE
2346 348 2591 401 EDITIO
2628 348 2984 402 SECUNDA.

3631 349 3738 403 490

313 470 689 526 necessitatis
709 472 1011 542 recedunt,
1027 474 1611 543 etqumdamtantum
1627 474 1968 543 contingeu-
2003 486 2048 550 Α
2087 470 2354 541 praesenti
2375 470 2681 525 deﬁnitum
2707 477 2763 525 et
2783 473 3173 526 constitutum
3195 471 3723 542 habenteventum;

315 561 404 615 tia
426 560 783 631 signiﬁcant.
810 560 919 616 Sed
946 562 1067 616 haec
1090 569 1188 615 aut
1210 562 1514 632 aequaliter
1530 579 1591 617 se
1613 563 1683 616 ad
1709 562 1970 615 afﬁrma—

313 649 542 704 tionem
578 649 1071 720 negationemque
1097 651 1370 705 habentia
1391 655 1551 720 sunt,
1575 651 1758 704 autad
1786 666 1967 703 unum

313 739 627 809 vergentia
648 740 1034 810 frequentius.
1051 739 1373 810 [Equaliter
1391 740 1629 810 quidem
1647 756 1708 794 se
1730 739 1970 804 habent,

313 841 388 891 ut
412 836 461 891 si
486 836 622 907 quis
639 837 797 891 dicat
822 854 913 891 me
933 836 1106 891 hodie
1130 854 1259 893 esse
1290 839 1629 904 lavandum,
1680 838 1848 893 hodie
1881 852 1973 891 me

314 942 437 981 non
453 942 581 980 esse
600 925 807 980 lavand
819 942 930 980 um.
948 925 1105 980 Nihil
1123 928 1277 981 enim
1296 927 1382 982 vel
1400 927 1635 997 negatio
1653 926 1839 995 magis
1883 925 1969 981 vel

311 1014 770 1080 afﬁrmatioﬁet,
823 1020 1081 1085 utraeque
1112 1016 1266 1069 enim
1301 1015 1602 1086 aequaliter
1632 1014 1970 1070 necessariae

310 1120 435 1157 non
490 1108 647 1157 sunt.
695 1102 812 1157 Illae
861 1119 995 1158 vero
1055 1119 1180 1173 quae
1213 1105 1342 1173 plus
1373 1104 1443 1157 ad
1476 1104 1717 1158 alteram
1749 1108 1968 1173 partem

311 1201 565 1263 vergunt
588 1191 927 1261 hujusmodi
947 1197 1182 1260 sunt,ut
1199 1191 1245 1245 si
1270 1192 1402 1262 quis
1424 1192 1578 1247 dicat
1600 1191 1894 1247 hominem
1912 1191 1971 1245 in

309 1295 621 1346 senectute
640 1306 972 1355 canescere,
996 1290 1297 1344 hominem
1321 1290 1376 1344 in
1399 1296 1697 1345 senectute
1736 1307 1849 1345 non
1876 1306 1973 1344 ca-

310 1396 580 1449 nescere,
605 1380 669 1433 ﬁt
696 1381 934 1451 quidem
951 1378 1317 1450 frequentius
1339 1384 1399 1433 ut
1424 1384 1713 1447 canescat,
1742 1397 1856 1433 non
1880 1384 1970 1433 ta-

312 1486 455 1524 men
478 1468 866 1523 interclusum
890 1473 999 1532 est,
1025 1480 1222 1523 utnon
1248 1473 1537 1523 canescat.
1569 1468 1972 1523 Przedicativa-

308 1576 382 1613 ru
398 1575 453 1613 m
476 1564 673 1612 autem
698 1556 1168 1629 propositionum
1193 1562 1404 1611 natura
1425 1573 1492 1612 ex
1515 1573 1708 1611 rerum
1734 1558 1973 1611 veritate

306 1654 371 1702 et
393 1646 645 1701 falsitate
663 1646 1233 1717 colligitur.Quemad
1246 1647 1375 1701 mod
1388 1664 1472 1701 urn
1492 1663 1582 1701 res
1596 1662 1723 1701 esse
1736 1646 1968 1712 habent,

307 1737 401 1791 ita
424 1752 551 1791 sese
575 1735 1005 1807 propositiones
1030 1736 1484 1805 habebunt,quaa
1500 1753 1590 1791 res
1614 1735 1969 1807 signiﬁcant.

310 1835 466 1889 Nam
488 1834 537 1889 si
565 1835 621 1888 in
646 1850 709 1889 se
733 1851 825 1889 res
866 1833 1048 1889 ullam
1085 1835 1337 1890 retinent
1377 1834 1806 1902 necessitatem,
1841 1850 1963 1905 pro-

309 1924 647 1995 positiones
664 1939 901 1995 quoquc
925 1925 1267 1978 necessariae
1290 1930 1448 1994 sunt,
1468 1926 1559 1979 sin
1583 1940 1715 1978 vero
1738 1928 1964 1978 tantum

304 2015 510 2069 inesse
537 2014 898 2083 signiﬁcent,
934 2018 995 2067 ut
1026 2014 1074 2068 si
1108 2013 1241 2084 quis
1273 2013 1450 2079 dicat,
1486 2013 1661 2068 homo
1683 2014 1970 2078 ambulat,

302 2102 538 2158 homini
584 2101 1047 2157 ambulationem
1094 2102 1291 2156 inesse
1346 2102 1711 2167 monstravit,
1765 2107 1975 2172 prater

303 2200 572 2271 aliquam
589 2199 995 2255 necessitatem
1012 2204 1343 2270 sunt,tantu
1356 2216 1408 2253 m
1429 2199 1623 2255 inesse
1639 2199 1976 2271 signiﬁcan-

306 2296 409 2344 tes
442 2289 601 2344 omni
622 2305 813 2343 vacuae
840 2289 1207 2343 necessitate.
1225 2290 1390 2353 Quod
1410 2289 1561 2344 sires
1579 2289 1976 2360 impossibiles

308 2383 484 2444 sunt,
520 2378 954 2449 propositiones
985 2394 1109 2447 qua:
1140 2376 1274 2431 illas
1299 2393 1389 2432 res
1413 2378 1841 2443 demonstrant,
1866 2378 1975 2433 im-

312 2467 633 2539 possibiles
668 2466 1092 2533 nominantur;
1123 2467 1213 2520 sin
1248 2483 1379 2521 vero
1431 2484 1522 2521 res
1569 2472 1978 2539 contingenter

308 2576 384 2613 su
400 2562 465 2612 nt
486 2556 782 2612 venientes
799 2562 977 2627 atque
999 2557 1441 2627 abeuntes,qus:
1462 2557 1594 2613 illas
1618 2558 1975 2629 prodit,con-

310 2648 561 2718 tingens
582 2646 898 2717 propositio
917 2646 1602 2717 nuncupatur.Quoniam
1616 2652 1811 2702 autem
1834 2653 1977 2703 tem-

311 2752 535 2809 porum
563 2734 679 2790 alia
710 2739 851 2790 sunt
884 2736 1098 2803 futura,
1150 2734 1262 2790 alia
1307 2736 1632 2806 praesentia,
1684 2736 1799 2790 alia
1842 2753 1974 2791 vero

316 2836 647 2908 praeterita,
679 2851 771 2890 res
820 2850 1056 2906 quoque
1105 2834 1381 2903 subjectae
1434 2834 1822 2905 temporibus,
1882 2834 1974 2890 his

317 2940 563 2996 quoque
592 2929 927 2996 temporum
962 2922 1402 2979 diversitatibus
1431 2924 1605 2979 varia:
1639 2930 1799 2980 sunt.
1835 2923 1973 2978 Aliae

316 3015 483 3069 enim
521 3013 825 3083 praesentis
875 3011 1155 3082 temporis
1209 3016 1367 3077 sunt,
1414 3012 1543 3068 alia:
1592 3013 1796 3079 futuri,
1848 3011 1973 3066 aliae

318 3101 624 3173 praeteriti.
654 3101 867 3155 Eodem
893 3116 1126 3171 quoque
1151 3101 1323 3155 modo
1366 3101 1795 3173 pr0positiones
1828 3100 1973 3157 alias

317 3191 603 3261 praeteriti
636 3189 921 3262 temporis
952 3189 1307 3261 signiﬁcatio
1351 3195 1527 3258 tenet,
1568 3197 1633 3246 ut
1653 3207 1785 3246 cum
1819 3192 1969 3257 dico,

313 3281 500 3335 Graeci
519 3279 750 3349 Trojam
766 3283 1020 3335 evertere
1043 3278 1201 3348 ;aliaa
1225 3279 1554 3351 praesentis,
1577 3285 1642 3334 ut
1659 3296 1792 3334 cum
1818 3280 1966 3349 dico,

316 3379 677 3434 Francorum
700 3377 1140 3450 Gothorumque
1165 3395 1361 3450 pugna
1385 3378 1811 3445 committitur;
1845 3378 1969 3433 alia

316 3468 534 3532 futuri,
557 3471 645 3535 ut,
670 3466 855 3523 Persii.I
875 3472 932 3522 et
952 3467 1131 3523 αι·ωοί
1154 3467 1308 3523 bello
1322 3467 1587 3523 morituri
1613 3473 1769 3523 sunt.
1806 3467 1870 3522 Et
1900 3468 1970 3522 de

317 3556 634 3628 praeteritis
658 3556 893 3627 quidem
918 3563 971 3611 et
1001 3557 1070 3612 de
1093 3556 1573 3628 praesentibus,ut
1596 3557 1840 3627 resipaae
1860 3562 1970 3611 sta-

314 3645 471 3699 biles
494 3649 637 3699 sunt
655 3650 710 3700 et
733 3644 1101 3710 deﬁnitamic
1126 3650 1182 3699 et
1200 3645 1797 3716 propositiones.Nam
1820 3645 1970 3714 quod

317 3736 546 3790 factum
573 3740 683 3799 est,
707 3751 823 3789 non
855 3740 940 3789 est
959 3752 1070 3790 non
1095 3735 1338 3799 factum,
1364 3740 1420 3790 et
1440 3737 1594 3806 quod
1618 3740 1843 3790 estnon
1884 3737 1971 3789 fa—

322 3827 421 3876 ctu
434 3823 782 3890 m,nondum
804 3824 1016 3877 factum
1033 3828 1141 3877 est.
1161 3822 1375 3878 Idcirco
1398 3825 1466 3879 de
1485 3840 1551 3879 eo
1574 3825 1728 3895 quod
1754 3824 1970 3879 factum

319 3917 437 3978 est,
463 3928 661 3968 verum
683 3918 772 3967 est
792 3912 983 3969 dicere
1005 3912 1265 3980 deﬁnite,
1293 3913 1571 3984 quoniam
1598 3914 1812 3968 factum
1862 3919 1970 3983 est,

318 4015 375 4065 et
396 4009 613 4064 falsum
637 4015 727 4064 est
744 4010 1243 4082 dicere,quoniam
1270 4010 1479 4065 factum
1496 4028 1608 4065 non
1630 4012 1973 4067 est.Rursus

316 4100 395 4155 de
417 4115 484 4153 eo
507 4098 664 4169 quod
694 4100 910 4154 factum
936 4116 1049 4154 non
1072 4104 1181 4167 est,
1226 4116 1424 4154 verum
1467 4106 1557 4154 est
1595 4100 1807 4165 dicere,
1838 4117 1975 4171 quo-

317 4189 482 4244 niam
521 4190 735 4244 factum
768 4206 885 4244 non
913 4194 1021 4256 est,
1054 4189 1267 4244 falsum
1301 4194 1408 4253 est,
1442 4189 1721 4261 quoniam
1756 4190 1974 4244 factum

318 4293 435 4343 est.
461 4288 528 4341 Et
550 4288 620 4342 de
643 4286 914 4360 presenti
942 4303 1171 4359 quoque
1187 4289 1335 4357 quod
1363 4287 1447 4353 ﬁt,
1474 4288 1777 4343 deﬁnitam
1802 4287 1979 4341 habet

323 4383 601 4433 naturam
635 4377 693 4431 in
726 4394 792 4432 eo
816 4378 971 4449 quod
997 4376 1083 4443 ﬁt,
1108 4377 1411 4432 deﬁnitam
1436 4394 1671 4449 quoque
1695 4378 1751 4431 in
1779 4392 1979 4448 propo-

324 4466 647 4522 sitionibus
680 4466 984 4521 veritatem
1019 4466 1449 4537 falsitatemque
1480 4466 1691 4522 habere
1744 4482 1981 4521 necesse

323 4570 439 4620 est.
476 4563 621 4620 Nam
655 4566 809 4635 quod
846 4564 910 4619 ﬁt
938 4564 1176 4619 deﬁnite
1211 4581 1410 4620 verum
1435 4569 1524 4618 est
1564 4564 1775 4634 dicere,
1834 4581 1979 4635 quo-

322 4655 485 4710 niam
523 4653 607 4721 ﬁt,
643 4652 855 4708 falsum
890 4653 1168 4724 quoniam
1201 4671 1314 4708 non
1341 4654 1422 4707 ﬁt.
1452 4654 1615 4718 Quod
1643 4669 1755 4707 non
1782 4653 1866 4718 ﬁt,
1891 4669 1982 4707 ve—

322 4758 461 4798 rum
486 4746 578 4797 est
599 4741 791 4797 dicere
811 4759 927 4797 non
946 4741 1091 4807 ﬁeri,
1112 4741 1323 4797 falsum
1346 4747 1539 4796 autem
1568 4740 1732 4809 ﬁeri.
1771 4742 1845 4796 De
1875 4742 1983 4795 de-

324 4831 599 4888 ﬁnitione
622 4847 759 4903 ergo
784 4831 1255 4903 propositionum
1279 4830 1555 4901 praeteriti
1589 4830 1679 4884 vel
1733 4847 1988 4901 praesen-

324 4919 761 4990 tis,suprajam
787 4918 1002 4973 dictum
1017 4923 1125 4973 est.
1150 4918 1316 4973 Nunc
1339 4935 1471 4973 vero
1499 4918 1571 4973 ad
1589 4917 1826 4972 illarum
1855 4931 1990 4987 pro-

329 5006 698 5079 positionum
729 5006 1031 5062 veritatem
1083 5006 1519 5077 falsitatemque
1568 5004 1990 5077 disputationis

330 5097 605 5153 ordinem
623 5096 926 5166 convertit,
948 5112 1076 5167 quaa
1102 5096 1162 5150 in
1183 5096 1377 5150 futuro
1396 5095 1694 5162 dicuntur,
1747 5108 1993 5165 quaeque

328 5191 477 5242 sunt
508 5185 933 5256 contingentia.
968 5185 1126 5241 Solet
1149 5188 1346 5239 autem
1382 5186 1580 5239 futura
1607 5198 1833 5252 vocare,
1866 5198 1992 5253 qua

329 5277 546 5331 eadem
580 5275 983 5346 contingentia
1013 5274 1204 5329 dicere
1254 5272 1575 5329 consuevit.
1635 5271 1996 5343 Contingens

330 5378 534 5430 autem
549 5373 769 5428 secund
782 5389 877 5427 um
898 5372 1333 5428 Aristotelicum
1351 5371 1701 5427 sententiam
1716 5375 1807 5425 est
1822 5369 1998 5439 quod-

336 5479 577 5533 cunque
602 5468 704 5516 aut
726 5479 897 5516 casus
928 5463 1060 5531 fert,
1086 5468 1189 5516 aut
1210 5478 1278 5515 ex
1300 5461 1483 5516 libero
1510 5458 1826 5529 cujuslibet
1846 5458 1993 5513 arbi-

333 5552 455 5607 trio
473 5559 529 5608 et
553 5551 785 5623 propria
809 5551 1108 5606 voluntate
1128 5551 1307 5618 venit,
1333 5556 1434 5605 aut
1470 5549 1747 5604 facilitate
1780 5552 1914 5602 natu
1927 5564 1998 5601 ras

333 5642 399 5697 in
426 5648 740 5714 utramque
765 5644 987 5712 partem
1014 5640 1200 5696 redire
1222 5639 1507 5711 possibile
1529 5643 1709 5706 est,ut
1730 5638 1834 5692 ﬁat
1851 5635 2003 5693 scili-

336 5734 456 5795 cet,
479 5735 538 5787 et
569 5747 688 5787 non
724 5732 845 5787 ﬁat.
869 5734 1000 5786 Hinc
1032 5745 1168 5802 ergo
1201 5729 1259 5785 in
1305 5728 1600 5802 praeterito
1650 5727 1886 5800 quidem
1948 5731 2006 5783 et

664 5849 933 5912 PATROL.
980 5847 1193 5910 LXIV.

2081 576 2212 631 quae
2240 560 2395 614 enim
2418 564 2757 627 evenerunt,
2785 577 2898 615 non
2918 577 2948 615 e
2994 562 3181 616 suisse
3203 578 3318 616 non
3373 569 3641 634 possunt,
3677 570 3735 619 et

2083 665 2207 718 qua:
2234 665 2388 702 nunc
2412 649 2562 704 ﬁunt
2584 655 2646 703 ut
2672 666 2824 704 nunc
2854 665 2964 705 non
3010 650 3174 715 ﬁant,
3210 667 3341 704 cum
3388 651 3555 720 ﬁunt,
3608 652 3731 707 ﬁeri

2085 754 2196 791 non
2232 742 2442 809 potest.
2478 742 2539 791 In
2576 738 2667 792 bis
2700 743 2902 793 autem
2955 755 3081 809 quae
3132 738 3188 792 in
3237 741 3430 793 futuro
3485 746 3643 807 sunt,
3677 748 3735 796 et

2083 825 2483 897 contingentia
2509 832 2668 893 sunt,
2702 832 2759 880 et
2789 826 2912 880 ﬁeri
2970 830 3159 896 potest
3207 826 3449 896 aliquid,
3501 834 3558 882 et
3616 846 3731 884 non

2087 914 2346 968 ﬁeri.Sed
2375 916 2653 985 quoniam
2679 921 2797 969 tres
2822 916 3026 970 modos
3056 933 3235 985 supra
3260 918 3568 986 posuimus
3587 934 3728 972 con-

2085 1002 2461 1073 tingentis,de
2483 1004 2699 1074 quibus
2724 1003 2932 1059 melius
2956 1004 3014 1057 in
3042 1003 3301 1075 physicis
3327 1006 3729 1074 tractavimus,

2084 1092 2447 1162 singulorum
2504 1092 2831 1146 subdamus
2879 1092 3164 1162 exempla.
3211 1092 3267 1145 Si
3316 1093 3588 1148 hesterno
3640 1095 3734 1149 die

2081 1196 2356 1250 egressus
2378 1180 2551 1235 domo
2574 1181 2767 1235 inveni
2791 1182 3250 1251 amicum,quem
3268 1180 3323 1234 in
3341 1181 3537 1237 animo
3554 1181 3729 1237 babe-

2085 1269 2217 1323 bam
2245 1285 2539 1339 quaerere:
2568 1276 2901 1325 nontamen
2934 1276 3072 1323 tunc
3119 1270 3473 1339 quaerebam,
3514 1277 3576 1326 ut
3619 1289 3736 1327 non

2086 1356 2405 1409 invenirem
2436 1373 2607 1426 quem
2646 1356 2841 1411 inveni
2881 1362 3199 1428 antequam
3234 1357 3556 1412 invenirem
3612 1360 3736 1413 ﬁeri

2086 1454 2334 1515 poterat.
2363 1448 2503 1499 Cum
2529 1451 2725 1500 autem
2751 1446 2967 1509 inveni,
2991 1445 3083 1500 vel
3110 1451 3423 1516 postquam
3450 1448 3742 1511 inveni,ut

2084 1552 2198 1590 non
2226 1536 2583 1591 invenissem
2630 1535 2751 1591 ﬁeri
2794 1553 2907 1592 non
2948 1541 3191 1605 poterat.
3235 1540 3464 1592 Rursus
3511 1538 3558 1591 si
3614 1539 3738 1610 ipse

2085 1630 2311 1694 sponte,
2337 1625 2631 1695 praeterita
2654 1631 2819 1680 nocte
2848 1626 3141 1694 profectus
3164 1642 3295 1679 sum
3318 1625 3375 1678 in
3399 1642 3736 1696 agrum,an-

2083 1717 2320 1784 tequam
2337 1714 2444 1768 hoc
2469 1716 2651 1779 ﬁeret,
2676 1720 2865 1769 utnon
2893 1715 3296 1785 proﬁciscerer
3320 1715 3441 1769 ﬁeri
3492 1722 3735 1785 poterat.

2085 1806 2399 1872 Postquam
2427 1803 2719 1873 profectus
2744 1820 2902 1870 sum,
2926 1802 3011 1857 vel
3032 1819 3164 1857 cum
3188 1804 3480 1872 profectus
3500 1821 3655 1870 sum,
3673 1811 3736 1860 ut

2086 1890 2141 1944 id
2167 1907 2281 1944 non
2309 1891 2469 1945 ﬁeret
2492 1892 2644 1961 quod
2674 1892 2868 1953 ﬁebat,
2890 1897 2990 1946 aut
3013 1908 3127 1946 non
3155 1892 3373 1946 factum
3401 1900 3556 1947 esset
3578 1895 3731 1964 quod

2083 1983 2207 2033 erat
2238 1980 2480 2044 factum,
2514 1980 2635 2035 ﬁeri
2667 1997 2779 2035 non
2812 1980 3063 2036 Valebat.
3096 1980 3387 2052 Amplius,
3447 1982 3731 2053 possibile

2082 2073 2169 2122 est
2200 2068 2388 2122 scindi
2414 2069 2563 2123 hanc
2594 2085 2772 2140 quam
2804 2069 3019 2124 vestior
3050 2070 3310 2124 tunicam
3338 2069 3418 2138 ;si
3451 2071 3725 2127 hesterno

2085 2156 2178 2211 die
2199 2157 2381 2212 scissa
2408 2163 2659 2225 est,cum
2685 2158 3193 2224 scindebatur,aut
3215 2164 3525 2229 postquam
3550 2161 3737 2217 scissa

2085 2250 2196 2310 est,
2233 2251 2295 2300 ut
2328 2263 2443 2301 non
2476 2246 2845 2301 scinderetur
2876 2252 2975 2300 aut
3009 2263 3120 2301 non
3156 2252 3310 2301 esset
3349 2249 3552 2315 scissa,
3613 2251 3736 2305 ﬁeri

2086 2335 2389 2406 nequibat.
2412 2337 2559 2390 Ante
2575 2352 2707 2392 vero
2730 2352 2907 2405 quam
2933 2335 3318 2403 scinderetur,
3352 2337 3475 2391 ﬁeri
3516 2344 3741 2409 poterat

2086 2429 2148 2478 ut
2172 2441 2287 2478 non
2311 2425 2696 2481 scinderetur.
2722 2424 3104 2495 Perspicuum
3125 2441 3261 2496 ergo
3284 2429 3371 2480 est
3394 2426 3451 2479 in
3481 2444 3737 2496 praesen-

2084 2512 2242 2568 tibus
2275 2518 2450 2585 atque
2485 2513 2792 2584 praeteritis
2814 2514 3153 2568 earumdem
3191 2531 3381 2570 rerum
3414 2532 3541 2586 quae
3599 2522 3739 2573 sunt

2085 2605 2494 2674 contingentes
2524 2603 2835 2658 deﬁnitum
2869 2602 3381 2675 constitutumque
3411 2621 3540 2661 esse
3564 2622 3728 2661 even-

2083 2699 2227 2749 tum.
2256 2695 2318 2748 In
2345 2695 2558 2749 futuris
2580 2700 2776 2749 autem
2799 2712 2977 2749 unum
3002 2694 3303 2764 quodlibet
3330 2696 3581 2751 duorum
3608 2698 3734 2753 ﬁeri

2086 2798 2278 2853 posse,
2306 2799 2487 2837 unum
2512 2799 2642 2837 vero
2666 2782 2971 2836 deﬁnitum
2998 2798 3111 2836 non
3159 2798 3307 2847 esse,
3341 2785 3441 2837 sed
3478 2784 3534 2838 in
3570 2790 3731 2839 utra-

2085 2887 2198 2941 que
2232 2878 2387 2941 parte
2420 2887 2676 2941 vergere,
2708 2879 2761 2925 et
2801 2876 2902 2925 aut
2931 2871 3040 2925 hoc
3071 2870 3308 2940 quidem
3342 2878 3445 2926 aut
3488 2872 3629 2927 illud
3664 2891 3732 2929 ex

2086 2960 2435 3014 necessitate
2452 2959 2702 3014 evenire.
2723 2958 2793 3014 Ut
2810 2966 3006 3013 autem
3025 2958 3131 3013 hoc
3151 2959 3453 3030 quodlibet
3470 2960 3729 3031 deﬁnite,

2084 3050 2173 3104 vel
2224 3049 2525 3120 quodlibet
2567 3048 2725 3104 aliud
2776 3049 3016 3103 deﬁnite
3067 3048 3191 3102 ﬁeri
3233 3066 3347 3104 non
3381 3067 3572 3121 posse,
3605 3069 3730 3123 quae

2082 3138 2239 3192 enim
2266 3137 2664 3210 contingentia
2677 3154 2741 3192 su
2754 3137 2903 3205 nt,in
2920 3142 3169 3207 utraque
3186 3143 3346 3207 parte
3359 3140 3728 3212 contingunt.

2085 3228 2247 3291 Quod
2299 3231 2491 3282 autem
2534 3228 2685 3295 dico,
2737 3226 2849 3280 tale
2901 3229 3030 3281 est:
3067 3226 3408 3296 Egrediente
3441 3245 3531 3283 me
3562 3229 3734 3285 hodie

2079 3318 2254 3373 domo
2269 3318 2525 3373 amicum
2544 3316 2803 3372 invenire
2828 3321 2929 3371 aut
2951 3333 3065 3371 non
3087 3316 3345 3371 invenire
3366 3334 3604 3374 necesse
3619 3325 3727 3375 est.

2079 3409 2141 3462 In
2186 3407 2462 3460 omnibus
2494 3406 2648 3461 cnim
2682 3410 2783 3459 aut
2814 3404 3129 3459 afﬁrmatio
3162 3411 3272 3475 est,
3330 3411 3430 3460 aut
3472 3409 3726 3479 negatio,

2078 3496 2181 3551 sed
2205 3495 2468 3550 invenire
2485 3494 2612 3550 sine
2635 3494 2813 3548 dubio
2836 3494 3093 3561 deﬁnite,
3121 3500 3223 3549 aut
3240 3500 3393 3549 certe
3411 3494 3460 3549 si
3487 3496 3589 3551 hoc
3611 3515 3722 3553 non

2079 3590 2187 3652 est,
2227 3601 2431 3639 rursus
2472 3583 2710 3639 deﬁnite
2752 3599 2865 3637 non
2907 3583 3165 3637 invenire
3190 3600 3302 3637 non
3348 3589 3437 3639 est
3466 3602 3719 3653 necesse,

2081 3673 2577 3744 quemadmodum
2604 3671 2872 3726 hesterno
2895 3672 3047 3741 die,q
3060 3688 3130 3726 uo
3153 3672 3406 3726 amicum
3422 3674 3722 3743 egrediens

2082 3765 2256 3817 domo
2289 3761 2503 3827 inveni,
2537 3760 2841 3816 deﬁnitum
2874 3765 2999 3815 est:
3035 3761 3340 3815 deﬁnitum
3383 3766 3473 3817 est
3502 3772 3716 3832 autem,

2083 3852 2236 3923 quod
2258 3866 2373 3905 non
2394 3854 2483 3904 est
2503 3866 2702 3904 verum
2733 3864 2823 3902 me
2849 3864 2965 3902 non
2988 3847 3305 3905 invenisse.
3348 3850 3473 3904 Non
3518 3853 3722 3906 eodem

2085 3942 2256 3996 modo
2288 3942 2347 3995 in
2380 3939 2473 3994 his
2505 3955 2633 4009 quae
2664 3942 2804 3993 sunt
2834 3937 3235 4008 contingentia
3266 3943 3322 3992 et
3355 3940 3570 4009 futura,
3622 3941 3723 3995 sed

2083 4037 2310 4086 tantum
2329 4029 2556 4084 authoc
2579 4029 2839 4098 quidem,
2866 4026 3127 4082 autillud
3152 4031 3259 4094 est,
3283 4034 3339 4082 et
3364 4029 3469 4083 hoc
3510 4045 3579 4084 ex
3631 4048 3729 4085 ne-

2086 4120 2376 4175 cessitate.
2410 4118 2573 4181 Quod
2607 4120 2800 4171 autem
2855 4133 2972 4170 una
3020 4132 3109 4170 res
3144 4114 3230 4169 vel
3279 4116 3525 4187 quilibet
3580 4135 3736 4174 unus

2086 4214 2326 4266 eventus
2345 4208 2623 4262 deﬁnitus
2651 4206 2899 4277 etquasi
2934 4210 3131 4260 certus
3166 4205 3261 4272 sit,
3297 4205 3423 4261 ﬁeri
3470 4224 3584 4261 non
3636 4226 3737 4280 po-

2088 4303 2218 4354 test.
2250 4298 2316 4352 Et
2338 4297 2394 4350 in
2423 4296 2529 4351 hac
2555 4313 2616 4350 re
2648 4292 2974 4349 dissimiles
2998 4298 3136 4347 sunt
3163 4294 3590 4365 propositiones
3610 4313 3741 4353 con-

2090 4385 2445 4458 tingentium
2466 4390 2520 4439 et
2542 4382 2995 4451 futurorum,his
3014 4399 3139 4453 quae
3154 4384 3737 4455 suntpraateritorum

2092 4476 2175 4532 vel
2202 4474 2596 4546 praesentium.
2621 4470 2765 4527 Nam
2790 4487 2922 4525 cum
2948 4470 3171 4526 similes
3187 4472 3304 4527 sint
3326 4472 3383 4527 in
3407 4490 3472 4529 eo
3496 4477 3648 4546 quod
3678 4476 3735 4529 in

2014 4585 2060 4651 Ι)
2092 4566 2185 4620 his
2209 4571 2309 4619 aut
2331 4561 2640 4617 atﬁrmatio
2664 4565 2891 4626 est,eut
2911 4560 3167 4633 negatio,
3188 4560 3339 4617 sicut
3361 4563 3539 4618 etiam
3563 4564 3623 4617 in
3647 4563 3741 4619 his

2094 4672 2224 4728 quae
2256 4656 2395 4708 sunt
2425 4650 2720 4722 praeterita
2742 4649 2831 4703 vel
2882 4651 3213 4720 praesentia,
3249 4650 3308 4705 in
3360 4652 3459 4707 illo
3504 4652 3743 4708 diversas

2096 4748 2253 4811 sunt,
2276 4743 2428 4813 quod
2456 4741 2511 4794 in
2540 4740 2628 4794 bis
2651 4739 2909 4810 quidem,
2933 4739 2990 4793 id
3034 4746 3122 4795 est
3164 4741 3475 4811 praeteritis
3523 4747 3578 4797 et
3607 4760 3747 4814 prae-

2096 4833 2364 4889 sentibus
2381 4846 2576 4885 rerum
2604 4827 2881 4884 deﬁnitus
2900 4834 3138 4883 eventus
3159 4834 3268 4893 est,
3289 4829 3347 4884 in
3374 4830 3430 4884 fu
3442 4830 3592 4886 turis
3612 4848 3749 4887 vero

2099 4928 2155 4979 et
2176 4920 2655 4992 contingentibus
2679 4917 3022 4972 indeﬁnitus
3045 4922 3135 4972 est
3157 4922 3213 4972 et
3234 4918 3522 4988 incertus;
3547 4920 3752 4976 viden-

2100 5019 2194 5069 tur
2224 5017 2420 5066 tamen
2453 5008 2719 5080 quaedam
2756 5007 3067 5077 praesentia
3096 5006 3182 5062 vel
3217 5009 3505 5077 praeterita
3526 5010 3755 5066 incerta

2101 5106 2160 5158 et
2182 5097 2618 5166 indeﬁnita,sed
2643 5095 2832 5150 solum
2859 5095 3028 5151 nobis
3052 5095 3483 5165 ignorantibus,
3510 5114 3622 5154 non
3647 5117 3751 5157 na—

2101 5195 2268 5245 turae.
2301 5191 2447 5242 Nam
2478 5184 2617 5240 licet
2646 5184 2986 5256 ignoremus
3018 5201 3123 5239 nos
3156 5190 3354 5240 utrum
3389 5191 3547 5241 astra
3587 5188 3753 5259 paria

2105 5279 2225 5335 sint
2256 5293 2326 5331 an
2360 5272 2631 5345 imparia,
2666 5289 2848 5327 unum
2879 5278 3076 5327 tamen
3109 5273 3414 5344 quodlibet
3435 5275 3672 5330 deﬁnite
3695 5277 3752 5329 in

2108 5373 2320 5423 natura
2350 5363 2651 5420 stellarum
2676 5379 2806 5417 esse
2839 5362 3216 5417 manifestum
3249 5366 3360 5431 est,
3382 5371 3439 5418 et
3462 5363 3567 5418 hoc
3589 5364 3756 5419 nobis

2109 5457 2343 5528 quidem
2378 5456 2711 5525 ignoratum
2764 5455 2851 5506 est
2902 5457 3125 5507 natura:
3175 5468 3306 5507 vero
3356 5452 3755 5508 notissimum.

2109 5546 2219 5603 Sed
2256 5562 2371 5600 non
2403 5543 2503 5607 ita,
2528 5541 2700 5595 hodie
2735 5557 2825 5595 me
2856 5542 3118 5595 visurum
3155 5557 3283 5595 esse
3340 5543 3614 5605 amicum,
3661 5548 3757 5594 aut

2112 5652 2227 5692 non
2259 5633 2544 5689 visurum.
2577 5630 2756 5685 Nobis
2788 5630 3026 5700 quidem
3061 5629 3201 5700 quid
3227 5630 3454 5685 eveniat
3487 5629 3756 5698 ignotum

2112 5730 2221 5795 est,
2256 5729 2459 5780 notum
2488 5738 2622 5777 vero
2654 5723 2873 5775 naturae
2906 5736 3021 5775 non
3054 5717 3208 5775 enim
3243 5718 3353 5774 hoc
3386 5716 3754 5787 naturaliter,

3355 5837 3431 5894 16
