4090 6184
429 407 531 461 491

438 530 544 588 sed
564 542 705 582 casu
728 518 1134 581 evenit.Quare
1151 502 1495 580 hujusmodi
1520 491 1947 571 propositiones
1969 497 2080 537 non
2114 479 2165 549 Α

434 619 608 676 modo
633 615 704 669 ad
725 617 1013 673 nostram,
1032 602 1133 659 sed
1147 600 1217 655 ad
1242 600 1463 653 naturis
1482 589 1668 661 ipsius
1701 578 1965 639 notitiam
1987 588 2076 631 se-

434 709 696 767 cundum
722 704 1008 757 incertum
1032 696 1303 749 eventum
1327 690 1385 740 et
1404 678 1838 738 inconstantem
1871 665 2083 722 verita-

439 805 554 855 tem
582 800 756 865 atque
775 785 1147 845 mendacium
1172 774 1615 835 derivabuntur.
1639 763 1800 820 Talis
1824 758 1979 815 enim
1998 756 2088 809 est

1783 857 1791 865 -
1950 864 1974 865 η
1992 843 2058 865 Αἴξ

442 843 554 855 νυ...
583 843 753 865 ..-πη
776 843 856 845 ,

434 880 832 956 contingentis
856 882 1084 942 natura,
1103 876 1169 926 ut
1204 866 1291 922 vel
1315 865 1375 919 in
1400 868 1651 930 utraque
1671 857 1836 926 parte
1855 843 2089 917 aequali-

1600 946 1612 956 .
1793 941 1807 956 ,
1899 955 1906 956 ί
2001 931 2085 956 M,

434 931 829 956 VV”"'"KD""’w
1074 931 1084 942 1

432 984 520 1034 ter
543 990 671 1030 sese
702 970 933 1035 habeat,
968 968 1033 1018 ut
1069 958 1243 1015 hodie
1293 970 1385 1009 me
1429 965 1559 1005 esse
1600 941 1942 1001 lavandum,
2001 931 2090 988 vel

431 1065 606 1122 hodie
630 1078 721 1116 me
746 1075 860 1114 non
886 1070 1014 1109 esse
1031 1048 1370 1111 lavandum,
1393 1040 1482 1095 vel
1506 1038 1568 1092 in
1591 1050 1709 1091 una
1732 1024 2091 1103 plus,minus

434 1157 492 1211 in
528 1153 727 1214 altera,
761 1151 826 1202 ut
856 1142 1159 1200 hominem
1198 1146 1505 1191 canescere
1545 1122 1970 1181 senescentem,
2006 1113 2089 1167 vel

436 1242 738 1300 hominem
773 1251 889 1291 non
921 1243 1226 1287 canescere
1247 1219 1738 1278 insenescentem.
1764 1207 1914 1263 Illud
1936 1202 2092 1259 enim

443 1291 694 1406 ;ii'i‘ii,
729 1324 872 1380 illud
910 1320 1128 1375 minus.
1158 1315 1266 1370 Sed
1301 1308 1449 1364 nihil
1482 1301 1772 1377 prohibet,
1822 1296 1877 1351 id
1937 1291 2092 1363 quod

445 1382 637 1477 ;ari‘us
670 1382 754 1482 fit,
780 1419 978 1469 tamen
1011 1406 1156 1469 ﬁeri,
1193 1404 1262 1458 de
1296 1400 1387 1455 his
1408 1412 1544 1467 ergo
1566 1385 1936 1448 Aristotelica
1956 1382 2094 1437 sub-

444 1510 633 1567 tilitas
656 1473 1033 1575 disputatum
1056 1495 1314 1567 primum
1336 1506 1369 1544 a
1389 1480 1795 1556 singularibus
1815 1473 2099 1529 inchoans

446 1600 518 1656 ad
546 1591 903 1652 universalia
925 1583 1199 1642 tractatui
1225 1582 1379 1635 viam
1403 1572 1626 1647 pandit.
1656 1566 1893 1624 Duobus
1941 1560 2097 1617 enim

446 1687 639 1744 modis
663 1676 1159 1738 contradictiones
1187 1670 1424 1732 fiebant,
1450 1661 1632 1719 autin
1673 1651 2099 1725 singularibus,

453 1782 555 1832 aut
574 1775 632 1828 in
661 1766 1093 1826 universalibus
1113 1754 1519 1816 universaliter
1537 1744 1865 1822 praedicatis
1905 1746 1961 1795 et
2009 1739 2102 1805 his

457 1860 765 1936 oppositis.
792 1854 1123 1925 Ingreditur
1144 1852 1339 1904 autem
1360 1840 1542 1903 exhis
1564 1836 1754 1892 tribus
1776 1849 1903 1903 qua:
1926 1842 2105 1899 supra

459 1914 602 1936 ττι-ψ
626 1914 661 1915 η
861 1914 891 1925 υ

459 1955 615 2009 dicta
646 1952 878 2005 suntex
907 1959 1069 2006 casu,
1104 1955 1173 1994 ex
1203 1936 1382 1990 libero
1416 1926 1678 1991 arbitrio,
1713 1940 1781 1978 ex
1813 1914 2111 1991 possibili-

459 2048 599 2109 tate,
636 2055 762 2110 quai
795 2033 994 2090 omnia
1027 2046 1141 2083 uno
1190 2024 1428 2080 nomine
1479 2013 1825 2073 utrumlibet
1863 2006 2111 2071 vocavit,

465 2134 694 2202 ﬁngens
720 2124 946 2181 scilicet
974 2134 1184 2175 nomen
1217 2114 1288 2168 ad
1316 2112 1444 2177 hoc,
1480 2104 1636 2178 quod
1670 2118 1783 2157 non
1836 2097 2011 2153 unius
2058 2097 2116 2148 et

463 2185 599 2279 certi
625 2222 869 2274 eventus
900 2214 1013 2268 ista
1034 2210 1171 2277 sint,
1195 2205 1295 2261 sed
1340 2197 1697 2258 utriuslibet,
1746 2197 1804 2246 et
1824 2185 2115 2259 quomodo

467 2307 762 2379 contingit
784 2321 850 2359 ea
873 2302 1019 2367 fieri,
1045 2298 1130 2352 vel
1152 2312 1264 2350 non
1296 2291 1413 2346 fieri
1443 2288 1586 2356 ;hoc
1612 2288 1802 2339 autem
1828 2283 2117 2332 monstra-

467 2401 653 2455 tivum
677 2368 776 2451 cst
808 2396 1030 2448 natura;
1055 2382 1372 2447 instabilis,
1392 2384 1447 2433 et
1469 2376 1540 2431 ad
1569 2378 1875 2439 utramque
1895 2368 2119 2438 partem

472 2489 600 2547 sine
630 2485 813 2541 ullius
844 2481 925 2536 rei
958 2473 1355 2533 obluctatione
1384 2462 1703 2537 vergentis.
1750 2459 1873 2512 Non
1924 2458 2120 2509 autem

473 2584 698 2652 oportet
729 2572 1001 2630 arbitrari
1035 2567 1134 2622 illa
1172 2580 1300 2620 esse
1333 2556 1678 2615 utrumlibet
1708 2556 1765 2605 et
1783 2546 2124 2615 contingen-

475 2670 625 2726 tium
660 2668 901 2728 naturae,
935 2668 1303 2731 quaecunque
1335 2647 1503 2705 nobis
1530 2644 1730 2715 ignota
1755 2633 2127 2700 sunt.Neque

474 2758 630 2814 enim
656 2753 705 2809 si
725 2750 892 2807 nobis
915 2749 1181 2820 ignotum
1207 2746 1297 2796 est
1318 2756 1347 2793 a
1372 2734 1564 2791 Persis
1580 2732 1651 2785 ad
1672 2729 1897 2784 Graecos
1914 2722 2128 2776 missos

475 2848 726 2919 legatos,
752 2841 967 2898 idcirco
990 2837 1205 2891 missos
1227 2846 1355 2887 esse
1378 2823 1586 2881 incerti
1606 2822 1849 2876 eventus
1870 2817 1980 2869 est.
2015 2810 2129 2865 Nec

1418 2915 1429 2919 -
1509 2914 1528 2919 -
1599 2911 1609 2919 -
1812 2907 1826 2919 ι
1908 2903 1917 2913 ο
2042 2900 2097 2919 ,-

481 2900 607 2919 war
649 2900 659 2901 κ
710 2900 726 2914 ι

481 2938 530 2993 si
555 2933 769 2991 lethale
792 2930 1023 3001 signum
1048 2925 1104 2979 in
1129 2915 1467 2993 aegrotantis
1506 2911 1649 2967 facie
1700 2903 2001 2962 medecina
2032 2900 2129 2954 de-

483 3023 887 3099 prehendit,ut
910 3016 1069 3073 aliud
1093 3028 1222 3068 esse
1244 3025 1359 3064 non
1383 2998 1692 3077 possitnisi
1712 2996 1806 3051 ille
1822 2991 2130 3056 moriatur,

483 3079 578 3099 τη
803 3079 812 3087 ,

482 3115 654 3172 nobis
678 3116 874 3168 autem
900 3108 1155 3176 ignotum
1174 3100 1267 3166 sit,
1300 3104 1533 3169 propter
1571 3087 1714 3144 artis
1748 3079 2133 3154 imperitiam,

483 3205 705 3259 idcirco
739 3199 907 3254 illum
940 3209 1163 3266 aegrum
1197 3204 1326 3244 esse
1356 3183 1731 3245 moriturum,
1777 3168 2134 3230 utrumlibet,

483 3299 541 3349 et
564 3286 959 3357 contingentis
980 3286 1200 3337 natura:
1224 3292 1352 3332 esse
1369 3268 1753 3344 judicantlum
1779 3267 1888 3328 est,
1913 3258 2011 3314 sed
2038 3254 2139 3309 illa

486 3381 613 3438 sola
645 3378 785 3432 talia
812 3375 933 3429 sine
965 3370 1141 3426 dubio
1174 3382 1302 3422 esse
1330 3360 1591 3435 putanda
1609 3358 2142 3423 sunt,quaecunque

489 3469 710 3526 idcirco
740 3463 909 3520 nobis
942 3462 1142 3532 ignota
1163 3458 1321 3521 sunt,
1347 3450 1501 3521 quod
1526 3463 1626 3518 per
1646 3440 1941 3515 propriam
1965 3439 2141 3489 natu-

490 3577 617 3617 ram
641 3555 875 3629 qualem
897 3550 1153 3605 habeant
1175 3547 1472 3607 eventum,
1500 3534 1637 3591 sciri
1682 3546 1794 3586 non
1849 3524 2095 3596 possunt
2126 3534 2140 3575 :

492 3648 734 3711 idcirco,
770 3639 1044 3715 quoniam
1080 3632 1318 3706 propria
1365 3622 1747 3681 instabilitale
1798 3621 2018 3671 naturas
2071 3610 2141 3665 ad

500 3707 749 3808 utraque
766 3707 1109 3801 verguntur,
1136 3722 1191 3776 id
1209 3728 1315 3785 est,
1340 3718 1411 3772 ad
1437 3707 1846 3770 afﬁrmationis
1865 3709 1922 3760 et
1967 3718 2143 3772 nega-

497 3826 679 3883 tionis
703 3824 971 3877 eventum
1006 3811 1241 3887 propria
1281 3802 1664 3861 instabilitate
1713 3802 1887 3865 atque
1908 3793 2143 3846 incons-

495 3878 684 3971 tentia
728 3878 1155 3983 permutantur.
1187 3900 1291 3953 Est
1328 3898 1524 3950 autem
1564 3888 1719 3942 inter
1764 3878 2143 3954 philosophos

494 3998 817 4073 disputatio
841 3998 911 4051 de
935 4008 1127 4049 rerum
1154 4004 1281 4060 quae
1305 3984 1452 4039 fiunt
1473 3976 1695 4045 causis,
1718 3970 2142 4028 necessitatene

492 4092 687 4149 omnia
710 4090 872 4156 ﬁant,
898 4103 971 4140 an
991 4080 1257 4153 quaedam
1283 4089 1446 4137 casu,
1487 4073 1543 4125 et
1577 4068 1634 4122 in
1676 4065 1783 4118 hoc
1831 4056 2143 4131 epicureis,

491 4189 548 4239 et
566 4179 790 4246 stoicis,
815 4180 873 4231 et
916 4164 1309 4245 peripateticis
1354 4157 1570 4216 nostris
1614 4166 1827 4222 magna
1855 4144 2145 4203 contentio

492 4276 852 4342 est,quorum
877 4260 1179 4335 paulisper
1195 4250 1520 4311 sententias
1537 4243 1898 4314 explicemus.
1912 4235 2147 4304 Peripa-

493 4358 652 4415 tetici
667 4357 1105 4423 enim,quorum
1119 4339 1462 4401 Aristoteles
1478 4334 1747 4408 princeps
1761 4330 1933 4396 est,et
1947 4339 2083 4379 casu
2096 4336 2148 4374 in

496 4453 555 4504 et
579 4444 745 4501 liberi
771 4432 1337 4505 arbitriumjudicii,
1360 4435 1417 4483 et
1438 4422 1849 4481 necessitatem
1882 4415 1939 4469 in
1973 4412 2149 4466 rebus

495 4553 619 4609 quae
636 4535 1049 4602 sunt,quaeque
1064 4526 1321 4595 aguntur
1335 4533 1465 4573 cum
1483 4508 1830 4586 gravissima
1843 4499 2151 4560 auctorita-

498 4586 615 4609 1'"
637 4586 661 4590 "
678 4586 745 4589 ﬁ”
784 4586 795 4599 ι
822 4586 837 4602 ι
952 4586 972 4598 ι
1101 4586 1134 4595 υ

494 4629 705 4695 te,tum
721 4616 1095 4692 apertissima
1112 4611 1333 4667 ratione
1349 4600 2004 4663 conﬁrmant.Etcasum
2024 4586 2151 4660 qui-

653 4678 784 4766 esse
808 4708 865 4762 in
889 4702 1156 4776 Physicis
1170 4698 1420 4772 probant
1442 4690 1669 4765 quoties
1694 4682 1916 4755 aliquid
1934 4678 2145 4751 agitur,

498 4807 557 4858 et
576 4818 691 4857 non
707 4800 765 4854 id
789 4774 1001 4861 evenit,
1022 4794 1257 4865 propter
1276 4784 1431 4858 quod
1450 4782 1551 4836 illa
1574 4795 1663 4834 res
1686 4779 1773 4831 est
1795 4774 1983 4843 empta
2023 4783 2150 4839 quae

499 4891 803 4963 agebatur,
828 4887 886 4941 id
912 4883 1064 4956 quod
1089 4878 1302 4943 evenit,
1346 4892 1414 4930 ex
1453 4887 1592 4927 casu
1644 4863 1907 4921 evenisse
1938 4863 2151 4930 putan-

504 4982 637 5035 dum
661 4982 768 5045 est,
792 4981 850 5031 et
891 4988 1065 5029 casus
1109 4968 1343 5041 quidem
1382 4978 1495 5017 non
1534 4958 1660 5012 sine
1700 4951 1899 5020 aliqua
1929 4945 2155 5001 actione

499 5071 586 5126 fit.
611 5033 849 5132 Quoties
871 5068 1067 5119 autem
1090 5033 1251 5114 aliud
1292 5051 1570 5123 quiddam
1611 5041 1800 5099 evenit
1850 5053 1949 5109 per
1973 5033 2152 5089 actio~

498 5176 633 5215 nem
658 5174 785 5229 qua:
811 5152 1036 5225 geritur
1059 5162 1237 5219 quam
1263 5132 1707 5215 speratur,il1ud
1732 5127 1995 5184 evenisse
2013 5138 2153 5179 casu

496 5244 882 5322 peripatetica
918 5240 1121 5312 probat
1154 5230 1491 5290 auctoritas.
1517 5226 1576 5281 Si
1600 5221 1732 5295 quis
1754 5217 1911 5274 enim
1938 5219 2151 5268 terram

1582 5314 1590 5322 ‘
1699 5310 1707 5322 '
1722 5314 1731 5322 ‘
1949 5321 1962 5322 γ
1980 5320 1996 5322 ᾉ
2028 5301 2083 5322 LL
2102 5317 2122 5322 Α

502 5301 732 5393 i‘odiens
745 5333 831 5388 vel
852 5301 1118 5385 scrobem
1140 5322 1455 5378 demittens
1471 5314 1593 5386 agri
1618 5310 1815 5366 cultus
1830 5320 2005 5361 causa
2027 5301 2153 5356 the-

504 5440 749 5481 saurum
783 5418 1054 5490 reperiat,
1099 5429 1236 5469 casu
1262 5409 1360 5465 ille
1382 5407 1699 5461 thesaurus
1739 5399 2011 5452 inventus
2042 5394 2156 5459 est,

504 5531 619 5569 non
657 5512 783 5567 sine
807 5509 1004 5578 aliqua
1035 5502 1275 5575 quidem
1324 5496 1579 5563 actione,
1627 5496 1785 5545 terra
1814 5484 1968 5540 enim
2002 5481 2159 5535 fossa

512 5607 622 5671 est,
657 5616 793 5657 cum
820 5572 1132 5654 thesaurus
1164 5594 1253 5646 est
1275 5588 1573 5642 inventus.
1605 5580 1714 5635 Sed
1752 5592 1868 5632 non
1901 5572 2001 5627 illa
2034 5572 2160 5624 erat

504 5656 737 5763 agentis
782 5686 1028 5745 intentio
1053 5688 1115 5740 ut
1134 5680 1449 5737 thesaurus
1482 5671 1859 5731 inveniretur.
1884 5664 2033 5733 Ergo
2056 5656 2161 5713 ali-

1702 370 1823 425 AN.
1866 359 2089 419 MANL.
2128 351 2284 419 ERV.
2326 345 2562 415 ῌΟΕΤΙΙ

3691 318 3780 372 492

2199 472 2337 544 quid
2364 465 2559 540 agenti
2582 460 2804 531 homini
2837 460 3073 539 propter
3100 449 3257 517 aliud
3282 450 3467 502 tamen
3492 442 3666 515 agenti
3710 459 3789 497 res

2193 562 2424 617 divorsa
2446 538 2877 621 successitlloc
2896 546 3076 618 igitur
3100 558 3167 597 ex
3191 553 3329 593 casu
3352 533 3564 591 evenire
3583 532 3790 598 dicitur,

2195 651 2589 724 quodcunque
2616 660 2714 714 per
2736 640 2993 710 aliquam
3021 630 3304 693 actionem
3338 623 3540 687 evenit,
3560 638 3659 687 non
3686 637 3796 691 pro-

2197 711 2326 813 pter
2344 712 2470 803 eam
2494 711 3050 804 rem—emptamguae
3074 716 3295 790 aliquid
3322 711 3504 784 agenti
3526 725 3796 765 successe-

2200 832 2292 885 rit.
2316 829 2384 895 Εἰ
2404 828 2513 892 hoc
2535 822 2773 894 quidem
2798 819 2855 871 in
2882 816 3005 886 ipsa
3030 824 3225 866 rerum
3252 812 3457 860 natura
3482 805 3585 867 est,
3619 804 3678 853 ut
3709 816 3805 852 non

2201 919 2306 983 hoc
2328 933 2395 970 ex
2414 918 2613 979 nostra
2644 908 2940 971 constaret
2979 895 3330 973 ignorantia.
3365 897 3427 946 ut
3465 905 3573 944 non
3615 888 3805 940 idcirco

2203 1005 2468 1078 quaedam
2494 1016 2622 1067 esse
2645 1014 2784 1057 casu
2828 992 3192 1061 viderentur,
3245 981 3399 1057 quod
3441 977 3603 1033 nobis
3639 976 3815 1047 ignota

2203 1091 2527 1162 essent,sed
2564 1087 2758 1159 potius
2788 1082 3006 1138 idcirco
3030 1096 3063 1132 a
3096 1072 3262 1130 nobis
3294 1063 3807 1139 ignorentur,quod

2208 1185 2325 1239 haec
2348 1182 2405 1236 in
2431 1185 2642 1239 natura
2664 1184 3028 1247 quaecunque
3051 1181 3191 1221 casu
3218 1157 3612 1228 ﬁunt,nullain
3636 1170 3815 1208 neces-

2206 1272 2394 1328 sitatis
2417 1266 2832 1332 constantiam,
2866 1266 2966 1314 aut
3000 1250 3374 1330 providentiae
3409 1245 3637 1300 modum
3681 1248 3818 1295 tene-

2207 1366 2357 1427 rent.
2388 1355 2571 1423 Stoici
2604 1356 2742 1407 dum
2778 1346 2976 1405 omnia
3008 1343 3249 1417 quidem
3284 1354 3353 1391 ex
3384 1333 3721 1389 necessitate
3772 1332 3822 1382 et

2209 1419 2537 1507 secundum
2573 1438 3000 1513 providentiam
3036 1432 3159 1487 ﬁeri
3210 1429 3441 1501 putant,
3492 1424 3545 1476 id
3593 1419 3733 1491 quod
3772 1433 3830 1471 ex

2210 1557 2347 1595 casu
2381 1539 2464 1607 ﬁt,
2500 1551 2615 1589 non
2648 1529 2974 1586 secundum
3020 1521 3209 1594 ipsius
3262 1519 3511 1572 fortunae
3559 1517 3828 1575 naturam,

2212 1631 2307 1684 sed
2345 1624 2673 1682 secundum
2711 1623 2970 1679 nostram
3006 1605 3397 1683 ignorantiam
3434 1596 3832 1659 metiuntur,id

2213 1718 2368 1773 enim
2405 1730 2543 1769 casu
2579 1710 2702 1765 ﬁeri
2740 1709 2969 1781 putant,
3006 1700 3157 1773 quod
3210 1712 3341 1752 cum
3396 1688 3728 1745 necessitate
3750 1685 3834 1751 sit,

2213 1812 2409 1861 tamen
2443 1804 2513 1857 ab
2538 1780 2880 1855 hominibus
2904 1794 3223 1865 ignoretur.
3251 1784 3320 1838 Et
3343 1784 3415 1837 de
3433 1780 3613 1835 libero
3636 1789 3843 1848 quoque

2219 1893 2460 1950 arbitrio
2484 1890 2683 1945 eadem
2708 1885 2877 1941 nobis
2899 1863 3047 1953 pene
3069 1878 3306 1945 illisque
3333 1863 3844 1927 contentiocst.Nos

2222 1985 2379 2040 enim
2401 1982 2651 2037 liberum
2678 1974 2988 2043 arbitrium
3017 1960 3492 2040 ponimus,nullo
3510 1956 3849 2013 extrinsecus

2225 2077 2467 2145 cogente
2487 2070 2541 2123 in
2566 2068 2622 2121 id
2648 2065 2801 2136 quod
2832 2062 2998 2117 nobis
3026 2055 3382 2117 faciendum,
3406 2047 3491 2104 vel
3519 2063 3631 2103 non
3659 2043 3854 2098 facien-

2228 2128 2368 2218 dixiin
2397 2128 2810 2230 judicantibus
2844 2143 3470 2220 perpendentibusque
3500 2137 3772 2197 videatur,
3796 2128 3856 2183 ad

2229 2266 2405 2322 quam
2423 2264 2542 2303 rem
2561 2244 2911 2315 praesumpta
2933 2237 3091 2309 prius
3105 2231 3464 2303 cogitatione
3481 2220 3861 2297 perficiendam

2232 2313 2288 2395 et
2313 2313 2598 2409 agendam
2618 2334 2909 2393 venimus,
2927 2316 3057 2381 utet
3076 2325 3129 2377 id
3149 2320 3300 2392 quod
3322 2318 3419 2386 fit;
3440 2333 3511 2372 ex
3536 2313 3701 2369 nobis
3729 2315 3781 2364 et
3806 2322 3865 2361 ex

2232 2424 2678 2497 nostrojudicio
2711 2418 3063 2491 principium
3097 2416 3316 2477 sumat,
3342 2406 3508 2462 nullo
3528 2402 3865 2459 extrinsecus

2235 2523 2336 2574 aut
2367 2490 2649 2571 violenter
2706 2490 2968 2580 cogente,
3012 2508 3113 2559 aut
3164 2499 3458 2555 violenter
3512 2490 3863 2564 impediente.

2237 2606 2412 2662 Stoici
2437 2609 2628 2659 autem
2650 2598 2849 2655 omnia
2870 2589 3329 2651 necessitatibus
3356 2589 3591 2645 dantes,
3619 2590 3872 2635 converso

2239 2696 2491 2768 quodam
2519 2687 2985 2747 ordineliberum
3011 2678 3336 2737 voluntatis
3361 2672 3676 2731 arbitrium
3700 2668 3878 2722 custo-

2240 2788 2364 2842 dire
2383 2786 2684 2839 conantur.
2709 2777 2921 2831 Dicunt
2941 2771 3098 2827 enim
3120 2766 3478 2823 naturaliter
3498 2761 3732 2832 quidem
3768 2753 3880 2808 ani-

2242 2891 2396 2932 mam
2414 2872 2622 2927 habere
2644 2864 2961 2938 quamdam
2976 2853 3447 2920 voluntatem,ad
3467 2865 3644 2923 quam
3674 2842 3881 2917 propria

2243 2970 2450 3020 natura
2480 2936 2680 3031 ipsius
2695 2951 3011 3009 voluntatis
3042 2945 3391 3017 impellitur.
3429 2943 3502 2997 Et
3533 2936 3756 2995 sicutin
3778 2948 3886 2987 cor-

2247 3044 2846 3126 poribusinanimatis
2884 3039 3147 3110 quaedam
3184 3031 3553 3090 naturaliter
3578 3023 3770 3099 gravia
3814 3022 3883 3073 fe-

2248 3147 2459 3199 runtur
2480 3138 2549 3193 ad
2570 3130 2962 3200 terram,levia
2979 3140 3212 3182 sursum
3236 3118 3682 3177 meant.Ethazc
3699 3117 3889 3168 natura

2252 3232 2374 3287 fieri
2398 3228 2596 3283 nullus
2616 3197 2864 3287 dubitat,
2894 3220 2970 3272 ita
2990 3230 3223 3287 quoque
3266 3212 3331 3264 in
3386 3206 3734 3264 hominibus
3763 3204 3811 3253 et
3842 3197 3890 3249 in

2252 3318 2476 3376 cateris
2508 3310 2864 3369 animalibus
2894 3304 3255 3363 voluntatem
3291 3298 3546 3369 quidem
3598 3287 3895 3348 naturalem

2254 3425 2381 3465 esse
2411 3403 2724 3469 cunctis,et
2740 3394 3025 3470 quidquid
3057 3394 3119 3447 fit
3147 3408 3180 3457 a
3214 3390 3420 3454 nobis,
3454 3383 3783 3442 secundum
3808 3390 3899 3427 vo-

2254 3498 2537 3553 luntatem
2558 3460 2685 3562 quis
2701 3460 2989 3543 naturalis
3004 3480 3173 3536 nobis
3192 3482 3307 3544 est,
3338 3478 3563 3548 putant
3608 3469 3750 3537 fieri,
3775 3460 3899 3521 illud

2254 3592 2447 3641 tamen
2480 3553 2725 3647 addunt,
2752 3575 2908 3647 quod
2943 3588 3009 3627 ea
3040 3568 3318 3625 volumus
3354 3582 3491 3636 quae
3546 3553 3904 3634 providentia:

2253 3675 2416 3729 illius
2436 3660 3179 3735 necessitasimperavit,ut
3212 3656 3293 3711 sit
3329 3655 3585 3727 quidem
3634 3645 3795 3706 nobis
3823 3657 3907 3696 vo-

2254 3764 2450 3818 luntas
2463 3772 2743 3815 concessa
2754 3732 3250 3811 naturaliter,etid
3268 3744 3439 3815 quod
3460 3740 3716 3797 facimus
3731 3732 3912 3788 volun-

2253 3858 2370 3908 tate
2386 3849 2821 3914 iaciamus,quaa
2839 3839 3066 3897 scilicet
3081 3836 3138 3890 in
3159 3833 3339 3890 nobis
3356 3836 3477 3899 est,
3514 3830 3709 3902 ipsam
3730 3829 3911 3879 tamen

2253 3911 2613 3997 voluntatem
2629 3911 2785 3988 illius
2804 3925 3180 4001 providentia:
3196 3922 3543 3978 necessitas
3559 3911 3913 3980 constringit,

2255 4033 2335 4087 ita
2354 4029 2477 4084 ﬁeri
2501 4025 2739 4098 quidem
2758 4019 2954 4077 omnia
2970 4035 3038 4073 ex
3054 4013 3441 4078 necessitate,
3460 4009 3623 4081 quod
3662 4003 3915 4060 voluntas

2254 4122 2383 4192 ipsa
2400 4122 2537 4174 natu
2549 4113 2686 4170 ralis
2701 4109 3112 4169 necessitatem
3130 4099 3591 4173 sequatur,ﬁeri
3613 4098 3789 4152 etiam
3808 4100 3920 4159 qua:

2256 4211 2506 4266 facimus
2526 4223 2595 4261 ex
2640 4203 2831 4265 nobis,
2865 4197 3017 4269 quod
3051 4197 3178 4265 ipsa
3208 4192 3502 4251 voluntas
3534 4205 3608 4245 ex
3651 4182 3816 4241 nobis
3844 4176 3923 4231 est

2256 4305 2314 4355 et
2338 4296 2661 4354 secundum
2681 4288 2957 4348 animalis
2978 4290 3273 4347 naturam.
3301 4281 3432 4336 Nos
3459 4284 3665 4345 autem
3690 4273 3921 4333 liberum

2256 4385 2575 4447 voluntatis
2607 4381 2922 4438 arbitrium
2955 4392 3069 4435 non
3104 4373 3161 4427 id
3193 4371 3474 4426 dicimus
3505 4365 3666 4439 quod
3692 4360 3921 4434 quisque

2256 4473 2650 4545 voluerit,sed
2672 4469 2826 4541 quod
2859 4466 3107 4536 quisque
3135 4460 3370 4532 judicio
3403 4462 3466 4525 et
3505 4449 3928 4521 examinatione

2186 4571 2229 4651 ι)
2264 4533 2581 4636 collegerit.
2603 4533 2828 4651 Ali-equi
2848 4533 3033 4625 multa
3052 4564 3288 4627 quoque
3308 4544 3615 4611 animalia
3647 4533 3931 4605 habebunt

2260 4628 2508 4713 liberum
2540 4645 2861 4709 voluntatis
2908 4640 3241 4698 arbitrium.
3279 4635 3399 4692 111a
3448 4634 3621 4699 enim
3684 4628 3933 4693 videmus

2258 4748 2471 4818 sponte
2488 4739 2751 4813 quendam
2771 4735 3053 4803 refugere,
3070 4727 3451 4801 quibusdam
3468 4725 3695 4796 sponte
3712 4726 3936 4772 concur-

3227 4817 3232 4818 κ
3381 4813 3420 4818 --
3516 4810 3531 4818 -
3797 4806 3805 4818 .
3873 4796 3904 4818 ιε

2263 4796 2604 4895 ξ’ἔιῖθῖοιλοά
2639 4824 2687 4893 si
2718 4823 2865 4879 velle
2897 4796 3121 4891 aliquid
3151 4817 3235 4870 vel
3287 4813 3467 4869 nolle
3516 4810 3638 4868 hoc
3698 4806 3845 4862 recte
3873 4796 3937 4852 1i-

2264 4925 2387 4982 beri
2433 4917 2657 4977 arbitrii
2700 4890 3354 4973 vocabuloiteneretur,
3426 4920 3553 4967 non
3618 4898 3812 4954 solum
3843 4890 3938 4944 hoc

2265 5023 2411 5072 esset
2446 5007 2773 5073 hominum,
2794 5002 2895 5058 sed
2920 5003 3261 5055 ceterorum
3285 5008 3550 5064 quoque
3582 4981 3939 5048 animalium.

2266 5104 2482 5177 quibus
2513 5098 2663 5152 hanc
2695 5066 2862 5149 liberi
2893 5086 3120 5145 arbitrii
3154 5086 3532 5157 potestatem
3568 5081 3780 5147 abesse
3826 5066 3943 5139 quis

2267 5158 2534 5252 nesciat:
2584 5186 2685 5243 sed
2740 5184 2830 5238 est
2867 5179 3117 5234 liberum
3179 5172 3547 5239 arbitrium,
3616 5163 3777 5241 quod
3832 5158 3947 5229 ipsa

2267 5297 2498 5355 quoque
2540 5271 2828 5339 vocabula
2871 5268 3148 5341 produnt,
3189 5262 3468 5317 liberum
3526 5259 3707 5317 nobis
3765 5253 3833 5308 de
3862 5262 3947 5303 vo-

2267 5374 2493 5429 luntate
2516 5364 2831 5437 judicium.
2885 5357 3371 5422 Quotiescunque
3442 5350 3615 5405 enim
3670 5338 3951 5415 imagina-

2268 5464 2457 5518 tiones
2488 5453 2753 5528 quaedam
2787 5447 3146 5504 concurrunt
3174 5438 3419 5505 animo,
3484 5444 3551 5492 et
3600 5433 3949 5492 voluntatem

2270 5516 2526 5615 irritant:
2554 5560 2653 5609 eas
2686 5539 2833 5609 ratio
2869 5531 3194 5615 perpendit,
3225 5531 3288 5582 et
3335 5527 3415 5582 de
3462 5526 3565 5582 his
3617 5522 3874 5597 judicat,
3904 5516 3953 5566 et

2270 5640 2425 5715 quod
2465 5605 2520 5694 ei
2550 5606 2761 5693 melius
2780 5605 3015 5682 videtur
3040 5637 3175 5689 cum
3204 5616 3478 5685 arbitrio
3509 5605 3957 5689 perpenderitet
