4106 6172
309 325 420 379 513

1068 327 1143 378 ΙΝ
1181 327 1459 381 LIBRUM
1495 326 1593 380 DE
1631 326 2311 381 INTERPRE’I‘ATIONE
2348 327 2592 381 EUITIO
2626 328 2978 383 SECUNDA.

3620 328 3725 382 514

311 450 550 522 quidem
578 448 699 505 ulla
718 448 1172 515 obscuritas,vel
1197 453 1317 505 toto
1337 449 1484 505 emlo
1501 448 1963 521 nullaquies.1ta
1994 452 2045 517 Α
2151 448 2377 521 Duplex
2409 450 2616 505 modus
2650 450 3017 505 necessitatis
3058 450 3409 517 ostenditur,
3443 467 3598 506 unus
3626 448 3728 523 qui

310 556 445 611 ergo
468 556 599 595 sese
632 539 847 594 habent
870 556 937 593 ex
982 538 1250 606 materia,
1286 544 1349 593 ut
1380 539 1579 594 omnia
1604 539 1733 610 ipsa
1766 543 1970 593 essent

320 633 635 701 potestate,
669 628 812 683 nihil
844 634 1039 683 autem
1075 633 1203 682 actu
1238 629 1593 692 introducta,
1627 629 1725 683 sed
1762 632 1973 682 natura

313 735 438 790 qua:
456 718 517 772 in
538 719 667 789 ipsa
678 718 912 773 materia
927 716 1310 789 est,singulos
1325 733 1427 788 pro
1444 718 1659 771 ratione
1671 718 1974 772 distribuit

319 812 542 873 motus,
571 813 627 862 et
649 806 914 879 singulas
943 806 1289 877 qualitatum
1316 804 1703 877 proprietates
1725 804 1974 877 singulis

323 897 587 951 materie:
615 897 880 968 partibus
906 895 1087 967 ponit,
1110 893 1336 950 utalias
1354 896 1585 964 quidem
1613 900 1827 949 natura
1847 894 1975 966 ipsa

323 986 695 1040 necessarias
713 984 1090 1051 ordinaverit,
1109 984 1192 1039 ita
1215 990 1281 1038 ut
1306 984 1566 1055 quandiu
1592 1000 1684 1039 res
1704 984 1803 1039 illa
1823 988 1979 1039 esset

322 1075 475 1145 eius,
503 1074 563 1129 in
590 1075 719 1146 ipsa
763 1074 1088 1146 proprietas
1120 1079 1509 1144 permaneret,
1543 1078 1608 1128 ut
1650 1073 1769 1145 igni
1799 1072 1973 1129 calor.

322 1164 469 1219 Nam
506 1166 775 1236 quandiu
802 1166 955 1235 ignis
984 1168 1093 1232 est,
1118 1164 1322 1218 tandiu
1351 1163 1545 1235 ignem
1575 1163 1827 1218 calidum
1851 1179 1979 1219 esse

325 1266 569 1305 necesse
582 1256 692 1319 est,
708 1249 840 1304 aliis
852 1265 985 1304 vero
1003 1250 1178 1305 rebus
1196 1252 1341 1306 tales
1357 1252 1666 1323 qualitates
1680 1253 1977 1324 apposuit,

326 1339 554 1410 quibus
589 1355 786 1394 carere
817 1339 1066 1410 possint.
1120 1340 1188 1395 Et
1216 1340 1314 1395 illa
1370 1343 1636 1413 quidem}
1655 1342 1981 1397 necessaria

327 1428 587 1500 qualitas
612 1428 894 1484 informat
926 1429 1391 1501 uniuscujusque
1424 1431 1844 1486 substantiam.
1878 1431 1983 1487 Illa

329 1518 488 1574 enim
523 1520 656 1589 ejus
701 1518 959 1590 qualitas
1016 1535 1148 1574 cum
1209 1519 1339 1591 ipsa
1386 1520 1626 1576 materia
1658 1537 1726 1575 ex
1774 1525 1984 1576 natura

332 1609 654 1679 conjuncta
677 1613 786 1663 est.
813 1607 941 1663 Istae
962 1624 1096 1663 vero
1126 1607 1253 1664 aliae
1284 1608 1598 1680 qualitates
1630 1616 1791 1665 extra
1822 1615 1981 1679 sunt,

336 1714 461 1769 quae
475 1702 535 1752 et
559 1696 791 1751 admitti
819 1703 1261 1768 possuntetnon
1286 1699 1729 1769 admitti,atque
1747 1699 1883 1755 hinc
1898 1704 1987 1754 est

337 1786 639 1859 generatio
670 1791 728 1842 et
745 1788 1064 1857 corruptio.
1090 1788 1168 1842 Ex
1192 1793 1404 1843 natura
1425 1804 1560 1859 ergo
1581 1793 1640 1843 et
1660 1804 1729 1842 ex
1744 1788 1986 1843 materia

341 1878 453 1932 ista
467 1877 527 1931 in
547 1878 722 1932 rebus
739 1876 1098 1948 possibilitas
1113 1878 1412 1948 venit,qua
1426 1878 1483 1931 in
1503 1893 1563 1932 re
1576 1894 1750 1933 casus
1765 1894 1994 1949 quoque

344 1964 666 2037 aliquando
690 1966 979 2033 subrepit,
1007 1982 1132 2038 quae
1157 1970 1248 2020 est
1269 1966 1722 2021 indeterminata
1746 1983 1923 2021 causa
1939 1972 1995 2022 et

346 2055 473 2110 sine
496 2054 621 2110 ulla
652 2055 876 2110 ratione
907 2056 1144 2123 cadens,
1171 2071 1359 2125 neque
1392 2055 1546 2111 enim
1582 2072 1753 2111 casus
1786 2061 1996 2111 natura

347 2150 455 2211 est,
481 2161 610 2215 quae
635 2143 853 2198 frustra
884 2143 1028 2198 nihil
1051 2144 1253 2199 efﬁcit.
1279 2145 1392 2199 Nec
1417 2144 1668 2200 liberum
1701 2150 1790 2200 est
1826 2160 1996 2200 casus

349 2232 803 2304 arbitriumquod
817 2232 874 2287 in
886 2232 1106 2300 judicio
1118 2238 1175 2287 et
1190 2235 1409 2289 ratione
1422 2234 1829 2289 consistit.Sed
1846 2239 2008 2289 extra

353 2326 438 2376 est
459 2338 655 2379 casus.
683 2320 783 2392 qui
821 2325 1053 2391 propter
1073 2320 1248 2375 aliam
1279 2338 1399 2376 rem
1443 2323 1796 2391 quibusdam
1831 2320 1996 2377 factis

352 2410 472 2481 ipse
497 2410 736 2465 subitus
758 2415 811 2464 et
827 2410 1180 2480 improvisus
1200 2410 1478 2466 exoritur.
1504 2411 1571 2464 Et
1591 2427 1659 2465 ex
1677 2410 1784 2466 hac
1802 2428 1871 2466 au
1883 2415 1996 2465 tem

353 2516 477 2570 qua
500 2505 589 2554 est
605 2499 950 2554 utrumlibet
970 2498 1355 2570 possibilitate
1368 2500 1541 2555 etiam
1556 2499 1658 2554 illa
1672 2500 1835 2555 liberi
1852 2500 2001 2555 arbi-

352 2587 445 2641 trii
462 2586 612 2641 ratio
625 2586 800 2642 venit.
826 2588 879 2642 Si
896 2588 1050 2641 enini
1065 2604 1179 2642 non
1192 2596 1343 2642 esset
1359 2588 1480 2641 fieri
1498 2588 1717 2658 aliquid
1755 2588 2001 2659 possibi-

358 2676 431 2741 le,
449 2676 551 2731 sed
570 2676 765 2731 omnia
778 2681 956 2731 autex
974 2676 1321 2732 necessitate
1333 2681 1520 2741 esent,
1538 2682 1638 2732 aut
1655 2694 1723 2732 ex
1746 2678 2000 2733 necessi-

364 2771 481 2820 tate
514 2782 629 2820 non
663 2770 880 2832 essent,
909 2764 1156 2820 liberum
1206 2766 1518 2821 arbitrium
1572 2784 1683 2821 non
1721 2772 1999 2822 maneret.

360 2855 535 2909 Recte
566 2854 745 2923 igitur
774 2871 877 2910 nec
911 2854 1110 2910 omnia
1142 2871 1301 2923 casu,
1335 2860 1401 2910 ut
1430 2855 1734 2926 Epicurus,
1770 2873 1871 2912 nec
1904 2874 2003 2911 ne-

362 2942 636 2999 cessitate
666 2943 887 3006 omnia,
921 2949 986 2998 ut
1016 2943 1267 3012 Stoicus,
1292 2960 1397 2999 nec
1427 2962 1635 3000 rursus
1692 2947 1892 3001 omnia
1939 2946 2004 2999 li-

362 3032 499 3088 bero
534 3032 778 3087 arbitrio
816 3032 938 3087 ﬁeri
992 3032 1313 3104 proposuit.
1348 3033 1459 3088 Sed
1518 3039 1727 3090 cuncta
1786 3036 2003 3106 permi-

361 3137 555 3185 scens,
586 3120 645 3175 in
672 3121 947 3190 permisto
968 3122 1188 3176 mundo
1212 3122 1527 3193 permistas
1550 3140 1782 3195 quoque
1806 3141 2003 3179 rerum

2081 554 2213 592 cum
2230 538 2479 608 alicujus
2495 538 2817 593 accidentis
2832 539 3179 593 necessitate
3205 541 3567 611 proponitur,
3589 540 3732 595 alter

2082 627 2181 697 qui
2203 628 2455 698 simplici
2484 628 2896 697 praedicatione
2912 630 3220 698 prol'erlur,
3243 634 3451 683 utcum
3476 630 3731 684 dicimus

2082 715 2265 769 solem
2285 715 2753 771 moverinecesse
2773 724 3007 781 est,non
3032 717 3186 772 enim
3215 717 3395 771 solem
3423 721 3561 789 quia
3578 734 3734 773 nunc

2084 808 2372 867 movetur,
2398 805 2496 859 sed
2529 805 2667 876 quia
2686 821 2982 874 nunquam
3007 822 3119 859 non
3152 806 3498 873 movebitur,
3520 806 3734 861 idcirco

2086 890 2143 946 in
2161 892 2301 947 solis
2318 898 2470 947 motu
2491 893 2806 948 necessitas
2821 893 3185 949 venit.Aliter
3196 910 3329 949 vero
3343 893 3588 965 quicum
3602 911 3732 949 con-

2087 980 2310 1035 ditione
2325 981 2540 1035 dicitur
2555 980 2689 1036 talis
2706 987 2885 1050 est,ut
2900 998 3030 1036 cum
3050 982 3624 1049 dicimus,Socratem
3642 1000 3701 1038 se
3716 1013 3733 1024 -

2087 1071 2221 1124 dere
2243 1086 2477 1125 necesse
2493 1076 2741 1135 est,cum
2760 1072 3006 1139 sedet,et
3021 1088 3132 1125 non
3155 1072 3356 1127 sedere
3374 1088 3611 1128 necesse
3624 1077 3734 1140 est,

2088 1176 2222 1214 cum
2242 1176 2355 1214 non
2371 1158 2703 1215 scdet.Nam
2720 1176 2787 1214 cu
2800 1177 2849 1215 m
2868 1160 3020 1215 idem
3038 1161 3241 1216 eodem
3260 1166 3519 1233 tempore
3532 1162 3736 1217 sedere

2088 1254 2144 1305 et
2158 1265 2271 1304 non
2287 1250 2488 1304 sedere
2503 1265 2613 1303 non
2648 1252 2854 1320 possit,
2881 1250 3217 1321 quicunque
3243 1251 3402 1305 sedet
3416 1267 3529 1305 non
3550 1255 3739 1322 potest

2094 1354 2203 1393 non
2226 1339 2322 1392 sed
2333 1342 2514 1403 ere,tu
2527 1354 2597 1392 ne
2618 1354 2685 1391 cu
2699 1355 2750 1391 m
2768 1337 3138 1409 sedet,igitur
3157 1340 3355 1394 sedere
3373 1356 3608 1395 necesse
3624 1344 3734 1410 est,

2090 1443 2227 1498 ergo
2250 1432 2301 1481 tu
2313 1428 2629 1499 nequando
2644 1428 2773 1496 quis
2788 1428 2969 1494 sedet,
2991 1444 3123 1483 eum
3146 1428 3347 1483 sedere
3364 1445 3601 1484 necesse
3614 1434 3702 1484 est
3717 1448 3731 1497 ;

2094 1516 2217 1571 ﬁeri
2239 1518 2395 1572 enim
2421 1533 2534 1571 non
2560 1522 2831 1587 potestut
2852 1533 2985 1571 cum
3012 1518 3193 1585 sedet,
3220 1534 3331 1572 non
3347 1518 3729 1573 sedeat.Rur-

2098 1623 2199 1662 sus
2218 1607 2455 1677 quando
2476 1605 2608 1676 quis
2626 1622 2741 1661 non
2762 1608 2944 1672 sedet,
2965 1610 3023 1659 tu
3036 1623 3105 1661 nc
3128 1623 3260 1661 cum
3290 1623 3404 1661 non
3431 1608 3735 1673 sedet,non

2100 1698 2298 1751 sedere
2329 1711 2465 1750 eum
2501 1711 2739 1750 necesse
2764 1700 2872 1750 est.
2906 1695 3031 1750 Non
3062 1696 3216 1750 enim
3254 1702 3444 1767 potest
3474 1696 3627 1751 idem
3651 1713 3742 1751 se-

2102 1784 2234 1839 dere
2248 1790 2305 1839 et
2326 1801 2438 1839 non
2463 1785 2687 1851 sedere,
2706 1783 3088 1853 etpotestista
3107 1801 3235 1839 esse
3256 1801 3388 1840 cum
3414 1786 3746 1841 conditione

2106 1874 2447 1938 necessitas,
2492 1878 2554 1928 ut
2584 1890 2715 1928 cum
2751 1875 2915 1928 sedet
2960 1874 3195 1945 aliquis,
3232 1879 3369 1929 tunc
3400 1891 3532 1929 cum
3562 1875 3743 1941 sedet,

2103 1978 2172 2017 ex
2204 1962 2549 2017 necessitate
2581 1963 2798 2030 sedeat,
2831 1968 2888 2018 et
2917 1979 3049 2018 cum
3085 1980 3196 2018 non
3239 1965 3422 2029 sedet,
3443 1968 3584 2019 tunc
3612 1981 3744 2020 cum

2106 2068 2219 2106 non
2253 2052 2434 2120 sedet,
2461 2066 2529 2105 ex
2562 2052 2907 2107 necessitate
2939 2070 3050 2106 non
3087 2053 3305 2109 sedeat.
3330 2053 3440 2108 Sed
3474 2052 3586 2108 ista
3609 2070 3741 2108 cum

2106 2139 2439 2195 conditione
2480 2156 2604 2209 quae
2664 2140 3008 2210 proponitur
3056 2141 3398 2209 necessitas,
3425 2159 3538 2197 non
3581 2142 3745 2198 illam

2110 2229 2430 2300 simplicem
2446 2245 2642 2284 secum
2670 2229 2872 2286 trahit.
2887 2229 3012 2284 Non
3036 2230 3190 2285 enim
3208 2231 3545 2303 quicunque
3563 2234 3748 2299 sedet,

2110 2316 2456 2388 simpliciter
2484 2334 2617 2373 eum
2648 2318 2851 2373 sedere
2900 2335 3136 2373 necesse
3154 2325 3263 2385 est,
3289 2321 3386 2376 sed
3422 2337 3555 2376 cum
3589 2322 3750 2392 adje-

2110 2407 2298 2462 ctione
2322 2423 2389 2462 ea
2418 2424 2543 2477 quae
2566 2411 2826 2475 est,tunc
2849 2423 2981 2462 cum
3004 2408 3185 2477 sedet,
3205 2409 3357 2463 sicut
3389 2410 3570 2465 solem
3605 2410 3748 2465 diei-

2111 2512 2243 2550 mus
2267 2512 2504 2551 necesse
2525 2502 2614 2551 est
2638 2496 2875 2550 moveri.
2898 2496 3012 2551 Nee
3032 2497 3140 2551 hoc
3165 2498 3457 2566 addimus,
3485 2503 3547 2553 ut
3569 2498 3748 2554 solem

2112 2586 2330 2640 moveri
2356 2601 2589 2641 necesse
2611 2585 2836 2640 sitcum
2864 2588 3255 2648 movetur,sed
3275 2592 3505 2643 tantum
3527 2589 3751 2659 simpli-

2110 2676 2256 2731 citer
2278 2675 2530 2730 dicimus
2552 2674 2735 2729 solem
2766 2675 2981 2729 moveri
3014 2690 3251 2731 necesse
3275 2682 3383 2743 est,
3410 2684 3466 2731 et
3498 2677 3616 2731 haec
3652 2693 3751 2731 ne-

2111 2765 2354 2819 cessitas
2377 2762 2625 2834 simplex
2647 2763 2717 2817 de
2740 2762 2857 2817 sole
2879 2763 3051 2830 dicta,
3077 2764 3377 2819 veritatem
3402 2765 3461 2819 in
3489 2765 3749 2819 oratione

2114 2853 2392 2925 perﬁciet.
2417 2854 2485 2905 At
2508 2851 2899 2921 veroillaquas
2920 2868 3053 2906 cum
3079 2854 3412 2908 conditione
3437 2854 3672 2923 dicitur,
3690 2858 3754 2907 ut

2113 2959 2245 2997 cum
2270 2941 2521 2997 dicimus
2543 2944 2835 2996 Socratem
2858 2941 3057 2996 sedere
3084 2957 3316 2997 necesse
3334 2948 3443 3009 est,
3460 2948 3599 2998 tunc
3617 2959 3750 2997 cum

2115 3032 2297 3101 sedet,
2318 3031 2374 3084 id
2395 3032 2547 3102 quod
2572 3030 2999 3100 dicimus,tunc
3014 3048 3146 3086 cum
3172 3032 3358 3101 sedet,
3381 3032 3598 3088 ethanc
3618 3049 3754 3087 con-

2120 3122 2396 3176 ditionem
2421 3121 2729 3191 temporis,
2754 3119 2803 3175 si
2834 3138 2864 3173 s
2887 3120 3654 3192 propositionedividamus,
3688 3123 3758 3179 de

363 3226 573 3265 causas
586 3226 715 3266 esse
729 3210 1055 3282 proposuit,
1075 3212 1275 3267 utaliaa
1296 3213 1531 3282 quidem
1553 3229 1621 3267 ex
1640 3194 2007 3281 necessitate,
2041 3194 2083 3260 ί]
2126 3216 2244 3266 tota
2268 3210 2665 3281 propositione
2685 3209 2897 3264 veritas
2923 3209 3088 3280 perit.
3113 3209 3235 3265 Non
3260 3214 3415 3266 enim
3442 3229 3760 3283 possumus

364 3299 486 3354 aliae
505 3315 639 3354 vero
656 3316 817 3367 casu,
838 3299 925 3354 vel
944 3300 1123 3355 libero
1138 3300 1496 3367 arbitrio,vel
1514 3305 1809 3371 postremo
1834 3302 2013 3373 possi-

364 3388 589 3443 bilitate
604 3388 1299 3460 contingerent.Quorum
1315 3391 1579 3445 omnium
1597 3406 1780 3445 unum
1800 3406 2011 3446 nomen

366 3482 473 3546 est,
499 3476 868 3544 utrumlibet,
891 3477 974 3532 vel
1005 3478 1062 3532 in
1088 3495 1247 3545 casu,
1276 3478 1361 3534 vel
1393 3480 1451 3533 in
1492 3477 1919 3545 voluntate,vel
1954 3479 2013 3534 in

367 3566 891 3637 possibilitate.Sed
909 3566 1116 3621 horum
1133 3567 1477 3622 divisionem
1496 3567 1804 3623 facit.Nam
1820 3585 2018 3624 eorum

370 3671 495 3725 quae
520 3660 661 3709 sunt
684 3654 1051 3723 utrumlibet,
1074 3654 1188 3710 alia
1208 3661 1500 3727 suntquae
1520 3656 1906 3728 aequaliterad
1933 3659 2017 3712 af-

374 3745 406 3798 ﬁ
419 3744 768 3799 rmationem
786 3749 841 3799 et
858 3743 1226 3816 negationem
1246 3762 1307 3800 se
1322 3745 1633 3811 babent,ut
1648 3752 1735 3801 est
1750 3746 2022 3803 lecturum

375 3850 466 3888 me
486 3849 618 3888 esse
644 3834 811 3889 hodie
832 3832 1139 3903 Virgilium
1173 3840 1227 3888 et
1259 3851 1373 3888 non
1415 3834 1726 3890 lecturum.
1764 3836 2021 3909 Utroque

381 3923 537 3979 enim
562 3923 733 3978 modo
759 3927 1072 3994 utrumque
1094 3929 1205 3991 est,
1227 3924 1333 3978 hoc
1362 3929 1449 3979 est
1470 3924 1625 3979 enim
1650 3927 1804 3995 quod
1830 3926 1932 3991 ait,
1954 3927 2025 3981 Et

382 4030 495 4067 non
523 4012 712 4083 magis
736 4011 827 4066 vel
850 4013 1166 4067 affirmatio
1189 4011 1275 4066 vel
1304 4014 1533 4084 negatio
1556 4018 1664 4070 est.
1708 4014 2027 4085 IEqualiter

380 4103 537 4157 enim
552 4108 609 4156 et
622 4118 857 4173 possum
872 4100 1064 4173 legere
1079 4101 1383 4169 Virgilium
1403 4110 1893 4175 nune,etpossum
1912 4121 2026 4159 non

383 4190 598 4263 legere.
631 4190 755 4245 Alia
786 4207 919 4247 vero
948 4197 1088 4246 sunt
1120 4208 1248 4263 quae
1302 4208 1416 4247 non
1470 4208 1533 4247 se
1594 4192 1891 4263 aequaliter
1924 4193 2027 4248 ha-

381 4280 540 4346 bent,
576 4280 676 4335 sed
702 4296 1043 4351 quanquam
1069 4280 1127 4334 in
1155 4297 1272 4335 una
1300 4297 1358 4336 re
1384 4282 1745 4352 frequentius
1778 4284 2029 4351 eveniat,

380 4385 493 4424 non
521 4372 717 4424 tamen
754 4368 1114 4438 prohibitum
1146 4376 1236 4424 est
1255 4368 1313 4423 in
1340 4374 1522 4425 altera
1544 4370 1868 4441 provenire,
1892 4372 2031 4426 utin

381 4474 447 4514 eo
478 4459 631 4529 quod
666 4464 755 4513 est
788 4457 1083 4513 hominem
1114 4457 1174 4513 in
1207 4463 1441 4514 senecta
1459 4475 1786 4515 canescere.
1812 4460 1874 4515 In
1902 4460 2033 4530 plu-

2122 3301 2311 3355 dicere
2334 3298 2615 3371 quoniam
2634 3316 2700 3354 ex
2727 3299 3073 3354 necessitate
3092 3304 3359 3356 Socrates
3384 3302 3763 3357 sedet.Potest

2121 3390 2277 3444 enim
2306 3394 2499 3444 etnon
2524 3389 2745 3444 sedere.
2772 3387 2955 3444 Habet
2978 3388 3128 3443 enim
3176 3390 3511 3459 quamdam.
3551 3407 3759 3447 conve-

2124 3479 2404 3535 nientiam
2428 3484 2485 3533 et
2505 3478 2911 3549 cognationem
2937 3483 3194 3547 potestas
3224 3480 3476 3534 Socratis
3511 3480 3662 3535 sicut
3694 3483 3764 3535 ad

2125 3568 2468 3633 sedendum,
2493 3568 2577 3622 sic
2596 3566 2771 3621 etiam
2796 3567 2863 3621 ad
2888 3583 3000 3622 non
3026 3568 3524 3640 sedendum.Ergo
3542 3571 3594 3623 id
3614 3572 3763 3641 quod

2126 3657 2379 3711 dicimus
2404 3673 2472 3712 ex
2503 3656 2845 3710 necessitate
2874 3655 3170 3710 Socratem
3205 3656 3425 3721 sedere,
3454 3663 3594 3712 tunc
3634 3674 3766 3712 cum

2129 3747 2312 3817 sedet,
2346 3747 2416 3799 ad
2457 3745 2727 3800 accidens
2762 3744 3141 3815 respiéientes
3181 3745 3584 3816 proponimus.
3624 3747 3769 3802 Nam

2130 3837 2366 3906 quando
2390 3834 2601 3890 accidit
2622 3835 2842 3889 Socrati
2868 3834 3089 3898 sedere,
3109 3851 3174 3888 eo
3199 3840 3458 3905 tempore
3482 3852 3597 3906 quo
3622 3835 3773 3891 acci—

2132 3926 2237 3991 dit,
2256 3924 2307 3979 ei
2333 3941 2445 3978 non
2466 3923 2749 3979 accidisse
2774 3940 2886 3978 non
2926 3928 3139 3994 potest.
3174 3923 3268 3978 Sic
3298 3924 3450 3980 enim
3488 3926 3585 3980 ﬁet
3611 3930 3675 3980 ut
3695 3925 3773 3979 ei-

2136 4015 2265 4069 dem
2291 4014 2490 4067 eadem
2515 4029 2606 4067 res
2625 4012 2848 4065 accidat
2864 4017 2921 4066 et
2940 4028 3051 4066 non
3069 4013 3296 4067 accidat
3319 4030 3432 4068 uno
3456 4015 3777 4085 eodemque

2136 4102 2575 4173 tempore,quod
2602 4100 2967 4171 impossibile
2990 4107 3098 4156 est.
3118 4102 3333 4156 Idcirco
3356 4103 3629 4158 accidens
3651 4103 3780 4172 ejus

2136 4191 2518 4262 inspicientes
2542 4189 2817 4254 dicimus,
2846 4204 3084 4243 necesse
3110 4194 3199 4244 est
3225 4189 3519 4243 Socratem
3557 4191 3776 4256 sedere,

2140 4281 2239 4335 sed
2266 4296 2379 4334 non
2404 4277 2770 4348 simpliciter,
2796 4277 2896 4331 sed
2926 4282 3064 4331 tunc
3112 4293 3243 4331 cum
3276 4278 3459 4331 sedet.
3512 4278 3580 4332 Et
3633 4279 3785 4333 sicut

2142 4367 2490 4438 simpliciter
2512 4364 2840 4434 lEthiopem
2872 4364 3062 4419 dicere
3079 4379 3209 4419 esse
3227 4365 3545 4420 candidum
3576 4366 3783 4422 falsum

2142 4461 2252 4527 est,
2281 4471 2481 4511 verum
2521 4458 2713 4508 tamen
2746 4458 2834 4508 est
2864 4453 2920 4507 in
2953 4452 3147 4524 aliquo
3178 4471 3307 4511 esse
3338 4456 3652 4511 candidum
3687 4457 3778 4523 (In

382 4546 552 4601 ribus
583 4546 815 4617 quidem
850 4546 960 4602 hoc
993 4546 1302 4619 contingit,
1354 4550 1451 4603 sed
1504 4548 1789 4621 contingit
1818 4550 1939 4605 fieri
1972 4556 2030 4605 et
2060 4566 2104 4630 Ι)
2143 4544 2328 4602 oculis
2349 4542 2505 4598 enim
2526 4548 2583 4597 et
2604 4543 2977 4599 dentibusilli
3000 4544 3526 4614 eandorinest),ita
3545 4562 3781 4617 quoque

383 4633 657 4703 alterum,
684 4636 739 4690 id
765 4640 856 4691 est
879 4640 941 4689 ut
963 4652 1074 4690 non
1101 4636 1666 4691 eanescat.A1terum
1689 4654 1820 4693 vero
1853 4638 2025 4692 mini-

385 4740 499 4792 me,
535 4723 591 4779 id
618 4730 706 4779 est
755 4732 818 4779 ut
840 4730 1130 4781 canescat.
1174 4726 1258 4780 lta
1282 4742 1419 4797 ergo
1446 4731 1503 4780 et
1534 4726 1942 4798 possibilitate,
1977 4732 2034 4783 et

386 4828 551 4882 casu,
576 4818 635 4869 et
657 4814 838 4870 libero
861 4814 1124 4881 arbitrio,
1148 4815 1665 4871 contradictionem
1689 4815 1747 4870 in
1769 4833 1887 4871 una
1908 4833 2037 4888 par-

384 4909 439 4959 te
469 4904 542 4958 de
577 4904 775 4959 futuro
807 4903 1044 4959 deﬁnite
1065 4921 1179 4959 non
1205 4920 1334 4959 esse
1355 4921 1550 4960 veram
1574 4904 1659 4960 vel
1686 4904 1910 4969 falsam,
1934 4922 2036 4977 per

387 4993 790 5049 firmissimam
850 5001 909 5050 et
965 4994 1391 5049 validissimam
1467 4996 2031 5067 argumentationem

389 5082 713 5137 constituit.
747 5082 852 5137 His
883 5088 1081 5139 autem
1108 5083 1314 5154 adjicit
1345 5084 1471 5139 hoc.

458 5174 636 5241 Igitur
649 5190 763 5228 esse
788 5175 938 5244 quod
961 5177 1282 5245 est,quando
1301 5178 1459 5243 est,ct
1478 5190 1589 5229 non
1609 5190 1721 5231 esse
1750 5175 1899 5246 quod
1925 5193 2036 5231 non

387 5263 720 5333 est,quando
740 5278 853 5318 non
874 5267 974 5332 est,
994 5278 1214 5318 necesse
1235 5262 1445 5319 est.Sed
1465 5279 1574 5318 non
1600 5281 1758 5320 omne
1782 5264 1920 5335 quod
1938 5274 2034 5332 est,

388 5366 604 5407 necesse
632 5362 711 5408 est
732 5368 975 5418 “semei:
1002 5368 1161 5408 omne
1177 5353 1321 5423 quod
1342 5368 1453 5409 non
1474 5357 1794 5419 est,necesse
1820 5359 1898 5410 est
1923 5372 2034 5410 non

389 5442 650 5496 “salvan
673 5442 827 5497 enim
850 5442 995 5498 idem
1028 5446 1106 5496 est
1130 5457 1287 5497 omne
1307 5442 1450 5513 quod
1466 5449 1565 5510 est,
1585 5443 1907 5499 necessario
1927 5460 2037 5499 esse

390 5530 607 5601 quando
638 5537 800 5598 est,ct
821 5531 1165 5603 simpliciter
1184 5548 1300 5588 esse
1319 5549 1391 5588 ea:
1417 5533 2041 5589 necessitate.3imilz'ler

391 5631 582 5675 autem
613 5625 665 5676 et
698 5623 757 5677 in
789 5637 849 5677 eo
882 5621 1023 5693 quod
1050 5637 1159 5679 non
1187 5627 1285 5679 est.

2136 4634 2283 4690 falsu
2295 4650 2348 4687 m
2365 4639 2452 4687 est
2466 4637 2759 4688 Socratem
2774 4648 2840 4686 ex
2854 4633 3200 4688 necessitate
3214 4634 3311 4688 sed
3321 4650 3414 4688 ere
3428 4634 3786 4705 simpliciter.

2142 4727 2357 4778 Verum
2376 4727 2566 4777 autem
2583 4721 2831 4777 esthanc
2845 4721 3246 4777 necessitatem
3262 4722 3317 4776 in
3334 4721 3529 4790 aliquo
3544 4725 3791 4795 quodam

2145 4829 2378 4886 ponere,
2395 4818 2450 4866 et
2465 4828 2580 4867 non
2597 4810 2939 4882 simpliciter
2953 4811 3346 4883 praedicari,ut
3361 4812 3626 4869 dicamus
3650 4819 3791 4870 tunc

2145 4919 2279 4958 cum
2299 4902 2481 4956 sedet.
2499 4901 3000 4966 Quemadmodum
3025 4900 3183 4955 enim
3209 4901 3265 4955 in
3286 4901 3406 4957 sole
3426 4902 3795 4975 dimus,quo-

2146 4994 2301 5048 niam
2322 4990 2503 5047 solem
2528 4987 2741 5044 moveri
2767 5005 3002 5044 necesse
3025 4998 3108 5045 est
3132 4989 3496 5061 simpliciter,
3520 4992 3566 5046 si
3602 4992 3681 5046 ita
3705 4994 3790 5047 di-

2146 5097 2371 5146 camus,
2389 5083 2683 5133 Socratem
2708 5078 2909 5133 sedere
2933 5094 3168 5134 necesse
3190 5084 3297 5145 est,
3322 5078 3533 5135 falsum
3561 5086 3670 5135 est.
3690 5082 3790 5135 Sin

2146 5188 2279 5227 vero
2304 5183 2694 5225 marmoreum
2723 5167 3020 5223 Socratem
3045 5168 3617 5239 dicamus,quoniam
3639 5186 3796 5223 mar-

2148 5276 2413 5316 moreum
2432 5259 2730 5313 Socratem
2747 5258 2948 5312 sedere
2970 5274 3208 5313 necesse
3230 5262 3339 5325 est,
3365 5257 3414 5312 si
3443 5259 3689 5313 fortasse
3712 5274 3799 5311 se-

2146 5351 2292 5410 dens
2318 5350 2600 5403 formatus
2623 5344 2717 5414 sit,
2739 5362 2939 5401 verum
2965 5350 3074 5416 est,
3099 5349 3156 5400 et
3192 5345 3538 5415 simpliciter
3567 5347 3638 5400 de
3694 5346 3795 5399 tali

2144 5445 2380 5497 Socrate
2410 5436 2734 5494 necessitas
2768 5436 2975 5507 poterit
2996 5434 3318 5507 praedicari.
3346 5441 3423 5490 De
3452 5435 3578 5505 ipso
3601 5439 3797 5488 autem

2146 5534 2378 5587 Socrate
2391 5524 2873 5597 simplicitertalis
2892 5524 3209 5579 necessitas
3228 5540 3339 5578 non
3361 5526 3390 5577 d
3405 5522 3803 5591 icitur.Nequc

2148 5622 2306 5678 enim
2341 5617 2464 5674 fieri
2502 5618 2695 5687 potest
2725 5620 2785 5669 ut
2835 5614 3099 5670 Socrates
3122 5627 3189 5665 ex
3222 5612 3568 5667 necessitate
3600 5611 3802 5668 sedeat
