4106 6172
294 197 399 251 521

290 413 535 483 quidem
561 417 617 466 et
642 428 745 484 per
766 430 826 469 se
852 431 1064 469 nomen
1091 433 1202 471 non
1233 423 1406 480 esset,
1435 417 1731 471 inﬁnitum
1756 423 1949 471 tamen

289 518 509 556 nomen
540 508 867 568 vocaretur,
902 504 957 557 id
994 506 1147 575 quod
1182 522 1314 559 cum
1359 506 1627 577 negativa
1662 504 1952 577 particula

288 591 606 661 profertur.
644 590 847 646 Omnis
879 598 1075 648 autem
1104 596 1419 665 propositio
1438 612 1504 649 ex
1530 595 1781 649 nominis
1810 595 1952 649 sub-

280 680 545 749 jectione
579 681 871 735 consistit.
908 682 1008 736 Est
1039 688 1233 737 autem
1266 685 1587 754 categorica
1633 684 1949 754 propositio

292 783 430 837 quae
465 768 687 838 aliquid
722 770 793 822 de
824 768 1022 839 aliquo
1047 771 1323 840 przedicat
1345 770 1430 824 vel
1459 780 1645 840 negat,
1671 772 1812 825 etde
1836 788 1949 841 quo

290 858 579 928 praedicat
610 859 851 929 quidem
879 876 1089 913 nomen
1115 865 1221 914 est.
1246 860 1605 932 Quandoque
1634 862 1688 914 in
1718 861 1950 917 nomine

288 946 599 1000 inﬁnitum
633 947 809 1001 etiam
844 963 1057 1002 nomen
1082 949 1321 1016 dicitur,
1349 966 1585 1005 necesse
1616 954 1952 1019 estsemper

288 1034 682 1100 categoricam
705 1036 1162 1105 propositionem
1184 1040 1284 1090 aut
1317 1054 1527 1092 nomen
1564 1037 1776 1093 habere
1807 1037 1947 1093 sub-

275 1124 533 1194 jectum,
570 1130 673 1177 aut
702 1123 845 1177 illud
880 1126 1034 1195 quod
1062 1125 1363 1180 inﬁnitum
1385 1127 1615 1181 dicitur.
1646 1127 1947 1181 Inﬁnitum

284 1229 428 1268 vero
452 1230 666 1269 nomen
690 1220 779 1269 est
796 1215 949 1284 quod
978 1215 1100 1287 ipse
1124 1232 1274 1270 nunc
1308 1216 1739 1271 innominatum
1763 1222 1945 1271 vocat.

283 1302 502 1357 Omnis
523 1318 657 1371 ergo
683 1301 1001 1373 propositio
1026 1302 1392 1375 praedicativa
1411 1305 1469 1359 in
1490 1306 1639 1360 duas
1663 1305 1951 1359 dividitur

287 1389 561 1461 species:
584 1391 857 1446 autenim
881 1409 949 1447 ex
968 1392 1196 1447 inﬁnito
1223 1394 1457 1448 nomine
1482 1395 1814 1464 subjectum
1835 1399 1945 1461 est,

287 1486 397 1535 aut
417 1498 487 1535 ex
510 1481 764 1552 simplici
782 1486 838 1535 et
856 1482 1038 1538 ﬁnito.
1062 1482 1383 1537 Exinﬁnito
1405 1484 1642 1554 quidem
1665 1485 1946 1555 quemad-

286 1571 539 1625 modum
562 1585 695 1625 cum
721 1571 871 1635 dico,
900 1588 1012 1625 non
1042 1571 1215 1627 homo
1239 1572 1524 1641 ambulat,
1559 1590 1627 1628 ex
1650 1574 1814 1628 ﬁnito
1843 1584 1950 1627 au-

285 1663 414 1714 tem
434 1663 493 1715 et
514 1659 792 1727 simplici,
816 1667 877 1713 ut
900 1659 1073 1715 homo
1096 1660 1378 1715 ambulat.
1403 1661 1588 1731 Hujus
1608 1667 1802 1717 autem
1826 1680 1952 1733 quae
1982 1699 2029 1763 Β

284 1769 361 1807 ex
384 1752 553 1807 ﬁnito
578 1758 634 1807 et
660 1752 916 1822 simplici
938 1757 1044 1817 est,
1080 1753 1306 1824 species
1338 1758 1477 1807 sunt
1508 1754 1660 1821 duae,
1696 1771 1822 1825 quae
1851 1758 1952 1809 aut

286 1842 630 1899 universale
663 1860 870 1897 nomen
906 1844 1169 1913 subjicit,
1204 1848 1268 1897 ut
1312 1844 1485 1898 homo
1535 1843 1820 1912 ambulat,
1856 1849 1957 1899 aut

285 1932 620 2003 singulare,
647 1937 710 1987 ut
730 1936 995 1987 Socrates
1017 1932 1301 1987 ambulat.
1326 1933 1511 1996 Quare
1533 1933 1609 1988 ita
1636 1934 1701 1987 ﬁt
1722 1933 1953 1988 divisio.

282 2022 572 2080 Omnium
590 2020 1051 2077 enuntiationum
1069 2021 1581 2093 simplicium,qua
1596 2023 1957 2077 duobuster-

289 2110 482 2166 minis
498 2110 925 2177 constant,alize
940 2114 1160 2166 suntex
1176 2110 1404 2165 inﬁnito
1420 2110 1955 2181 nominesubjecto,

295 2200 432 2253 aliae
455 2216 590 2255 vero
621 2216 689 2254 ex
718 2200 881 2254 ﬁnito
913 2204 969 2253 et
1001 2199 1272 2270 simplici.
1307 2200 1518 2255 Earum
1545 2217 1675 2271 qum
1706 2200 1959 2271 simplex

295 2288 531 2343 habent
548 2289 907 2358 subjectum,
923 2287 1047 2342 alim
1066 2293 1203 2342 sunt
1222 2305 1348 2359 quae
1366 2288 1691 2343 universale
1710 2289 1959 2360 simplex

298 2377 650 2447 subjiciunt,
685 2377 810 2432 aliae
846 2394 971 2449 quea
1000 2377 1326 2449 singulare.
1376 2378 1565 2449 Supra
1596 2395 1728 2433 vero
1760 2377 1960 2432 docuit

298 2482 431 2537 qua:
456 2467 935 2521 sintditl'erentize
962 2466 1445 2537 propositionum,
1474 2466 1721 2536 simplex
1746 2482 1955 2521 nomen

297 2554 361 2608 in
385 2556 650 2624 subjecto
674 2554 1038 2625 ponentium.
1067 2554 1227 2617 Quod
1255 2555 1379 2609 aliaa
1404 2560 1542 2608 sunt
1575 2554 1958 2620 universales,

299 2642 432 2698 alia:
451 2648 594 2698 sunt
617 2652 735 2714 part
750 2642 1021 2710 iculares,
1038 2644 1162 2698 alia:
1180 2648 1318 2697 sunt
1334 2642 1958 2708 indeﬁnitzr,etsecun-

297 2732 845 2803 dumquautitatem
864 2731 1101 2803 quidem
1118 2731 1227 2786 hoc
1247 2732 1418 2787 modo
1434 2730 1729 2785 diﬁ‘erunt.
1747 2733 1959 2785 Secun-

296 2822 442 2875 dum
471 2822 813 2890 qualitatem
846 2838 1004 2887 vero,
1055 2823 1207 2891 quod
1257 2821 1382 2874 aliae
1432 2820 1764 2875 al'ﬁmativae
1799 2824 1957 2887 sunt,

295 2910 428 2964 alite
460 2909 758 2981 negativa.
796 2911 954 2963 Idem
990 2926 1224 2981 quoque
1254 2910 1309 2963 in
1344 2908 1436 2964 his
1461 2909 1961 2980 propositionibus

295 3017 429 3071 quze
463 3015 533 3053 ex
566 3000 795 3053 inﬁnito
826 3000 1063 3053 nomine
1088 3000 1349 3069 subjecto
1381 3000 1787 3053 enuntiantur.
1822 2998 1961 3052 Aliae

1047 203 1121 256 IN
1159 204 1429 258 LIBRUM
1473 205 1563 258 DE
1601 205 2284 259 INTEBPRETATIONE
2322 208 2569 261 EDITIO
2604 210 2957 263 SBCUNDA.

292 328 415 390 tur,
437 322 595 377 aliud
623 324 919 394 quoddam
935 327 1507 394 nomenintroduxit,
1527 327 1953 399 utsimpliciter
1982 338 2029 403 Α

3600 212 3707 267 522

2278 330 2697 405 Indeﬁnitzaex
2724 332 2951 387 inﬁnito
2985 333 3221 388 nomine
3246 335 3535 405 subjecto.

2067 400 2190 456 Non
2224 401 2397 455 homo
2431 402 2694 457 ambulat
2912 409 3035 459 Non
3068 405 3240 461 homo
3295 400 3408 462 non
3443 410 3710 467 ambulat

2279 476 2642 550 Universales
2673 492 2737 550 ex
2772 476 3026 550 simplici
3065 478 3299 550 nomine
3324 481 3611 550 subjecto.

2059 542 2261 599 Omnis
2300 547 2467 599 homo
2500 546 2763 599 ambulat
2893 542 2909 547 ⁷
2984 547 3190 603 Nullus
3224 550 3397 605 homo
3430 542 3712 609 “ambulat

2274 615 2641 691 Universales
2672 635 2739 671 ex
2771 617 3011 691 inﬁnito
3035 620 3266 675 nomine
3298 623 3583 691 subjecto.

2058 684 2261 739 Omnis
2277 705 2389 741 non
2411 688 3095 744 homoambulat.Nullus
3114 709 3222 745 non
3243 684 3425 747 homow
3443 695 3712 750 ambulat

2272 759 2657 834 Particulares
2688 778 2751 834 ex
2786 762 3039 829 simplici
3071 765 3305 817 nomine
3348 767 3632 834 subjecto.

2057 829 2303 893 Quidam
2329 831 2497 886 homo
2516 831 2799 887 ambulat.
2852 834 3099 895 Quidam
3123 836 3293 889 homo
3308 853 3420 889 non
3440 829 3708 893 ambulat

2272 902 2663 977 Particulares
2694 920 2761 977 ex
2801 905 3029 977 inﬁnito
3065 908 3299 961 nomine
3326 908 3614 977 subjecto.

2057 971 2304 1034 Quidam
2326 991 2437 1028 non
2458 974 2626 1031 homo
2644 976 2802 1029 amb.
2821 976 3067 1038 Quidam
3088 994 3200 1031 non
3218 979 3392 1033 homo
3412 971 3526 1035 non
3545 980 3703 1035 amb.

2060 1116 2185 1169 llaec
2208 1132 2344 1187 ergo
2369 1119 2647 1189 partiens,
2680 1124 2734 1174 et
2756 1121 2826 1174 de
2865 1122 3362 1191 prOpositionihus
3394 1141 3461 1178 ex
3478 1126 3707 1182 duobus

2054 1204 2321 1260 terminis
2364 1208 2701 1261 constitutis
2747 1209 2969 1264 faciens
3007 1212 3484 1282 propositionem,
3518 1215 3711 1286 inquit

2055 1309 2261 1347 omnes
2284 1309 2351 1348 ex
2369 1296 2635 1364 subjecto
2659 1297 2776 1351 ﬁeri
2799 1299 3036 1353 nomine
3062 1302 3511 1370 pr0positiones,
3537 1310 3591 1359 et
3611 1320 3711 1359 eas

2056 1387 2285 1436 tantum
2315 1385 2384 1437 ad
2411 1384 2758 1439 divisionem
2778 1386 3102 1458 sumitquze
3118 1389 3430 1445 exinﬁnito
3451 1392 3711 1462 nomine,

2057 1477 2112 1525 et
2138 1470 2300 1525 ﬁnito
2325 1472 2566 1527 nomine
2591 1474 2761 1541 ﬁunt,
2782 1475 2999 1529 faciens
3016 1476 3713 1545 hujusmodidivisionem

2060 1559 2467 1631 principalem,
2487 1566 2550 1615 ut
2569 1563 2666 1616 sit:
2688 1563 3154 1633 Propositionum
3172 1565 3295 1619 aliaa
3317 1573 3532 1622 suntex
3550 1568 3710 1623 ﬁnito

2066 1649 2320 1715 nomine,
2343 1650 2469 1704 alia:
2493 1666 2558 1705 ex
2586 1652 2767 1705 ﬁnito.
2788 1657 3140 1722 ()portuerat
3163 1655 3396 1724 quidem
3422 1656 3711 1712 volentem

2062 1741 2258 1791 cuncta
2273 1737 2472 1807 partiri
2488 1738 2557 1791 ad
2574 1737 2924 1793 diﬁerentias
2942 1741 3388 1810 propositionum
3405 1760 3514 1797 non
3531 1744 3715 1799 solum

2060 1824 2289 1879 inﬁnita
2310 1841 2537 1880 sumere
2561 1826 2820 1890 nomina,
2850 1830 2948 1881 sed
2976 1829 3153 1883 etiam
3190 1831 3386 1886 verba.
3422 1833 3528 1886 Sed
3563 1849 3712 1903 quo-

2061 1914 2217 1967 niam
2252 1918 2488 1966 noverat
2520 1930 2729 1967 nomen
2767 1914 3004 1984 quidem
3040 1916 3337 1972 inﬁnitum
3371 1936 3715 1976 conservare

2063 2003 2521 2073 propositionem
2556 2020 2730 2072 quam
2757 2004 3097 2072 invenisset,
3124 2007 3257 2060 utsi
3283 2010 3340 2062 in
3365 2010 3716 2065 afﬁrmativa

2062 2091 2773 2159 diceretur,al’ﬁrmativarr
2797 2097 3720 2165 servaratenuntiationem,utest

2064 2180 2367 2234 nonhomo
2384 2180 2665 2235 ambulat.
2691 2180 2747 2234 Si
2782 2182 3073 2252 negativa,
3100 2184 3424 2255 negativam
3459 2192 3719 2243 servaret

2063 2268 2548 2331 enuntiationem,
2575 2270 2839 2337 negativa
2858 2275 3052 2325 autem
3073 2278 3181 2339 est,
3212 2278 3273 2327 ut
3294 2279 3383 2328 est
3409 2292 3518 2329 non
3543 2276 3717 2332 homo

2064 2356 2347 2411 ambulat.
2369 2356 2555 2410 Verba
2575 2374 2705 2412 vero
2726 2375 2853 2428 quas
2877 2362 3013 2413 sunt
3032 2361 3483 2431 inﬁnitajuncta
3507 2364 3561 2416 in
3586 2381 3717 2435 pro-

2065 2445 2352 2516 positione
2376 2462 2489 2499 non
2515 2446 2608 2500 at'ﬁ
2622 2447 2991 2513 rmationem,
3016 2449 3114 2502 sed
3143 2451 3419 2519 perlicere
3452 2454 3717 2523 negatio-

2066 2550 2222 2597 nem,
2249 2534 2461 2589 idcirco
2488 2535 2557 2588 de
2582 2534 2670 2589 bis
2694 2534 2947 2589 reticuit.
2980 2538 3134 2599 Quod
3166 2538 3250 2592 ha:
3276 2540 3465 2611 magis
3488 2558 3615 2612 qua:
3648 2558 3714 2596 ex

2064 2624 2239 2677 verbo
2273 2623 2501 2677 inﬁnito
2534 2628 2673 2677 sunt
2703 2624 2774 2678 ad
2808 2641 2983 2679 unam
3031 2626 3370 2696 qualitatem
3424 2630 3716 2699 pertinent

2068 2711 2501 2781 propositionis,
2537 2712 2591 2764 id
2627 2717 2714 2766 est
2735 2712 2804 2765 ad
2835 2714 3181 2782 negativam.
3208 2715 3451 2784 Semper
3470 2718 3623 2770 enim
3651 2718 3715 2772 ﬁt

2066 2816 2131 2853 ex
2165 2800 2394 2853 inﬁnito
2426 2800 2598 2854 verbo
2632 2801 2882 2870 negatio.
2918 2801 3046 2855 Haec
3090 2802 3271 2871 igitur
3301 2804 3579 2875 colligens
3609 2806 3709 2862 ait.

2066 2887 2348 2949 Quoniam
2376 2892 2567 2940 autem
2594 2892 2678 2941 est
2705 2888 2773 2939 de
2798 2886 2993 2957 aliquo
3018 2890 3280 2959 subjecto
3304 2891 3613 2947 afﬁrmatio
3639 2892 3712 2949 si-

2067 2975 2353 3045 gniﬁcans
2377 2974 2614 3043 aliquid,
2642 2974 2695 3027 id
2720 2979 2807 3028 est
2830 2977 3172 3045 praedicans,
3195 2978 3303 3032 hoc
3323 2985 3411 3033 est
3433 2982 3712 3052 quoniam

294 3065 560 3159 namque
585 3104 785 3143 earum
808 3087 1124 3142 indeﬁnite:
1152 3065 1312 3155 sunt,
1348 3086 1472 3142 alia:
1500 3088 1771 3141 deﬁnitze.
1797 3089 1951 3143 Deti-
1985 3071 2027 3136 C
2067 3065 2259 3159 omnis
2286 3065 2601 3159 PPPPOS‘ith
2626 3068 2802 3159 estex
2820 3066 3082 3159 3_“b.leCl0
3107 3072 3162 3121 et
3190 3069 3524 3159 ρι’ἃθάίοθίοι
3559 3072 3714 3141 ειυοὰ

294 3178 554 3232 nitarum
575 3176 702 3231 alia;
724 3184 859 3231 sunt
882 3176 1263 3242 universales,
1281 3175 1407 3230 aliae
1430 3176 1832 3246 particulares,
1853 3176 1947 3232 hic

292 3282 531 3338 quoque
544 3266 869 3320 secundum
887 3265 1409 3336 quantitatem,nec
1426 3266 1615 3319 minus
1628 3266 1947 3319 secundum

293 3355 641 3428 qualitatem
662 3356 873 3410 eaedem
895 3354 1261 3409 inﬁnitorum
1287 3370 1518 3425 quoque
1538 3354 1865 3417 nominum,
1886 3354 1943 3407 in

289 3443 799 3515 propositionibus
822 3442 1161 3497 differentia:
1176 3447 1334 3496 sunt.
1351 3442 1615 3497 Dicimus
1631 3444 1783 3497 enim
1803 3442 1944 3497 alias

290 3550 420 3589 esse
439 3534 847 3600 atﬁrmativas,
868 3530 1013 3587 alias
1036 3531 1336 3602 negativas
1356 3551 1368 3597 ;
1386 3532 1652 3601 subjecti
1668 3548 1798 3586 vero
1814 3532 1944 3585 des-

290 3623 503 3693 criptio
523 3623 712 3684 docet,
728 3638 854 3692 quae
873 3621 993 3675 sint
1015 3620 1381 3675 afﬁrmatisz
1398 3620 1721 3691 simplices,
1743 3625 1797 3674 ct
1818 3638 1945 3691 quae

290 3712 751 3784 suntnegativas,
767 3715 822 3765 et
840 3727 1046 3765 rursus
1066 3727 1192 3781 quae
1212 3714 1354 3765 sunt
1378 3710 1738 3764 afﬁrmatisz
1762 3726 1829 3764 ex
1853 3708 1945 3763 in-

290 3800 462 3855 ﬁnito
494 3800 752 3865 nomine,
784 3804 840 3854 et
871 3816 997 3871 quae
1044 3798 1343 3870 negativae,
1389 3815 1606 3870 easque
1651 3814 1853 3853 omnes
1886 3798 1944 3852 in

294 3892 553 3963 propriis
576 3889 1167 3945 determinatiOnibus
1188 3890 1587 3959 adjunximus,
1613 3906 1715 3943 nec
1749 3890 1947 3943 minus

292 3980 469 4035 etiam
504 3979 834 4033 indeﬁnitas
864 3981 922 4033 in
957 3984 1206 4049 utraque
1239 3978 1431 4048 specie
1480 3978 1945 4049 propositionum

292 4066 925 4141 posuimus,singulare
938 4066 1293 4121 habentibus
1308 4066 1948 4137 subjectum,simplici-

296 4158 409 4212 bus
425 4155 925 4227 propositionibus
941 4156 1193 4223 rejectis.
1216 4155 1534 4209 Suntenim
1552 4155 1789 4209 inﬁnitae
1814 4171 1943 4226 pro-

295 4246 620 4317 positiones
642 4244 942 4315 simplices
975 4244 1095 4300 has:
1126 4244 1301 4299 homo
1325 4244 1608 4312 ambulat,
1632 4244 1807 4298 homo
1831 4260 1943 4297 non

298 4334 563 4391 ambulat
586 4353 602 4403 ;
624 4341 829 4388 contra
853 4349 951 4388 eas
982 4350 1116 4387 vero
1139 4334 1336 4387 divisas
1370 4334 1696 4388 secundum
1732 4350 1944 4387 nomen

294 4424 599 4479 inﬁnitum
633 4423 757 4477 hac:
795 4439 910 4477 non
943 4421 1121 4478 homo
1152 4422 1438 4486 ambulat,
1480 4438 1593 4477 non
1622 4421 1796 4477 homo
1830 4438 1944 4477 non
1983 4436 2023 4501 υ

296 4512 592 4583 ambulat;
626 4510 987 4567 universales
1018 4528 1085 4565 ex
1116 4510 1372 4583 simplici
1407 4511 1669 4581 subjecto
1710 4510 1946 4565 nomine

300 4609 438 4659 sunt
462 4601 765 4658 haezomnis
779 4602 952 4656 homo
969 4600 1461 4666 ambulat,nullus
1478 4600 1650 4655 homo
1666 4599 1949 4655 ambulat.

301 4692 511 4748 Contra
529 4692 635 4745 bas
662 4707 793 4745 vero
818 4690 1013 4745 divisas
1038 4705 1105 4745 ex
1130 4689 1361 4743 inﬁnito
1386 4688 1621 4744 nomine
1648 4690 1952 4744 universa—

305 4780 404 4837 les:
419 4780 618 4836 omnis
635 4796 748 4834 non
765 4779 940 4834 homo
958 4778 1244 4845 ambulat,
1262 4778 1383 4832 null
1398 4796 1461 4831 us
1482 4796 1593 4833 non
1611 4778 1785 4833 homo
1818 4794 1951 4832 am-

306 4870 485 4925 bulat.
509 4869 739 4923 Rursus
762 4866 1146 4939 particulares
1168 4883 1234 4921 ex
1264 4865 1521 4938 simplici
1548 4867 1783 4922 nomine
1810 4867 1951 4921 sub-

299 4958 449 5027 jecto
484 4965 622 5013 sunt
648 4956 774 5010 hae:
808 4956 1052 5027 quidam
1083 4955 1257 5010 homo
1282 4956 1561 5020 ambulat,
1587 4956 1823 5026 quidam
1848 4955 1951 5010 ho-

306 5062 395 5101 mo
429 5062 545 5101 non
579 5043 863 5099 ambulat.
910 5048 1137 5099 Rursus
1183 5044 1566 5115 particulares
1616 5050 1816 5099 contra
1850 5045 1954 5098 has

304 5135 497 5190 divisa:
519 5151 589 5190 ex
613 5133 842 5188 inﬁnito
865 5133 1104 5188 nomine
1127 5134 1387 5202 subjecto
1412 5138 1550 5188 sunt
1573 5134 1690 5188 hac:
1718 5133 1955 5204 quidam

304 5240 412 5279 non
442 5223 621 5279 homo
654 5222 937 5288 ambulat,
971 5221 1209 5292 quidam
1247 5239 1363 5277 non
1397 5221 1571 5277 homo
1604 5239 1719 5276 non
1744 5223 1953 5277 ambu-

302 5310 397 5368 lat.
435 5312 554 5367 Hoc
589 5318 787 5368 autem
834 5312 1099 5384 subjecta
1145 5311 1540 5382 descriptione
1596 5311 1951 5367 declaratur.

519 5470 839 5527 Indeﬁnitus
871 5486 939 5525 ex
970 5468 1222 5541 simplici
1259 5470 1492 5526 nomine
1524 5472 1809 5540 subjecto.

309 5542 487 5599 Homo
521 5543 789 5598 ambulat
1079 5543 1260 5597 Homo
1293 5559 1407 5597 non
1441 5542 1706 5598 ambulat

626 5660 893 5721 Panos.
942 5660 1036 5719 LX
1048 5658 1148 5718 IV.

2056 3156 2251 3206 autem
2281 3153 2617 3221 subjectum
2643 3156 2749 3217 est,
2775 3152 2858 3206 vel
2886 3170 3121 3222 nomen,
3145 3155 3231 3209 vel
3257 3159 3712 3214 innominatum.

2058 3240 2488 3294 lnnominatum
2505 3245 2699 3294 autem
2716 3245 2801 3295 est
2816 3242 2968 3311 quod
2990 3244 3345 3312 propositum
3364 3262 3565 3301 nomen
3583 3249 3715 3308 sub.

2054 3330 2194 3393 ruit,
2220 3334 2391 3382 utest
2416 3345 2527 3381 non
2569 3328 2763 3382 homo.
2799 3330 3019 3384 Nomen
3054 3332 3205 3385 enim
3243 3334 3395 3403 quod
3430 3341 3519 3389 est
3541 3336 3714 3393 homo

2054 3416 2739 3472 dill‘ertnominisinﬁuiti
2762 3418 3266 3491 privatione,quod
3284 3427 3371 3477 est
3387 3440 3498 3477 non
3516 3424 3713 3493 homo,

2054 3513 2226 3575 atque
2257 3507 2385 3560 ideo
2416 3511 2471 3559 et
2506 3506 2939 3561 innominatum
2989 3510 3237 3563 vocavit.
3284 3510 3483 3573 Qualis
3512 3518 3708 3568 autem

2055 3594 2739 3664 debeatesseprOpositio
2758 3595 2827 3648 de
2843 3612 2956 3665 qua
2980 3600 3211 3663 tractat,
3232 3600 3459 3653 ostendi
3487 3601 3708 3665 dicens,

2055 3700 2238 3738 unum
2264 3688 2457 3738 autem
2480 3689 2705 3753 oportet
2725 3700 2855 3738 esse
2878 3685 3025 3739 etde
3059 3702 3173 3740 uno
3208 3687 3313 3741 hoc
3345 3690 3495 3757 quod
3533 3689 3708 3744 estin

2055 3772 2525 3835 afﬁrmatione,id
2542 3779 2629 3826 est
2644 3788 2709 3825 ex
2724 3772 2953 3825 duobus
2968 3774 3232 3828 terminis
3250 3778 3699 3847 propositionem

2053 3866 2320 3931 oportere
2347 3861 2683 3914 consistere.
2717 3860 3140 3916 Commemorat
3188 3880 3422 3935 quoque
3454 3866 3590 3935 quid
3627 3865 3706 3919 sit

2051 3951 2479 4005 innominatum
2499 3966 2558 4003 se
2573 3967 2637 4003 su
2651 3950 2979 4020 pradixisse
2992 3953 3267 4020 quoniam
3284 3956 3437 4024 quod
3456 3955 3709 4010 dicimus

2055 4057 2166 4094 non
2196 4039 2389 4104 homo,
2424 4054 2635 4091 nomen
2664 4038 2904 4106 quidem
2940 4040 3275 4094 Aristoteles
3309 4059 3421 4095 non
3456 4044 3697 4108 diceret,

2055 4128 2151 4183 sed
2181 4128 2332 4198 quod
2359 4142 2568 4180 nomen
2594 4125 2941 4196 simpliciter
2964 4143 3075 4180 non
3102 4134 3352 4195 vocaret,
3379 4129 3486 4183 hoc
3508 4130 3706 4185 addito

2055 4216 2285 4270 inﬁnito
2318 4231 2533 4269 nomen
2560 4214 2777 4268 diceret
2803 4214 3123 4283 inﬁnitum,
3178 4216 3393 4271 idcirco
3427 4218 3705 4288 quoniam

2056 4321 2237 4359 unum
2266 4303 2499 4373 quidem
2524 4302 2838 4372 signiﬁcat,
2866 4304 2963 4357 sed
2991 4303 3531 4370 inﬁnitum,nomen
3549 4307 3707 4362 enim

2056 4395 2205 4464 quod
2226 4393 2414 4463 ipsam
2436 4390 2924 4460 signiﬁcationem
2947 4392 3072 4461 ejus
3093 4395 3245 4464 quod
3264 4395 3519 4450 dicimus
3536 4397 3709 4452 homo

2057 4481 2228 4547 tollit,
2254 4481 2308 4533 id
2335 4485 2422 4533 est
2446 4495 2557 4532 non
2581 4480 2773 4544 homo,
2802 4495 2984 4535 unum
3010 4488 3119 4549 est,
3144 4489 3198 4537 et
3225 4501 3401 4538 unam
3427 4502 3528 4556 per
3549 4502 3609 4540 se
3631 4486 3711 4541 si-

2062 4568 2493 4641 gniﬁcationem
2516 4567 2873 4637 subripiens.
2892 4569 3066 4625 Multa
3085 4573 3711 4645 suntquzeintelligen-

2061 4660 2206 4713 tium
2223 4657 2496 4712 sensibus
2513 4656 3375 4728 relinquuntur,commemorat
3388 4662 3560 4718 etiam
3576 4679 3714 4732 quo.

2062 4748 2244 4816 niam,
2260 4763 2375 4801 non
2397 4746 2577 4800 currit
2595 4747 2833 4800 verbum
2853 4750 3125 4818 superius
3146 4752 3443 4806 inﬁnitum
3465 4753 3710 4819 vocavit,

2063 4840 2117 4890 et
2142 4852 2253 4890 non
2273 4834 2621 4900 simpliciter
2643 4835 2910 4889 verbum.
2930 4838 3215 4901 Quoniam
3243 4855 3378 4910 ergo
3401 4839 3621 4909 aliquid
3647 4841 3717 4895 de

2065 4925 2262 4996 aliquo
2287 4924 2601 4977 attirmatio
2620 4929 2728 4987 est,
2747 4923 2853 4978 hoc
2869 4930 3063 4979 autem
3082 4929 3233 4997 quod
3258 4928 3591 4998 subjectum
3608 4932 3716 4998 est,

2065 5019 2167 5068 aut
2189 5028 2397 5068 nomen
2424 5028 2552 5065 esse
2574 5016 2821 5079 Oportet,
2845 5017 2946 5066 aut
2972 5014 3426 5082 innominatum,
3447 5017 3501 5071 id
3531 5022 3620 5071 est
3638 5018 3721 5071 in-

2065 5103 2298 5157 ﬁnitum
2335 5116 2572 5154 nomen.
2607 5100 2831 5170 Duplex
2863 5104 3274 5171 prepositionis
3306 5106 3531 5175 species
3562 5106 3719 5159 inve-

2066 5191 2125 5245 ni
2142 5196 2256 5244 tur.
2278 5188 2483 5243 Omnis
2501 5190 2657 5243 enim
2678 5190 2989 5245 atﬁrmatio
3009 5193 3095 5245 vel
3116 5208 3181 5246 ex
3202 5194 3363 5247 ﬁnito
3383 5194 3618 5249 nomine
3634 5197 3723 5248 est

2069 5284 2125 5334 et
2150 5279 2343 5342 verbo,
2376 5277 2463 5330 vel
2498 5294 2564 5329 ex
2614 5277 2842 5333 inﬁnito
2875 5280 3115 5334 nomine
3167 5286 3224 5335 et
3274 5282 3469 5349 verbo,
3518 5282 3721 5336 eodem

2069 5382 2303 5439 quoque
2322 5366 2491 5420 modo
2509 5370 2565 5419 et
2582 5367 2834 5437 negatio.
2863 5367 3063 5438 Neque
3087 5369 3241 5424 enim
3264 5373 3591 5441 reperietur
3614 5385 3725 5422 un-

2068 5473 2242 5526 quam
2275 5454 2394 5509 ulla
2426 5454 2761 5520 afﬁrmatio,
2815 5457 2990 5526 cujus
3042 5457 3275 5526 negatio
3327 5458 3575 5512 inveniri
3609 5471 3723 5509 non

2068 5544 2275 5616 possit.
2308 5544 2473 5610 Quod
2508 5542 2557 5597 si
2588 5543 2804 5615 duplex
2833 5550 2921 5600 est
2963 5544 3186 5617 species
3232 5546 3724 5617 afﬁrmationum,

3328 5664 3402 5721 17
