4090 6184
541 322 647 375 523
1824 319 1946 372 an.
1985 318 2207 371 MANL.
2248 317 2405 369 ssv.
2448 319 2684 375 BOETII
3794 326 3883 382 524

544 448 758 521 duplex
780 442 1350 518 quoqueestspecies
1368 440 1929 514 negationum,illud
1948 458 2181 513 quoque
2213 446 2267 512 Α
2300 442 2550 499 dicimus
2583 462 2697 501 non
2732 445 2925 512 homo,
2962 462 3035 501 an
3069 446 3368 502 inﬁnitum
3418 462 3613 503 nomen
3642 455 3796 521 esset,
3824 469 3885 508 an

542 540 963 593 commemorat
994 534 1143 603 quod
1173 550 1353 603 supra
1385 533 1510 601 jam
1564 532 1731 586 dixit.
1784 531 1929 586 Nam
1962 531 2099 587 licet
2122 548 2191 585 ex
2294 548 2428 588 vero
2464 533 2695 589 ﬁnitum
2729 552 2861 590 cum
2897 535 3200 606 negatione
3230 535 3618 606 conjunctum.
3641 539 3737 593 Sed
3761 556 3885 611 quo-

543 626 779 682 nomine
810 630 866 680 et
896 626 1089 688 verbo,
1125 629 1181 676 et
1216 639 1420 676 rursus
1455 638 1524 677 ex
1554 637 1619 676 eo
1650 622 1805 692 quod
1835 638 1947 675 non
1971 624 2062 675 est
2084 638 2187 675 no-
2296 621 2453 676 niam
2487 623 2785 679 Aristoteli
2819 622 3005 695 placet
3049 624 3243 679 verbis
3288 625 3617 695 negationes
3660 633 3886 697 oportere

541 732 696 780 men,
722 714 822 769 sed
848 712 1145 767 inﬁnitum
1168 716 1480 777 nomen,et
1503 710 1674 765 verbo
1701 711 1765 763 ﬁt
1790 710 2101 765 afﬁrmatio
2133 715 2190 765 et
2293 713 2595 783 conjungi,
2627 712 2858 768 inﬁnita
2893 713 3080 786 magis
3111 713 3286 769 verba
3318 714 3568 786 ambigui
3598 716 3885 773 intellectus

541 804 771 875 negatio
796 802 1184 873 praedicativa,
1209 801 1264 855 id
1300 804 1388 855 est
1413 799 1766 871 categorica,
1794 804 1856 853 ut
1887 803 2077 854 autem
2113 798 2190 853 sit
2294 806 2453 868 sunt,
2474 818 2545 855 an
2569 800 2804 856 inﬁnita
2821 802 3149 872 videantur,
3173 819 3246 857 an
3265 818 3399 857 cum
3426 802 3713 874 negatione
3733 805 3887 861 ﬁnita.

541 891 994 963 praeterverbum
1017 888 1462 945 ullaafﬁrmatio
1477 894 1652 959 atque
1672 888 2190 959 negatio,autpra3-
2293 890 2487 960 Atque
2516 888 2645 944 ideo
2678 891 2759 945 ita
2791 890 3147 946 discernitur
3176 896 3476 962 sumptum
3522 909 3647 947 cum
3690 894 3889 949 nomine

537 986 625 1036 ter
648 981 700 1034 id
726 981 881 1051 quod
910 981 1059 1034 idem
1094 978 1385 1049 signiﬁcet
1414 978 1655 1033 verbum
1688 977 1775 1032 vel
1808 978 1865 1031 in
1898 976 2183 1032 subaudi-
2290 974 2591 1032 inﬁnitum
2617 980 2860 1034 verbum
2884 979 3118 1051 negatio
3145 980 3210 1033 ﬁt
3231 985 3287 1035 et
3313 980 3571 1051 negativa
3590 982 3890 1052 propositio,

536 1071 715 1135 tione,
747 1069 835 1124 vel
867 1068 1063 1139 aliquo
1095 1068 1209 1123 alio
1240 1068 1432 1133 modo,
1468 1068 1590 1122 ﬁeri
1623 1083 1737 1121 non
1774 1071 1981 1137 potest.
2017 1065 2187 1122 Ponit
2293 1069 2358 1119 ut
2386 1070 2493 1131 est,
2530 1066 2705 1123 homo
2739 1085 2854 1123 non
2887 1068 3173 1124 ambulat.
3198 1069 3307 1124 Per
3326 1085 3387 1125 se
3414 1085 3542 1124 vero
3565 1068 3767 1125 dictum
3790 1069 3892 1125 infi-

539 1175 771 1231 quoque
792 1159 967 1213 verba
989 1174 1119 1229 quae
1136 1154 2183 1228 peneinomnibuspropositionibus,
2293 1154 2483 1209 nitum
2515 1156 2755 1212 verbum
2790 1162 2900 1225 est,
2936 1162 3000 1213 ut
3036 1174 3151 1213 non
3186 1156 3467 1213 ambulat.
3487 1160 3663 1229 Atque
3681 1159 3796 1214 ideo
3813 1159 3891 1214 bio

537 1255 638 1305 aut
666 1251 795 1319 ipsa
822 1250 1056 1313 cadant,
1092 1253 1191 1302 aut
1215 1263 1342 1317 qua:
1374 1248 1529 1302 idem
1570 1246 1822 1301 valeant.
1870 1247 1973 1301 Est
2002 1247 2181 1312 enim,
2292 1243 2477 1299 solam
2510 1245 2899 1302 differentiam
2934 1247 3243 1303 nominum
3276 1251 3333 1303 et
3360 1247 3709 1303 inﬁnitarum
3734 1248 3893 1303 nomi-

535 1338 749 1409 inquit,
782 1338 866 1392 vel
901 1337 1030 1403 erit,
1065 1336 1147 1391 vel
1188 1338 1315 1402 fuit,
1349 1335 1437 1390 vel
1487 1351 1848 1407 quaecunque
1898 1335 2014 1391 alia
2043 1352 2181 1390 con-
2291 1332 2509 1388 numin
2532 1335 3034 1405 propositionibus
3054 1336 3231 1404 dedit,
3251 1352 3363 1391 non
3383 1336 3893 1392 etiaminﬁnitorum

536 1427 873 1499 signiﬁcant
896 1430 1141 1496 tempus,
1164 1425 1338 1479 verba
1360 1428 1519 1493 sunt,
1546 1428 1609 1478 ut
1630 1424 1822 1478 doceri
1847 1440 1915 1479 ex
1935 1424 2028 1479 his
2052 1441 2183 1495 pos-
2288 1422 2623 1491 verborum,
2665 1423 2880 1480 idcirco
2914 1425 3068 1496 quod
3108 1425 3177 1479 de
3209 1425 3538 1496 conjunctis
3570 1424 3891 1496 loquebatur,

536 1532 745 1571 sumus
773 1531 898 1585 quas
933 1519 1067 1569 ante
1102 1513 1292 1585 posita
1322 1518 1480 1580 sunt,
1512 1517 1686 1583 atque
1714 1528 2013 1580 concessa,
2047 1530 2181 1568 cum
2291 1508 2516 1565 scilicet
2537 1512 2605 1565 de
2630 1511 2971 1569 nominibus
2999 1511 3085 1567 vel
3120 1512 3371 1569 inﬁnitis
3404 1513 3725 1569 nominibus
3746 1517 3893 1584 atque

538 1603 812 1659 difﬁnitio
842 1604 1175 1668 verborum,
1209 1603 1465 1672 daretur,
1499 1603 1674 1656 verba
1715 1618 1844 1657 esse
1888 1618 2015 1672 quae
2043 1618 2180 1657 con-
2288 1598 2500 1654 verbis.
2528 1601 2589 1655 In
2615 1617 2731 1671 qua
2748 1601 3164 1671 conjunctione
3185 1601 3241 1655 id
3270 1603 3427 1673 quod
3448 1618 3547 1674 per
3563 1601 3894 1657 seinﬁnitum

536 1693 944 1763 signiﬁcarent
975 1696 1227 1763 tempus.
1263 1694 1450 1757 Quare
1481 1691 1529 1745 si
1583 1691 1703 1745 haec
1736 1688 2183 1760 consigniﬁcant
2287 1688 2529 1743 verbum
2555 1689 2790 1755 dicitur,
2820 1690 3053 1761 negatio
3077 1695 3185 1745 est.
3211 1690 3412 1762 Neque
3433 1690 3584 1746 enim
3605 1694 3810 1761 oportet
3828 1690 3893 1743 si-

536 1786 794 1852 tempus,
821 1798 933 1835 non
954 1786 1040 1836 est
1060 1780 1305 1836 dubium
1326 1781 1469 1851 quin
1488 1781 1663 1834 verba
1680 1780 1799 1833 sint
1818 1796 1831 1846 ;
1852 1778 1950 1833 sed
1979 1782 2184 1849 printer
2213 1817 2257 1852 η
2290 1781 2388 1829 cut
2410 1778 2602 1831 omnis
2627 1778 2943 1850 propositio
2968 1784 3070 1834 aut
3092 1795 3160 1833 ex
3181 1778 3347 1834 ﬁnito
3371 1778 3600 1835 nomine
3630 1783 3723 1834 aut
3740 1794 3800 1833 ex
3823 1776 3894 1831 in-

536 1870 656 1925 haac
677 1876 778 1925 aut
806 1874 1011 1940 praeter
1040 1870 1190 1925 idem
1223 1868 1495 1935 valentia,
1533 1868 1691 1923 nulla
1725 1866 2040 1938 propositio
2071 1870 2179 1921 est.
2213 1864 2259 1881 "
2293 1864 2457 1919 ﬁnito
2479 1870 2729 1933 constat,
2754 1867 2809 1920 id
2836 1884 3067 1937 quoque
3092 1871 3191 1922 aut
3222 1883 3291 1923 ex
3322 1867 3488 1923 ﬁnito
3517 1867 3704 1936 verbo,
3733 1870 3818 1920 aut
3839 1880 3894 1919 ex

537 1958 711 2014 Recte
741 1959 921 2029 igitur
950 1959 1172 2013 dictum
1207 1963 1295 2014 est
1327 1963 1533 2031 praeter
1554 1958 1728 2011 verba
1750 1955 2183 2027 praedicativam
2290 1952 2520 2008 inﬁnito
2544 1961 2831 2010 constare.
2854 1955 3655 2012 lnﬁnitumenimverbumin
3671 1953 3893 2025 pr0posi-

538 2047 993 2117 propositionem
1019 2064 1132 2101 non
1158 2064 1328 2117 posse
1350 2047 1649 2101 constitui.
1672 2046 1839 2101 Juste
1862 2051 2057 2100 tamen
2079 2044 2184 2099 ali-
2290 2041 2549 2096 tionibus
2577 2061 2689 2098 non
2715 2050 2827 2111 est,
2850 2047 2947 2099 sed
2975 2045 3206 2115 quoties
3228 2046 3453 2117 aliquid
3480 2046 3564 2115 (ut
3584 2045 3789 2098 dictum
3806 2044 3893 2109 est)

536 2136 670 2206 quis
693 2136 1073 2205 quaestionem
1092 2136 1360 2191 videatur
1380 2153 1690 2208 opponere,
1710 2136 1951 2205 curjam
1975 2134 2187 2190 dixerit
2290 2129 2405 2185 tale
2428 2148 2529 2202 per
2549 2148 2609 2187 se
2633 2133 2892 2203 ponitur,
2920 2134 3150 2188 ﬁnitum
3176 2134 3417 2205 quidem
3443 2134 3673 2188 verbum
3697 2138 3793 2196 est,
3811 2128 3893 2183 sed

537 2230 745 2296 praeter
791 2227 1028 2280 verbum
1078 2225 1513 2280 enuntiationes
1567 2224 1729 2279 nulla
1760 2223 1982 2279 ratione
2014 2240 2185 2294 posse
2289 2218 2373 2273 illi
2395 2222 2705 2291 conjuncta
2728 2223 2958 2293 negatio
2980 2226 3157 2279 totam
3183 2223 3635 2296 prapositionem
3661 2222 3894 2293 privatae

538 2314 834 2379 constitui,
853 2329 1005 2369 nunc
1028 2315 1181 2368 idem
1208 2313 1436 2384 repetit,
1455 2313 1621 2385 quasi
1643 2311 1784 2367 nihil
1802 2312 1871 2366 de
1890 2311 1999 2367 hoc
2013 2316 2185 2367 antea
2291 2308 2624 2378 destruit,et
2642 2311 2878 2366 verbum
2895 2312 3129 2382 quidem
3147 2312 3723 2383 inﬁnitumjunctum
3740 2308 3895 2365 nomi-

539 2402 921 2474 praadixisset,
953 2404 1052 2457 sed
1078 2403 1442 2473 superfluum
1466 2402 1647 2456 videri
1672 2418 1785 2456 non
1812 2402 2001 2455 debet.
2027 2403 2182 2466 Quo-
2290 2397 2466 2453 nibus
2487 2398 2853 2469 negationem
2880 2406 2944 2455 ut
2966 2401 3139 2457 faciat
3161 2417 3405 2457 necesse
3426 2408 3535 2468 est,
3558 2415 3757 2456 nomen
3783 2412 3891 2452 vero

540 2492 697 2546 niam
727 2490 883 2546 enim
920 2491 1146 2546 ﬁnitum
1181 2508 1391 2545 nomen
1415 2508 1547 2545 cum
1585 2491 1850 2562 negativa
1872 2489 2179 2561 particula,
2290 2486 2586 2541 inﬁnitum
2619 2489 2887 2558 junctum
2921 2491 3096 2545 verbo
3128 2507 3242 2546 non
3276 2507 3518 2547 necesse
3554 2495 3635 2546 est
3663 2494 3721 2544 ut
3751 2486 3893 2542 faciat

539 2597 751 2635 nomen
780 2584 868 2635 est
890 2580 1208 2644 infinitum,
1232 2580 1446 2635 idcirco
1472 2584 1775 2651 putaretur
1802 2579 2052 2634 fortasse
2082 2594 2182 2634 ne-
2290 2576 2680 2646 negationem.
2697 2578 2856 2641 Quod
2879 2577 3031 2633 enim
3049 2578 3304 2635 dicimus
3326 2596 3442 2635 non
3464 2576 3891 2640 bomoambulat,

537 2672 692 2741 gatio
717 2685 865 2736 esse,
891 2670 1041 2733 quod
1071 2670 1324 2723 dicimus
1345 2686 1455 2723 non
1482 2669 1674 2724 homo.
1696 2668 1856 2733 Quod
1879 2668 1926 2723 si
1953 2668 2072 2722 haec
2094 2671 2184 2723 est
2290 2665 2624 2733 afﬁrmatio,
2659 2684 2773 2721 non
2808 2666 3040 2738 negatio
3064 2673 3170 2723 est.
3196 2668 3349 2741 Ergo
3372 2669 3645 2740 quoniam
3669 2666 3890 2723 afﬁrma-

538 2760 769 2829 negatio
802 2758 974 2813 homo
998 2763 1087 2813 est
1110 2758 1445 2813 afﬁrmatio.
1471 2758 1551 2812 Ne
1574 2758 1633 2811 in
1668 2758 1822 2812 hunc
1852 2773 1987 2829 ergo
2019 2756 2185 2827 quis-
2286 2756 2506 2808 tionem
2531 2760 2753 2824 oportet
2773 2754 2995 2826 aliquid
3020 2756 3088 2811 de
3110 2756 3309 2827 aliquo
3337 2758 3682 2829 signiﬁcare,
3715 2768 3891 2810 nomen

535 2863 709 2918 quam
747 2846 1042 2902 laberetur
1073 2863 1350 2912 errorem,
1386 2847 1496 2902 hoc
1528 2847 1694 2913 dixit,
1727 2852 1784 2902 et
1814 2862 2069 2918 congrue
2094 2863 2181 2901 re-
2289 2848 2481 2897 autem
2514 2843 2812 2899 inﬁnitum
2846 2849 2934 2900 est
2962 2844 3208 2917 aliquid,
3249 2848 3486 2916 quoties
3516 2846 3768 2908 dicimus,
3799 2856 3889 2895 non

538 2936 760 3006 petivit,
780 2938 1057 3007 quoniam
1084 2942 1287 3005 printer
1309 2937 1549 2991 verbum
1570 2935 1896 2991 enuntiatio
1918 2952 2045 2991 esse
2066 2952 2179 2990 non
2288 2930 2461 2986 homo
2486 2932 2771 3000 ambulat,
2792 2932 3276 3001 ambulationem,
3297 2936 3357 2990 id
3381 2940 3472 2991 est
3492 2934 3703 3005 aliquid
3724 2932 3785 2987 de
3800 2945 3892 2985 non

535 3030 746 3095 potest,
781 3030 1057 3097 tanquam
1094 3026 1141 3080 si
1170 3025 1409 3095 diceret,
1444 3042 1612 3080 nemo
1644 3025 1963 3081 arbitretur
1985 3025 2182 3079 inﬁni-
2287 3020 2545 3088 homine,
2580 3022 2636 3075 id
2670 3027 2760 3077 est
2786 3022 2856 3077 de
2888 3022 3083 3094 aliquo
3113 3024 3526 3095 praedicamus.
3561 3024 3664 3079 Sed
3698 3020 3894 3077 sidica-

529 3118 655 3168 tum
681 3131 891 3168 nomen
918 3131 1046 3169 esse
1068 3115 1456 3185 negationem,
1479 3130 1583 3169 nec
1602 3130 1812 3169 nomen
1834 3114 2179 3169 afﬁrmatio-
2222 3183 2245 3185 Δγ
2290 3126 2419 3164 mus
2444 3127 2556 3165 non
2580 3109 2864 3179 ambulat,
2890 3127 3003 3166 non
3027 3112 3221 3183 potius
3241 3113 3315 3168 de
3337 3113 3535 3184 aliquo
3556 3111 3893 3184 praedicamus

531 3219 662 3256 nem
677 3202 917 3271 .gPreeter
933 3183 1171 3258 verbum
1192 3204 1343 3259 enim
1363 3203 1673 3258 affirmatio
1691 3209 1747 3258 et
1765 3203 1994 3274 negatio
2014 3202 2176 3258 nulla
2206 3183 2248 3249 C
2288 3199 2528 3270 aliquid,
2554 3200 2655 3254 sed
2676 3200 2747 3255 ab
2765 3200 2958 3271 aliquo
2976 3200 3261 3257 tollimus.
3289 3203 3401 3269 Qui
3427 3183 3581 3258 enim
3607 3200 3733 3255 dicit
3751 3198 3892 3252 homo

529 3293 721 3361 potest
751 3307 1011 3361 unquam
1045 3291 1265 3346 ratione
1296 3292 1597 3347 constitui.
1632 3292 1693 3346 ln
1734 3291 1844 3346 hoc
1866 3291 2005 3345 illud
2034 3308 2178 3362 quo-
2285 3304 2398 3343 non
2432 3289 2713 3357 ambulat,
2750 3288 3211 3346 ambulationem
3247 3292 3324 3347 ab
3358 3292 3597 3347 homine
3624 3288 3777 3353 tollit,
3800 3298 3891 3340 non

529 3394 641 3447 que
661 3383 959 3433 notaverat
980 3381 1133 3450 quod
1157 3381 1395 3435 verbum
1416 3380 1712 3436 inﬁnitum
1732 3385 1788 3435 et
1805 3381 2176 3451 negationem
2285 3379 2354 3432 de
2388 3378 2623 3433 homine
2650 3379 2944 3449 praedicat.
2969 3380 3153 3443 Quare
3182 3382 3420 3452 negatio
3445 3380 3631 3452 potius
3652 3392 3806 3449 quam
3825 3373 3890 3428 af-

529 3468 907 3540 signiﬁcaret,
932 3474 990 3525 et
1014 3470 1311 3525 inﬁnitum
1337 3473 1601 3525 verbum.
1630 3472 1685 3525 ld
1712 3471 1866 3525 enim
1901 3472 2055 3541 quod
2088 3470 2173 3525 di-
2285 3466 2538 3523 firmatio
2568 3472 2677 3523 est.
2710 3468 2769 3522 Si
2800 3468 2952 3522 enim
2988 3468 3311 3525 afﬁrmatio
3346 3475 3523 3537 esset,
3555 3470 3609 3523 id
3627 3471 3710 3523 est
3729 3464 3772 3520 si
3788 3478 3887 3517 ver-

527 3557 715 3611 cimus
748 3574 860 3612 non
888 3558 1151 3612 ambulat
1172 3563 1230 3613 et
1252 3559 1549 3613 inﬁnitum
1572 3560 1815 3615 verbum
1839 3564 1950 3626 est,
1982 3564 2039 3614 et
2068 3576 2174 3615 ne-
2282 3555 2420 3609 bum
2449 3560 2605 3611 esset
2636 3556 2956 3623 infinitum,
2989 3556 3209 3628 aliquid
3245 3559 3321 3613 de
3352 3558 3552 3630 aliquo
3574 3552 3884 3628 praedicaret.

525 3646 704 3717 gatio,
732 3647 831 3701 sed
858 3662 960 3717 per
981 3662 1041 3701 se
1065 3645 1299 3717 quidem
1326 3647 1373 3701 si
1398 3647 1628 3702 dicatur
1650 3647 1897 3717 simplex
1919 3646 2043 3703 sine
2062 3648 2173 3703 ali-
2279 3645 2446 3701 Nunc
2473 3652 2664 3701 autem
2700 3645 2922 3717 aliquid
2946 3646 3018 3701 ab
3041 3647 3239 3718 aliquo
3275 3647 3452 3702 tollit.
3486 3652 3601 3701 Non
3635 3648 3715 3699 est
3740 3638 3887 3711 igitur

528 3735 745 3805 quibus
769 3734 899 3790 aliis
920 3735 1351 3805 adjectionibus
1368 3735 1665 3790 inﬁnitum
1686 3736 1925 3791 verbum
1946 3740 2051 3791 est.
2070 3736 2171 3791 Sin
2278 3735 2519 3789 verbum
2537 3734 2855 3801 inﬁnitum,
2880 3734 2980 3790 sed
3002 3735 3190 3806 potius
3208 3735 3471 3808 negatio,
3496 3729 3779 3807 quotiesin
3793 3730 3888 3781 tota

524 3839 657 3878 vero
682 3840 815 3878 cum
841 3825 1076 3879 nomine
1098 3828 1350 3879 autcum
1384 3824 1612 3879 inﬁnito
1646 3824 1881 3879 nomine
1914 3825 2169 3895 profera-
2278 3826 2534 3879 sumitur
2549 3823 3445 3895 nropositinne.Numerumvero
3464 3820 3885 3896 propositionum

522 3915 637 3978 tur,
664 3927 777 3965 non
795 3910 919 3981 jam
949 3913 1187 3967 verbum
1225 3912 1545 3975 inﬁnitum,
1575 3912 1675 3967 sed
1702 3912 1932 3983 negatio
1956 3912 2169 3985 accipi-
2279 3929 2429 3985 quas
2451 3930 2554 3967 nos
2577 3930 2756 3984 supra
2780 3929 3013 3985 quoque
3036 3914 3491 3985 descripsimus,
3517 3914 3638 3985 ipse
3657 3902 3887 3978 subjecit.

520 4003 637 4065 tur,
663 4007 725 4054 ut
743 4018 883 4068 non,
907 4002 1176 4073 negativa
1200 4002 1727 4073 particula,juncta
1750 4020 1881 4057 cum
1906 4003 2171 4058 ambulat
2277 4007 2333 4058 et
2354 4003 2616 4058 inﬁnitas
2640 4003 2877 4073 quidem
2905 4003 3082 4074 prius,
3109 4008 3239 4075 post
3271 4021 3410 4060 vero
3435 4000 3885 4072 contrajacentes:
3954 4028 3955 4031 η

520 4088 820 4145 inﬁnitum
848 4092 1091 4146 verbum
1114 4091 1327 4146 efﬁciat
1353 4108 1465 4147 non
1491 4091 1773 4157 ambulat,
1809 4094 1909 4147 sed
1945 4092 2001 4146 in
2036 4109 2166 4162 pro-
2276 4092 2431 4163 quod
2463 4092 2512 4147 si
2543 4090 2677 4162 quis
2711 4092 2779 4147 ad
2817 4092 2915 4146 illa
2947 4092 3258 4148 revertitur
3288 4093 3378 4148 vel
3415 4092 3510 4148 hic
3542 4079 3888 4146 intenditani-

520 4178 807 4249 positione
830 4196 953 4251 quae
978 4186 1066 4235 est
1088 4180 1262 4236 homo
1287 4197 1400 4235 non
1418 4181 1704 4248 ambulat,
1726 4182 2021 4236 hominem
2046 4197 2162 4236 non
2275 4198 2461 4247 mum,
2497 4182 2554 4236 in
2586 4197 2697 4251 quo
2739 4180 2825 4235 vel
2874 4185 3072 4235 nostra
3116 4181 3203 4237 vel
3250 4181 3585 4240 Aristotelis
3626 4169 3888 4247 dispositio

519 4268 824 4323 ambulare
845 4270 1137 4341 designat,
1160 4275 1332 4339 atque
1363 4271 1490 4325 ideo
1524 4271 1604 4324 ait
1636 4272 1900 4339 subjecta
1929 4270 2163 4342 quidem
2273 4270 2586 4341 discrepet,
2615 4269 2927 4341 diligenter
2956 4272 3242 4342 agnoscit.
3283 4277 3398 4328 Nos
3429 4271 3583 4327 enim
3614 4274 3667 4325 et
3693 4266 3887 4321 contra-

516 4355 576 4409 in
594 4358 1092 4428 propositionibus
1111 4376 1282 4431 posse
1314 4376 1443 4415 esse
1460 4358 1545 4415 vel
1566 4359 1919 4424 nomina,vel
1936 4359 2165 4415 inﬁnita
2271 4359 2390 4413 rias
2422 4358 2837 4429 proposuimus
2862 4362 2919 4413 et
2939 4358 3407 4416 subcontrarias.
3434 4355 3759 4415 Aristoteles
3779 4360 3883 4403 vero
3944 4348 3947 4435 l

516 4444 779 4511 nomina,
814 4447 1126 4516 prazdicata
1154 4465 1290 4503 vero
1324 4452 1529 4519 praeter
1549 4449 1722 4503 verba
1741 4465 1870 4504 esse
1894 4467 2006 4504 non
2031 4466 2163 4519 pos-
2272 4448 2465 4503 solum
2498 4447 2946 4503 contradictoris
2978 4447 3217 4502 sibimet
3247 4450 3705 4520 contrajacentes
3732 4450 3881 4510 oppO-
3936 4444 3945 4520 ᾖ

512 4548 593 4586 se.
620 4537 764 4587 Nam
789 4533 909 4589 sive
940 4535 997 4589 in
1032 4536 1524 4592 afﬁrmationibus
1546 4537 1680 4607 quis
1714 4542 1908 4607 ponat,
1942 4537 1997 4590 id
2032 4553 2160 4592 ver-
2191 4555 2238 4620 Ι)
2271 4537 2533 4607 sitasque
2564 4537 2907 4608 proposuit;
2941 4537 3043 4591 sed
3087 4537 3439 4593 Aristoteles
3480 4554 3592 4592 non
3637 4530 3806 4589 solum
3832 4523 3878 4578 in
3936 4523 3943 4595 ἦ

509 4620 649 4675 bum
674 4622 798 4677 sine
822 4623 999 4677 dubio
1024 4625 1377 4694 praedicavit,
1399 4626 1521 4681 sive
1543 4626 1600 4680 in
1622 4626 2159 4697 negationibus,est
2270 4625 2543 4696 prmsenti
2574 4630 2833 4696 tempore
2864 4625 3099 4680 easdem
3133 4626 3607 4696 pr0positionum
3629 4620 3759 4677 dicit
3776 4625 3877 4671 esse
3932 4626 3941 4689 χ

511 4725 624 4764 non
651 4710 947 4767 inﬁnitum
971 4714 1233 4783 verbum,
1261 4716 1360 4770 sed
1384 4719 1613 4771 tantum
1637 4716 1903 4779 verbum,
1927 4715 2021 4769 cui
2054 4716 2154 4769 ad-
2267 4713 2626 4768 differentias
2658 4729 2805 4783 quas
2838 4713 3162 4783 proposuit,
3195 4714 3296 4769 sed
3332 4715 3516 4770 etiam
3543 4716 3598 4768 in
3622 4709 3742 4765 aliis
3759 4717 3874 4777 quo-

507 4797 629 4852 dita
660 4816 774 4854 non
806 4802 1093 4869 particula
1124 4808 1299 4858 totam
1344 4803 1685 4874 qualitatem
1732 4803 2150 4874 propositionis
2268 4819 2381 4872 que
2439 4801 2669 4857 duobus
2726 4801 3091 4873 temporibus
3149 4818 3277 4873 qum
3340 4804 3700 4859 extrinsecus
3728 4794 3873 4850 sunt:

504 4901 573 4940 ex
599 4888 946 4945 afﬁrmativa
980 4890 1038 4945 in
1067 4892 1397 4962 negativam
1425 4897 1771 4946 commutat.
1796 4894 1982 4957 Quare
2004 4898 2155 4947 recte
2267 4889 2630 4946 extrinsecus
2659 4896 2852 4944 autem
2884 4895 3149 4961 tempora
3180 4896 3351 4947 vocat
3385 4909 3516 4964 quas
3545 4893 3738 4962 praeter
3756 4895 3874 4954 prte-

506 4974 723 5030 nullam
740 4979 1121 5035 differentiam
1139 4981 1602 5051 propositionum
1619 4979 2154 5037 deinﬁnitisverbis
2265 4996 2400 5035 sens
2432 4983 2590 5045 sunt,
2622 4979 2975 5047 praeteritum
3008 4979 3230 5034 scilicet
3260 4985 3320 5035 et
3347 4981 3633 5035 futurum.

504 5063 655 5119 fecit.
680 5066 915 5122 Inﬁnita
929 5069 1081 5123 enim
1104 5069 1276 5124 verba
1293 5073 1433 5123 tunc
1453 5073 1591 5123 sunt
1610 5069 1860 5137 inﬁnita,
1880 5084 2011 5123 cum
2028 5069 2153 5124 sola
2337 5068 2561 5137 Quando
2580 5071 2765 5123 autem
2789 5072 2867 5122 est
2887 5068 3112 5123 tertium
3137 5068 3405 5140 adjacens
3423 5068 3765 5141 pradieatur,
3790 5058 3869 5112 du-

502 5158 663 5208 sunt.
699 5154 757 5209 Si
791 5172 924 5211 vero
966 5173 1097 5212 cum
1143 5156 1375 5211 inﬁnito
1426 5158 1658 5212 nomine
1699 5158 2022 5227 junguntur
2052 5163 2153 5213 aut
2261 5157 2489 5231 pliciter
2517 5165 2649 5212 tunc
2669 5157 2933 5212 dicuntur
2952 5157 3358 5229 oppositiones.
3394 5158 3729 5217 Dicoautem,
3754 5148 3875 5203 ult“
3928 5144 3931 5215 Ῐ

501 5242 666 5298 ﬁnito
702 5246 955 5309 nomine,
991 5262 1105 5299 non
1162 5245 1396 5299 inﬁnita
1455 5248 1627 5301 verba
1661 5247 1787 5315 jam
1838 5255 1996 5316 sunt,
2048 5249 2149 5303 sed
2252 5248 2441 5317 justus
2464 5246 2739 5301 homo.Est
2771 5246 2997 5300 tertium
3029 5246 3151 5301 dico
3181 5246 3441 5314 adiacere
3468 5263 3657 5302 nomen
3684 5240 3759 5298 vel
3784 5250 3875 5291 ver-

501 5330 685 5387 ﬁnita.
723 5333 863 5388 Cum
898 5335 1203 5405 negatione
1253 5339 1446 5389 tamen
1484 5334 1539 5389 in
1587 5341 1702 5390 tota
1754 5335 2148 5406 propositione
2263 5337 2391 5391 bum
2423 5338 2481 5390 in
2512 5335 2905 5405 afﬁrmatione.
2933 5336 3111 5403 Quare
3141 5340 3389 5406 quatuor
3417 5340 3582 5392 erunt
3609 5334 3740 5394 istae,
3766 5338 3870 5397 (μια-

497 5418 929 5491 intelliguntur.
949 5422 1005 5477 Si
1022 5438 1179 5493 ergo,
1204 5424 1700 5494 quemadmodum
1719 5423 1897 5479 Stoici
1920 5424 2143 5491 volunt,
2260 5442 2386 5480 rum
2418 5424 2539 5480 dua:
2569 5423 2787 5493 quidem
2810 5424 2879 5478 ad
2901 5426 3346 5495 afﬁrmationem
3362 5434 3418 5481 et
3438 5426 3767 5495 negationem
3784 5423 3874 5468 me

494 5508 563 5562 ad
600 5511 833 5565 nomina
868 5512 1206 5583 negationes
1238 5518 1551 5584 ponentur,
1586 5519 1651 5568 ut
1680 5518 1835 5569 esset
1892 5530 2007 5569 non
2044 5514 2144 5569 bo-
2258 5512 2535 5568 habebuut
2552 5514 2847 5567 secundum
2864 5517 3335 5586 consequentiam,
3356 5519 3419 5568 ut
3431 5504 3869 5586 privationem“?

501 5613 595 5652 mo
623 5599 886 5657 ambulat
918 5601 1173 5672 negatio,
1205 5602 1547 5674 ambiguum
1589 5620 1717 5661 esse
1757 5608 1977 5675 posset,
2010 5620 2145 5660 cum
2258 5620 2382 5661 vero
2411 5602 2662 5657 minime.
2696 5602 2827 5658 Dico
2856 5607 3045 5659 autem
3080 5604 3345 5673 quoniam
3375 5608 3474 5675 est,
3525 5605 3619 5659 aut
3634 5602 3766 5675 justo
3790 5588 3865 5649 αα·

3950 4172 3951 4219 ι

3946 4348 3947 4407 l

3938 4426 3945 4501 l

3937 4508 3943 4595 l

3937 4626 3941 4689 l

3937 4710 3939 4783 l

3950 4172 3951 4219 ι

3948 4246 3949 4313 l

3946 4348 3947 4407 l

3938 4426 3945 4501 l

3936 4508 3943 4595 l

3932 4626 3941 4689 l

3936 4710 3939 4793 Ν

3932 4796 3937 4877 ὦ

3926 5270 3927 5347 ι

3920 5376 3925 5441 J

3922 5460 3923 5535 ι

3916 5550 3921 5629 l

3918 5642 3919 5723 ι

3911 5736 3917 6005 l
