4106 6172
397 251 504 307 543

1672 253 1790 305 ΔΝ.
1831 249 2053 303 MANL.
2096 247 2255 300 BEV.
2296 246 2536 301 ΒΟΕΤΙῙ

3678 253 3777 310 544

401 373 633 429 inﬁnita
665 387 778 427 non
813 373 1005 427 omnis
1035 377 1122 428 est
1155 373 1326 429 homo
1361 391 1472 428 non
1499 376 1718 445 justus.
1741 374 1927 436 Quare
1950 367 2044 422 hic
2075 369 2130 434 Α
2161 369 2534 437 particularis
2569 369 2800 440 negatio
2862 370 3113 441 simplex
3144 386 3271 441 quas
3305 374 3427 438 est,
3462 387 3569 427 non
3600 377 3778 433 omnis

399 479 626 534 quoque
642 463 1087 517 aflirmationem
1105 465 1448 530 negationes
1464 460 1924 534 sequuntur,sed
1940 459 2048 513 hoc

401 569 510 606 non
529 553 886 605 convertitur
911 571 924 618 ;
943 552 1220 622 quoniam
1239 553 1393 606 enim
1411 552 1727 622 (utdictum
1744 553 1853 617 est)
1874 565 2047 619 nega-

399 641 475 693 tio
502 639 875 708 particularis
911 640 1225 710 privatoria
1258 659 1384 710 qua:
1421 642 1582 706 dicit,
1609 657 1721 693 non
1745 638 1936 692 omnis
1959 643 2048 692 est

395 728 568 782 homo
615 728 895 796 injustus,
947 729 1244 782 consentit
1290 728 1622 798 particulari
1668 724 2045 780 afﬁrmationi

397 816 675 888 simplici,
700 818 746 871 ei
774 817 993 871 scilicet
1039 835 1166 889 quae
1189 818 1350 882 dicit,
1377 818 1615 888 quidam
1654 816 2044 884 homojustus

396 912 669 961 est.Hanc
695 911 889 960 autem
919 908 1324 976 particularem
1357 907 1803 960 affirmationem
1831 921 1941 958 non
1961 921 2045 958 sc-

401 997 604 1067 quitur
628 996 975 1050 universalis
999 995 1332 1058 afﬁrmatio,
1370 1013 1555 1065 neque
1580 996 1732 1048 enim
1759 995 1800 1048 si
1841 1010 2042 1047 verum

398 1095 480 1140 est
506 1087 814 1156 quemdam
842 1085 1134 1139 hominem
1170 1085 1570 1153 essejustum,
1607 1083 1961 1152 idcireojam
1987 1087 2044 1137 et

395 1192 628 1230 omnem
671 1191 799 1228 esse
824 1174 1121 1227 hominem
1166 1174 1390 1244 justum
1440 1190 1676 1227 necesse
1708 1179 1816 1227 est.
1853 1176 2040 1236 Quare

313 1267 316 1282 ⁵
398 1282 509 1317 non
536 1264 805 1334 sequitur
826 1263 1138 1316 affirmatio
1165 1262 1513 1317 universalis
1553 1262 1819 1330 simplex,
1847 1263 2040 1316 omnis

394 1360 482 1407 est
508 1355 678 1407 homo
705 1355 924 1422 justus,
952 1352 1403 1406 afﬁrmationem
1439 1352 1875 1422 particularem.
1910 1352 2038 1421 qui-

393 1444 526 1496 dam
546 1442 1418 1511 homoostjustus,potestenim
1439 1441 1546 1496 hac
1570 1441 1784 1506 vera,id
1802 1446 1891 1494 est
1908 1458 2040 1510 par-

394 1531 624 1586 ticulari
650 1531 996 1584 universalis
1021 1546 1147 1584 esse
1174 1530 1445 1595 falsa,sed
1475 1529 1848 1600 particularis
1877 1531 2037 1582 affir-

399 1621 574 1674 matio
597 1621 845 1688 simplex
876 1618 1211 1688 particulari
1239 1619 1530 1689 negationi
1558 1618 1881 1688 privatoria;
1901 1635 2033 1672 con-

2153 461 2242 510 est
2264 457 2677 527 homojustus,
2709 457 3097 514 universalem
3138 459 3574 516 afﬁrmationem
3599 463 3779 520 inﬁni-

2153 549 2272 599 tam
2298 563 2426 616 quae
2447 547 2607 613 dicit,
2634 547 2824 602 omnis
2848 552 2938 602 est
2961 548 3134 603 homo
3159 565 3272 602 non
3290 549 3508 618 justus,
3534 550 3621 606 hic
3638 569 3767 623 quo-

2152 651 2264 704 que
2289 637 2714 690 afﬁrmationes
2739 637 3101 692 universales
3123 638 3488 708 privatoriam
3515 647 3682 711 atque
3704 643 3775 698 in-

2155 723 2375 778 ﬁnitam
2419 725 3086 796 sequiturparticnlaris
3132 726 3360 798 negatio
3404 729 3643 797 simplex
3665 747 3775 801 quis

2151 818 2381 870 estnon
2405 815 2598 868 omnis
2621 819 2708 868 est
2735 816 2939 885 homoj
2959 817 3254 877 ustus,sed
3285 834 3394 870 non
3420 823 3767 875 convertitur.

2152 912 2372 965 Etenim
2400 912 2678 982 quoniam
2716 913 3047 983 simplicem
3076 913 3440 982 negationem
3481 915 3771 984 particula-

2151 1018 2270 1054 rem
2297 1018 2422 1070 quae
2441 1002 2605 1066 dicit,
2649 1019 2760 1056 non
2786 1004 2970 1056 omnis
2999 1009 3086 1057 est
3113 1004 3283 1056 homo
3324 1003 3541 1072 justus,
3567 1022 3672 1060 non
3693 1023 3774 1062 se-

2146 1093 2350 1162 quitur
2374 1091 2724 1146 universalis
2755 1095 2981 1163 negatio
3005 1109 3131 1163 quae
3159 1094 3452 1163 proponit,
3479 1095 3665 1150 nullus
3688 1097 3773 1151 ho-

2147 1199 2238 1236 mo
2257 1183 2456 1251 justus
2480 1187 2787 1251 est,neque
2809 1183 2963 1236 enim
2989 1183 3035 1235 si
3061 1199 3194 1236 vera
3216 1188 3444 1249 est,non
3460 1201 3680 1240 omnem
3696 1187 3780 1241 bo-

2144 1271 2914 1340 minemessejustum,vera
2935 1279 3041 1336 est,
3074 1270 3304 1325 nullum
3330 1271 3622 1327 hominem
3659 1290 3773 1330 esse

2136 1369 2388 1437 justum.
2428 1371 2554 1420 Haec
2578 1368 2874 1435 autem,id
2895 1368 3352 1423 estuniversalis
3402 1369 3641 1439 simplex
3684 1389 3772 1427 ne-

2142 1457 2318 1526 gatio,
2354 1457 2644 1511 consentit
2669 1473 2972 1527 unumque
2997 1456 3288 1528 signiﬁcat
3315 1474 3449 1513 cum
3483 1459 3774 1515 afﬁrmatio

2143 1563 2213 1600 ne
2238 1546 2548 1600 universali
2575 1545 2887 1616 privatoria
2911 1562 3044 1612 ;non
3072 1545 3340 1616 sequitur
3364 1547 3541 1618 igitur
3571 1548 3778 1604 univer-

2140 1633 2282 1689 salis
2302 1635 2652 1688 afﬁrmativa
2673 1651 2797 1706 quae
2822 1633 3184 1701 dicit,omnis
3207 1640 3296 1689 est
3320 1635 3492 1690 homo
3517 1636 3772 1705 injustas.

398 1710 602 1804 sentitv_
621 1724 800 1804 (Ιυεξτθ
825 1708 2036 1804 ne}:Privﬁtoriam_Pa”icu_lm‘em_f1983ti°'
2068 1731 2112 1796 Β
2144 1729 2478 1800 Simplicem
2510 1729 2921 1798 particularem
2946 1729 3318 1800 negationem
3344 1748 3471 1801 quae
3503 1733 3773 1804 proponit.

399 1814 529 1851 nem
558 1796 800 1866 simplex
840 1796 1151 1851 afﬁrmatio
1187 1799 1456 1867 sequitur
1483 1795 1850 1851 universalis.
1895 1800 2029 1849 Eam

398 1887 576 1956 igitur
598 1902 722 1956 qua:
747 1885 904 1952 dicit,
933 1901 1045 1938 non
1074 1885 1265 1939 omnis
1289 1891 1376 1940 est
1405 1885 1579 1940 homo
1607 1885 1886 1954 injustus,
1919 1901 2031 1938 non

393 1977 661 2046 sequitur
682 1974 994 2028 afﬁrmatio
1033 1974 1379 2028 universalis
1406 1974 1794 2045 simplexque:
1821 1990 2032 2043 propo-

391 2065 494 2126 nit,
514 2063 705 2118 omnis
729 2062 903 2116 homo
925 2064 1122 2131 justus
1141 2070 1248 2124 est,
1270 2065 1368 2117 sed
1390 2063 1756 2133 particularis
1782 2063 2032 2132 privato-

392 2155 476 2207 ria
503 2151 732 2222 negatio
757 2152 1049 2205 consentit
1073 2151 1413 2220 particuluri
1443 2152 1734 2222 negationi
1764 2151 2028 2216 inﬁnitas,

389 2241 738 2297 universalis
773 2240 953 2310 igitur
992 2241 1304 2295 afﬁrmatio
1337 2241 1584 2311 simplex
1617 2257 1727 2294 non
1763 2241 2033 2309 sequitur

390 2330 802 2403 particularem
842 2331 1210 2400 negationem
1241 2330 1642 2384 inﬁnitam.Ea
1685 2329 1866 2399 igitur
1902 2346 2028 2396 quae

387 2420 546 2482 dicit,
568 2421 758 2473 omnis
789 2427 872 2473 est
898 2418 1311 2488 homojustus,
1343 2418 1654 2473 afﬁrmatio
1683 2417 2028 2471 universalis

386 2508 633 2579 simplex
657 2525 767 2562 non
795 2508 1066 2578 sequitur
1087 2525 1212 2562 eam
1235 2525 1359 2578 quae
1385 2509 1556 2574 dicit,
1582 2524 1695 2560 non
1725 2507 1918 2560 omnis
1941 2510 2030 2561 est

385 2597 557 2653 homo
576 2599 900 2667 nonjustus
919 2597 1326 2667 particularem
1347 2597 1626 2650 inﬁnitam
1645 2597 2026 2666 negationem.

387 2688 517 2741 Duae
542 2687 721 2757 igitur
745 2686 1082 2757 negationes
1112 2686 1340 2740 inﬁnita
1360 2691 1416 2740 et
1441 2685 1756 2755 privatoria
1779 2685 2028 2755 particu-

384 2775 536 2831 lares
558 2782 884 2845 sequuntur
908 2774 1296 2829 universalem
1325 2775 1774 2829 afﬁrmationem
1802 2774 2028 2844 simpli-

384 2882 530 2926 cem,
557 2866 709 2918 sirut
732 2865 788 2917 in
833 2864 921 2918 bis
945 2880 1179 2935 quoque
1201 2868 1326 2917 erat
1356 2880 1484 2933 qua:
1510 2869 1650 2918 sunt
1690 2863 2025 2917 indeﬁnitae.

388 2955 518 3008 Duas
541 2953 691 3007 enim
711 2953 1050 3024 negationes
1075 2953 1296 3006 inﬁnita
1312 2957 1365 3007 et
1391 2951 2027 3021 privatoriaindeﬁnitae

383 3043 710 3113 simplicem
755 3042 1167 3096 afﬁrmativam
1207 3041 1601 3112 sequebantur
1637 3040 2025 3104 indeﬁnitam,

383 3133 482 3184 sed
508 3149 618 3184 non
647 3147 979 3196 econverso,
1005 3131 1314 3184 afﬁrmatio
1339 3131 1494 3182 enim
1522 3130 1864 3184 universalis
1886 3131 2026 3184 sim-

383 3219 511 3288 plex
534 3235 644 3273 non
665 3220 933 3287 sequitur
956 3219 1289 3282 negationes
1310 3219 1718 3288 particularem
1737 3219 2028 3273 inﬁnitam

381 3311 435 3360 et
464 3307 857 3376 privatoriam,
883 3307 1035 3360 sicut
1059 3324 1160 3360 nec
1187 3307 1488 3361 indeﬁnite
1514 3324 1745 3378 quoque
1773 3309 2028 3363 afﬁrma-

384 3395 465 3449 tio
487 3393 735 3465 simplex
755 3395 1094 3448 indeﬁnitas
1118 3397 1828 3464 sequebaturnegationes
1849 3397 2028 3466 priva-

381 3485 590 3538 toriam
613 3490 790 3554 atque
817 3484 1128 3538 inﬁnitam.
1162 3484 1349 3545 Quare
1370 3484 1424 3537 in
1451 3485 1559 3539 hoc
1587 3502 1700 3539 uno
1723 3486 1924 3539 ordine
1947 3487 2026 3540 si-

383 3573 603 3627 militer
627 3588 688 3626 se
712 3571 928 3626 habent
953 3571 1205 3625 deﬁnita:
1232 3571 1320 3624 his
1347 3587 1472 3639 qua:
1504 3577 1642 3625 sunt
1670 3572 2024 3640 indeﬁnitce;

381 3662 679 3732 aequaliter
705 3661 860 3716 enim
889 3660 1384 3716 aflirmationibus
1429 3659 1575 3714 veris
1601 3677 1745 3714 verae
1771 3665 1909 3714 sunt
1929 3678 2025 3716 ne-

380 3751 668 3822 gationes,
695 3750 1071 3820 negationum
1104 3749 1400 3803 veritatem
1445 3749 1904 3803 afﬁrmationum
1935 3767 2025 3804 ve-

381 3841 524 3893 ritas
546 3857 659 3893 non
685 3837 972 3908 sequitur,
1010 3855 1113 3892 nec
1145 3839 1200 3891 in
1245 3838 1338 3892 his
1367 3837 1677 3892 consentit.
1719 3838 1943 3893 Rursus
1970 3841 2024 3894 in

383 3927 622 3983 alteram
652 3931 870 3997 partem
901 3927 1324 3998 perspiciamus
1349 3928 1840 3998 quemadmodum
1869 3930 2024 3981 atﬁr-

385 4017 674 4073 mationes
700 4019 1073 4084 universales,
1099 4017 1476 4090 privatoriam
1503 4017 1725 4072 scilicet
1748 4023 1800 4073 et
1826 4019 1987 4073 inﬁni
2010 4051 2023 4060 -

381 4107 907 4178 tam,particularis
935 4109 1166 4179 negatio
1189 4107 1439 4179 simplex
1461 4113 2026 4179 sequatur,namque

383 4197 772 4252 universalem
807 4197 1257 4252 afﬁrmationerr.
1298 4197 1696 4267 privatoriam,
1721 4197 1911 4252 omnis
1939 4205 2026 4252 est

384 4286 542 4340 horro
558 4288 1110 4357 injustus,sequitur
1125 4285 1494 4357 particularis
1509 4287 1736 4358 negatio
1755 4286 2021 4357 simplex,

384 4392 498 4428 non
528 4376 720 4428 omnis
744 4381 832 4428 est
856 4375 1270 4444 homojustus,
1298 4392 1365 4430 ea
1387 4375 1541 4430 enim
1571 4375 1873 4445 quaadicit,
1899 4393 2024 4430 om-

387 4465 479 4518 nis
501 4469 587 4519 est
609 4465 780 4518 homo
807 4464 1084 4533 iniustus,
1109 4465 1398 4519 consentit
1428 4464 1680 4535 simplici
1708 4465 2022 4520 universali
2055 4474 2100 4537 Ι)

385 4555 682 4624 negationi
708 4570 834 4623 quae
859 4553 1019 4616 dicit,
1045 4554 1243 4606 nullus
1265 4554 1649 4621 homojustus
1677 4560 1783 4621 est,
1809 4572 1939 4609 nam
1973 4555 2021 4608 si

386 4643 574 4696 omnis
592 4651 678 4696 est
701 4642 870 4696 homo
893 4641 1376 4710 injustus,nullus
1400 4647 1483 4695 est
1505 4642 1676 4696 homo
1694 4643 2024 4712 justus.Sed

388 4731 560 4796 hanc,
588 4731 642 4784 id
665 4737 753 4786 est
778 4729 1162 4784 universalem
1189 4730 1515 4800 simplicem
1542 4733 1893 4802 negativam,
1936 4749 2026 4787 se-

386 4821 587 4892 quitur
616 4819 983 4890 particularis
1004 4819 1251 4889 simplex
1279 4820 1535 4889 negatio,
1554 4837 1687 4873 nam
1712 4821 1760 4874 si
1784 4837 1918 4875 vera
1941 4825 2029 4877 est

383 4908 660 4980 quoniam
686 4908 885 4963 nullus
911 4911 1084 4964 homo
1103 4911 1304 4978 justus
1327 4915 1438 4974 est,
1482 4925 1612 4962 vera
1636 4917 1725 4963 est
1749 4909 2026 4980 quoniam

383 5016 496 5054 non
522 4999 716 5054 omnis
741 4999 1125 5066 homojustus
1157 5003 1260 5062 est,
1299 4998 1399 5051 sed
1427 4997 1772 5053 universalis
1797 5001 2025 5068 negatio

381 5085 627 5157 simplex
647 5086 956 5141 universali
978 5087 1302 5157 privatoria;
1317 5085 1692 5141 affirmationi
1717 5088 2022 5143 consentit.

380 5177 657 5247 Sequitur
685 5193 820 5245 ergo
845 5175 1217 5247 particularis
1241 5175 1488 5246 simplex
1520 5179 1742 5246 negatio
1765 5194 1891 5248 quae
1917 5183 2024 5246 est,

385 5284 498 5321 non
513 5283 604 5320 om
618 5267 705 5319 nis
719 5265 1617 5334 esthomojustus,universalem
1637 5267 2043 5326 afﬁmationem

382 5354 750 5427 privatoriam
769 5371 894 5424 quae
914 5357 1203 5424 proponit,
1230 5354 1419 5407 omnis
1439 5359 1526 5408 est
1553 5355 1725 5409 homo
1748 5355 2023 5423 iniustus,

380 5446 478 5500 sed
519 5444 636 5498 hac
675 5443 988 5498 universali
1029 5442 1404 5497 afﬁrmationi
1438 5442 1677 5497 intinitm
1714 5448 2023 5512 consentit,

379 5534 532 5589 idem
553 5534 706 5588 enim
731 5531 1520 5604 signiticetomuisestbomo
1545 5533 1890 5604 injustus,et
1910 5553 2027 5590 om-

379 5626 469 5679 nis
502 5629 592 5679 est
637 5622 810 5680 homo
845 5641 958 5681 non
1002 5624 1226 5693 justus.
1264 5623 1453 5686 Quare
1483 5623 1754 5695 sequitur
1798 5643 2026 5696 quoque

2145 1835 2257 1872 non
2273 1817 2466 1871 omnis
2490 1823 2578 1872 est
2610 1817 3180 1886 homojustus,sicut
3203 1836 3304 1873 nec
3329 1821 3590 1875 eamdem
3611 1821 3774 1891 parti-

2139 1907 2394 1961 cularem
2420 1906 2783 1976 negationem
2801 1908 3148 1961 universalis
3171 1910 3404 1979 negatio
3419 1911 3769 1979 sequetatur,

2138 1997 2232 2050 sed
2263 1997 2574 2064 privatoria
2592 1995 2937 2049 universalis
2971 1996 3284 2051 afﬁrmatio
3324 1999 3612 2052 consentit
3632 2015 3760 2057 .cum

2139 2084 2366 2137 inﬁnita
2387 2083 2774 2138 afﬁrmatione
2802 2085 3136 2139 universali.
3163 2086 3349 2156 Igitur
3373 2087 3764 2157 particularem

2137 2172 2504 2242 negationem
2555 2189 2683 2242 quae
2701 2172 2861 2239 dicit,
2891 2190 3000 2226 non
3025 2174 3219 2227 omnis
3239 2180 3329 2228 est
3348 2174 3521 2229 homo
3557 2177 3761 2244 justus,

2137 2270 2487 2325 universalis
2510 2271 3068 2325 afﬁrmatioinﬁnita
3091 2289 3202 2325 non
3224 2273 3496 2342 sequitur
3512 2290 3630 2342 quae
3649 2290 3764 2344 pro-

2135 2361 2519 2431 ponit,omnis
2543 2366 2631 2415 est
2653 2361 2826 2415 homo
2852 2378 2962 2415 non
2985 2361 3406 2430 justus.Quare
3430 2362 3521 2416 hic
3556 2379 3768 2432 quoque

2135 2451 2561 2504 afﬁrmationes
2594 2451 2742 2504 duas
2767 2449 3146 2512 universales,
3187 2450 3242 2503 id
3275 2456 3371 2504 est
3412 2449 3763 2521 privatoriam

2133 2545 2308 2610 atque
2335 2541 2651 2604 inﬁnitam,
2678 2540 3048 2609 particularis
3071 2539 3322 2609 simplex
3343 2541 3569 2604 negatio
3591 2539 3764 2608 sequi-

2133 2628 2409 2692 tur,sicut
2437 2629 2858 2682 afﬁrmationes
2883 2632 3030 2682 duas
3052 2644 3287 2698 quoque
3314 2629 3644 2683 indeﬁnitas
3667 2627 3767 2698 pri-

2133 2716 2414 2770 vatoriam
2441 2722 2614 2786 atque
2638 2717 2927 2770 inﬁnitam
2950 2718 3218 2786 negativa
3239 2717 3547 2772 indeﬁnite
3575 2731 3757 2787 seque-

2133 2804 2319 2864 batur.
2348 2806 2445 2859 sed
2471 2807 2599 2859 duae
2626 2805 3043 2859 afﬁrmationes
3069 2804 3432 2860 universales
3475 2803 3762 2876 privatoria

2133 2895 2188 2944 et
2207 2891 2508 2947 indeﬁnite
2529 2910 2639 2947 non
2665 2895 2996 2963 sequuntur
3017 2891 3433 2962 particularem
3458 2890 3760 2962 simplicem

2136 2990 2528 3065 negationem,
2574 2990 2726 3044 sicut
2747 2991 2874 3044 dum
2897 3005 3131 3059 quoque
3175 2988 3497 3044 indeﬁnitas
3527 2989 3762 3042 atﬁrma-

2058 3111 2100 3176 ρ
2139 3086 2329 3139 tiones
2361 3080 2675 3152 privatoria
2703 3079 3010 3133 etinﬁnita
3036 3076 3368 3147 simplicem
3415 3075 3757 3147 negationem

2139 3192 2251 3229 non
2280 3171 2698 3242 sequebantur.
2723 3165 3208 3236 Similiterigitur
3243 3183 3307 3220 se
3332 3167 3547 3221 habent
3585 3162 3759 3218 deﬁni-

2136 3269 2206 3318 tae
2237 3259 2561 3317 indeﬁnitis
2584 3260 2902 3312 secundum
2929 3257 3438 3326 consequentiam.
3466 3253 3763 3322 Angulares

2139 3369 2254 3406 non
2277 3352 2478 3405 eodem
2501 3349 2672 3401 modo
2698 3362 2758 3399 se
2782 3345 3164 3409 habent,nam
3191 3344 3628 3398 indeﬁnitarum
3653 3357 3764 3412 pro.

2139 3442 2489 3512 positionum
2516 3435 2825 3507 angulares
2875 3433 3050 3489 simul
3096 3450 3262 3488 veras
3309 3450 3440 3488 esse
3478 3431 3758 3502 contingit.

2137 3540 2282 3595 Nam
2319 3539 2366 3592 si
2398 3552 2598 3591 verum
2631 3538 2742 3597 est,
2777 3533 3050 3603 quoniam
3086 3537 3174 3586 est
3203 3531 3384 3586 homo
3410 3533 3623 3602 justus,
3647 3544 3757 3599 qua:

2137 3633 2224 3684 est
2246 3625 2549 3682 indeﬁnita
2575 3622 2887 3676 afﬁrmatio
2919 3620 3187 3691 simplex,
3232 3621 3378 3675 nihil
3407 3621 3660 3692 prohibet
3682 3633 3760 3670 ve-

2136 3734 2260 3772 ram
2291 3732 2416 3771 esse
2439 3714 2610 3768 etiam
2640 3729 2766 3783 quze
2793 3711 3048 3776 dicit,est
3072 3710 3244 3764 homo
3270 3709 3551 3778 injustus,
3581 3714 3632 3763 et
3653 3723 3759 3760 rur-

2137 3823 2237 3861 sus
2262 3821 2327 3860 ea
2353 3821 2478 3875 qua:
2504 3800 3456 3870 dicit,esthomononjustus,quae
3480 3795 3759 3852 suntinde-

2137 3895 2314 3948 ﬁnitae
2331 3890 2748 3946 afﬁrmationes
2770 3888 3080 3960 privatoria
3095 3887 3422 3941 etinﬁnita.
3453 3887 3760 3941 Rursusne-

2136 3983 2399 4055 gationes
2417 3978 2970 4050 negationibusquze
2993 3979 3133 4029 sunt
3154 3975 3467 4041 angulares
3481 3985 3758 4030 verasesse

2134 4079 2590 4151 contingit,utea
2609 4093 2736 4146 quae
2757 4074 3036 4142 dicit,non
3054 4073 3334 4127 esthomo
3351 4075 3570 4144 justus,
3587 4071 3630 4126 si
3645 4084 3759 4123 vera

2133 4167 2396 4238 est,nihil
2423 4166 2692 4237 prohibet
2730 4181 2922 4218 veram
2949 4180 3078 4217 esse
3115 4162 3293 4216 etiam
3321 4179 3447 4233 qua:
3471 4162 3627 4224 dicit,
3659 4172 3753 4211 non

2133 4263 2221 4314 est
2250 4258 2425 4312 homo
2462 4257 2689 4326 justus,
2718 4258 2775 4308 et
2805 4269 2932 4307 eam
2967 4268 3092 4323 qua:
3125 4253 3420 4322 proponit,
3462 4251 3515 4304 in
3551 4265 3653 4303 non
3683 4248 3760 4300 est

2133 4348 2308 4402 homo
2342 4363 2454 4400 non
2475 4345 2700 4414 justus.
2721 4341 3046 4413 Angulares
3070 4355 3207 4410 ergo
3234 4339 3348 4393 sibi
3376 4333 3755 4393 indeﬁnitasin

2133 4436 2372 4490 veritate
2395 4431 2728 4488 consentire
2743 4429 2887 4484 nihil
2915 4428 3200 4499 prohibet,
3229 4428 3328 4482 sed
3358 4428 3415 4481 in
3441 4426 3529 4481 bis
3551 4428 3754 4479 tantum

2142 4532 2430 4597 terminis,
2466 4535 2528 4585 ut
2561 4530 2618 4584 in
2655 4528 2915 4583 secundo
2940 4525 3118 4595 hujus
3142 4523 3338 4594 operis
3360 4523 3647 4579 volumine
3667 4520 3755 4574 do-

2138 4623 2525 4691 cuimus,quze
2551 4635 2737 4689 neque
2761 4615 3055 4670 naturalia
3088 4619 3227 4669 sunt
3250 4614 3441 4668 inesse
3464 4626 3638 4683 neque
3657 4610 3754 4662 im-

2139 4710 2462 4784 possibilia.
2514 4709 2570 4762 Si
2605 4709 2735 4776 quis
2770 4705 2922 4760 enim
2952 4704 3034 4757 sic
3067 4704 3242 4772 dicat,
3276 4707 3364 4758 est
3405 4703 3572 4756 homo
3601 4699 3751 4753 ratio-

2141 4798 2454 4864 nalis,huic
2468 4795 2778 4868 angulares
2796 4811 2940 4848 veras
2964 4809 3093 4847 esse
3121 4809 3235 4846 non
3265 4795 3526 4863 possunt,
3551 4789 3630 4843 be
3653 4785 3750 4841 sci-

2137 4889 2270 4944 licet
2299 4905 2423 4959 qum
2449 4887 2766 4951 dicunt,est
2786 4884 2961 4937 homo
2986 4880 3364 4947 irrationalis,
3388 4884 3442 4935 et
3466 4894 3658 4934 rursus
3677 4877 3753 4929 est

2139 4981 2312 5036 homo
2347 4997 2460 5033 non
2495 4975 2821 5031 rationalis.
2849 4973 3234 5030 Rationalitas
3257 4972 3411 5026 enim
3437 4968 3648 5025 homini
3670 4981 3754 5037 per

2139 5085 2410 5137 naturam
2433 5079 2585 5132 inest
2609 5075 2906 5145 ;similiter
2929 5078 3122 5128 autem
3146 5077 3203 5126 et
3227 5073 3295 5125 de
3319 5067 3751 5141 impossibilibus

2139 5170 2454 5226 dicendum
2478 5171 2585 5236 est,
2611 5167 2765 5238 quod
2791 5165 2835 5220 si
2861 5164 2979 5219 sint
3005 5160 3283 5231 taliaque
3307 5176 3487 5229 neque
3515 5153 3751 5228 impossi-

2139 5259 2278 5315 bilia
2302 5258 2420 5312 sint
2447 5257 2770 5319 inesse,nec
2815 5249 3098 5308 naturalis
3123 5250 3242 5303 sint
3282 5249 3492 5310 inesse,
3518 5250 3574 5300 ut
3618 5245 3666 5297 in
3696 5256 3752 5295 ea

2141 5348 2541 5423 propositione
2574 5361 2696 5416 qua:
2733 5344 2893 5409 dicit,
2924 5346 3012 5396 est
3043 5341 3220 5395 homo
3245 5341 3459 5409 justus,
3481 5332 3748 5405 justitiam

2141 5461 2326 5517 neque
2361 5442 2681 5498 naturalem
2715 5455 2843 5496 esse
2880 5454 3116 5494 necesse
3148 5441 3235 5490 est
3269 5434 3504 5498 homini,
3537 5428 3744 5485 necim-

2140 5533 2416 5607 possibile
2441 5528 3034 5597 inesse,manifestum
3059 5524 3440 5593 est,quoniam
3462 5519 3743 5607 angulares

2139 5605 2376 5680 sibimet
2396 5636 2629 5692 semper
2669 5621 2725 5674 in
2750 5619 2988 5674 veritate
3037 5614 3424 5676 consentiunt,
3459 5617 3620 5678 atque
3646 5605 3743 5659 hoc
