4072 6182
256 355 351 409 553
1001 365 1075 418 ΙΝ
1113 363 1388 418 LIBRUM
1427 365 1521 417 DE
1556 366 2244 426 INTERPRETATIONB
2278 372 2522 426 EDITIO
2560 372 2916 428 BECUNDA.

3561 375 3669 429 554

254 484 1287 556 nationem,quoniam‘universaliter
1312 493 1716 562 praedicantur,
1743 494 1798 549 id
1821 501 1905 551 est
1936 499 1988 566 Α
2019 502 2114 549 aut
2138 499 2293 555 enim
2317 500 2628 556 indeﬁnitae
2653 508 2806 569 sunt,
2829 506 2923 554 aut
2945 499 3318 568 universales,
3352 509 3449 559 aut
3493 503 3670 573 parti-

255 576 455 641 omnis,
493 583 546 631 et
578 587 795 633 servata
824 583 914 633 est
937 588 988 633 ct
1012 581 1070 635 in
1098 583 1478 638 afﬁrmatione
1518 592 1571 638 et
1613 585 1912 654 negatione

256 668 320 721 ad
342 667 666 736 subjectum
693 670 955 733 negativa
982 672 1281 739 particula.
1308 674 1546 744 Semper
1563 676 1714 729 enim
1742 676 1915 730 ﬁebat.

256 772 459 812 nomen
495 759 816 826 inﬁnitum,
838 763 1004 815 etiam
1035 771 1168 817 tunc
1187 765 1415 832 quando
1441 765 1670 820 additur
1700 766 1912 835 aliquid

257 849 395 917 quod
428 849 797 916 determinet,
832 867 945 905 non
982 852 1048 905 ad
1084 853 1618 910 determinationem
1650 855 1915 910 addenda

255 944 332 990 est
365 938 617 1006 negatio,
653 941 751 993 sed
787 941 972 1008 potius
997 944 1064 996 ad
1099 943 1415 1012 subjectum
1472 961 1703 1013 nomen,
1764 949 1913 1015 quod

255 1039 373 1080 cum
405 1027 466 1080 in
502 1027 890 1084 afﬁrmatione
925 1031 1092 1085 fuerit
1119 1031 1430 1087 inﬁnitum.
1469 1034 1582 1088 lloc
1606 1035 1758 1088 idem
1785 1034 1916 1088 inli-

254 1114 449 1182 nitum,
481 1117 617 1170 utin
641 1119 943 1183 negatione
967 1129 1280 1174 revertatur
1321 1123 1736 1190 providendum
1785 1130 1866 1177 est
1901 1140 1914 1189 ;

256 1203 388 1258 sicut
411 1208 574 1260 enim
600 1205 824 1260 linitum
855 1208 1164 1263 terminum
1191 1218 1242 1263 et
1264 1212 1586 1279 simplicem
1613 1211 1672 1265 in
1708 1210 1794 1265 bis
1826 1211 1916 1266 iu-

257 1293 502 1348 deﬁnitis
537 1295 1026 1363 pr0positionibus
1058 1299 1129 1351 ad
1163 1298 1605 1354 afﬁrmationem
1640 1308 1692 1354 et
1743 1316 1918 1368 nega-

256 1381 461 1437 tionem
498 1384 781 1438 custodiri
807 1394 1047 1453 oportet,
1105 1396 1166 1441 ut
1224 1388 1482 1443 dicamus
1512 1389 1690 1443 currit
1727 1389 1916 1453 homo,

257 1487 363 1526 non
393 1474 581 1526 currit
616 1473 800 1528 homo.
844 1479 925 1528 ita
957 1491 1183 1544 quoque
1213 1477 1271 1531 in
1297 1494 1358 1531 ea
1384 1478 1769 1547 prOpositione
1791 1495 1919 1546 qua:

262 1569 421 1616 estex
451 1561 682 1616 inﬁnito
707 1564 940 1618 nomine
966 1565 1246 1634 subjecto,
1271 1566 1416 1621 idem
1443 1569 1785 1621 servandum
1814 1576 1916 1633 est,

263 1655 320 1704 ut
343 1651 496 1719 quod
523 1651 584 1705 in
604 1650 983 1707 afﬁrmatione
1007 1655 1328 1722 subjectum
1351 1661 1437 1710 est
1466 1656 1613 1710 idem
1668 1665 1920 1710 servetur

263 1738 423 1792 etiam
447 1739 506 1792 in
527 1740 828 1808 negatione
852 1757 864 1807 ;
887 1744 1032 1811 quod
1060 1741 1141 1796 sic
1167 1743 1343 1797 hocin
1370 1744 1438 1798 iis
1461 1760 1583 1814 quae
1609 1752 1742 1798 sunt
1767 1745 1922 1799 inde-

261 1827 434 1883 ﬁnitae
459 1830 642 1894 venit,
669 1845 770 1884 cur
794 1847 906 1884 non
928 1831 1094 1884 etiam
1117 1831 1172 1886 in
1199 1831 1315 1886 illis
1343 1834 1492 1888 idem
1518 1833 1641 1888 ﬁeri
1661 1843 1920 1900 Oportere

255 1917 513 1972 videatur
545 1933 664 1987 quae
685 1918 935 1973 deﬁnitae
957 1929 1088 1974 sunt
1115 1920 1263 1976 ‘?Hoc
1292 1921 1473 1976 solum
1491 1925 1642 1976 enim
1669 1921 1916 1975 deﬁnitae

254 2007 317 2061 ab
347 2006 672 2061 indeﬁnitis
702 2007 998 2074 differunt,
1025 2012 1324 2078 quodcum
1356 2010 1666 2064 indeﬁnitaa
1691 2010 1917 2064 univer-

255 2094 390 2149 salia
424 2095 766 2166 praedicant,
795 2105 993 2165 praeter
1017 2097 1463 2153 universalitatis
1487 2098 1917 2154 determinatio-

256 2200 378 2239 nem
408 2186 842 2251 determinatae,
875 2195 927 2241 et
960 2187 1217 2242 deﬁnitae
1240 2189 1387 2242 idem
1416 2189 1555 2242 illud
1608 2189 1920 2258 praedicant

258 2273 577 2330 universale
601 2290 729 2329 cum
753 2276 1072 2345 adjectione
1096 2283 1155 2331 et
1174 2278 1622 2345 significatione,
1648 2279 1916 2347 quoniam

257 2363 655 2418 universaliter
683 2366 1042 2433 praedicatur.
1073 2366 1226 2420 Nihil
1253 2367 1424 2436 igitur
1447 2368 1597 2421 aliud
1624 2367 1809 2421 omnis
1828 2367 1918 2424 vel

258 2451 443 2506 nullus
460 2452 768 2522 signiﬁcat,
796 2453 904 2508 nisi
926 2456 1195 2523 quoniam
1222 2455 1274 2509 id
1304 2457 1454 2524 quod
1484 2455 1800 2510 universale
1822 2457 1914 2510 di-

254 2541 396 2597 citur
418 2542 827 2596 nniversaliter
841 2543 1100 2611 praedicat
1115 2560 1177 2597 ur
1193 2559 1346 2612 ;ergo
1365 2545 1555 2598 omnia
1579 2545 1773 2598 eadem
1796 2561 1916 2615 quae

254 2631 307 2682 in
332 2630 726 2686 afﬁrmatione
742 2637 794 2686 et
815 2632 1112 2701 negatione
1133 2632 1188 2686 in
1209 2632 1523 2687 indeﬁnitis
1539 2633 1915 2703 ponebantur,

255 2719 448 2774 eadem
484 2735 712 2789 quoque
742 2727 793 2774 et
827 2721 883 2774 in
914 2720 1127 2776 eisdem
1185 2721 1587 2776 determinatis
1640 2725 1917 2779 servanda

254 2818 400 2862 sunt.
438 2807 650 2862 Omnis
680 2811 832 2863 enim
868 2817 916 2863 et
953 2808 1149 2864 nullus
1184 2826 1297 2864 non
1327 2819 1458 2864 sunt
1503 2809 1756 2875 termini,
1819 2811 1913 2865 sed

259 2895 605 2952 universalis
637 2898 864 2952 termini
898 2899 1428 2954 delerminationes.
1466 2898 1560 2953 llis
1614 2900 1789 2968 igitur
1842 2900 1914 2954 ab

249 2986 551 3040 Aristotele
579 2986 876 3050 discursis,
911 3003 1014 3042 nos
1047 3004 1267 3058 quoque
1297 3006 1330 3042 a
1360 2987 1619 3060 Syriano,
1661 2988 1751 3042 cui
1780 2988 1914 3043 Phi-

252 3074 450 3129 loxeno
467 3091 790 3144 cognomen
809 3093 928 3131 esse
943 3093 1111 3145 supra
1132 3077 1912 3146 retulimus,propositionum

250 3168 511 3222 omnium
551 3184 881 3231 numerum,
914 3170 982 3222 de
1015 3169 1218 3238 quibus
1251 3171 1305 3223 in
1341 3169 1445 3223 hac
1481 3171 1612 3224 libri
1655 3171 1912 3240 disputa-

2019 585 2750 656 culares,autsingularium
2765 599 2811 643 at
2826 589 3393 660 queiudividuorum.
3437 594 3494 646 Si
3538 609 3670 662 ergo

2019 680 2398 747 perspiciatur
2429 689 2657 749 quantae
2689 682 2802 734 sint
2834 679 3596 749 indeﬁnite:afﬁrmationes,
3619 699 3649 739 θ

2022 765 2124 820 bas
2156 768 2200 820 si
2236 784 2337 838 per
2367 770 2796 836 quaternarium
2849 784 3151 824 numerum
3205 770 3674 840 multiplicavero,

2021 854 2316 926 colligitur
2339 856 2482 910 mihi
2509 872 2777 910 numerus
2795 856 3241 911 aftirmationum
3270 876 3284 924 ;
3310 873 3478 926 quem
3504 859 3548 911 si
3569 860 3676 912 du-

2023 942 2191 1011 plice,
2217 945 2508 1014 colligitur
2531 945 2699 999 etiam
2731 947 3094 1013 negationum
3124 945 3228 1001 hoc
3248 947 3416 1000 modo
3442 962 3454 1000 :
3478 947 3680 1014 praedi-

2023 1040 2182 1086 catur
2213 1033 2367 1087 enim
2401 1037 2485 1086 est
2515 1041 2612 1087 aut
2647 1035 2830 1101 ipsum
2871 1034 3078 1099 solum,
3109 1044 3205 1088 aut
3253 1044 3403 1090 certe
3451 1037 3680 1090 tertium

2024 1122 2293 1189 adiacens
2325 1137 2452 1175 cum
2484 1121 2636 1189 alio;
2671 1129 2723 1177 et
2755 1123 2801 1175 si
2834 1121 3021 1175 solum
3056 1122 3412 1191 predicatur,
3473 1131 3568 1178 aut
3609 1127 3677 1178 ad

2024 1225 2230 1264 nomen
2253 1209 2495 1273 simplex
2521 1219 2691 1280 atque
2711 1211 2937 1263 [initum
2964 1210 3326 1278 praedicatum
3353 1219 3434 1264 est
3477 1219 3573 1265 aut
3603 1213 3674 1266 ad

2025 1298 2339 1352 inﬁnitum.
2365 1299 2442 1351 Ex
2469 1298 2577 1366 his,
2603 1299 2725 1351 duae
2747 1304 2882 1352 sunt
2913 1298 3341 1367 atlirmationes,
3366 1310 3447 1353 est
3480 1299 3676 1368 homo,

2024 1394 2111 1441 est
2145 1404 2257 1441 non
2290 1387 2478 1442 homo.
2513 1386 2747 1449 Quoties
2775 1395 2964 1441 autem
2995 1390 3080 1442 est
3122 1390 3352 1442 tertium
3409 1389 3677 1455 adjacens

2025 1476 2386 1543 prtedicatur,
2422 1481 2665 1544 quatuor
2696 1483 2856 1530 erunt
2920 1475 3354 1540 afﬁrmationes,
3414 1487 3507 1531 aut
3547 1492 3677 1533 cum

2025 1563 2345 1632 subjectum
2377 1565 2738 1619 indeﬁnitum
2773 1571 2860 1618 est
2891 1563 3102 1628 solum,
3135 1573 3196 1617 ut
3226 1571 3328 1632 est,
3355 1580 3470 1619 non
3505 1564 3674 1621 homo

2019 1653 2227 1720 justus,
2252 1662 2345 1707 aut
2368 1670 2497 1708 cum
2520 1655 2883 1720 prmdteatum
2910 1653 3197 1707 inﬁnitum
3253 1662 3336 1707 est
3366 1653 3579 1720 solum,
3618 1660 3680 1708 ut

2026 1748 2134 1807 est,
2165 1742 2331 1797 hoino
2355 1754 2436 1796 est
2459 1745 2798 1810 nonjustus,
2819 1747 2916 1796 aut
2939 1757 3069 1796 cum
3097 1750 3328 1810 utraque
3347 1741 3506 1795 ﬁnita
3521 1749 3676 1809 sunt,

1950 1867 1996 1930 B
2031 1831 2635 1899 utest,justushomo,
2660 1840 2907 1885 autcum
2935 1839 3171 1900 utraque
3220 1830 3378 1884 ﬁnita
3435 1838 3588 1894 sunt,
3625 1841 3683 1885 ut

2029 1924 2134 1985 est,
2160 1935 2272 1973 non
2290 1922 2472 1988 justus
2497 1935 2606 1974 non
2627 1920 2815 1974 homo.
2839 1919 3018 1987 Magis
3040 1928 3227 1973 autem
3253 1919 3440 1988 plures
3459 1921 3544 1973 bis
3570 1936 3684 1975 non

2029 2017 2189 2062 erunt
2223 2010 2611 2078 oppositones,
2650 2018 2706 2062 ut
2738 2011 2857 2077 ipse
2888 2009 2984 2064 ait.
3021 2008 3158 2062 Cum
3193 2007 3362 2077 igitur
3420 2025 3514 2063 sex
3569 2008 3686 2063 sint

2028 2095 2460 2164 afﬁrmationes,
2495 2099 2619 2151 duze
2651 2097 2858 2166 quibus
2890 2105 2970 2152 est
3015 2096 3376 2166 praedicatur,
3439 2107 3683 2166 quatuor

2028 2203 2159 2241 vero
2172 2189 2459 2253 adiacens,
2478 2187 2576 2241 has
2591 2189 2637 2241 si
2655 2204 2748 2256 per
2777 2187 3212 2256 quaternarium
3242 2189 3379 2241 duca
3395 2203 3442 2240 tn
3457 2188 3684 2257 ,viginti

2028 2285 2267 2344 quatuor
2299 2277 2433 2329 ﬁent
2457 2293 2595 2346 quas
2627 2292 2825 2330 rursus
2852 2277 2898 2330 si
2933 2276 3152 2330 binario
3187 2291 3425 2330 numero
3485 2277 3682 2331 multi-

2030 2364 2257 2432 plicem,
2288 2367 2664 2435 quadraginta
2697 2375 2823 2420 octo
2857 2365 2997 2420 mibi
3031 2381 3258 2420 summa
3317 2376 3635 2421 suecrescet
3665 2387 3679 2436 ;

2030 2460 2107 2508 tot
2140 2454 2307 2520 igitur
2339 2465 2502 2508 erunt
2535 2455 2946 2509 at'ﬁrmationes
2975 2462 3026 2509 et
3061 2457 3393 2526 negationes
3412 2472 3684 2525 quaecun-

2027 2559 2134 2612 que
2163 2544 2248 2598 vel
2277 2545 2580 2613 praedicato
2603 2552 2682 2598 est
2706 2544 2874 2599 verbo
2896 2545 2983 2598 vel
3032 2545 3334 2612 adjacenti,
3381 2555 3432 2598 et
3481 2545 3682 2613 prmdi-

2027 2643 2151 2688 Cato
2184 2633 2345 2687 fiunt.
2381 2639 2565 2699 Quare
2597 2634 2865 2704 quoniam
2903 2643 3013 2688 tres
3044 2642 3182 2688 sunt
3211 2634 3334 2687 aliae
3383 2636 3683 2702 qualitates

2027 2723 2484 2792 propositionum
2520 2739 2640 2792 quae
2674 2732 2803 2777 sunt
2829 2723 3160 2778 necessaria:
3181 2724 3603 2789 contingentes,
3627 2730 3683 2778 et

2029 2809 2085 2864 in
2109 2828 2230 2865 esse
2252 2818 2472 2866 tantum
2499 2812 2911 2879 signiﬁcantes,
2936 2812 3247 2866 secundum
3274 2827 3411 2880 quas
3438 2813 3683 2880 qualita-

2031 2908 2109 2954 tes
2141 2900 2262 2953 ista:
2293 2917 2493 2954 omnes
2529 2901 2942 2969 pr0positiones
2975 2904 3344 2969 proferuntur
3369 2919 3382 2965 ς
3412 2899 3512 2953 bas
3543 2914 3681 2968 qua-

2027 2989 2428 3059 dragintaocto
2444 2989 2859 3059 propositiones
2897 2989 2942 3043 si
2984 2989 3042 3042 in
3069 2989 3449 3044 internarium
3477 3003 3676 3043 nume-

2027 3093 2152 3132 rum
2185 3079 2534 3143 duxerimus,
2570 3077 2791 3132 scilicet
2844 3078 3162 3132 secundum
3223 3077 3672 3146 propositionum

2023 3167 2344 3236 qualitates,
2388 3175 2616 3221 centum
2677 3167 3056 3236 quadraginta
3115 3174 3357 3236 quatuor
3415 3166 3674 3221 omnium

251 3256 400 3310 tione
424 3257 756 3325 perpendit,
783 3257 956 3311 nimis
978 3258 1045 3310 ad
1084 3275 1195 3312 rem
1224 3238 1782 3329 pcrtinentemalque
1802 3258 1912 3313 uti-
1945 3238 1986 3302 Ο
2027 3257 2476 3325 propositionum
2513 3255 3031 3324 praedicativarunt,
3064 3255 3136 3308 de
3166 3255 3372 3325 quibus
3403 3253 3512 3308 hoc
3538 3254 3680 3311 libro

249 3343 357 3397 lem
392 3345 837 3412 transferamus,
871 3354 920 3400 et
958 3347 1113 3414 prius
1150 3348 1606 3415 perSpiciendum
1632 3357 1713 3401 est
1741 3348 1799 3402 in
1824 3365 1912 3403 ca-

247 3435 514 3501 tegoricis
540 3435 1029 3504 propositionibus
1049 3443 1185 3505 quot
1208 3437 1519 3490 indi-ﬁnitae
1545 3438 1919 3502 sint.Quaute

245 3523 399 3575 enim
435 3522 657 3576 fuerint
687 3524 1017 3589 it‘tdelinitae,
1053 3528 1134 3578 tot
1192 3533 1357 3578 erunt
1416 3527 1793 3591 universales,
1845 3535 1922 3582 tot

249 3610 660 3680 particulares,
698 3619 774 3665 tot
831 3613 1206 3677 Singularium
1266 3623 1432 3682 atque
1491 3614 1920 3669 individuorum

246 3701 709 3770 propositiones,
743 3705 798 3754 et
831 3704 987 3770 prius
1018 3703 1245 3771 quidem
1272 3703 1687 3757 afﬁrmationcs
1708 3705 1922 3773 perspi-

246 3788 462 3845 tiamus
490 3789 602 3844 hoc
625 3789 815 3847 modo.
846 3790 1095 3853 Quatuor
1119 3793 1268 3846 modi
1289 3793 1922 3863 suntpropositionum,

901 3893 993 3941 Est
1025 3889 1211 3946 homo.

899 3987 996 4042 Est
1025 3989 1211 4042 omnis
1244 3987 1432 4044 homo.

898 4089 995 4140 Est
1028 4086 1256 4156 quidam
1289 4086 1479 4143 homo.

896 4185 992 4240 Est
1025 4185 1304 4243 Socrates.

893 4310 992 4364 Est
1013 4310 1200 4379 justus
1233 4327 1345 4365 non
1383 4311 1574 4366 homo.

899 4412 990 4462 Est
1015 4412 1201 4476 justus
1234 4411 1424 4464 omnis
1452 4426 1565 4464 non
1593 4408 1781 4464 homo.

901 4507 995 4561 Est
1017 4508 1205 4576 justus
1225 4508 1452 4577 quidam
1474 4523 1587 4561 non
1613 4507 1804 4563 homo.

897 4605 996 4659 Est
1020 4606 1209 4673 justus
1239 4621 1358 4661 non
1388 4605 1672 4663 Socrates.

891 4736 994 4788 Est
1023 4748 1139 4787 non
1174 4732 1368 4789 homo.

897 4838 995 4889 Est
1027 4835 1218 4889 omnis
1249 4851 1363 4891 non
1401 4834 1590 4889 homo.

895 4933 990 4988 Est
1022 4934 1248 5003 quidam
1282 4949 1397 4989 non
1436 4933 1625 4988 homo.

893 5030 988 5085 Est
1012 5046 1127 5087 non
1157 5035 1435 5088 Socrates.

901 5155 988 5209 Est
1026 5173 1144 5210 non
1169 5156 1354 5225 justus
1389 5156 1578 5210 homo.

903 5252 994 5306 Est
1029 5269 1142 5307 non
1173 5253 1360 5321 justus
1390 5252 1579 5307 omnis
1612 5251 1802 5306 homo.

1886 4309 2012 4368 Non
2044 4318 2125 4365 est
2148 4310 2340 4379 justus
2372 4323 2487 4363 non
2520 4307 2710 4363 homo.

1888 4407 2015 4465 Non
2047 4415 2130 4463 est
2155 4408 2342 4477 justus
2373 4405 2558 4461 omnis
2589 4421 2704 4460 non
2739 4405 2927 4460 homo.

1888 4506 2014 4562 Non
2049 4512 2132 4560 est
2157 4506 2344 4575 justus
2375 4504 2605 4568 quidam
2639 4518 2756 4557 non
2787 4502 2983 4558 homo.

1891 4603 2016 4660 Non
2048 4611 2130 4659 est
2154 4603 2346 4673 justus
2366 4617 2478 4656 non
2502 4601 2785 4658 Socrates.

2022 3354 2239 3412 tractat,
2277 3348 2654 3400 numerositas
2687 3350 2929 3400 crescet.
2961 3345 3066 3399 Sed
3133 3360 3288 3399 nunc
3346 3352 3551 3415 praeter
3583 3345 3683 3400 has

2033 3442 2142 3490 tres
2173 3435 2469 3503 qualitates
2501 3451 2592 3488 eas
2619 3451 2740 3504 quae
2773 3441 2927 3499 sunt,
2963 3432 3339 3504 quadraginta
3369 3443 3494 3488 octo
3554 3449 3682 3504 pro-

2033 3526 2344 3594 positiones
2375 3541 2502 3578 cum
2539 3524 2939 3593 negationibus
2969 3523 3123 3590 suis;
3158 3539 3296 3592 quas
3325 3524 3371 3577 si
3405 3539 3502 3593 per
3535 3539 3680 3592 qua-

2031 3613 2218 3667 litates
2247 3613 2675 3682 propositionis,
2737 3613 3122 3666 necessariam
3184 3612 3403 3665 scilicet
3450 3613 3680 3666 contin-

2031 3710 2255 3772 gentem
2286 3712 2338 3756 et
2369 3703 2552 3756 inesse
2587 3701 3005 3770 signiﬁcantem
3040 3701 3516 3768 multiplicavero,
3540 3716 3679 3756 ceu-

2030 3793 2549 3863 tumquadraginta
2571 3799 2809 3861 quatuor
2833 3791 2989 3859 lieut,
3041 3791 3231 3846 subter
3281 3791 3674 3861 ascripsimus.

1896 3888 2020 3946 Non
2052 3897 2133 3944 est
2168 3889 2355 3943 homo.

1891 3992 2017 4043 Non
2053 3995 2134 4042 est
2165 3987 2353 4042 omnis
2387 3987 2575 4043 homo.

1885 4085 2012 4142 Non
2043 4092 2136 4141 est
2165 4085 2392 4155 quidam
2427 4084 2618 4141 homo.

1888 4189 2016 4242 Non
2048 4192 2133 4241 est
2163 4185 2438 4240 Socrates.

1897 4731 2025 4788 Non
2055 4737 2137 4786 est
2171 4744 2288 4785 non
2319 4728 2510 4784 homo.

1883 4833 2007 4888 Non
2040 4839 2124 4888 est
2155 4830 2346 4887 omnis
2376 4846 2491 4886 non
2518 4829 2708 4886 homo.

1873 4932 2000 4987 Non
2031 4942 2113 4988 est
2140 4933 2372 5002 quidam
2407 4948 2526 4987 non
2559 4931 2748 4986 homo.

1869 5029 1996 5085 Non
2029 5037 2114 5086 est
2145 5045 2260 5085 non
2293 5030 2572 5084 Socrates.

1875 5153 2001 5208 Non
2033 5160 2121 5208 est
2151 5169 2266 5207 non
2292 5152 2486 5221 justus
2518 5151 2710 5206 homo.

1882 5255 2006 5305 Non
2039 5258 2122 5304 est
2153 5266 2268 5306 non
2295 5250 2488 5319 justus
2520 5249 2713 5304 omnis
2746 5247 2939 5303 homo.

893 5351 990 5404 Est
1021 5367 1132 5405 non
1161 5350 1346 5419 justus
1377 5349 1608 5420 quidam
1646 5350 1835 5405 homo.
1878 5349 2000 5404 Non
2035 5356 2118 5404 est
2152 5363 2266 5402 non
2292 5348 2480 5417 justus
2513 5347 2740 5416 quidam
2779 5345 2966 5402 homo.

899 5448 993 5504 Est
1025 5466 1137 5504 non
1163 5449 1356 5520 justus
1389 5449 1667 5504 Socrates.

896 5576 986 5629 Est
1009 5578 1199 5643 justus
1233 5574 1422 5629 homo.

900 5674 998 5727 Est
1022 5673 1206 5742 justus
1228 5672 1418 5727 omnis
1450 5672 1642 5728 homo.

895 5775 994 5826 Est
1019 5773 1211 5841 justus
1240 5769 1470 5840 quidam
1507 5772 1701 5828 homo.

900 5869 996 5926 Est
1020 5871 1208 5942 justus
1236 5873 1513 5932 Socrates.

541 5988 802 6050 Panos.
847 5986 1057 6049 LXIV.

1874 5446 2000 5502 Non
2035 5453 2118 5502 est
2148 5463 2262 5502 non
2290 5447 2476 5516 justus
2505 5444 2786 5500 Socrates.

1859 5571 1985 5627 Non
2018 5579 2100 5627 est
2129 5573 2315 5642 justus
2351 5572 2540 5626 homo.

1856 5669 1981 5725 Non
2018 5678 2101 5725 est
2125 5671 2309 5739 justus
2341 5668 2529 5723 omnis
2563 5668 2757 5724 homo.

1858 5766 1987 5825 Non
2013 5777 2096 5825 est
2121 5769 2306 5840 justus
2337 5765 2569 5838 quidam
2604 5765 2796 5824 homo.

1864 5867 1994 5928 Non
2021 5875 2106 5928 est
2128 5869 2318 5940 justus
2347 5870 2632 5925 Socrates.

3317 5982 3394 6042 18
