4106 6172
493 354 601 409 555

1125 477 1222 531 Est
1251 491 1367 531 non
1391 475 1587 539 justus
1616 491 1737 532 non
1762 476 1957 534 homo.

1765 357 1885 409 AN.
1930 357 2155 409 MANL.
2193 357 2351 411 BEV.
2393 357 2630 413 BOETII

2107 477 2231 536 Non
2263 484 2354 533 est
2388 495 2503 535 non
2532 480 2715 549 justus
2748 496 2861 537 non
2907 482 3100 538 homo.

1132 578 1226 628 Est
1260 589 1376 628 non
1399 573 1586 642 justus
1616 576 1807 629 omnis
1833 591 1945 630 non
1973 574 2163 629 homo.
2202 574 2325 631 Non
2357 585 2440 632 est
2476 593 2588 633 non
2611 578 2806 648 justus
2838 584 3030 635 omnis
3062 596 3178 634 non
3212 579 3400 635 homo.

1141 673 1241 727 Est
1258 672 1816 741 nonjustusquidam
1836 689 1949 727 non
1968 673 2158 727 homo.
2184 671 2303 728 Non
2339 679 2424 729 est
2457 691 2569 731 non
2598 678 2785 747 justus
2818 678 3048 746 quidam
3086 694 3200 733 non
3231 678 3419 733 homo.

1142 773 1243 827 Est
1273 788 1386 827 non
1413 772 1602 841 justus
1633 788 1747 827 non
1780 772 2057 827 Socrates.
2091 770 2215 827 Non
2247 776 2331 827 est
2365 789 2479 829 non
2505 776 2691 844 justus
2723 793 2835 831 non
2871 777 3159 835 Socrates.

559 897 1534 968 HasigiturpreposuioncsSyriano
1557 896 2131 966 calculiscolligente,
2164 904 2219 962 Α
2249 899 2445 953 eodem
2475 925 2487 964 ;
2523 899 2618 955 illa
2648 901 2803 955 enim
2834 901 3142 956 aflirmatio
3173 902 3240 955 de
3275 900 3598 955 hominibus
3625 901 3861 970 factaest,

494 1007 597 1045 nos
618 1006 840 1059 quoque
868 988 1203 1042 nominatim
1221 986 1845 1056 disposuimus,idcirco
1863 986 2139 1057 quoniam

494 1079 714 1135 facilior
748 1080 889 1132 tides
923 1079 1217 1133 habebitur
1252 1093 1510 1145 numero,
1535 1080 1579 1132 si
1605 1095 1702 1148 per
1725 1076 1983 1145 exetnpla
2009 1093 2140 1145 pro-

495 1171 726 1223 dantur.
760 1168 935 1221 Simul
971 1171 1162 1230 etiam,
1192 1168 1470 1237 quoniam
1507 1168 1649 1221 male
1680 1167 1882 1221 doetus
1931 1168 2000 1221 de
2056 1166 2140 1221 his

492 1257 975 1327 propositionibus
1007 1256 1431 1325 perversissime
1464 1255 1861 1323 contendebat,
1913 1263 1963 1310 et
1985 1254 2139 1308 afﬁr-

489 1349 768 1402 mationt-s
790 1348 1017 1415 quidem
1045 1347 1409 1413 negationum
1438 1345 1561 1400 loco
1578 1361 1817 1413 ponens,
1846 1359 1940 1412 per
1965 1360 2141 1415 nega-

489 1437 675 1492 tiones
704 1453 834 1490 vero
866 1437 1285 1489 allimaiionum
1320 1438 1498 1488 totum
1532 1434 1796 1489 ordinem
1829 1433 2140 1488 confunde-

486 1528 603 1581 bat.
640 1528 822 1589 Quare
855 1544 926 1580 ne
957 1543 1121 1595 quem
1152 1525 1305 1578 illius
1352 1525 1531 1579 oratio
1588 1541 1620 1577 a
1678 1532 1842 1579 rectas
1902 1521 2141 1577 rationis

485 1617 715 1670 veritate
749 1617 1093 1676 traduceret,
1127 1614 1342 1669 idcirco
1377 1614 1525 1668 hanc
1553 1614 1619 1667 ad
1646 1612 1898 1668 elatioris
1922 1626 2139 1667 memo-

492 1705 584 1760 riae
617 1705 932 1759 subsidium
970 1706 1212 1758 fecimus
1245 1703 1699 1773 dispositionem.

567 1799 853 1865 Quoniam
884 1809 1006 1846 vero
1028 1792 1311 1846 contraria
1332 1798 1411 1846 est
1434 1802 1656 1861 negatio
1672 1793 1728 1845 ei
1746 1807 1865 1863 quae
1887 1794 1966 1845 est
1982 1805 2143 1844 omne

498 1885 722 1939 animal
745 1884 1175 1953 esljuslumjlla
1199 1899 1316 1953 quae
1337 1882 1612 1951 signiﬁcat
1636 1879 1897 1951 quoniam
1914 1878 2141 1933 nullum

499 1974 711 2028 animal
732 1983 807 2026 est
828 1976 1062 2040 jus/um,
1096 1978 1177 2025 th
1211 1973 1435 2043 quidem
1462 1973 1822 2041 manifestum
1870 1976 1951 2023 est
2001 1968 2142 2040 quod

497 2080 782 2132 nunquam
803 2068 963 2116 erant
989 2078 1162 2131 neque
1186 2076 1327 2117 venit?
1345 2062 1512 2115 simul
1533 2076 1704 2132 neque
1721 2062 1781 2114 in
1796 2059 1979 2114 eodem
2000 2060 2139 2129 ipso.

498 2153 594 2207 His
626 2169 746 2206 vero
775 2154 1043 2221 appositae
1071 2154 1230 2205 erunt
1261 2148 1584 2220 aliquando,
1616 2158 1679 2203 ut
1709 2165 1817 2203 non
1850 2164 2007 2202 omne
2023 2146 2145 2200 ani-

505 2240 625 2296 mal
638 2242 852 2311 justum
884 2248 982 2303 est,
1018 2250 1066 2293 et
1096 2245 1172 2293 est
1202 2238 1426 2308 aliquod
1451 2238 1671 2293 animal
1689 2238 1924 2308 justum.

571 2337 689 2385 Hoc
713 2347 933 2399 quoque
950 2336 1032 2382 est
1050 2328 1482 2397 diligentissime
1505 2327 1767 2397 superius
1788 2327 2140 2380 demonstra-

499 2430 637 2486 tum,
656 2419 921 2489 quoniam
954 2417 1253 2473 contrarias
1283 2417 1582 2486 aliquoties
1606 2432 1796 2471 verum
1821 2415 2143 2484 falsumque

496 2510 833 2572 dividerent,
862 2509 905 2561 si
930 2514 1027 2561 aut
1050 2510 1105 2561 in
1132 2508 1300 2561 rebus
1325 2505 1699 2573 naturalibus,
1720 2513 1813 2559 aut
1834 2504 1891 2558 in
1924 2504 2139 2572 impos-

493 2598 759 2654 sibilihns
784 2605 1275 2667 proponerentur;
1308 2595 1610 2667 aliquoties
1630 2611 1761 2648 vero
1784 2594 1957 2647 simul
1982 2594 2137 2647 inve-

493 2688 609 2743 niri
637 2704 795 2757 posse
818 2688 1005 2751 falsas,
1028 2688 1072 2739 si
1101 2702 1186 2740 res
1210 2701 1392 2754 neque
1418 2684 1702 2738 naturales
1729 2682 2136 2751 nequeimpos-

490 2778 684 2833 sibiles
701 2776 1065 2845 pra-dicarem
1079 2816 1091 2828 .
1110 2774 1312 2828 Contra
1323 2775 1635 2828 riasautem
1648 2787 1769 2826 esse
1784 2772 2003 2825 dictum
2029 2774 2135 2837 est,

490 2870 535 2923 si
550 2886 578 2937 q
591 2868 674 2921 uis
690 2866 770 2921 vel
787 2868 877 2919 alii
890 2867 1125 2919 rmative
1140 2865 1220 2918 vel
1249 2864 1502 2931 negative
1528 2861 1905 2916 universalem
1932 2860 2135 2914 faceret

490 2958 937 3013 enuntiationem
957 2973 969 3019 ;
987 2971 1120 3024 ergo
1136 2968 1287 3007 nunc
1304 2954 1409 3007 hoc
1428 2952 1557 3006 dicit
1580 2966 1729 3021 :qua:
1745 2957 1894 3009 sunt.
1928 2948 2133 3018 inquit,

489 3047 787 3103 contraria:
807 3046 976 3099 simul
999 3060 1142 3099 verae
1168 3058 1294 3098 esse
1332 3058 1445 3097 non
1490 3048 1745 3111 possunt,
1794 3046 1848 3093 et
1878 3037 1983 3093 hoc
2019 3053 2131 3092 non

490 3138 614 3191 sine
646 3138 882 3206 quadam
919 3150 1101 3189 rerum
1137 3131 1609 3187 determinatione
1639 3130 1863 3184 locutus
1886 3134 1966 3182 est
1994 3142 2008 3193 ;
2055 3127 2133 3180 ait

488 3226 952 3287 cnimzouoniam
970 3240 1098 3277 vero
1116 3221 1399 3277 contraria
1413 3224 1499 3275 est
1514 3218 1800 3289 negationi
1819 3218 1869 3272 ei
1888 3232 2011 3286 quae
2024 3222 2128 3282 est,

487 3332 657 3370 omne
674 3322 754 3368 est
777 3314 984 3367 animal
1006 3310 1467 3381 justum,scilicet
1490 3306 1984 3373 aflirmationi,illa
2008 3321 2129 3375 quae

483 3400 1067 3472 signiticat,quoniam
1088 3401 1310 3454 nullum
1334 3406 1414 3453 est
1431 3396 1869 3466 animaljustnm
1888 3392 2129 3461 ;scilicet

483 3493 857 3561 negatio,htec
890 3487 1633 3561 quidein,inquit,quoniam
1654 3492 1784 3540 sunt
1806 3482 2125 3551 Contrarias,

479 3598 601 3650 quae
634 3580 803 3633 simul
835 3596 978 3633 verae
1014 3593 1138 3633 esse
1171 3592 1281 3631 non
1318 3582 1573 3645 possunt,
1624 3570 1986 3627 manifestum
2038 3574 2125 3625 est

481 3670 746 3741 quoniam
780 3684 1071 3737 nunquam
1105 3673 1291 3731 erunt,
1322 3679 1503 3734 neque
1533 3679 1678 3717 verte
1711 3661 1881 3715 simul
1941 3676 2123 3730 neque
2154 3641 2195 3706 C

480 3762 537 3815 in
563 3761 787 3827 eodem,
812 3760 904 3813 sed
930 3758 1075 3828 quod
1098 3756 1241 3809 dixit
1265 3769 1448 3822 neque
1499 3768 1646 3806 verae
1698 3750 1891 3816 simul,
1924 3750 2122 3819 hujus-

482 3854 637 3909 modi
667 3857 771 3905 est.
810 3851 963 3904 Nihil
1013 3848 1167 3903 enim
1220 3844 1479 3915 prohibet
1506 3842 1618 3897 alio
1645 3849 1696 3896 et
1727 3841 1837 3895 alio
1869 3846 2123 3911 tempore

480 3950 534 3999 et
565 3941 1003 3996 aflirmationem
1040 3934 1439 3999 universalem,
1473 3940 1525 3985 et
1558 3932 1917 4003 negationem
1963 3948 2118 3986 vera-

481 4034 619 4087 citer
663 4046 823 4099 posse
856 4026 1116 4097 pr0poni,
1154 4032 1212 4077 ut
1245 4024 1290 4077 si
1323 4022 1453 4091 quis
1485 4021 1667 4075 dicat:
1702 4022 1891 4075 omnis
1948 4021 2121 4076 homo

472 4123 658 4192 justus
681 4128 785 4181 est,
814 4118 917 4171 hoc
939 4116 984 4169 si
1024 4129 1195 4168 aureo
1243 4110 1450 4166 smculo
1482 4112 1783 4177 diceretur,
1829 4112 2121 4165 verissime

477 4218 903 4284 proponeretur.
928 4205 1081 4269 Quod
1108 4202 1151 4257 si
1175 4203 1299 4273 quis
1322 4217 1514 4256 rursus
1535 4200 1705 4263 dicat,
1734 4200 1928 4255 nullus
1952 4201 2120 4256 homo

470 4306 661 4372 justus
684 4309 786 4359 est,
817 4299 923 4351 hoc
948 4295 991 4348 si
1018 4294 1195 4347 ferreo
1223 4292 1433 4346 saeculo
1479 4290 1825 4353 enuntiaret,
1858 4291 1961 4344 erit
1994 4306 2120 4345 vera

472 4390 798 4461 prepositio.
826 4392 1011 4451 Quare
1034 4383 1307 4453 contingit
1330 4381 1765 4435 aliirmalionem
1791 4387 1841 4433 et
1865 4379 2119 4444 negatio-

470 4497 598 4535 nem
624 4474 995 4530 universalem
1023 4489 1183 4526 veras
1204 4486 1490 4539 esse,quas
1516 4470 1878 4524 manifestum
1896 4477 1974 4523 est
1994 4483 2118 4523 esse

469 4565 901 4627 contrarias,st
931 4579 1043 4617 non
1074 4561 1265 4616 simul.
1292 4561 1394 4615 Illa
1417 4559 1567 4615 enim
1589 4558 1646 4613 in
1672 4574 1842 4612 aureo
1883 4558 2115 4625 smculo,

467 4660 509 4713 si
534 4660 605 4712 ita
628 4653 1039 4719 contingit,illa
1062 4652 1120 4706 in
1143 4653 1324 4706 ferreo
1348 4649 1576 4714 saeculo,
1600 4649 1691 4702 sed
1720 4649 1839 4703 haec
1864 4657 2116 4714 tempora

464 4750 685 4804 diversa
713 4751 925 4809 sunt,et
950 4759 1061 4797 non
1090 4750 1219 4795 sunt
1246 4740 1439 4794 simul.
1466 4739 1646 4801 Quare
1666 4746 1814 4792 recte
1836 4738 1940 4792 hoc
1972 4753 2112 4806 quo-

471 4854 581 4905 que
602 4834 816 4888 addidit
848 4840 908 4886 ut
932 4828 1534 4895 diceret,manilestum
1559 4836 1637 4880 est
1663 4825 1928 4895 quoniam
1963 4842 2112 4880 nuu-

464 4942 631 4997 quam
668 4931 829 4977 erunt
862 4936 1041 4990 neque
1071 4936 1215 4973 verae
1246 4915 1437 4985 simul,
1469 4915 1615 4985 quod
1648 4923 1834 4968 autem
1875 4914 2110 4980 addidit,

2253 986 2343 1042 hic
2376 1005 2502 1044 vero
2534 992 2601 1045 de
2632 995 2792 1061 equis
2825 996 3066 1060 negatio.
3096 990 3472 1057 Quamobrem
3532 990 3735 1044 dictum
3785 995 3861 1045 est

2250 1092 2541 1148 nunquam
2576 1096 2704 1133 esse
2732 1096 2894 1149 posse
2925 1079 3093 1134 simul
3132 1081 3447 1134 contrarias
3477 1095 3650 1147 veras,
3700 1092 3861 1148 neque

2250 1168 2309 1222 in
2337 1172 2556 1236 eodem,
2578 1170 2629 1223 id
2654 1181 2732 1224 est
2763 1187 2865 1224 nec
2890 1187 3001 1224 uno
3025 1170 3339 1239 eodemque
3366 1178 3630 1238 tempore,
3662 1184 3756 1224 nec
3807 1170 3864 1223 de

2251 1273 2367 1312 uno
2402 1260 2676 1327 subjecto.
2711 1260 2817 1313 Sed
2854 1260 3126 1328 quoniam
3163 1259 3252 1313 his
3283 1260 3548 1328 oppositis
3571 1268 3722 1312 erunt
3752 1258 3865 1311 uui-

2251 1346 2448 1401 versali
2475 1350 2705 1419 quidem
2730 1348 3097 1403 allirmationi
3123 1348 3481 1418 particularis
3502 1348 3731 1416 negatio,
3761 1344 3866 1400 uni-

2249 1437 2450 1491 versali
2470 1447 2656 1491 autem
2685 1439 2974 1508 negationi
3004 1436 3363 1506 particularis
3384 1437 3752 1499 attirmatio.et
3783 1435 3867 1488 has

2250 1527 2501 1581 diximus
2527 1528 2741 1582 idcirco
2769 1527 3194 1581 subcontrarias
3216 1528 3348 1585 dici.
3371 1528 3520 1597 quod
3544 1527 3866 1593 diversaquo-

2251 1614 2561 1670 dammodo
2594 1618 2900 1671 contrariis
2934 1617 3237 1685 patiantur.
3273 1618 3622 1669 Manifestum
3655 1622 3729 1669 est
3749 1628 3867 1683 quo-

2249 1704 2403 1759 niam
2438 1707 2586 1759 sicut
2618 1708 2915 1760 contrariae
2948 1722 3091 1759 verae
3122 1705 3288 1759 simul
3324 1721 3444 1759 esse
3477 1721 3585 1759 non
3638 1708 3864 1772 possunt,

2250 1793 2509 1848 dividunt
2534 1804 2717 1849 tamen
2750 1794 3049 1864 aliquoties
3083 1795 3230 1849 inter
3264 1811 3321 1849 se
3345 1795 3629 1849 veritatem
3659 1802 3707 1846 et
3746 1789 3870 1844 falsi-

2251 1886 2444 1947 tatem,
2471 1884 2546 1937 ita
2580 1900 2805 1953 quoque
2838 1893 2888 1938 et
2924 1885 3330 1938 subconlrariae
3364 1884 3617 1938 dividunt
3642 1881 3865 1952 quaedam

2252 1972 2400 2027 inter
2422 1990 2480 2027 se
2501 1990 2695 2027 verum
2723 1974 3045 2043 falsumque
3069 1972 3389 2042 aliquoties,
3416 1973 3634 2042 quando
3676 1976 3869 2024 contra-

2252 2062 2347 2115 rias
2381 2079 2608 2133 quoque
2639 2064 2980 2129 diviserint;
3017 2062 3185 2117 simul
3222 2068 3413 2116 autem
3464 2078 3603 2115 verte
3660 2057 3867 2113 inveniri

2252 2157 2509 2221 possunt,
2536 2154 2768 2222 quando
2791 2151 3138 2206 universales
3161 2160 3212 2205 et
3237 2153 3537 2206 contrarias
3572 2148 3725 2203 simul
3750 2161 3868 2201 vero

2176 2269 2221 2333 B
2254 2257 2363 2295 non
2387 2246 2538 2307 sunt,
2562 2250 2615 2295 ut
2639 2248 2826 2296 autem
2852 2241 3021 2294 simul
3050 2239 3204 2295 falsze
3224 2243 3360 2308 sint,
3385 2239 3540 2294 nulla
3575 2253 3745 2293 rerum
3791 2252 3861 2289 ra-

2254 2330 2407 2385 tione
2429 2330 2730 2399 contingit.
2757 2330 2901 2401 Ergo
2925 2331 3239 2384 contrarias
3262 2332 3493 2399 quidem
3546 2327 3701 2382 simul
3734 2338 3861 2379 veras

2250 2427 2553 2488 essentque
2572 2422 2625 2472 in
2652 2420 2846 2473 eodem
2874 2434 3165 2485 nunquam
3191 2419 3353 2488 quisq
3373 2434 3498 2471 nam
3525 2420 3713 2486 poterit
3738 2415 3863 2467 inve-

2249 2510 2391 2564 nire.
2417 2509 2835 2563 Subcoutrariae
2856 2513 3049 2562 autem
3076 2525 3199 2578 quae
3223 2507 3633 2562 universalihus
3673 2515 3719 2559 et
3749 2517 3859 2557 con-

2248 2597 2437 2653 trariis
2469 2599 2742 2669 oppositai
2768 2603 2921 2662 sunt,
2946 2598 3052 2652 silui
3083 2600 3327 2652 invicem
3357 2604 3701 2665 comparatas
3729 2606 3860 2646 veras

2248 2686 2490 2741 inveniri
2512 2687 2782 2756 possibile
2801 2695 2902 2754 est,
2926 2687 3057 2741 utin
3082 2704 3147 2741 eo
3165 2688 3284 2755 ipso
3308 2687 3568 2756 exemplo
3590 2684 3723 2753 quod
3759 2682 3859 2750 ipse

2246 2778 2561 2845 pr0posuit,
2597 2793 2709 2831 non
2745 2793 2914 2831 omne
2945 2776 3154 2829 animal
3188 2777 3409 2845 jUslum
3443 2784 3541 2843 est,
3579 2790 3697 2827 vera
3750 2776 3853 2834 est;

2244 2881 2464 2931 rursus,
2496 2873 2579 2920 est
2611 2864 2837 2935 aliquod
2869 2866 3081 2920 animal
3110 2868 3353 2935 justum,
3382 2866 3499 2920 haec
3523 2878 3729 2935 quoque
3750 2874 3854 2913 vera

2242 2963 2345 3009 est.
2381 2956 2561 3019 Quare
2591 2955 2885 3010 contrariae
2921 2955 3091 3010 simul
3128 2972 3266 3009 verae
3302 2972 3425 3011 esse
3462 2972 3571 3009 non
3632 2954 3847 3020 possunt,

2242 3043 2663 3097 subcontrarias
2692 3043 2863 3097 simul
2899 3060 3053 3098 veras
3084 3043 3225 3098 nihil
3262 3044 3522 3114 prohibet
3555 3040 3790 3096 inveniri.

2312 3131 2579 3202 Sequitur
2608 3148 2731 3187 vero
2762 3133 2905 3186 hanc
2933 3132 3152 3204 quidem
3184 3148 3313 3203 qua:
3343 3140 3444 3201 est,
3501 3133 3679 3186 nulla;
3718 3127 3848 3182 homo

2238 3223 2545 3293 estjuslus,
2580 3221 2685 3276 illa
2717 3238 2842 3293 qua:
2869 3234 2968 3289 est,
3002 3224 3183 3277 omni:
3232 3223 3392 3277 homo
3429 3230 3502 3277 est
3548 3236 3648 3275 non
3678 3220 3843 3285 iustus.

2237 3310 2403 3366 Illam
2436 3327 2562 3366 vero
2592 3326 2717 3383 quae
2745 3320 2839 3377 est,
2859 3313 3064 3380 aliquis
3094 3313 3253 3366 homo
3274 3313 3457 3381 justus
3485 3315 3578 3377 esi,
3618 3307 3843 3379 ορροςὶἰαν

2236 3416 2345 3455 non
2376 3403 2558 3457 omnis
2589 3405 2662 3457 est
2695 3403 2855 3457 homo
2884 3417 2990 3457 non
3016 3402 3225 3473 justus,
3261 3418 3473 3459 necesse
3500 3410 3576 3457 est
3598 3400 3730 3455 enim
3756 3394 3844 3449 ali-

2237 3508 2394 3562 quem
2422 3508 2551 3547 esse.

2312 3582 2384 3635 De
2410 3581 2815 3651 consequentia
2848 3582 3300 3651 propositionum
3338 3580 3671 3651 simplicium
3702 3582 3841 3644 atque

2234 3670 2587 3725 infinitarum
2616 3669 2967 3725 sufficienter
2998 3670 3226 3740 quidem
3258 3688 3429 3739 supra
3463 3661 3837 3724 disseruit.Sed

2234 3774 2389 3813 nunc
2420 3758 2542 3814 haec
2575 3763 2659 3813 est
2692 3759 2823 3814 huic
2854 3759 3095 3813 intentio
3130 3776 3243 3814 non
3278 3776 3399 3830 quae
3424 3750 3836 3829 particularisaf—

2235 3846 2497 3915 firmatio,
2522 3864 2692 3918 quam
2720 3848 3095 3902 universalem
3122 3848 3563 3903 afﬁrmationem
3597 3846 3669 3899 vel
3695 3855 3833 3908 nega-

2234 3938 2445 3993 tionem
2478 3942 2769 4007 sequatur,
2803 3938 2953 4007 quod
2988 3952 3153 4005 supra
3183 3938 3305 4006 jam
3367 3934 3698 3993 monstravit.
3745 3925 3829 3981 Sed

2231 4043 2351 4097 qua:
2385 4027 2718 4082 universalis
2750 4028 2973 4096 negatio
3006 4027 3384 4083 universalem
3421 4033 3673 4098 sequatur
3713 4016 3833 4072 allir-

2231 4117 2566 4182 matiorem,
2600 4116 2685 4170 vel
2720 4132 2845 4185 quas
2880 4116 3236 4183 particularis
3271 4117 3495 4187 negatio
3550 4102 3829 4184 particulari

2230 4206 2441 4260 scilicet
2466 4204 2834 4259 aliirmalioni
2859 4206 3580 4276 consentiat,proponitque
3604 4202 3694 4255 has
3713 4209 3827 4265 qua-

2230 4303 2354 4349 tuor
2384 4295 2603 4362 dicens,
2641 4294 2994 4349 negationem
3029 4296 3348 4363 simplicem
3384 4288 3736 4349 universalem
3785 4287 3825 4335 el

2228 4384 2669 4438 aftirmationem
2703 4382 2988 4437 inlinitam
3026 4383 3403 4439 universalem
3438 4399 3557 4437 sese
3608 4374 3745 4446 sequi
3784 4376 3825 4423 et

2228 4473 2458 4528 sibimet
2487 4481 2835 4538 consentire,
2872 4489 2976 4528 nec
3010 4474 3200 4527 minus
3234 4473 3323 4527 his
3355 4465 3733 4542 Oppposuas,id
3760 4462 3823 4514 est

2228 4561 2623 4631 particularem
2656 4562 3091 4617 aftirmationem
3124 4562 3443 4629 simplicem
3476 4568 3527 4615 et
3561 4550 3819 4627 particula-

2227 4668 2343 4706 rem
2379 4652 2663 4705 inlinitam
2700 4652 3085 4721 negationem,
3120 4658 3172 4705 et
3198 4652 3253 4705 in
3280 4654 3511 4705 veritate
3534 4645 3656 4703 etin
3698 4635 3818 4695 falsi-

2226 4744 2338 4795 tate
2368 4757 2426 4795 se
2455 4740 2634 4810 sequi,
2670 4750 2721 4795 et
2749 4760 2780 4794 a
2810 4758 2869 4795 se
2904 4742 3059 4797 nullo
3093 4744 3259 4796 modo
3290 4742 3620 4808 discrepare.
3653 4732 3820 4793 DisPO‘

2224 4838 2434 4885 nanlur
2463 4845 2615 4885 enim
2654 4830 2736 4884 has
2770 4835 3031 4900 quatuor,
3068 4833 3220 4901 prior
3278 4827 3575 4884 afﬁrmatio
3630 4815 3814 4875 inlinit-’1

2223 4919 2561 4973 universalis
2586 4936 2708 4989 qum
2740 4920 2895 4987 dicit,
2929 4920 3119 4974 omnis
3152 4919 3320 4974 homo
3353 4926 3433 4973 est
3490 4930 3597 4971 non
3644 4911 3810 4978 justus.

464 5032 649 5084 neque
672 5014 731 5067 in
758 5014 980 5075 eodem,
1006 5011 1071 5062 ad
1100 5008 1265 5061 aliam
1294 5006 1544 5075 ejusdem
1581 5006 1657 5057 rei
1680 5004 2105 5059 delerminatio-
2138 5012 2183 5075 D
2216 5008 2323 5063 sub
2358 5008 2460 5063 hac
2490 5009 2539 5062 ei
2567 5007 2934 5063 consentiens
2964 5007 3210 5077 simplex
3244 5004 3579 5062 universalis
3625 4990 3810 5084 negatio

460 5122 588 5161 nem
622 5102 761 5157 valet
794 5118 805 5154 :
840 5103 1088 5171 possunt
1118 5098 1269 5152 enim
1306 5111 1497 5149 rursus
1527 5093 1724 5148 eodem
1760 5101 2009 5162 tempore
2050 5102 2104 5148 et

455 5193 621 5249 simul
643 5184 1288 5246 universalisaltirmalio
1302 5193 1353 5239 et
1370 5182 1706 5238 universalis
1725 5183 1944 5251 negatio
1959 5199 2097 5238 verte

452 5301 607 5348 esse;
644 5282 741 5336 sed
778 5280 821 5333 si
856 5295 969 5332 non
1004 5278 1072 5330 de
1104 5276 1303 5330 eodem
1335 5271 1735 5342 przedicentur,
1773 5281 1828 5325 ut
1861 5273 1906 5325 si
1966 5272 2090 5340 quis

446 5374 593 5426 dicat
619 5386 630 5425 :
652 5384 819 5425 omne
837 5366 1045 5420 animal
1068 5362 1341 5417 rationale
1362 5360 1581 5425 est,huc
1604 5361 1650 5414 si
1674 5362 1742 5413 de
1766 5360 2090 5415 hominibus

445 5462 799 5533 prmtlicelur,
825 5472 951 5508 vera
972 5452 1400 5509 estafiirmatio.
1442 5450 1596 5515 Quod
1628 5450 1675 5503 si
1726 5448 1851 5516 quis
1882 5450 2037 5504 dicat
2070 5467 2083 5506 :

442 5549 671 5604 nnllum
693 5546 901 5600 animal
922 5540 1192 5599 rationale
1209 5548 1312 5608 est,
1338 5540 1444 5594 hoc
1461 5540 1595 5592 side
1616 5538 1777 5607 equis
1801 5540 2083 5608 enuntiet,

442 5655 571 5696 "era
590 5640 691 5694 erit
716 5654 828 5691 uno
855 5635 1169 5703 eodemque
1190 5635 1443 5699 tempore
1463 5636 1661 5685 contra
1705 5628 2087 5685 universalem

574 5729 882 5786 nationem
920 5723 1258 5782 universalis
1283 5722 1429 5779 facta
1459 5721 1702 5791 negatio,
1736 5722 1832 5776 sed
1863 5736 1981 5776 non
2019 5720 2089 5776 de

2215 5114 2337 5168 quas
2367 5099 2855 5167 pr0ponit,nulius
2888 5097 3061 5153 homo
3088 5098 3274 5166 justus
3305 5105 3406 5151 est.
3442 5094 3645 5148 Rursus
3674 5086 3720 5138 in
3743 5076 3809 5168 ξίιο

2212 5195 2329 5242 tera
2362 5192 2520 5255 parte
2550 5197 2745 5243 contra
2767 5188 3209 5242 aflirmationem
3235 5166 3805 5249 inﬁnitam,particula—

2201 5276 2281 5330 ris
2308 5275 2549 5346 simplex
2585 5276 2890 5329 afﬁrmatio
2919 5292 3040 5344 quae
3066 5276 3225 5345 dicit,
3248 5284 3327 5328 est
3351 5273 3553 5342 aliquis
3577 5256 3803 5327 homOjll'

2200 5376 2338 5428 stus,
2372 5370 2427 5419 et
2458 5364 2564 5419 sub
2598 5367 2701 5420 hac
2739 5364 3105 5434 particularis
3164 5365 3385 5419 infinita
3441 5356 3650 5427 negatio
3701 5356 3797 5415 illi”

2199 5455 2483 5526 proponit,
2519 5472 2632 5511 uou
2661 5455 2851 5511 omnis
2882 5464 2965 5511 est
3000 5454 3171 5514 homo
3204 5470 3318 5509 non
3345 5453 3555 5522 justus.

3954 4362 3955 4397 l

3952 4438 3953 4469 l

3950 4496 3951 4541 1

3948 4560 3949 4613 1

3946 4640 3947 4685 1

3944 4696 3945 4757 1

3940 4774 3943 4829 1

3932 5154 3933 5187 l

3930 5226 3931 5259 l

3920 5422 3925 5483 1

3920 5494 3923 5547 1
