4072 6182
39 3139 58 3224 ξ

271 391 345 445 557

856 520 1058 577 Omnis
1079 530 1163 578 est
1192 523 1360 580 homo
1382 539 1497 579 non
1513 523 1722 592 justus.

840 618 1046 674 Nullus
1077 630 1158 676 est
1182 622 1351 678 homo
1377 621 1567 692 justus

975 403 1050 454 IN
1089 403 1364 456 LIBRUM
1400 401 1497 454 DE
1533 393 2222 453 INTERPRRTATIONE
2258 391 2506 446 EDITIO
2538 392 2893 447 SECUNDA.

1801 520 1895 574 Est
1918 515 2129 589 aliquis
2161 515 2330 570 homo
2347 514 2556 584 justus.

1785 618 1912 675 Non
1942 615 2131 672 omnis
2162 621 2244 668 est
2277 613 2446 668 homo
2479 627 2594 667 non
2621 612 2831 681 justus.

318 739 544 811 Hisergo
569 741 968 811 itadispositis,
995 745 1360 802 siaﬂirmatio
1379 746 1722 802 universalis
1742 745 1866 800 inli-
1901 750 1957 815 Α
1989 755 2181 795 rursus
2203 754 2329 793 vera
2361 745 2443 792 est
2468 736 2804 792 universalis
2825 736 3072 807 simplex
3089 737 3332 807 negatio,
3385 736 3523 792 falsa
3553 739 3640 792 est

262 829 346 883 uita
375 845 527 884 versa
560 831 652 900 sit,
686 847 752 886 ea
783 849 903 900 qua:
921 835 1081 902 dicit,
1109 835 1296 890 omnis
1320 840 1406 892 est
1431 835 1600 891 homo
1634 851 1746 889 non
1775 834 1871 904 ju—

257 922 362 987 stus,
393 936 521 973 vera
579 929 660 976 est
705 922 876 976 etiam
925 941 988 978 ea
1022 941 1150 995 qua}
1206 930 1493 996 proponit,
1548 927 1739 980 nullus
1788 932 1869 979 est

254 1007 383 1063 homo
410 1010 617 1074 justus,
653 1026 776 1079 quae
806 1020 888 1066 est
925 1013 1269 1068 universalis
1300 1014 1541 1084 simplex
1596 1015 1820 1085 negatio
1851 1033 1865 1082 ;

253 1098 330 1151 hoc
355 1104 538 1152 autem
574 1100 778 1154 melius
801 1101 857 1155 in
877 1100 1248 1157 inferioribus
1270 1105 1635 1173 cognoscitur
1667 1117 1866 1158 exem’

249 1185 348 1255 ptis.
378 1187 612 1242 Dicatur
639 1188 814 1253 enim,
850 1191 1037 1245 omnis
1060 1205 1144 1246 est
1178 1192 1345 1247 homo
1370 1208 1484 1248 non
1523 1193 1864 1263 qnadrupes,

249 1292 345 1330 vera
371 1284 476 1341 est,
518 1293 716 1332 rursus
767 1277 958 1333 nullus
989 1285 1074 1336 est
1123 1279 1294 1336 homo
1353 1281 1696 1351 quadrupes,
1747 1280 1866 1335 haec

247 1381 432 1436 quoque
464 1383 593 1422 vera
623 1374 703 1422 est
736 1384 749 1421 :
785 1371 934 1438 quod
965 1370 1011 1424 si
1051 1386 1162 1424 una
1196 1369 1395 1426 harum
1430 1372 1503 1425 sit
1523 1371 1686 1439 falsa,
1721 1370 1862 1425 falsa

243 1471 426 1526 quoque
456 1458 562 1511 erit
621 1465 674 1511 et
734 1458 929 1512 altera.
979 1459 1119 1513 Nam
1153 1460 1199 1513 si
1241 1459 1380 1514 falsa
1425 1456 1546 1528 est,
1591 1460 1864 1530 quoniam

239 1547 392 1599 omnis
417 1551 501 1599 est
534 1546 702 1600 homo
735 1562 848 1601 non
877 1548 1084 1615 justus,
1120 1549 1265 1602 sicut
1300 1565 1426 1604 vere
1468 1565 1689 1619 quoque
1726 1548 1864 1603 falsa

242 1642 321 1698 est,
349 1633 440 1688 illa
463 1651 688 1704 quoque
720 1635 943 1706 negatio
967 1637 1205 1706 simplex
1245 1638 1685 1693 meudacissime
1719 1653 1859 1705 prae.-

243 1723 407 1777 dicavit
439 1740 560 1794 quae
598 1725 756 1793 dicit,
791 1727 984 1780 nullus
1016 1734 1097 1780 est
1123 1727 1290 1781 homo
1325 1728 1532 1797 justus.
1586 1727 1864 1790 Quocirca

247 1811 508 1866 affirmatio
540 1811 878 1868 universalis
912 1815 1138 1869 inﬁnita
1173 1821 1229 1870 et
1261 1818 1484 1885 negatio
1528 1815 1862 1871 universalis

252 1901 448 1971 simplex
475 1903 702 1957 sibimet
730 1905 1117 1968 consentiunt,
1141 1909 1222 1971 ut,
1247 1921 1358 1959 una
1405 1921 1564 1973 vera,
1623 1903 1860 1960 alteram

252 2007 391 2046 veram
423 2009 547 2046 esse
583 2009 813 2047 necesse
848 1993 916 2048 sit
945 2013 959 2059 ;
1013 1993 1251 2048 alterius
1284 1994 1592 2049 falsitatem
1627 1993 1860 2064 reliquae

251 2092 431 2148 quoque
463 2078 679 2134 falsitas
709 2085 1109 2148 consequatur.
1146 2082 1298 2136 Idem
1334 2097 1558 2152 quoque
1589 2082 1777 2136 evenit
1800 2082 1855 2136 in

246 2172 368 2226 parte
393 2160 585 2225 altera,
619 2177 748 2215 nam
766 2161 811 2214 si
833 2178 963 2215 vera
994 2166 1100 2227 est,
1132 2163 1405 2232 quoniam
1431 2163 1659 2232 quidam
1687 2162 1856 2217 homo

239 2251 394 2315 justus
421 2261 518 2317 est,
555 2267 684 2305 vera
716 2267 937 2322 quoque
968 2260 1075 2318 est,
1108 2253 1377 2322 quoniam
1413 2269 1526 2308 non
1559 2254 1748 2308 omnis
1774 2259 1855 2306 est

242 2335 383 2392 homo
407 2354 515 2394 non
544 2340 755 2408 justus,
795 2349 880 2395 est
911 2340 1314 2411 enimaliquis:
1345 2358 1475 2395 nam
1509 2342 1555 2396 si
1589 2341 1736 2412 quod
1769 2340 1853 2395 di-

239 2425 380 2492 citur,
412 2443 523 2482 non
559 2431 768 2495 omnis,
828 2431 1177 2484 tantumdem
1213 2438 1316 2496 est,
1359 2438 1624 2502 tanquam
1651 2431 1697 2486 si
1729 2430 1854 2501 quis

237 2512 384 2578 dicat,
415 2517 643 2585 quidam
671 2534 783 2571 non
817 2525 922 2585 est,
948 2519 1094 2587 quod
1127 2519 1184 2572 iu
1211 2519 1322 2572 alio
1341 2535 1569 2590 quoque
1591 2519 1852 2588 exemplo

238 2602 567 2659 manifestius
597 2606 911 2676 apparebit.
955 2607 1010 2660 Si
1041 2608 1170 2676 quis
1201 2609 1371 2672 dicat,
1404 2626 1517 2664 non
1551 2610 1739 2663 omnis
1770 2616 1851 2663 est

236 2690 388 2747 homo
436 2695 642 2763 justus,
678 2696 788 2751 hoc
818 2705 900 2751 est
931 2697 1144 2762 dicere,
1195 2699 1429 2768 quidam
1465 2699 1634 2754 homo
1662 2699 1850 2768 justus

225 2797 327 2838 non
359 2794 468 2853 est;
499 2803 632 2855 ergo
654 2804 767 2842 non
801 2791 1010 2856 omnis,
1048 2791 1276 2859 quidam
1305 2774 1763 2862 non,signtficat.
1790 2789 1850 2846 Si

224 2873 337 2940 quis
365 2891 490 2942 ergo
522 2877 597 2930 ita
631 2886 929 2948 proponat,
953 2879 1182 2949 quidam
1208 2879 1378 2935 homo
1398 2882 1847 2952 nonjustusnon

218 2969 314 3028 est,
347 2981 507 3033 quem
535 2967 674 3022 dicit
711 2984 822 3022 non
842 2985 961 3024 esse
978 2986 1092 3026 non
1115 2970 1416 3041 injustum,
1439 2973 1848 3041 injustumesse

208 3051 525 3109 confirmat.
563 3056 744 3120 Quare
780 3055 877 3111 ille
909 3058 977 3112 de
1009 3077 1120 3130 quo
1148 3059 1376 3126 dicitur,
1410 3062 1679 3131 quoniam
1731 3074 1845 3114 non

194 3138 381 3206 justus
416 3159 525 3198 non
554 3152 661 3210 est,
691 3148 794 3200 erit
822 3147 1030 3214 jusms.
1064 3148 1222 3204 Unde
1255 3150 1313 3202 fit
1347 3153 1406 3204 ut
1436 3166 1498 3203 ea
1531 3167 1654 3218 quae
1686 3149 1842 3217 dicit,

192 3244 306 3283 non
330 3233 524 3288 omnis
554 3241 640 3288 est
676 3233 843 3292 homo
877 3253 990 3292 non
1039 3239 1246 3307 justus,
1279 3240 1596 3293 consentiat
1641 3239 1694 3294 ei
1723 3254 1845 3308 quae

188 3317 354 3382 dicit,
391 3323 627 3392 quidam
664 3322 831 3379 homo
854 3325 1040 3394 justus
1064 3332 1172 3383 est.
1200 3328 1303 3382 Sed
1334 3328 1452 3382 hzec
1476 3344 1589 3383 non
1607 3342 1848 3383 consen-

182 3406 243 3460 tit
279 3410 327 3463 ei
367 3427 496 3480 quae
527 3413 690 3479 dicit,
724 3415 954 3483 quidam
1018 3417 1186 3472 homo
1214 3435 1328 3472 non
1354 3418 1544 3486 justus
1592 3425 1693 3486 est,
1726 3433 1843 3472 non

173 3496 360 3565 igitur
397 3499 517 3554 haec
548 3503 840 3557 consentit
874 3505 923 3559 ei
969 3523 1092 3575 quze
1152 3510 1436 3576 prOponit,
1500 3524 1615 3562 non
1657 3507 1847 3562 omnis
1878 3480 1919 3545 Ο

179 3586 362 3641 hom-1
401 3598 478 3643 est
514 3607 628 3645 non
665 3592 865 3661 justus.
900 3597 1004 3650 Sed
1043 3597 1317 3666 quoniam
1357 3597 1460 3651 hoc
1485 3597 1720 3651 fortasse
1749 3597 1851 3651 ali-

174 3684 479 3742 quatenus
517 3681 740 3735 videtur
786 3683 1102 3742 obscurius.
1138 3686 1560 3754 consequuntim
1592 3686 1848 3756 ipsarum

175 3763 287 3818 hoc
328 3771 504 3822 modo
531 3771 825 3824 sumendae
857 3782 1013 3827 sunt.
1039 3775 1233 3843 Sitque
1259 3775 1420 3829 nobis
1455 3775 1560 3830 hoc
1596 3775 1846 3846 positum

175 3853 638 3912 altirmationem
666 3860 1039 3917 universalem
1069 3864 1374 3926 infinitam,
1411 3873 1462 3917 et
1488 3866 1844 3919 incitationem

177 3944 575 4002 universalem
600 3949 922 4015 simplicem
945 3953 1168 4006 sibimet
1195 3955 1540 4019 consentire,
1576 3961 1632 4007 ut
1671 3968 1848 4006 unius

175 4035 484 4090 veritatem
517 4047 570 4091 et
621 4039 941 4107 falsitatem,
994 4043 1228 4096 alterius
1253 4043 1465 4096 veritas
1499 4052 1592 4097 aut
1638 4043 1849 4096 falsitas

178 4132 603 4192 Consequatur.
637 4129 691 4180 Si
739 4129 876 4184 falsa
907 4139 992 4184 est
1021 4132 1324 4187 afﬁrmatio
1357 4133 1585 4186 inunita
1619 4133 1846 4186 univer~

181 4209 328 4266 salis
357 4232 480 4283 quae
521 4218 682 4285 dicit,
709 4219 897 4272 omnis
915 4229 992 4275 est
1022 4221 1189 4276 homo
1206 4239 1318 4276 non
1345 4222 1553 4292 justus,
1587 4239 1713 4276 vera
1744 4221 1847 4275 erit

183 4296 328 4356 huic
364 4307 620 4373 Opposita
651 4309 1015 4374 particularis
1048 4310 1274 4365 inﬁnita
1307 4312 1531 4378 negatio
1562 4327 1684 4380 quae
1719 4327 1848 4380 pro-

186 4392 384 4458 ponit,
421 4409 531 4448 non
560 4397 748 4450 onmis
789 4406 871 4452 est
931 4399 1101 4452 homo
1134 4416 1246 4455 non
1299 4401 1524 4470 justus;
1556 4401 1652 4455 sed
1715 4415 1844 4454 cum

189 4475 336 4531 falsa
373 4491 455 4536 est
486 4484 794 4542 afﬁrmatio
830 4489 1429 4554 universalisintinita,
1466 4490 1602 4544 falsa
1625 4506 1848 4559 quoque

192 4569 246 4616 et
283 4571 623 4628 universalis
654 4574 898 4645 simplex
936 4579 1156 4646 negatio
1187 4595 1307 4648 quae
1343 4579 1500 4643 dicit,
1539 4578 1733 4633 nullus
1763 4584 1847 4633 est

198 4650 584 4728 bomojustus
619 4681 634 4729 ;
667 4668 760 4718 sed
800 4666 902 4720 hac
927 4667 1062 4720 falsa
1088 4668 1488 4738 particularem
1520 4669 1843 4722 afﬁrmatio-

201 4755 328 4799 nam
365 4766 486 4816 quae
521 4753 654 4807 huic
685 4755 1138 4810 contradictorim
1197 4758 1460 4828 opposita
1520 4766 1620 4823 est,
1658 4773 1844 4812 verum

1981 828 2337 900 particularis
2369 825 2606 896 simplex
2643 825 2948 881 afﬁrmatio
2975 844 2989 892 ;
3021 826 3118 880 sed
3154 825 3493 880 universalis
3551 826 3636 881 af-

1981 918 2226 973 ﬁrmatio
2251 917 2478 972 inﬁnita
2502 925 2553 970 et
2578 915 2916 971 universalis
2942 916 3161 983 negatio
3192 916 3433 986 simplex
3462 912 3635 969 simul

1977 1024 2120 1063 vera:
2145 1012 2300 1071 sunt,
2328 1006 2499 1061 simul
2528 1005 2694 1074 igitur
2717 1013 2881 1060 erunt
2906 1005 3059 1060 falsae
3082 1005 3438 1074 particularis
3476 1004 3634 1059 affir-

1979 1097 2152 1152 matio
2175 1095 2412 1164 simplex
2439 1099 2494 1149 et
2515 1093 3117 1164 particularisinﬁnita
3173 1095 3418 1164 negatio.
3453 1094 3636 1159 Quare

1980 1186 2099 1240 haec
2127 1200 2370 1256 quoque,
2399 1185 2454 1238 id
2488 1191 2574 1238 est
2623 1183 2979 1252 particularis
3033 1183 3338 1238 affirmatio
3391 1183 3634 1251 simplex

1974 1283 2027 1330 et
2061 1273 2419 1344 particularis
2451 1271 2674 1327 inﬁnita
2696 1272 2998 1327 sibimetin
3020 1271 3252 1327 veritate
3293 1279 3345 1327 et
3393 1271 3634 1327 falsitate

1972 1364 2372 1429 consentiunt,
2406 1371 2458 1418 et
2489 1361 2782 1417 veritatem
2817 1377 2977 1416 suam
3037 1369 3090 1416 et
3149 1362 3512 1416 mendacium
3544 1361 3633 1417 in-

1973 1453 2152 1508 vicem
2185 1458 2640 1523 consequuntur.
2698 1453 2883 1514 Quare
2945 1449 3250 1505 afﬁrmatio
3299 1450 3529 1521 quidem
3576 1456 3630 1505 et

1974 1543 2227 1612 negatio,
2264 1551 2497 1612 utraque
2530 1539 2873 1595 universalis
2908 1540 3027 1594 haac
3058 1539 3323 1610 simplex,
3352 1540 3449 1596 illa
3508 1537 3633 1595 inﬁ-

1973 1633 2114 1696 nita,
2145 1637 2464 1701 sequuntur
2493 1646 2616 1685 sese
2648 1630 2868 1699 sibique
2896 1629 3286 1684 consentiunt.
3321 1628 3632 1684 Particula—

1973 1736 2059 1775 res
2083 1729 2294 1786 autem,
2324 1720 2374 1774 id
2401 1725 2485 1775 est
2511 1719 2925 1775 universalibns
2947 1719 3216 1788 Opposita:
3239 1717 3483 1789 simplex
3539 1717 3630 1773 af-

1971 1810 2248 1864 ﬁrmativa
2280 1817 2330 1865 et
2365 1811 2625 1879 negativa
2661 1808 2905 1871 inﬁnita,
2939 1808 3060 1877 ipse
3119 1823 3340 1877 quoque
3401 1806 3630 1863 sibimet

1968 1899 2359 1955 consentiunt.
2392 1901 2528 1962 Quae
2561 1903 2752 1954 rectus
2782 1898 2922 1953 ordo
2954 1899 3059 1965 est,
3095 1905 3155 1950 ut
3187 1896 3333 1951 sicut
3379 1896 3630 1951 afﬁrma-

1970 1987 2111 2043 tioni
2143 1987 2448 2042 universali
2482 1987 2723 2042 inﬁnitas
2755 1986 3039 2041 consentit
3070 1985 3308 2054 simplex
3334 1985 3629 2043 universa-

1971 2075 2040 2131 lis
2072 2078 2315 2143 negatio,
2351 2079 2429 2131 ita
2463 2075 2795 2145 particulari
2825 2075 3192 2130 afﬁrmationi
3223 2075 3472 2145 simplici
3497 2091 3625 2144 par-

1965 2165 2230 2220 ticularis
2261 2165 2483 2228 negatio
2514 2164 2742 2219 inﬁnita
2771 2166 3110 2220 consentiat.

2040 2257 2401 2327 Manifestum
2431 2257 2506 2310 est
2525 2259 2733 2320 autem,
2756 2255 3018 2325 quoniam
3043 2254 3215 2309 etiam
3232 2253 3293 2308 in
3308 2252 3622 2322 singulari-

1966 2348 2084 2413 bus,
2117 2349 2166 2402 si
2197 2351 2272 2402 est
2305 2363 2496 2400 verum
2527 2345 2933 2412 interrogatum
2962 2360 3167 2414 negare
3197 2344 3339 2415 quod
3361 2350 3409 2400 et
3455 2346 3617 2414 afﬁr-

1963 2453 2118 2492 mare
2131 2453 2321 2492 verum
2335 2439 2432 2496 est,
2449 2440 2530 2501 ut,
2559 2437 2800 2490 Putasne
2827 2435 3073 2490 Socrates
3094 2436 3315 2505 sapiens
3329 2443 3409 2490 est
3428 2435 3457 2490 Ξ
3476 2436 3612 2492 Non.

1961 2527 2210 2582 Socrates
2230 2525 2413 2598 igitur
2431 2541 2541 2579 non
2563 2527 2786 2591 sapiens
2801 2531 2902 2580 est.
2943 2525 3006 2580 In
3044 2525 3455 2579 universalibus
3484 2541 3609 2581 vero

1960 2632 2070 2671 non
2091 2625 2172 2671 est
2191 2632 2318 2671 vera
2335 2630 2456 2685 quae
2474 2613 2746 2668 similiter
2766 2615 2975 2668 dicitur
2992 2630 3014 2674 ;
3043 2630 3167 2668 vera
3183 2620 3262 2668 est
3285 2623 3465 2669 autem
3509 2631 3607 2671 ne-

1959 2708 2131 2775 gatio,
2155 2707 2488 2763 ut.Pulasne
2509 2705 2688 2757 omnis
2706 2701 2864 2758 horno
2884 2704 3098 2764 sapiens
3114 2713 3193 2757 est
3211 2704 3382 2757 ?Nan.
3415 2705 3610 2759 Omnis

1959 2795 2136 2866 igitur
2157 2794 2312 2848 homo
2336 2810 2446 2848 non
2467 2794 2696 2862 sapiens
2715 2800 2825 2847 est.‘
2853 2793 2950 2846 hoc
2972 2795 3124 2848 enim
3139 2801 3217 2846 est
3245 2795 3474 2863 falsum,
3496 2793 3606 2862 sed,

1957 2899 2066 2938 non
2099 2884 2276 2952 igitur
2305 2882 2486 2936 omnis
2515 2882 2672 2936 homo
2701 2881 2923 2950 sapiens
2973 2891 3072 2947 est,
3121 2897 3262 2936 vera.
3315 2888 3397 2938 est
3422 2899 3445 2944 ;
3493 2883 3610 2939 haec

1955 2974 2106 3027 enim
2126 2973 2374 3042 opposita
2399 2975 2496 3035 est,
2533 2971 2634 3025 illa
2665 2986 2785 3026 vero
2813 2980 3032 3026 contra)
3048 2972 3123 3026 ia.

2028 3063 2106 3117 De
2138 3059 2548 3131 consequentia
2580 3060 3028 3130 propositionum
3061 3062 3377 3131 disputans,
3404 3070 3457 3117 et
3499 3061 3610 3117 sibi

1956 3151 2439 3223 quemadmodum
2461 3149 2856 3205 consentirent
2876 3148 3038 3204 illum
3055 3157 3358 3206 tractatum
3385 3166 3520 3220 paru
3533 3167 3611 3205 rn-

1955 3259 2054 3310 per
2085 3256 2344 3311 egressus
2373 3241 2578 3294 docere
2613 3239 2926 3306 preposuit,
2960 3254 3082 3309 quae
3111 3239 3344 3295 veniant
3403 3240 3461 3295 in
3520 3256 3610 3295 re-

1953 3330 2319 3400 sponsionem
2354 3330 2424 3383 de
2455 3326 2861 3394 singularibus,
2904 3327 2950 3381 si
3013 3329 3080 3382 ad
3142 3328 3606 3399 praedicationem

1954 3419 2205 3489 ipsarum
2235 3419 2312 3472 sit
2342 3417 2618 3488 particula
2650 3415 2969 3483 negationis
2997 3417 3275 3486 apposita,
3307 3433 3434 3488 quas
3489 3434 3608 3474 rur-

1958 3509 2127 3563 susin
2155 3508 2242 3563 his
2265 3523 2385 3576 quae
2409 3507 2479 3561 de
2505 3504 2920 3560 universalibus
2945 3516 3077 3560 sunt
3102 3508 3606 3576 prapositionibus,

1960 3599 2009 3652 si
2039 3599 2105 3652 ad
2141 3595 2594 3666 praedicationem
2626 3594 2818 3648 addita
2853 3595 3129 3663 particula
3180 3597 3436 3664 negativa
3469 3612 3607 3652 con-

1959 3697 2167 3755 currat,
2192 3703 2369 3757 neque
2391 3687 2542 3740 enim
2569 3692 2787 3755 Oportet
2823 3684 3088 3740 similiter
3137 3686 3316 3741 facere
3345 3687 3606 3743 enuntia-

1963 3779 2163 3834 tiones.
2189 3782 2310 3831 Non
2335 3776 2488 3830 enim
2519 3773 2705 3828 simile
2722 3781 2803 3828 est
2827 3780 2970 3842 quod
3001 3791 3070 3829 ex
3120 3781 3354 3844 utraque
3404 3777 3610 3845 praedi-

1958 3867 2184 3922 catione
2206 3864 2508 3930 contingit.
2535 3865 2646 3918 lloc
2672 3873 2859 3917 autem
2895 3864 2972 3917 ita
2992 3862 3352 3918 manifestum
3379 3874 3461 3919 est
3493 3881 3507 3920 :
3561 3865 3609 3920 si

1961 3959 2094 4028 quis
2118 3957 2186 4010 de
2217 3952 2490 4015 singulari
2523 3953 2718 4019 aliquo
2748 3953 3127 4012 interrogatus
3160 3963 3343 4017 neget,
3385 3955 3480 4009 ille.
3511 3957 3610 4026 qui

1960 4042 2380 4111 interrogaverit
2413 4047 2598 4111 potest
2632 4041 2814 4095 facere
2844 4057 2907 4094 ex
2939 4041 3187 4095 infinitio
3213 4043 3441 4097 nomine
3467 4061 3606 4112 prte-

1959 4135 2144 4189 dicato
2175 4130 2629 4194 conclusionem,
2665 4128 2818 4183 illam
2853 4129 3070 4184 scilicet
3097 4131 3607 4198 negationemjun-

1959 4239 2097 4292 gens
2127 4237 2293 4290 quam
2332 4218 2679 4287 respondens
2709 4223 2841 4272 ante
2875 4226 3194 4284 negaverat,
3229 4227 3281 4272 et
3306 4219 3410 4273 ltoc
3459 4234 3610 4272 vera-

1960 4312 2096 4366 citer
2129 4307 2481 4376 praedicabit.
2519 4311 2592 4361 De
2621 4304 3044 4360 universalibus
3076 4311 3266 4360 autem
3317 4307 3609 4375 apparebit

1960 4417 2074 4454 non
2107 4401 2366 4454 eamdem
2399 4394 2689 4450 veritatem
2727 4410 2890 4464 posse
2921 4396 3271 4464 contingere,
3305 4397 3351 4450 si
3399 4412 3465 4450 ex
3520 4396 3610 4452 his

1958 4491 2516 4554 aflirmatiocompon
2538 4492 2664 4537 itur.
2684 4483 2742 4538 Si
2760 4484 3050 4552 quisenim
3069 4484 3376 4552 interroget
3406 4486 3607 4556 alium.

1960 4576 2715 4646 Putasnt-Socratessapiens
2737 4575 2860 4630 est?
2898 4577 2944 4630 si
2975 4575 3071 4632 ille
3103 4578 3425 4643 respondet.
3459 4577 3607 4646 Non,

1958 4685 2087 4726 vere
2117 4668 2211 4722 ille
2235 4664 2524 4720 concludit
2554 4664 2789 4720 dicens:
2843 4665 3101 4720 Socrates
3153 4666 3326 4735 igitur
3383 4684 3496 4722 non
3527 4684 3612 4723 sa-

1959 4761 2124 4832 piens
2149 4764 2250 4813 est.
2286 4755 2346 4810 Si
2403 4761 2591 4809 autem
2652 4753 2759 4808 hoc
2816 4769 3037 4825 quoque
3090 4755 3149 4810 in
3206 4757 3318 4811 alio
3379 4757 3614 4812 clariori

201 4846 321 4888 esse
359 4854 588 4896 necesse
621 4850 703 4896 est
737 4860 858 4914 qua:
900 4854 1003 4910 est,
1059 4847 1287 4916 quidam
1330 4847 1497 4901 homo
1524 4849 1711 4915 justus
1743 4855 1844 4904 est.
1880 4839 1924 4903 D
1956 4848 2216 4918 exemplo
2251 4844 2636 4900 manifestum.
2659 4844 2718 4899 Si
2741 4844 3482 4917 interrogaremusaliquem
3510 4850 3614 4904 hoc

201 4921 489 4996 Quocirca,
521 4934 1068 5000 quandoaflirmatio
1093 4937 1429 4991 universalis
1458 4936 1678 4991 infinita
1715 4938 1852 4992 falsa

205 5020 303 5072 Est.
331 5032 457 5070 vera
491 5029 572 5074 est
608 5025 968 5089 particularis
1001 5025 1230 5079 infinita
1264 5027 1505 5094 negatio,
1540 5032 1594 5082 et
1625 5029 1852 5097 quando

207 5101 530 5161 universalis
569 5113 795 5179 negatio
861 5113 1100 5181 simplex
1137 5116 1273 5168 falsa
1306 5123 1412 5182 est,
1448 5132 1568 5169 vera
1602 5126 1678 5171 est
1715 5118 1849 5171 sim-

211 5188 328 5252 Ριρῖ
356 5197 659 5254 afﬁrmatio
714 5203 1092 5269 particularis.
1126 5205 1226 5257 Sed
1290 5205 1590 5260 affirmatio
1627 5211 1850 5261 univer-

209 5279 334 5333 Stlis
369 5285 594 5342 inﬁnita
624 5301 670 5341 et
699 5294 920 5358 negatio
949 5295 1543 5364 universalissimplex
1565 5295 1855 5350 simult'al-

312 5383 444 5426 sunt
478 5386 527 5428 et
560 5377 798 5433 sibimet
831 5381 886 5434 in
951 5383 1196 5436 falsitate
1230 5383 1596 5439 consentiunt
1632 5403 1645 5450 ;
1681 5382 1850 5437 simul

215 5468 372 5550 txitur
404 5479 538 5518 vera:
571 5478 743 5521 erunt
778 5471 1021 5538 simplex
1057 5474 1412 5539 particularis
1442 5473 1768 5528 alfiirmatio
1799 5479 1856 5529 et

215 5547 424 5605 infinita
461 5558 684 5614 negatio
720 5562 955 5616 narticul
977 5563 1076 5615 tris
1127 5563 1340 5617 Rursus
1370 5563 1413 5617 si
1442 5581 1568 5618 vera
1595 5573 1670 5618 est
1701 5563 1854 5618 afﬁr-

217 5639 378 5723 matio
406 5646 734 5699 universilis
761 5648 1006 5717 inlimta,
1042 5651 1180 5706 falsa
1211 5653 1319 5708 erit
1347 5653 1568 5723 negatio
1603 5651 1852 5720 particu-

221 5721 349 5783 laris
379 5729 618 5806 inﬁuita,
652 5737 703 5790 ei
735 5739 889 5794 enim
911 5742 1369 5798 contradictorias
1391 5721 1650 5815 opposita
1673 5747 1776 5796 est.
1801 5741 1858 5797 Si

1964 4940 2162 4995 modo:
2185 4937 2522 4991 Socratesne
2548 4937 2840 4988 Romanus
2861 4941 2942 4987 est
2966 4933 2994 4987 ?
3013 4942 3183 5004 atque
3230 4935 3328 4990 ille
3379 4953 3614 5006 respou.

1964 5031 2090 5084 deat
2115 5043 2127 5080 :
2152 5031 2301 5090 Non,
2324 5041 2426 5078 nos
2450 5039 2577 5078 vere
2599 5021 2942 5078 concludere
2963 5039 3298 5092 possumus:
3349 5025 3616 5080 Socrates

1962 5120 2265 5174 iuiturnon
2291 5112 2581 5166 Romanus
2600 5111 3004 5167 est.Facientes
3022 5127 3088 5165 ex
3109 5114 3408 5180 negatione
3440 5129 3614 5184 quam

1963 5207 2058 5262 illc
2084 5200 2482 5274 respondebat,
2517 5207 2567 5254 et
2603 5216 2671 5254 ex
2703 5201 2936 5254 nomine
2962 5203 3106 5268 quod
3143 5200 3200 5255 in
3245 5203 3615 5272 pr0positiore

1965 5292 2398 5366 prtedicavimus
2427 5291 2862 5344 aftirmationem
2897 5306 2964 5346 ex
2998 5291 3222 5345 inﬁnito
3245 5293 3478 5346 nomine
3497 5307 3616 5346 ante

1963 5383 2106 5439 dicit
2133 5398 2146 5436 :
2178 5387 2432 5434 Socrates
2458 5396 2568 5433 non
2595 5381 2821 5448 sapiens
2842 5389 2946 5443 est,
2972 5381 3056 5434 vel
3081 5381 3335 5436 Socrates
3359 5399 3468 5436 non
3497 5382 3617 5436 Ro-

1965 5487 2170 5529 manus
2201 5474 2305 5524 est.
2345 5468 2454 5522 Has
2485 5468 2638 5523 enim
2674 5469 3087 5523 alﬁrmationes
3117 5486 3242 5524 esse
3275 5486 3340 5525 ex
3393 5471 3620 5523 inﬁnito

1964 5561 2200 5618 nomine
2227 5574 2399 5624 snpra
2431 5564 2804 5612 monstratum
2831 5563 2938 5614 est.
2963 5559 3014 5611 Si
3041 5558 3208 5617 igitur
3229 5561 3424 5612 eodem
3453 5559 3620 5611 modo

1965 5651 2171 5721 aliquis
2205 5649 2259 5702 in
2295 5647 2718 5701 uriiverSalibus
2749 5649 3022 5713 subjectis
3047 5651 3349 5711 interroget
3375 5646 3572 5698 dicens
3605 5674 3620 5713 ε

1966 5738 2246 5797 Omnisne
2279 5736 2447 5791 homo
2482 5737 2707 5804 sapiens
2738 5736 2870 5791 est?
2899 5751 3004 5792 nos
3037 5734 3235 5802 utique
3267 5732 3631 5803 respondebi-
