4106 6172
412 359 522 413 559

1694 354 1815 406 ΔΝ.
1855 351 2079 405 MANL.
2121 350 2283 403 BEV.
2322 350 2563 405 ΒΟΕΤΙΙ

3690 354 3779 409 560

418 502 545 541 mus
578 502 590 541 :
624 484 769 539 Non.
803 488 941 537 Tum
973 481 1072 537 ille
1101 481 1299 538 eadem
1333 478 1709 537 similitudine
1738 476 2058 542 concludit,
2090 476 2144 541 Α
2175 475 2275 529 ﬁat
2305 477 2528 546 negatio
2562 475 2961 545 particularis:
2993 483 3078 532 est
3111 475 3266 532 enim
3326 474 3443 531 haec
3500 492 3640 543 vera,
3686 479 3786 537 haec

418 577 551 630 dicit
571 576 746 637 enim,
772 573 972 626 Omnis
994 572 1165 639 igitur
1193 573 1364 627 homo
1392 587 1502 625 non
1521 569 1751 636 sapiens
1774 575 1878 620 est.
1912 568 2069 630 Quo-

422 667 574 720 circa
608 663 798 717 nullus
834 663 1000 715 homo
1031 662 1260 729 sapiens
1293 669 1375 717 est
1404 676 1549 725 ;eam
1576 659 1871 725 enimquae
1894 655 2069 709 dicit:

424 756 611 812 omnis
646 757 810 808 homo
843 771 955 808 non
990 753 1218 823 sapiens
1250 759 1353 818 est,
1388 750 1711 807 consentire
1762 753 2077 801 monstrata

426 861 507 908 est
530 855 578 906 ei
602 870 724 921 quae
747 852 889 906 dicit
914 868 925 904 :
955 849 1147 904 nullus
1179 851 1345 904 homo
1373 849 1607 917 sapiens
1640 856 1745 901 est.
1780 843 2079 898 Videbitur

428 943 599 1011 igitur
617 941 1032 1011 quodammodo
1057 956 1124 994 ex
1157 956 1287 994 vera
1320 936 1693 1009 responsione
1738 932 1875 988 falsa
1924 932 2081 986 illata

429 1047 549 1088 esse
580 1030 896 1096 conclusio,
932 1030 1022 1083 cui
1061 1046 1162 1084 nos
1192 1029 1439 1084 dicimus
1471 1028 1825 1095 negationem
1852 1021 2083 1092 quidem

430 1146 535 1185 nos
567 1130 957 1198 respondisse,
992 1144 1103 1181 non
1138 1135 1197 1181 ut
1230 1142 1292 1181 ea
1326 1125 1548 1195 negatio
1586 1124 1653 1177 ad
1714 1121 2085 1191 pradiCatnm

424 1222 782 1291 jungeretnr,
816 1221 911 1273 sed
947 1220 1012 1273 ad
1068 1217 1630 1281 determinationem,
1686 1226 1875 1282 neque
1932 1209 2087 1264 enim

433 1336 537 1375 nos
567 1319 823 1373 voluisse
855 1318 925 1371 ab
958 1317 1116 1371 omni
1179 1316 1413 1370 homine
1472 1311 1812 1384 sapientiam
1873 1308 2089 1371 tollere,

432 1425 561 1465 cum
598 1409 981 1470 interrogante
1010 1405 1208 1476 aliquo
1266 1421 1339 1458 an
1399 1403 1587 1457 omnis
1647 1401 1814 1454 homo
1867 1397 2095 1465 sapiens

432 1505 605 1560 esset,
636 1514 736 1551 nos
771 1497 1133 1563 negaremus,
1176 1493 1273 1547 seb
1334 1492 1405 1546 ab
1464 1489 1620 1545 omni
1681 1488 1866 1557 potius
1920 1484 1975 1538 id
2013 1492 2098 1538 est

434 1586 918 1642 deterininatione
952 1585 1199 1637 voluisse
1230 1597 1334 1637 nos
1363 1579 1686 1635 abstrahere
1733 1574 2095 1645 sapientiam,

446 1687 587 1741 illud
649 1687 868 1740 scilicet
932 1683 1347 1752 signiﬁcantes,
1408 1680 1556 1750 quod
1617 1677 1788 1733 alicui
1849 1683 2014 1742 esset,
2046 1675 2102 1726 et

439 1775 611 1829 alicui
647 1791 763 1829 non
801 1781 947 1827 esset
982 1771 1289 1841 sapientia,
1349 1775 1411 1824 ut
1471 1768 1625 1839 quod
1686 1766 1934 1821 diximus
1990 1776 2106 1817 non

442 1872 662 1920 tantum
700 1865 906 1917 valeret
937 1869 1213 1931 quantum
1248 1862 1294 1915 si
1343 1860 1670 1914 diceremus
1724 1872 1841 1911 non
1897 1852 2104 1908 omnis.

446 1954 625 2025 Igitur
646 1954 691 2007 si
720 1953 812 2007 illa
840 1952 1060 2013 negatio
1086 1952 1152 2004 ad
1182 1964 1411 2018 nomen,
1435 1948 1490 2002 id
1530 1954 1614 2002 est
1663 1946 1733 1999 ad
1765 1942 2109 2015 sapientiam

434 2046 740 2116 jungatur,
773 2040 1119 2096 universalis
1149 2040 1211 2094 fit
1243 2038 1550 2094 afﬁrmatio
1581 2053 1702 2106 quae
1733 2035 1890 2100 dicit,
1920 2032 2111 2087 omnis

446 2143 616 2197 homo
651 2157 765 2195 non
800 2140 1030 2207 sapiens
1060 2146 1169 2201 est,
1201 2134 1574 2192 consentiens
1600 2131 2107 2198 nniversalinega-

450 2232 615 2295 ticni,
650 2247 771 2300 quae
810 2228 1097 2299 proponit,
1131 2226 1327 2280 nullus
1362 2226 1531 2278 homo
1562 2224 1791 2292 sapiens
1847 2224 1951 2274 est.
2002 2217 2109 2272 Sed

459 2322 579 2375 baac
605 2320 888 2375 contraria
920 2326 1001 2370 est
1034 2312 1510 2383 interrogationi;
1543 2311 1645 2365 fuit
1677 2309 1829 2365 enim
1863 2309 2110 2362 interro-

452 2411 627 2479 gatio,
662 2409 927 2463 omnisne
964 2407 1132 2459 hoino
1163 2404 1391 2473 sapiens
1419 2408 1522 2455 est.
1579 2403 1709 2453 Haec
1770 2398 1934 2452 habet
1979 2394 2106 2450 uni-

454 2500 728 2553 versalem
758 2496 1224 2559 afﬁrmationem,
1247 2492 1338 2546 cui
1367 2490 1653 2545 contraria
1698 2496 1777 2543 est
1825 2486 2109 2541 universa-

453 2588 521 2641 lis
544 2585 1086 2655 iiegatio,cuirursns
1100 2582 1146 2635 si
1169 2581 1457 2651 negationi
1474 2574 2107 2633 consentitnniversalis

448 2676 752 2730 afﬁrmatio
814 2675 1063 2728 infinita.
1137 2670 1419 2733 Quocirca
1502 2666 1807 2722 afﬁrmatio
1885 2677 2106 2732 quoque

444 2771 1051 2840 universalisiinplici,
1082 2768 1287 2838 qua-ain
1313 2764 1755 2836 interrogatione
1789 2761 1971 2832 posita
1997 2763 2103 2829 est,

455 2862 507 2916 id
539 2870 621 2915 est
651 2862 914 2914 omnisne
956 2860 1123 2911 homo
1154 2857 1385 2925 sapiens
1417 2861 1519 2918 est,
1554 2855 1842 2908 contraria
1902 2858 1983 2904 est
2039 2864 2105 2903 ea

446 2968 570 3022 quae
598 2950 734 3004 dicit
758 2946 1084 3011 conclusio,
1120 2945 1389 3013 quoniam
1422 2943 1611 2998 omnis
1643 2941 1811 2995 homo
1841 2955 1957 2994 non
2023 2953 2107 2992 sa-

444 3042 610 3108 piens
642 3047 745 3092 est.
776 3040 931 3103 Quod
961 3040 1008 3089 si
1033 3037 1274 3097 dicatur,
1298 3048 1415 3087 non
1440 3031 1629 3085 omnis
1679 3029 1847 3084 homo
1878 3027 2104 3096 sapiens

445 3135 547 3193 est,
585 3134 637 3180 et
666 3141 858 3179 verum
892 3132 996 3188 est,
1030 3133 1083 3177 et
1114 3123 1164 3176 ei
1205 3119 1463 3190 opposita
1520 3126 1621 3173 est.
1685 3118 1892 3172 Contra
1947 3116 2102 3169 enim

2177 572 2367 620 autem
2400 573 2483 620 est
2511 568 2677 620 etiam
2712 567 2989 635 Opposita.
3024 566 3169 619 Nam
3197 580 3331 619 cum
3364 565 3644 621 afﬁrmatio
3674 569 3787 623 uni-

2180 655 2415 708 versalis
2449 658 2791 723 interrogata
2850 662 2993 711 esset
3053 670 3119 710 ea
3178 670 3299 724 quas
3359 653 3508 721 dicit,
3556 657 3788 712 omnisne

2182 745 2350 799 homo
2383 747 2608 813 sapiens
2638 746 2770 799 est?
2804 761 2868 800 ex
2903 750 3158 814 negativa
3192 744 3675 814 particulafactuin
3705 755 3794 818 est,

2185 849 2299 888 non
2327 835 2515 888 omnis
2548 833 2717 888 homo
2745 834 2973 895 sapiens
3009 842 3090 886 est
3122 834 3179 888 in
3211 832 3655 897 conclusiOiie,et
3682 837 3798 886 sunt

2185 924 2478 992 opposita.
2516 923 2614 977 illa
2646 932 2728 978 est
2759 922 2910 976 enim
2946 922 3252 975 afﬁrmatio
3302 920 3641 987 universalis,
3697 920 3796 974 haec

2189 1021 2377 1067 autem
2402 1012 2755 1082 particularis
2783 1012 3029 1082 negatio,
3060 1013 3155 1066 illa
3185 1028 3315 1065 vero
3366 1011 3653 1065 contraria.
3683 1009 3802 1063 Nam

2192 1101 2237 1155 si
2255 1118 2365 1156 non
2385 1103 2609 1157 negatio
2624 1105 2690 1155 ad
2711 1103 3382 1171 praedicatumjungatur,
3417 1100 3473 1152 ﬁt
3502 1097 3805 1154 universalis

2192 1190 2493 1246 afﬁrmatio
2521 1190 2770 1257 infinita,
2803 1207 2923 1260 quae
2956 1192 3238 1246 consentit
3298 1187 3599 1243 universali
3652 1203 3809 1257 nega-

2195 1279 2335 1334 tioni
2362 1280 2690 1346 ﬁnitae;sed
2716 1280 2834 1333 hero
2878 1289 3074 1334 contra
3125 1278 3497 1332 universalem
3544 1276 3812 1330 afﬁmatio—

2198 1383 2329 1423 nem
2358 1368 2575 1423 ﬁnitam
2596 1385 2722 1439 quas
2743 1369 2799 1423 in
2821 1368 3262 1435 interrogatione
3285 1370 3372 1420 est
3399 1368 3597 1437 posita,
3618 1372 3817 1419 contra-

2202 1458 2280 1513 ria
2302 1467 2407 1512 est.
2430 1459 2719 1512 Contraria
2741 1460 2908 1528 igitur
2926 1461 3032 1512 erit
3053 1458 3222 1511 etiam
3247 1454 3344 1509 illa
3400 1471 3523 1526 quae
3557 1454 3819 1508 universa-

2204 1547 2274 1600 lis
2307 1556 2382 1600 est
2418 1546 2689 1601 affimatio
2723 1546 2970 1601 inﬁnita.
3006 1548 3138 1611 Quae
3169 1555 3369 1599 autem
3399 1559 3565 1599 causa
3616 1550 3692 1596 est
3739 1556 3821 1596 cur

2206 1635 2265 1690 in
2290 1635 2680 1705 singularibus
2707 1636 2788 1691 vel
2812 1636 3117 1690 afﬁrmatio
3140 1652 3203 1690 ex
3232 1635 3463 1688 infinito
3489 1633 3722 1696 nomine,
3752 1629 3823 1685 vel

2208 1725 2438 1795 negatio
2470 1726 2695 1780 sibimet
2730 1724 2890 1778 ﬁnita
2922 1725 3308 1788 consentiant,
3342 1723 3403 1777 in
3448 1720 3827 1776 universalibus

2136 1843 2183 1906 Β
2212 1821 2397 1866 autem
2433 1811 2771 1867 universalis
2803 1812 3107 1867 afﬁrmatio
3140 1829 3204 1867 ex
3240 1811 3468 1865 inﬁnito
3490 1809 3705 1864 nomine
3733 1823 3828 1861 non

2217 1904 2535 1956 consentiat
2568 1901 2892 1972 particulari
2927 1902 3214 1972 negationi
3243 1900 3448 1965 ﬁnitae,
3501 1897 3829 1967 quaerendum

2213 1999 2314 2045 est.
2346 1989 2568 2045 Etenim
2603 1992 2647 2044 si
2679 1992 2806 2060 quis
2832 1992 3001 2058 dicat,
3033 1996 3309 2054 Socrates,
3347 2006 3464 2044 non
3487 1987 3706 2056 sapiens
3761 1992 3832 2039 est

2216 2087 2266 2132 et
2290 2078 2548 2133 Socrates
2570 2078 2797 2148 sapiens
2822 2096 2934 2134 non
2958 2084 3063 2142 est,
3091 2080 3243 2133 idem
3268 2086 3345 2133 est
3363 2120 3376 2145 ,
3410 2088 3461 2132 et
3480 2079 3561 2131 hae
3575 2078 3688 2129 duae
3718 2072 3839 2128 sibi-

2217 2176 2332 2221 met
2362 2170 2747 2224 consenliunt.
2783 2169 2839 2224 Si
2871 2169 2996 2240 quis
3037 2177 3225 2223 autem
3261 2168 3436 2233 dicat,
3472 2166 3651 2221 omnis
3689 2165 3831 2217 homo

2214 2273 2330 2311 non
2353 2258 2580 2328 sapiens
2600 2265 2701 2319 est,
2722 2264 2780 2311 et
2804 2275 3025 2323 rursus,
3056 2274 3168 2312 non
3191 2257 3385 2311 omnis
3436 2256 3600 2309 homo
3629 2252 3828 2320 sapiens

2213 2356 2315 2413 est,
2339 2347 2455 2402 haec
2480 2350 2604 2402 duae
2630 2366 2743 2403 non
2769 2349 3000 2402 sibimet
3021 2351 3420 2403 consentiunt.
3445 2347 3547 2399 Sed
3571 2344 3685 2398 haec
3714 2339 3831 2395 ratio

2213 2446 2292 2491 est
2328 2438 2478 2507 quod
2514 2437 2570 2491 in
2606 2436 2990 2507 singularibus
3016 2436 3285 2507 subjectis
3310 2452 3429 2490 non
3454 2446 3578 2488 sunt
3609 2429 3836 2502 duplices

2211 2526 2615 2594 oppositiones,
2638 2528 2732 2580 sed
2762 2542 2871 2579 una
2892 2535 3135 2589 tantum,
3156 2527 3208 2579 id
3239 2533 3344 2591 est,
3366 2540 3489 2594 quae
3516 2522 3837 2591 negationem

2212 2613 2364 2668 facit.
2394 2615 2452 2668 In
2479 2615 2895 2670 universalibus
2914 2624 3099 2669 autem
3124 2614 3531 2668 universaliter
3547 2608 3831 2680 praedicatis

2212 2703 2422 2772 duplex
2443 2704 2735 2771 oppositio
2762 2711 2867 2767 est,
2895 2719 3003 2757 una
3026 2705 3335 2769 contraria,
3368 2719 3482 2756 una
3499 2716 3620 2753 vero
3641 2702 3838 2753 contra-

2213 2791 2472 2847 dictoria.
2497 2792 2550 2845 Si
2585 2792 2656 2845 sit
2695 2808 2835 2861 ergo
2870 2791 3201 2861 hujusmodi
3234 2791 3546 2845 affirmatio
3588 2804 3703 2859 qua:
3723 2783 3843 2839 dicit

2211 2881 2465 2935 Socrates
2492 2882 2717 2951 sapiens
2747 2886 2853 2951 est,
2887 2892 3084 2937 contra
3119 2883 3263 2936 hanc
3296 2898 3416 2935 una
3447 2879 3716 2950 oppositio
3766 2866 3841 2929 est

2211 2972 2897 3041 qua'prOponit,Socrates
2915 2971 3141 3040 sapiens
3174 2986 3286 3025 non
3317 2982 3436 3024 est.
3468 2970 3668 3036 Siergo
3718 2964 3843 3017 dicet

2208 3056 2439 3128 aliquis,
2461 3064 2722 3115 Socrates
2757 3077 2868 3114 non
2902 3060 3126 3129 sapiens
3159 3064 3265 3127 est,
3302 3058 3429 3112 haec
3458 3056 3667 3110 nulloin
3690 3051 3840 3106 alium

2211 3145 2437 3201 habent
2480 3147 2829 3203 intellectum
2870 3166 3041 3218 quam
3090 3166 3150 3204 ea
3189 3164 3315 3217 quia
3342 3145 3842 3211 dicit,Socratcssa-

444 3206 2102 3305 eainquaedicitinterrogationempm-nisnehomosapiens
2133 3212 2174 3277 ί]
2216 3235 2381 3304 piens
2415 3253 2528 3291 non
2566 3245 2670 3305 es"
2711 3206 2901 3292 unum'
2925 3238 3075 3292 enim
3112 3206 3362 3291 tauhum
3397 3206 3575 3290 80mm
3624 3230 3842 3286 diximus

446 3304 565 3357 est?
580 3318 711 3357 cum
732 3316 1067 3370 responsum
1090 3299 1260 3353 fuerit
1275 3313 1412 3365 non,
1434 3298 1695 3364 etjuncta
1719 3298 1949 3364 negatio
1971 3293 2092 3348 fue-

448 3393 515 3445 rit
533 3391 600 3443 ad
628 3386 1447 3459 ornnis,partien|arisnegatio
1469 3385 1526 3437 fit
1551 3384 1889 3446 dicens,non
1905 3382 2096 3437 omnis

451 3480 620 3534 homo
647 3478 874 3546 sapiens
905 3484 1013 3541 est,
1046 3491 1174 3545 quae
1206 3482 1285 3529 est
1318 3474 1579 3542 opposita
1613 3469 1921 3525 universali
1949 3470 2099 3523 afﬁr-

454 3576 689 3631 rnationi
726 3579 777 3629 ei
808 3590 930 3644 quae
961 3574 1019 3627 in
1051 3569 1490 3638 interrogatione
1520 3576 1602 3622 est
1634 3568 1813 3637 posita
1872 3567 2096 3622 univer-

454 3665 579 3729 sali,
618 3666 721 3719 boc
753 3671 832 3717 est
863 3663 1014 3716 enim
1042 3662 1183 3729 quod
1217 3660 1313 3714 ait.
1341 3662 1472 3711 Haec
1503 3665 1586 3711 est
1642 3657 1794 3712 enirn
1840 3656 2101 3727 opposita

456 3754 553 3809 ilia
586 3770 712 3808 vero
746 3751 1050 3806 contraria.
1082 3754 1180 3803 Per
1208 3748 1373 3802 verba
1403 3755 1589 3800 autem
1629 3761 1830 3801 sensus
1857 3746 1964 3799 iste
2019 3745 2100 3800 sic

458 3851 695 3896 constat.
728 3840 1084 3893 Manifestum
1115 3845 1196 3893 est
1227 3845 1439 3903 autem,
1480 3836 1684 3905 inquit,
1720 3834 1987 3904 quoniam
2041 3835 2101 3888 in

457 3940 867 4007 singularibus,
904 3947 960 3991 ut
992 3944 1073 3991 est
1134 3936 1392 3990 Socrates
1447 3938 1503 3989 et
1560 3933 1836 4003 quidquid
1895 3931 2101 3987 indivi-

456 4032 628 4085 duum
664 4040 765 4095 est,
787 4033 829 4083 si
858 4044 1047 4084 verum
1084 4035 1167 4081 est
1201 4030 1602 4094 interrogatum
1632 4040 1858 4093 negare,
1919 4024 1970 4078 id
2023 4040 2104 4091 εει

458 4121 504 4174 si
537 4122 763 4188 quando
792 4119 1006 4186 ειίιιυιά
1044 4119 1175 4187 quis
1206 4117 1514 4179 interrogat
1544 4130 1671 4168 vere
1714 4114 1812 4167 ille
1864 4128 2101 4182 negave-

461 4210 550 4271 rit,
576 4218 775 4264 uteuin
803 4207 1435 4278 atiquisinterrogatan
1459 4203 1747 4257 ltomanus
1788 4202 1859 4255 sit
1907 4202 2107 4256 Socra-

462 4304 563 4363 tes,
591 4299 685 4349 ille
726 4301 891 4363 neget
922 4294 1191 4362 quoniam
1226 4297 1283 4347 et
1315 4292 1601 4346 afﬁrmare
1656 4306 1850 4346 verum
1905 4298 2009 4356 est,
2051 4297 2108 4344 ut

464 4394 560 4447 illc
582 4395 671 4461 qui
696 4397 998 4461 interrogat
1021 4407 1087 4445 ex
1114 4389 1414 4460 negatione
1434 4396 1485 4442 et
1542 4390 1775 4442 nomine
1809 4388 2108 4457 praedicato

463 4482 601 4536 infin
616 4486 745 4535 itam
766 4483 927 4535 faciat
942 4480 1466 4542 affirmationem,et
1482 4477 1747 4545 hujusest
1762 4475 2108 4546 exemplum:

2200 3324 2259 3377 in
2308 3325 2695 3396 singularibus
2766 3326 3213 3396 Oppositioncm.
3274 3328 3468 3388 Quare
3527 3330 3844 3393 quaecunque

2201 3414 2325 3467 aliae
2361 3416 2589 3479 fuerint,
2623 3417 2819 3471 eadem
2862 3417 3287 3485 signiﬁcatione
3316 3419 3717 3471 concurrerent
3746 3427 3759 3475 ;
3795 3404 3843 3458 in

2209 3504 2627 3559 universalibus
2658 3522 2789 3560 vero
2825 3508 3231 3561 universaliter
3263 3505 3592 3575 praedicatis
3624 3516 3727 3555 non
3770 3510 3847 3550 eo-

2208 3592 2333 3647 dem
2374 3595 2550 3648 modo
2576 3598 2679 3649 est.
2714 3594 2853 3649 Nam
2884 3596 2928 3649 si
2960 3597 3035 3649 sit
3063 3596 3376 3649 affirmatio
3400 3590 3726 3649 universalis
3747 3596 3849 3654 qua!

2208 3682 2365 3747 dicit,
2403 3683 2591 3736 omnis
2625 3684 2793 3739 homo
2825 3686 3052 3753 sapiens
3083 3688 3187 3747 est,
3233 3693 3441 3739 contra
3500 3681 3645 3735 hanc
3699 3676 3853 3731 etiam

2211 3768 2311 3840 illa
2356 3779 2434 3824 est
2470 3786 2592 3839 qua)
2624 3772 2786 3840 dicit,
2822 3773 3015 3826 nullus
3047 3774 3217 3828 homo
3252 3775 3495 3843 sapiens
3555 3779 3657 3834 est,
3709 3765 3852 3819 etiam

2212 3856 2310 3921 illa
2345 3875 2470 3927 quae
2507 3860 2665 3927 dicit,
2701 3878 2815 3915 non
2847 3863 3037 3917 omnis
3068 3862 3240 3916 homo
3275 3863 3519 3930 sapiens
3551 3866 3652 3921 est,
3680 3861 3727 3909 et
3773 3849 3857 3905 illa

2214 3954 2297 4000 est
2331 3951 2634 4011 contraria,
2674 3950 2792 4005 haec
2823 3953 3284 4005 contradiCIoria.
3318 3949 3587 4018 Simplex
3608 3960 3731 4014 ergo
3753 3940 3855 3994 hac

2214 4038 2494 4105 Oppositio
2529 4038 2635 4093 sibi
2674 4056 2785 4094 non
2818 4050 2997 4108 potest
3026 4040 3382 4107 consentire,
3421 4039 3521 4093 illa
3552 4038 3699 4091 enim
3732 4027 3856 4084 tollit

2216 4140 2340 4193 quae
2372 4135 2453 4179 est
2486 4127 2823 4182 universalis
2856 4131 3100 4198 negatio,
3163 4130 3258 4183 illa
3324 4138 3549 4198 partem
3606 4120 3850 4185 ditfinite,

2218 4230 2340 4282 quaa
2375 4226 2454 4269 est
2491 4218 2847 4285 particularis
2871 4219 3116 4285 negatio.
3147 4220 3252 4273 Sed
3286 4215 3632 4273 universalis
3656 4207 3853 4280 negatio

2220 4303 2530 4358 universali
2553 4308 2917 4362 affirnialioni
2948 4310 3003 4363 in
3026 4308 3256 4363 inﬁnito
3284 4309 3528 4363 nomine
3559 4298 3857 4360 consentit;

2220 4392 2443 4447 diversa
2476 4396 2649 4463 igitur
2683 4396 2785 4450 erit
2822 4398 2939 4452 haec
2973 4413 3193 4466 quoque
3224 4415 3255 4451 a
3284 4395 3619 4466 particulari
3650 4385 3860 4445 deﬁnita

2221 4483 2547 4552 negatione,
2578 4494 2628 4538 et
2660 4486 2931 4555 quoniam
2967 4486 3174 4555 duplex
3206 4494 3289 4540 est
3319 4485 3611 4555 opposilio
3646 4483 3701 4535 in
3749 4471 3861 4529 uni-

464 4581 699 4642 putasne
719 4571 978 4625 Socrates
999 4570 1226 4637 sapiens
1250 4577 1330 4621 est
1354 4564 1382 4618 ‘I
1408 4567 1741 4635 Responsio,
1779 4582 1917 4620 non.
1962 4564 2107 4620 Con-
2140 4580 2187 4643 D
2218 4570 2553 4638 verSalibus,
2585 4582 2635 4627 et
2669 4575 2910 4643 simplex
2941 4576 2999 4629 in
3032 4574 3454 4643 singularibus,
3490 4582 3640 4628 reCIe
3674 4570 3727 4623 in
3780 4578 3860 4616 ea-

464 4662 663 4725 clnsio,
698 4660 959 4713 Socrates
990 4672 1125 4727 ergo
1186 4672 1299 4711 non
1332 4657 1561 4724 sapiens
1591 4659 1699 4709 est.
1733 4654 1844 4708 Sed
1872 4654 1977 4708 hoc
1997 4668 2110 4707 non

466 4756 727 4811 similiter
759 4757 815 4809 in
852 4753 1269 4808 universalibus
1303 4768 1362 4807 se
1424 4750 1612 4817 habet,
1671 4752 1818 4822 quod
1878 4766 1973 4820 per
2006 4750 2111 4805 hoc

472 4852 745 4900 monstrat
779 4845 929 4915 quod
964 4843 1145 4909 ait,in
1191 4839 1605 4896 universaltbus
1666 4854 1797 4894 vero
1855 4855 1968 4894 non
2031 4847 2113 4895 est

471 4951 598 4987 vera
632 4950 754 5001 quae
773 4931 1286 4996 siiiitliterdicitur,
1314 4930 1363 4981 id
1390 4936 1608 4983 estnon
1641 4945 1765 4981 vera
1814 4931 1916 4993 est,
1949 4928 2111 4983 affir-

474 5023 644 5077 matio
678 5022 898 5075 infinita
938 5021 1083 5075 facta
1114 5036 1180 5073 ex
1217 5018 1515 5087 prredicato
1544 5016 1775 5071 nomine
1797 5025 1851 5070 et
1880 5033 2110 5086 reSpon-

472 5113 657 5167 dentis
692 5116 1010 5179 negatione,
1046 5109 1141 5162 sed
1178 5108 1361 5175 potius
1391 5122 1520 5160 vera
1550 5112 1631 5160 est
1688 5107 1937 5174 negatio,
1998 5123 2111 5162 non

470 5200 809 5266 affirmatio;
848 5200 1017 5266 hujus
1047 5197 1373 5266 exemplum
1410 5196 1517 5250 tale
1536 5203 1635 5260 est,
1661 5212 1772 5250 non
1801 5196 2111 5266 interroga-

472 5293 546 5346 tio
578 5299 661 5344 εει
692 5299 770 5358 ut,
806 5299 1047 5357 putasne
1083 5288 1251 5341 homo
1283 5287 1470 5340 omnis
1528 5287 1753 5355 sapiens
1806 5286 1933 5340 est?
1976 5286 2115 5341 Res-

470 5382 691 5450 ponsio,
728 5396 863 5433 non.
898 5374 1385 5443 Falsaconclusio,
1410 5374 1965 5445 omnisigiturhomo
1997 5392 2113 5430 non

468 5472 696 5539 sapiens
717 5474 799 5520 est
827 5484 839 5532 ;
871 5467 975 5519 hoc
997 5471 1185 5519 autem
1218 5464 1419 5517 falsum
1443 5471 1548 5529 est,
1586 5470 1637 5518 et
1660 5480 1776 5518 non
1818 5464 2002 5519 simile
2034 5471 2117 5518 est

468 5560 519 5612 ei
553 5558 698 5627 quod
735 5571 901 5623 supra
931 5556 998 5607 de
1029 5552 1301 5623 singulari
1335 5553 1589 5622 subjecto
1622 5552 2002 5620 praediximus,
2020 5553 2115 5607 sed

472 5648 657 5716 potius
682 5644 775 5700 illa
802 5660 923 5711 quae
956 5643 1117 5708 dicit,
1142 5658 1253 5695 non
1289 5643 1476 5696 omnis
1506 5640 1679 5709 igitur
1700 5640 1869 5695 homo
1893 5642 2117 5710 sapiens

472 5746 578 5805 est,
614 5753 663 5789 ni
704 5734 1100 5804 respondi-niis
1138 5730 1356 5797 negatio
1390 5730 1457 5784 ad
1490 5729 1678 5783 omnis
1716 5729 2009 5800 jungatur,
2066 5740 2119 5787 et

2210 4659 2337 4712 dem
2378 4660 2765 4716 similitudine
2796 4666 3219 4733 praedicationis
3251 4680 3373 4719 non
3424 4665 3626 4719 eadem
3682 4654 3867 4711 veritas

2222 4746 2551 4819 falsitasquc
2576 4751 2873 4821 contingit.

2292 4836 2417 4894 Illae
2439 4856 2569 4895 vero
2590 4859 2708 4912 quae
2729 4853 2854 4897 sunt
2878 4845 3313 4911 contra/acamas
3332 4843 3647 4899 secundum
3666 4828 3863 4905 ἱηῇηίιι

2222 4934 2456 4986 nomina
2488 4937 2570 4987 vel
2600 4936 2790 4999 verba,
2823 4945 2882 4989 ul
2926 4938 2985 4990 in
3032 4952 3091 4991 eo
3123 4936 3266 5006 quod
3294 4945 3399 4999 est,
3436 4951 3546 4988 non
3581 4933 3754 4990 homo,
3784 4915 3861 4975 νει

2222 5020 2557 5089 nonjuslus,
2580 5024 2749 5094 quasi
2768 5027 3091 5093 negationes
3113 5025 3235 5080 sine
3256 5026 3493 5079 nomine
3515 5031 3567 5078 et
3600 5019 3749 5075 verbo
3769 5022 3864 5067 esse

2224 5108 2577 5175 videbuntur,
2611 5112 2702 5166 sed
2720 5129 2828 5168 non
2853 5120 3002 5183 sunt,
3023 5132 3233 5185 semper
3261 5118 3416 5168 enim
3452 5114 3541 5168 vel
3568 5123 3743 5164 verum
3769 5111 3867 5154 esse

2223 5198 2311 5251 vel
2340 5197 2547 5266 falsam
2573 5218 2785 5255 necesse
2816 5210 2893 5257 est
2927 5204 3300 5273 negationem.
3326 5204 3439 5269 Qui
3463 5216 3587 5257 vero
3610 5195 3749 5252 dixit
3770 5201 3861 5243 ηοη

2224 5288 2403 5355 homo:
2436 5306 2545 5343 ηοη
2578 5291 2699 5361 plus
2730 5292 2942 5347 dicente
2991 5294 3170 5355 homo,
3201 5292 3292 5349 sed
3321 5295 3499 5346 etiam
3544 5291 3747 5352 minus,
3794 5291 3866 5333 vo-

2226 5393 2321 5430 rus
2348 5379 2431 5432 vel
2459 5381 2635 5448 falsus
2661 5382 2787 5452 fail,
2820 5384 2870 5436 si
2898 5398 3007 5436 non
3041 5382 3263 5453 aliquid
3291 5381 3561 5435 addatur.

2298 5464 2572 5523 Novimus
2606 5470 3027 5538 pr0positiones
3061 5488 3124 5527 ex
3158 5470 3401 5525 infinitis
3437 5468 3561 5523 ﬁeri
3597 5477 3755 5535 posse
3781 5470 3871 5512 110'

2239 5554 2519 5624 minibus,
2555 5558 2658 5612 bas
2690 5574 2824 5622 ergo
2850 5560 3171 5615 dissolvens
3200 5559 3537 5614 Aristoteles
3568 5551 3736 5610 sumit
3790 5556 3871 5615 per

2242 5658 2302 5699 se
2330 5643 2638 5701 dictionem
2674 5647 2930 5701 nominis
2958 5648 3193 5717 infiniti,
3228 5648 3381 5703 etde
3413 5663 3482 5701 ea
3539 5646 3776 5713 disputat
3829 5632 3870 5687 si

2230 5741 2422 5788 contra
2439 5736 2658 5790 finitum
2687 5752 2895 5792 nomen
2919 5746 3388 5808 comparetur,an
3412 5735 3677 5805 quaedam
3701 5740 3867 5781 enun-
