4072 6182
312 303 408 358 561

1067 312 1144 364 ΙΝ
1181 313 1454 368 LIBRUM
1490 316 1586 367 DE
1622 315 2302 372 INTERPRETATIONE
2336 323 2584 381 EDITIO
2616 328 2968 386 SECUNDA.

3626 343 3733 396 562

315 429 510 484 tiativa
541 431 828 500 Oppositio
887 433 1159 490 videatur.
1195 436 1249 490 Si
1301 437 1428 506 quis
1475 438 1629 493 enim
1683 448 1868 493 sumat
1911 440 1967 494 id
2002 444 2052 508 Α
2087 444 2504 513 propositiones
2525 465 2646 519 quae
2666 469 2731 506 ex
2760 453 2983 510 inﬁnito
3008 458 3265 529 subjecto
3291 471 3445 526 sunt,
3475 480 3602 520 eum
3647 467 3731 524 his

318 520 470 590 quod
505 521 740 587 dicitur,
770 538 882 576 non
923 523 1114 590 homo,
1149 529 1207 579 ct
1236 535 1480 595 Opponat
1515 537 1713 583 contra
1744 529 1796 582 id
1822 529 1968 596 quod

316 610 586 675 dicimus,
619 610 808 678 homo,
844 611 1125 667 videbitur
1152 615 1390 670 fortasse
1412 617 1771 687 aliquatenus
1793 619 1974 672 facere

314 699 762 768 0pp0sitionem,
799 702 1074 769 quoniam
1110 704 1263 758 enim
1301 707 1489 760 omnis
1521 708 1779 776 negativa
1814 707 1978 774 parti-

315 788 440 846 cula
471 790 699 858 adjecta
743 791 936 858 verbo,
991 792 1139 862 quod
1194 796 1450 850 continet
1503 798 1970 866 propositionem,

313 879 680 948 negationem
708 879 1043 945 facit,etiam
1067 884 1114 936 si
1137 884 1558 954 modusaliquis
1574 886 1975 954 propositionis

316 984 427 1023 non
468 969 833 1036 praedicetur,
862 973 1010 1038 quod
1040 974 1841 1039 posteriusdemonstrandum
1867 981 1972 1038 est,

310 1057 386 1112 ita
418 1058 595 1112 etiam
628 1060 845 1113 nomini
871 1061 1090 1114 videtur
1121 1077 1248 1115 cum
1281 1065 1495 1130 adjecta
1530 1064 1694 1119 fuerit
1720 1064 1974 1131 negativa

313 1149 616 1218 particula,
665 1151 970 1218 qnamdam
1037 1151 1218 1206 facere
1269 1153 1649 1218 negationem,
1689 1163 1747 1206 ut
1782 1153 1829 1207 si
1859 1167 1973 1208 non

308 1237 883 1306 particulajungatur
901 1237 952 1292 ei
977 1239 1127 1308 quod
1150 1246 1226 1293 est
1249 1240 1439 1303 homo,
1457 1241 1617 1296 faciat
1639 1259 1750 1296 non
1777 1241 1969 1310 homo,

311 1325 420 1382 hoc
451 1334 534 1382 est
569 1327 724 1381 enim
757 1327 908 1396 quod
942 1329 1036 1380 ait.
1066 1326 1180 1382 Illae
1207 1345 1334 1384 vero
1360 1346 1480 1397 quae
1503 1335 1637 1385 sunt
1657 1333 1972 1386 secundum

310 1414 542 1469 inﬁnita
575 1414 810 1469 nomina
835 1415 916 1469 vel
953 1416 1116 1470 verba
1147 1419 1442 1486 oppositae,
1480 1425 1538 1474 ut
1583 1421 1640 1475 in
1687 1421 1835 1489 quod
1891 1429 1973 1476 est

318 1520 431 1558 non
467 1501 774 1571 homo,ch
800 1504 1146 1574 uonjustus,
1181 1507 1340 1574 quasi
1375 1510 1706 1578 negationes
1725 1511 1847 1564 sine
1874 1527 1971 1566 no-

320 1593 473 1647 mine
507 1591 590 1647 vel
626 1593 793 1646 verbo
824 1609 946 1648 esse
967 1595 1255 1648 videntur.
1288 1598 1344 1650 Si
1397 1597 1525 1667 quis
1579 1600 1730 1652 enim
1792 1600 1966 1667 dicat,

320 1697 434 1736 non
493 1681 694 1746 currit,
757 1680 880 1738 haec
913 1682 969 1736 ﬁt
1003 1685 1126 1738 sine
1158 1685 1391 1740 nomine
1444 1689 1710 1757 negatio;
1743 1690 1888 1757 quod
1919 1687 1969 1742 si

317 1771 444 1842 quis
495 1771 668 1834 dicat,
731 1787 843 1825 non
909 1771 1098 1840 homo,
1136 1774 1253 1829 haec
1285 1791 1504 1843 quoque
1535 1785 1616 1830 est
1649 1779 1773 1831 sine
1800 1776 1968 1831 verbo
1999 1811 2045 1875 Β
2138 1781 2231 1830 Est
2261 1783 2433 1833 omnis
2461 1786 2620 1836 homo
2644 1787 2820 1852 justus

322 1859 560 1929 negatio.
599 1861 731 1925 Quae
757 1860 1040 1914 dictiones
1084 1864 1397 1918 secundum
1427 1864 1716 1919 inﬁnitum
1751 1881 1964 1921 nomen

322 1949 550 2003 verbum
578 1960 951 2019 Opponuntur
977 1951 1136 2004 ﬁnito
1152 1952 1369 2006 nomini
1393 1953 1480 2008 vel
1504 1953 1692 2020 verbo,
1713 1955 1861 2023 quod
1882 1961 1966 2010 est

322 2037 499 2103 homo,
524 2045 576 2092 et
601 2039 773 2092 currit
801 2055 814 2104 ;
848 2039 1193 2094 videbuntur
1223 2057 1354 2106 ergo
1391 2042 1476 2097 hae
1511 2044 1842 2113 negationes
1878 2059 1966 2099 se-

321 2130 562 2182 cundum
623 2127 920 2183 inﬁnitum
963 2145 1172 2184 nomen
1209 2131 1294 2186 vel
1328 2131 1566 2186 verbum
1596 2149 1719 2202 quae
1753 2134 1962 2203 praedi-

322 2224 533 2280 cantur,
557 2217 653 2270 sed
689 2232 804 2271 non
837 2222 992 2273 sunt.
1027 2221 1270 2273 Maxime
1303 2221 1454 2274 enim
1492 2222 1632 2276 ratio
1666 2223 1764 2275 has
1797 2239 1964 2290 nega-

323 2305 497 2360 tiones
531 2321 646 2359 non
680 2322 802 2361 esse
831 2308 1146 2372 convincit,
1180 2311 1326 2379 quod
1377 2311 1571 2365 omnis
1616 2311 1843 2380 negatio
1881 2312 1965 2366 vel

324 2410 445 2449 vera
476 2394 568 2449 veI
604 2395 749 2449 falsa
799 2401 902 2461 est,
937 2397 1084 2466 quod
1113 2406 1301 2452 autem
1333 2399 1580 2455 dicimus
1631 2415 1742 2454 non
1795 2399 1965 2456 homo

326 2483 402 2538 vel
430 2500 540 2540 non
571 2487 770 2553 currit,
797 2487 923 2539 licet
949 2487 1232 2556 simplicia
1265 2505 1490 2559 quoque
1512 2499 1558 2544 et
1597 2489 1772 2557 ﬁnita,
1797 2490 1965 2546 homo

324 2573 530 2630 scilicet
551 2584 722 2643 atque
740 2592 806 2630 cu
819 2577 1086 2643 rrit,nihil
1112 2595 1301 2632 verum
1321 2579 1594 2634 falsumve
1612 2580 1963 2648 significent;

328 2669 505 2719 tamen
545 2664 665 2718 haec
697 2664 921 2720 inﬁnita
955 2665 1138 2722 multo
1161 2669 1350 2720 minus
1380 2669 1595 2736 aliquid
1637 2685 1831 2724 verum
1870 2678 1966 2724 aut

332 2751 524 2806 falsum
551 2755 971 2816 demonstrant,
997 2771 1107 2809 non
1153 2759 1299 2824 quod
1325 2756 1604 2825 simplicia
1639 2774 1828 2812 verum
1860 2759 1965 2814 ali-

331 2843 450 2911 quid
479 2842 754 2896 falsumve
780 2842 1143 2911 signiﬁcent;
1174 2843 1388 2900 idcirco
1418 2847 1664 2900 dicimus
1712 2847 1966 2902 inﬁnitas

327 2931 596 2986 dictiones
614 2930 978 2997 simplicibus
1011 2936 1206 2988 minus
1236 2950 1433 2989 verum
1462 2944 1555 2989 aut
1583 2935 1781 2990 falsum
1809 2953 1968 2992 mon-

323 3026 513 3073 strare.
564 3020 673 3072 Sed
715 3021 858 3090 quod
913 3037 1235 3092 quanquam
1281 3023 1424 3078 nihil
1461 3040 1652 3078 verum
1689 3026 1963 3081 falsumve

317 3107 566 3176 designet
585 3110 828 3178 simplex
855 3127 1060 3166 nomen
1087 3120 1138 3166 ct
1161 3112 1418 3181 verbum,
1445 3122 1632 3168 tamen
1662 3115 1961 3170 deﬁnitum

2087 547 2208 600 quae
2239 550 2304 587 ex
2339 536 2567 594 inﬁnito
2593 546 2895 608 prmdicato
2919 555 3046 600 sunt
3073 550 3152 601 vel
3180 567 3245 603 ex
3269 557 3522 622 utrisque
3557 557 3732 613 linitis

2084 619 2267 676 docet.
2288 624 2379 678 Ait
2400 627 2552 681 enim
2581 629 2680 683 has
2703 633 2841 686 duas
2864 637 3279 704 prepositiones
3311 619 3444 709 quae
3465 654 3619 708 sunt,
3649 655 3731 701 est

2085 709 2273 764 omnis
2304 728 2417 768 non
2455 714 2620 771 homo
2653 720 2862 789 justus,
2905 739 3018 779 non
3051 732 3141 779 est
3190 730 3377 782 omnis
3412 749 3524 785 non
3562 734 3728 790 homo

2083 798 2289 869 justus,
2343 805 2486 858 nulli
2542 806 2767 863 illarum
2818 812 2969 866 idem
3019 815 3344 885 signiﬁCare
3375 836 3499 888 quae
3537 831 3631 876 aut
3661 841 3727 878 ex

2085 889 2336 960 utrisque
2397 893 2576 949 ﬁnitis
2632 908 2764 952 sunt
2819 912 2914 954 aut.
2962 920 3028 956 ex
3062 908 3362 971 praedicato
3395 909 3641 974 inﬁnito,
3675 922 3727 967 et

2085 977 2463 1048 disponantur
2493 984 2721 1052 quidem
2748 989 3001 1060 illzequaa
3034 1002 3131 1046 aut
3167 1011 3233 1049 ex
3270 998 3520 1066 utrisque
3555 999 3729 1056 ﬁnitis

2085 1075 2348 1122 suntaux
2374 1086 2440 1125 ex
2476 1076 2796 1140 praedicatio
2829 1080 3073 1146 inﬁnito,
3109 1091 3162 1136 et
3197 1085 3438 1150 primum
3501 1089 3726 1156 quidem

2085 1162 2329 1224 ponatur
2349 1160 2590 1230 simplex
2621 1166 2927 1222 affirmatio
2962 1172 3320 1238 universalis,
3354 1175 3457 1229 sub
3494 1177 3595 1231 hac
3631 1194 3729 1233 ne-

2083 1247 2230 1315 gatio
2255 1249 2593 1306 universalis
2619 1269 2685 1308 ex
2718 1258 3019 1324 prmdicato
3043 1261 3268 1317 inlinito
3287 1265 3564 1333 superiori
3592 1267 3732 1324 sim-

2083 1334 2219 1404 plici
2274 1337 2579 1394 afﬁrmatio
2633 1347 3019 1402 consentiens.
3082 1349 3284 1404 Contra
3330 1368 3456 1407 vero
3493 1365 3730 1422 ponatur

2083 1423 2422 1480 universalis
2469 1429 2715 1499 simplex
2759 1437 3003 1504 negatio,
3046 1442 3104 1492 et
3132 1439 3236 1492 sub
3261 1440 3364 1494 hac
3397 1442 3732 1500 universalis

2079 1527 2149 1567 ex
2179 1512 2410 1570 inﬁnito
2443 1519 2752 1588 praedicata
2783 1523 3109 1592 afﬁrmatio,
3161 1543 3302 1597 QUas
3336 1539 3550 1584 constat
3591 1533 3732 1588 sibi-

2081 1611 2193 1657 met
2251 1608 2575 1662 consentire
2623 1613 2975 1678 praecedente
3008 1614 3392 1674 afﬁrmatione
3421 1622 3726 1678 universali

2077 1708 2202 1762 quae
2233 1701 2313 1748 est
2347 1711 2412 1749 ex
2446 1696 2671 1753 inﬁnito
2698 1701 2914 1757 scilicet
2946 1705 3271 1773 praedicam.

2976 1791 3169 1843 Nullus
3199 1799 3276 1843 est
3305 1797 3461 1845 homo
3485 1796 3662 1861 justus

3496 2063 3530 2089 ω

2237 2047 2288 2215 Ξ
2625 2099 2730 2178 eo”
2986 2113 3163 2210 “3‘39
3483 2093 3530 2211 ἓ

2241 2220 2274 2253 :3
3480 2217 3530 2258 Ἠ

2240 2261 2284 2282 eo

2239 2406 2273 2433 Φ

2074 2641 2268 2692 Nullus
2285 2647 2364 2692 est
2382 2645 2540 2693 homo
2557 2659 2663 2694 non
2677 2645 2855 2709 justus
2947 2646 3042 2695 Est
3058 2646 3230 2696 omnis
3248 2649 3404 2698 homo
3425 2665 3529 2698 non
3548 2651 3725 2714 justus

2148 2744 2283 2796 Cum
2320 2744 2492 2804 igitur
2525 2745 2600 2798 ita
2632 2744 3174 2800 sintafﬁrmationes
3210 2747 3402 2813 positae
3435 2757 3489 2802 et
3547 2767 3723 2820 nega-

2077 2831 2262 2886 tiones
2285 2849 2406 2902 quae
2443 2834 2683 2902 simplex
2718 2834 2942 2901 quidem
2993 2835 3314 2904 subjectum
3355 2838 3580 2903 habent,
3628 2841 3721 2894 in-

2076 2921 2301 2975 ﬁnitum
2328 2937 2455 2975 vero
2478 2920 2560 2975 vel
2587 2923 2826 2992 simplex
2853 2923 3239 2991 praedicatum,
3267 2940 3422 2978 nunc
3445 2928 3717 2984 Aristote-

2075 3009 2154 3064 les
2173 3009 2304 3065 dicit
2329 3011 2595 3079 quoniam
2620 3009 2704 3063 hae
2721 3011 3133 3080 pronositiones
3150 3029 3270 3081 quae
3288 3015 3606 3084 subjectum
3627 3015 3724 3071 ha-

2077 3099 2506 3153 bentinlinitum
2527 3099 2666 3152 nulli
2683 3098 2909 3154 illarum
2925 3104 3281 3170 superiorum
3298 3105 3726 3175 quisdisposui-

319 3198 587 3267 quiddam
623 3200 909 3268 proponit,
962 3208 1023 3254 ut
1055 3200 1113 3254 in
1144 3217 1210 3255 eo
1241 3203 1385 3271 quod
1409 3180 1508 3256 est
1538 3203 1712 3258 homo
1739 3203 1964 3259 ﬁnitum

2083 3204 2210 3242 mus
2229 3189 2375 3242 idem
2401 3186 2766 3257 signiﬁcant:
2802 3188 2922 3244 haec
2941 3192 3092 3245 enim
3113 3209 3237 3262 quae
3255 3197 3412 3259 dicit,
3437 3197 3724 3250 estomnis

317 3287 587 3356 quiddam
640 3297 722 3342 est
770 3295 823 3342 et
879 3304 989 3343 una
1021 3291 1259 3356 species.
1296 3290 1347 3344 Is
1382 3308 1510 3346 vero
1543 3293 1636 3360 qui
1664 3293 1820 3361 dicit,
1855 3310 1968 3350 non

321 3375 511 3440 homo,
531 3382 866 3446 praesentem
890 3379 1114 3447 quidem
1132 3382 1374 3446 Speciem
1397 3381 1699 3447 interimit,
1715 3383 1970 3438 inﬁnitas

317 3475 507 3520 autem
541 3467 682 3522 alias
709 3469 794 3520 dat
835 3468 1153 3534 intelligere
1184 3471 1334 3538 ipsas
1367 3469 1507 3523 nihil
1545 3487 1777 3537 ponens.
1814 3476 1967 3536 Quo-

315 3556 470 3611 circa
501 3573 828 3625 quanquam
865 3559 1019 3611 ﬁnita
1055 3557 1218 3612 verba
1253 3561 1331 3612 vel
1366 3563 1598 3614 nomina
1625 3577 1720 3629 per
1750 3577 1807 3615 se
1833 3579 1965 3616 vera

311 3645 400 3700 vel
433 3646 574 3700 falsa
601 3663 722 3700 esse
757 3662 866 3700 non
899 3647 1115 3715 possint
1144 3647 1251 3700 nisi
1277 3664 1406 3702 curn
1441 3648 1566 3702 aliis
1592 3650 1792 3716 juncta
1825 3652 1961 3717 sint,

310 3741 500 3790 tamen
560 3733 725 3803 longe
781 3739 971 3789 minus
1030 3737 1280 3791 Veritatis
1310 3748 1402 3790 aut
1449 3739 1708 3792 falsitatis
1737 3739 1966 3808 capacia

307 3832 440 3879 sunt
474 3830 710 3879 nomina
745 3826 969 3881 inﬁnita
1004 3827 1086 3881 vel
1121 3827 1288 3882 verba
1319 3845 1441 3896 quae
1477 3844 1580 3884 nec
1615 3829 1718 3884 hoc
1777 3830 1962 3898 ipsum

309 3913 539 3983 quidem
575 3915 726 3984 quod
762 3915 1090 3978 signiﬁcant
1125 3923 1367 3986 ponunt,
1404 3920 1497 3972 sed
1533 3917 1674 3972 illud
1734 3919 1963 3987 quidem

312 4004 638 4071 perimunt;
676 4004 815 4058 nihil
845 4011 1037 4059 autem
1075 4023 1172 4076 per
1205 4023 1261 4061 se
1283 4005 1436 4061 aliud
1467 4011 1520 4061 in
1545 4007 1963 4076 signiﬁcatione

309 4094 682 4147 constituunt.
722 4093 1010 4149 Postremo
1064 4097 1444 4166 propinquius
1491 4097 1558 4150 ad
1593 4096 1842 4151 veritatis
1874 4097 1959 4152 vel

312 4178 574 4236 falsitatis
623 4181 783 4236 ﬁnita
842 4190 975 4237 sunt
1025 4183 1378 4239 intellectus.
1413 4184 1600 4239 Minus
1631 4185 1803 4254 igitur
1832 4200 1961 4242 vera

314 4269 401 4324 vel
429 4269 561 4324 falsa
592 4276 677 4326 est
707 4273 879 4326 dictio
911 4273 1162 4326 nominis
1194 4273 1430 4342 inﬁniti,
1487 4290 1660 4343 quam
1713 4275 1958 4345 alicujus

317 4359 595 4429 simplicis
627 4368 679 4415 et
713 4361 855 4415 ﬁniti
891 4362 1171 4416 vocabuli.

387 4448 673 4518 Signiﬁcat
705 4454 910 4516 autem,
944 4453 1023 4504 est
1051 4451 1236 4505 omnis
1254 4466 1361 4504 non
1386 4449 1760 4521 homojustus,
1812 4452 1962 4508 nulli

2085 3291 2196 3330 non
2221 3276 2608 3346 homojustus,
2628 3293 2737 3332 non
2755 3280 3039 3333 consentit
3063 3283 3110 3334 ei
3133 3298 3254 3350 quae
3275 3284 3515 3351 dicit,est
3534 3287 3726 3340 omnis

2081 3364 2472 3435 homojustus,
2493 3382 2597 3420 nec
2620 3382 2815 3421 rursus
2838 3366 2885 3419 ei
2911 3383 3032 3436 quas
3056 3370 3318 3436 dicit,est
3342 3373 3530 3426 omnis
3554 3375 3724 3428 homo

2080 3471 2194 3509 non
2239 3456 2452 3524 justus,
2512 3471 2617 3510 nec
2653 3456 2738 3509 his
2771 3473 2966 3512 rursus
3026 3475 3150 3529 quae
3203 3469 3359 3526 sunt,
3416 3463 3608 3515 nullus
3639 3467 3722 3518 est

2081 3546 2247 3599 homo
2273 3545 2482 3614 justus,
2521 3545 2602 3599 vel
2659 3545 2856 3600 nullus
2909 3555 2991 3602 est
3048 3549 3214 3603 homo
3248 3567 3357 3604 non
3388 3553 3563 3618 justes
3592 3577 3604 3613 ς
3637 3552 3717 3605 hac

2076 3636 2226 3690 enim
2263 3650 2462 3688 omnes
2495 3635 2785 3688 hominem
2819 3636 3133 3704 subjectum
3179 3639 3403 3703 habent,
3441 3640 3547 3692 illa:
3591 3655 3717 3694 vero

2077 3740 2186 3778 non
2243 3724 2554 3778 hominem.
2615 3727 2889 3786 Quocirca
2925 3743 3026 3780 nec
3060 3725 3226 3794 hujus
3271 3733 3513 3794 negatio,
3548 3728 3598 3781 id
3634 3735 3720 3782 est

2074 3811 2819 3868 univerSalisafﬁrmationis
2843 3831 2908 3868 ex
2937 3815 3162 3870 inﬁnito
3180 3818 3455 3885 subjecto,
3473 3819 3717 3885 particu-

2075 3903 2206 3956 laris
2238 3903 2451 3956 scilicet
2478 3905 2702 3970 negatio
2732 3919 2859 3957 cum
2895 3905 3009 3958 ulla
3059 3923 3257 3960 earum
3317 3925 3440 3975 quae
3491 3909 3714 3962 ﬁnitum

2074 3992 2282 4046 habent
2313 3993 2655 4061 subjecmm,
2692 3994 2888 4062 poterit
2923 3998 3269 4049 consentire.
3305 3997 3377 4050 Ea
3411 3999 3560 4050 ei'iim
3598 4013 3716 4066 quae

2069 4083 2226 4143 dicit,
2253 4097 2367 4135 non
2391 4091 2468 4136 est
2495 4084 2686 4136 omnis
2712 4098 2823 4137 non
2853 4084 3019 4137 homo
3046 4084 3256 4152 justus,
3286 4101 3465 4154 tteque
3499 4102 3626 4139 cum
3653 4103 3717 4140 ea

2070 4190 2194 4243 quae
2229 4174 2516 4242 proponit,
2538 4182 2616 4227 est
2638 4174 2828 4226 omnis
2853 4175 3023 4227 homo
3053 4177 3457 4242 justus,neque
3489 4192 3615 4228 cum
3649 4192 3716 4231 ea

2070 4279 2194 4333 qua
2216 4263 2372 4329 dicit,
2392 4271 2472 4315 est
2497 4262 2686 4316 ouinis
2711 4262 2882 4315 homo
2911 4279 3019 4315 non
3039 4263 3248 4331 justus,
3270 4279 3447 4331 neque
3470 4279 3600 4316 cum
3629 4264 3715 4318 his

2069 4369 2190 4423 quae
2222 4353 2549 4414 enuntiant,
2585 4349 2778 4404 nullus
2809 4360 2892 4404 est
2931 4350 3098 4405 homo
3125 4352 3333 4418 justus,
3381 4352 3460 4407 vel
3524 4352 3715 4407 nullus

2069 4452 2148 4496 est
2182 4442 2348 4496 homo
2394 4457 2507 4496 non
2557 4440 2760 4509 justus.
2819 4441 2923 4493 Sed
2962 4457 3074 4494 non
3113 4441 3216 4496 hoc
3248 4442 3405 4502 dicit,
3441 4443 3709 4511 qubuiam

320 4535 537 4592 illarum
573 4538 738 4604 idem,
771 4555 869 4594 nec
890 4539 1017 4594 huic
1045 4539 1291 4609 apposita
1322 4556 1386 4594 ea
1415 4553 1541 4610 qua
1569 4550 1668 4607 est,
1718 4556 1828 4594 non
1875 4545 1956 4595 est
1993 4557 2036 4620 υ
2070 4549 2134 4586 ΘΧ
2170 4529 2396 4585 illiilli“)
2438 4530 2687 4620 ξυὺὶθρω
2722 4530 3134 4620 βτοβοξίίίοηίδε
3158 4531 3406 4620 f’iVCNB
3438 4540 3592 4596 ευηιν
3625 4533 3711 4587 his

318 4630 486 4682 omnis
516 4643 622 4682 non
655 4628 810 4684 homo
841 4631 1034 4694 iustus.
1072 4630 1173 4683 Illa
1204 4646 1329 4684 vero
1361 4646 1478 4699 quae
1506 4633 1606 4695 est,
1636 4632 1815 4684 omnis
1847 4645 1957 4685 non

313 4715 488 4784 justus
521 4735 628 4773 non
658 4719 834 4785 homo,
872 4718 968 4773 illi
999 4734 1124 4790 qua?
1154 4723 1252 4787 est,
1288 4717 1482 4773 nullus
1502 4718 1688 4790 justus
1716 4734 1826 4774 nan
1857 4720 1952 4774 ho-

321 4821 422 4871 mo,
453 4807 595 4862 idem
623 4808 928 4878 signiﬁcat.

389 4901 681 4967 Postquam
709 4901 778 4953 de
800 4897 1277 4968 propositionibus
1299 4897 1586 4953 inﬁnitum
1613 4898 1956 4954 habentibus

325 4986 708 5054 praedicatum,
765 4987 1069 5042 sufﬁcienti
1131 4987 1520 5056 disputatione
1579 4989 1801 5043 locutus
1849 4997 1952 5059 est,

323 5089 614 5145 earumque
672 5078 1059 5146 oppositiones
1105 5076 1370 5142 ostendit,
1405 5077 1956 5146 consequentiasque

323 5164 708 5229 demonstavit,
729 5171 900 5232 atque
931 5167 987 5220 in
1025 5166 1213 5221 medio
1237 5165 1306 5218 de
1333 5166 1572 5219 inﬁnitis
1598 5167 1952 5234 nominibus,

325 5257 461 5324 quod
488 5272 597 5310 non
623 5265 806 5311 essent
837 5256 1168 5325 negationes
1194 5254 1436 5308 breviter
1455 5256 1958 5323 pernotavit,nunc

328 5345 457 5397 redit
479 5346 544 5398 ad
571 5362 668 5399 eas
689 5346 1100 5412 propositiones
1124 5361 1246 5414 quae
1271 5343 1589 5411 subjectum
1627 5345 1830 5399 habent
1866 5346 1953 5399 in-

333 5431 562 5500 ﬁnitum,
597 5436 955 5504 praedicatum
993 5451 1118 5489 vero
1142 5433 1224 5486 vel
1263 5432 1486 5487 finitum
1522 5432 1604 5486 vel
1641 5435 1953 5501 inﬁnitum,

333 5531 378 5576 et
407 5527 647 5589 primum
670 5525 890 5596 qui-lem
925 5542 994 5578 an
1031 5526 1239 5577 eisdem
1275 5526 1415 5591 sint,
1445 5524 1715 5593 idemque
1737 5524 1955 5594 signiti-

334 5621 470 5679 cent,
503 5614 850 5685 habeantque
870 5613 1072 5669 ordine
1108 5613 1352 5680 aliquam
1374 5614 1839 5682 consequentiam
1863 5611 1953 5668 has

2069 4637 2189 4691 quae
2215 4626 2342 4674 sunt
2385 4619 2466 4672 vel
2488 4635 2555 4671 ex
2580 4619 2737 4672 ﬁnito
2762 4619 3065 4686 pra-dicato
3088 4618 3173 4672 vel
3208 4636 3272 4673 ex
3297 4621 3541 4686 inﬁnito,
3573 4621 3710 4674 sub-

2061 4711 2211 4780 jecto
2233 4715 2424 4762 tamen
2447 4707 2628 4763 ﬁnito.
2647 4712 2886 4762 Possunt
2907 4710 3060 4762 enim
3085 4711 3317 4762 diversae
3341 4710 3568 4776 quidem
3587 4726 3708 4764 esse

2065 4800 2513 4871 praedicationes,
2541 4798 2689 4852 idem
2724 4807 2908 4852 tamen
2943 4800 3148 4869 aliquot
3169 4801 3247 4853 tes
3284 4800 3624 4862 signiﬁeare,
3651 4806 3709 4854 ut

2062 4907 2124 4946 ea
2152 4906 2274 4960 qua
2302 4889 2460 4954 dicit,
2502 4887 2692 4942 omnis
2714 4897 2793 4943 est
2838 4889 3004 4942 homo
3040 4889 3307 4956 injustus,
3332 4905 3461 4943 cum
3487 4891 3710 4944 diversa

2063 4979 2132 5036 sit
2167 4996 2231 5035 ea
2262 4979 2331 5033 ab
2377 4995 2505 5048 qua:
2551 4979 2710 5042 dicrt,
2759 4977 2950 5032 nullus
2983 4983 3065 5032 est
3102 4979 3272 5030 homo
3300 4979 3513 5046 justus;
3563 4981 3710 5034 idem

2066 5079 2256 5125 tamen
2289 5067 2598 5134 aliquando
2626 5065 2965 5131 signiﬁcant,
2996 5067 3038 5118 si
3069 5065 3369 5119 afﬁrmatio
3409 5067 3713 5134 privatoria

2065 5159 2434 5229 praecesserit.
2466 5158 2684 5212 ltictum
2720 5163 2798 5209 est
2829 5158 2983 5209 enim
3031 5156 3178 5224 quod
3233 5156 3714 5209 altirmatmnibus

2068 5249 2516 5318 przeccdentibus
2549 5246 2876 5314 negationes
2918 5247 3039 5298 sine
3071 5246 3242 5298 dubio
3305 5247 3708 5312 sequerentur;

2065 5354 2195 5406 ergo
2231 5353 2339 5390 non
2380 5336 2483 5390 hoc
2513 5335 2674 5394 dicit,
2707 5336 2976 5403 quoniam
3015 5335 3248 5387 diverse?
3280 5345 3406 5386 sunt
3458 5333 3709 5402 proposi-

2064 5429 2244 5482 tiones
2269 5443 2333 5480 ex
2370 5423 2854 5479 inﬁnitonomine
2887 5424 3142 5490 subjecto
3177 5422 3247 5475 iis
3307 5440 3430 5490 quae
3485 5431 3608 5473 sunt
3646 5436 3713 5474 ex

2063 5517 2365 5590 prredicito
2396 5515 2477 5568 vel
2513 5515 2670 5569 ﬁnito
2705 5516 2782 5568 vel
2821 5513 3064 5577 inﬁnito,
3102 5512 3355 5580 subjee'o
3393 5525 3574 5564 tamen
3636 5511 3697 5562 ﬁ-

2062 5611 2205 5682 nito,
2226 5608 2319 5662 sed
2353 5605 2501 5676 «mod
2533 5603 2771 5659 omnino
2792 5604 2897 5657 sibi
2931 5619 3038 5656 non
3064 5607 3442 5665 consentiant,
3467 5600 3548 5652 vel
3581 5617 3691 5654 nou
