4072 6182
414 292 521 346 563
1693 280 1810 333 ΔΝ.
1850 273 2074 330 MANL.

2205 272 2272 326 V.
2311 273 2550 328 BOETII
3679 274 3765 328 564

421 419 576 475 idem
608 416 952 490 signiﬁcent,
987 413 1041 469 id
1061 418 1148 467 est
1177 413 1294 464 tota
1325 407 1438 462 sint
1469 406 1672 460 virtute
1721 397 2063 473 pmpositio-
2097 398 2147 463 Α
2183 395 2351 490 homo
2369 400 2474 465 est,
2502 411 2702 451 rursus
2738 394 2933 451 nullus
2969 394 3155 490 justus
3199 407 3315 448 non
3348 392 3504 490 homo
3531 402 3632 463 est;
3660 412 3769 454 nam

427 511 521 564 nis
554 507 882 562 dissimiles.
918 503 1098 570 Atque
1131 497 1361 567 quidem
1395 496 1517 551 haec
1547 493 1685 548 dixit
1717 494 1784 546 de
1819 491 1906 545 his
1948 505 2072 559 qua":

428 600 653 656 ﬁnitum
689 595 1003 663 subjectum
1039 589 1334 654 haberent,
1359 587 1652 641 inlinitum
1685 598 1816 636 vero
1845 581 1924 634 vel
1953 579 2077 633 tini-

431 697 548 744 tum
600 687 1006 755 praedicatum;
1073 681 1223 732 venit
1281 685 1470 731 autem
1530 688 1684 729 nunc
1714 673 1784 727 ad
1824 673 2073 742 ipsarum

431 771 865 844 consequentias
895 786 1016 840 quae
1039 786 1106 823 ex
1140 767 1363 822 inﬁnito
1397 765 1630 820 nomine
1661 762 1912 831 subjecto
1945 774 2076 813 con-

433 872 603 932 stant,
639 872 691 916 et.
718 878 782 916 ex
819 869 1052 929 utroque
1086 858 1350 924 inﬁnito;
1383 865 1434 911 et
1467 856 1610 910 sicut
1660 869 1834 921 supra
1877 866 2075 904 conse-

432 953 724 1025 quentiam
755 965 948 1005 earum
982 965 1101 1019 quae
1131 963 1196 1002 ex
1240 945 1495 1016 utrisque
1546 942 1725 997 ﬁnitis
1779 948 1958 1009 erant,
1994 937 2076 992 vel

432 1059 499 1099 ex
531 1041 762 1096 inﬁnito
796 1038 1098 1110 praedicata
1128 1035 1344 1100 docuit,
1374 1036 1450 1090 ita
1473 1047 1693 1104 quoque
1715 1046 1870 1085 nunc
1903 1045 2078 1084 econ-

435 1146 598 1187 vcrso
630 1147 753 1200 qua:
785 1144 853 1182 ex
885 1126 1138 1196 utrisque
1168 1125 1410 1180 inﬁnitis
1444 1121 1775 1178 nominibus
1795 1121 2078 1181 con'slant,

437 1223 522 1278 vel
547 1239 614 1277 ex
639 1220 866 1276 intinilo
886 1218 1118 1273 nomina
1145 1214 1652 1286 subjectoqualem
1673 1213 1740 1268 ad
1758 1229 1819 1268 se
1839 1211 2082 1266 habeant

437 1309 928 1380 consequentiam,
963 1313 1262 1369 monstrat,
1287 1306 1482 1359 dicens
1509 1323 1522 1361 :
1550 1301 1655 1358 Illa
1678 1318 1806 1356 vero
1833 1317 1956 1372 qua:
1978 1308 2079 1366 est,

440 1398 632 1457 omnis
683 1414 798 1453 non
851 1398 1038 1466 justus
1088 1411 1203 1449 non
1259 1395 1447 1460 homo,
1483 1392 1564 1447 illi
1598 1408 1719 1462 quae
1752 1399 1852 1457 est,
1889 1391 2082 1446 nullus

438 1491 636 1562 justus
665 1503 782 1542 non
819 1486 1007 1551 homo,
1033 1485 1183 1540 idem
1202 1484 1524 1554 signiﬁcat;
1564 1482 1662 1537 has
1691 1483 1830 1536 dnas
1862 1485 2083 1536 tantum

445 1577 865 1650 prepositiones
896 1578 1193 1640 monstrat,
1241 1573 1635 1628 afﬁrmativam
1678 1572 1902 1628 scilicet
1959 1572 2084 1624 uni-

443 1668 719 1723 vcrsalcm
752 1682 817 1720 ex
851 1663 1104 1734 utrisque
1144 1663 1382 1718 inﬁnitis
1416 1679 1541 1733 quae
1573 1662 1729 1727 dicit,
1761 1662 1949 1716 omnis
1970 1678 2084 1717 non

439 1759 627 1827 justus
658 1771 773 1810 non
807 1753 1000 1819 homo,
1032 1753 1082 1809 ei
1117 1753 1443 1808 consentire
1472 1759 1718 1822 quaeest
1749 1752 2087 1808 universalis
2119 1785 2165 1849 B

445 1845 672 1916 negatio
703 1860 766 1899 ex
803 1844 923 1898 solo
981 1844 1208 1898 inﬁnito
1241 1841 1514 1911 subjecto,
1549 1858 1673 1913 quae
1705 1843 1862 1912 dicit,
1896 1841 2088 1897 nullus

438 1935 630 2006 justus
665 1949 782 1989 non
814 1933 1007 1989 homo.
1032 1932 1095 1988 In
1131 1933 1219 1987 his
1237 1939 1424 1987 autem
1448 1931 1786 1986 subauditur
1809 1930 2085 2002 particula

445 2032 550 2093 est,
586 2027 648 2079 ut
679 2023 750 2078 sit
809 2028 924 2079 tota
982 2022 1315 2093 propositio,
1347 2021 1536 2077 omnis
1565 2037 1680 2076 non
1731 2022 1916 2091 justus
1967 2036 2086 2078 non

872 2142 967 2192 Est
995 2138 1186 2192 omnis
1212 2154 1326 2193 non
1361 2137 1528 2192 homo
1560 2153 1676 2193 non
1701 2138 1907 2207 justus.

877 2207 1081 2265 Nullus
1103 2226 1218 2266 non
1249 2209 1422 2265 homo
1446 2209 1635 2279 justus
1661 2217 1766 2266 est.

877 2329 1116 2396 Quidam
1149 2345 1268 2385 non
1303 2329 1472 2386 homo
1499 2331 1690 2401 justus
1731 2337 1832 2386 est.

2184 486 2337 542 sicut
2361 488 2420 541 in
2453 486 2545 541 his
2575 503 2698 556 quas
2722 487 2943 541 ﬁnitum
2966 484 3251 541 habebant
3276 483 3594 554 subjectum,
3620 487 3773 543 inﬁni-

2185 583 2305 630 tum
2338 593 2466 632 vero
2486 576 2568 630 vel
2604 576 2827 630 ﬁnitum
2861 578 3250 646 praedicatum,
3294 575 3690 630 attirmationcm
3723 595 3772 632 ex

2188 665 2350 720 linito
2384 665 2639 735 subjecto
2689 666 2776 720 vel
2828 666 3054 719 inlinilo
3103 665 3424 733 praedicam,
3456 680 3565 716 eam
3597 665 3775 721 scilicet

2187 770 2309 825 quae
2341 756 2504 820 dicit,
2535 760 2624 810 est
2653 755 2845 808 omnis
2876 755 3047 808 homo
3083 769 3195 806 non
3239 753 3446 821 justus,
3489 754 3778 821 sequebatur

2187 844 2431 913 simplex
2466 844 2805 900 universalis
2832 844 3080 913 negatio,
3108 858 3230 911 quae
3265 858 3333 895 ex
3372 841 3605 910 ulrisque
3638 843 3782 897 ﬁnitis

2188 941 2428 997 constat,
2467 932 2661 987 nullus
2697 933 2864 988 homo
2889 933 3082 1002 justus
3124 939 3227 986 est.
3263 931 3580 1000 Ita'quoque
3634 931 3684 983 in
3713 931 3782 984 his

2190 1026 2530 1094 permutatis
2562 1027 2786 1077 tantum
2816 1023 3093 1090 subjectis
3125 1022 3273 1075 idem
3311 1021 3477 1074 venit.
3509 1020 3635 1074 Nam
3667 1022 3783 1074 sicut

2189 1113 2312 1166 illic
2334 1113 2559 1182 negatio
2576 1128 2642 1168 ex
2663 1113 2920 1182 utrisque
2939 1111 3112 1166 ﬁnitis
3140 1109 3476 1166 universalis
3495 1108 3784 1178 sequebatur

2189 1201 2632 1256 alﬁrmationem
2655 1218 2722 1256 ex
2739 1201 2901 1256 ﬁnito
2924 1201 3175 1269 subjecto
3199 1209 3249 1255 et.
3266 1198 3784 1267 inﬁnitopraedicato,

2190 1292 2266 1346 ita
2298 1308 2526 1362 quoque
2555 1292 2997 1346 atﬁrmationem
3029 1307 3094 1344 cx
3131 1289 3388 1358 utrisque
3437 1287 3658 1342 inﬁnitis
3683 1288 3788 1341 uni-

2193 1381 2468 1436 versalem
2492 1381 2743 1450 sequitur
2776 1381 2996 1447 negatio
3025 1395 3093 1434 ex
3127 1379 3353 1432 inﬁnito
3406 1377 3662 1446 subjecto,
3694 1377 3792 1444 ipsa

2195 1485 2424 1540 quoque
2447 1470 2870 1533 universalis,et
2887 1469 2988 1523 has
3008 1469 3234 1537 quidem
3255 1468 3394 1521 duas
3420 1465 3793 1536 p00posiliones

2195 1560 2486 1631 ascripsit,
2545 1561 2726 1616 solam
2753 1561 2812 1615 in
2869 1560 2956 1613 his
2986 1558 3458 1627 consequentiam
3503 1556 3792 1610 ostendens.

2197 1647 2439 1702 Cteteras
2469 1657 2658 1704 autem
2694 1648 2826 1718 quia
2857 1647 3086 1717 putabat
3118 1646 3414 1701 intellectu
3456 1660 3570 1700 esse
3615 1643 3796 1708 faciles,

2201 1739 2469 1808 persequi
2503 1738 2769 1808 neglexit.
2804 1743 2919 1792 Nos
2947 1748 3136 1792 autem
3168 1752 3260 1791 eas
3293 1752 3365 1790 ne
3396 1733 3527 1804 quid
3570 1732 3796 1787 relictum

2198 1827 2454 1882 videatur
2511 1828 2892 1897 apponimus;
2952 1835 3033 1881 est
3083 1826 3237 1880 enim
3287 1822 3672 1894 consequentia
3713 1821 3798 1875 hoc

2195 1917 2364 1972 modo
2395 1931 2409 1970 :

2269 2112 2364 2166 Est
2393 2111 2584 2167 omnis
2616 2126 2726 2166 non
2764 2110 2932 2166 homo
2961 2110 3168 2181 justus.

2270 2183 2473 2239 Nullus
2505 2200 2622 2239 non
2655 2184 2824 2239 homo
2851 2198 2966 2238 non
2993 2184 3178 2252 justus
3207 2189 3311 2236 est.

2275 2299 2514 2364 Quidam
2547 2316 2662 2355 non
2700 2299 2869 2354 homo
2902 2315 3016 2354 non
3048 2299 3231 2367 justus
3265 2303 3375 2351 est.

877 2371 1120 2458 esse;
1150 2371 1692 2458 ςδιῑιίςνιῑδῖιδιῑδξιῑδ
1731 2371 1844 2457 si;
1886 2403 2094 2476 justus,
2278 2372 2404 2429 Non
2434 2380 2516 2428 εει
2919 2373 3088 2426 homo
3114 2371 3323 2440 justus-

451 2515 565 2572 Has
596 2515 770 2587 igitur
799 2516 846 2571 si
903 2515 1028 2587 quis
1058 2515 1359 2587 diligenter
1387 2516 1700 2588 inspexerit
1738 2518 1879 2572 duas
1939 2533 2098 2574 com-

446 2606 793 2676 parationes,
825 2605 1048 2661 duabus
1097 2606 1703 2663 convenientissimam
1744 2621 2100 2679 consequen-

2207 2517 2344 2572 tiam
2376 2531 2836 2586 consensumque
2870 2513 3284 2570 monstrabunt.

663 2732 3814 2755 ___________________________________________________________—

1694 2826 2018 2913 LIBER
2067 2825 2610 2938 QUINTUS.

1929 2989 2260 2998 .———.

518 3058 826 3115 Maximam
851 3060 1039 3130 operis
1065 3060 1232 3131 hujus
1253 3063 1469 3118 emensi
1502 3069 1734 3132 partem,
1768 3079 1833 3118 ea
1856 3078 1976 3131 qua:
1999 3077 2085 3116 se-
2115 3071 2160 3134 ο
2202 3060 2347 3116 banc
2376 3067 2428 3116 te
2448 3059 2755 3114 amentiam
2789 3066 2993 3114 natura
3035 3056 3273 3127 peperit,
3302 3055 3562 3112 voluntas
3594 3050 3816 3109 exercuit

453 3158 706 3222 quuntur
741 3151 876 3206 licet
905 3151 1128 3221 magnis
1154 3152 1567 3221 questionibus
1590 3153 1884 3223 impedita,
1909 3161 2097 3206 tamen
2208 3149 2431 3204 fortuna
2471 3151 2731 3216 servavit,
2767 3149 2844 3203 ita
2889 3148 3099 3202 dixisse
3148 3155 3205 3201 ut
3247 3148 3464 3201 dictum
3510 3152 3612 3213 est,
3639 3158 3702 3195 an
3737 3139 3818 3203 ita,

456 3239 731 3294 audacius
760 3245 932 3309 atque
961 3241 1281 3295 animosius
1311 3257 1710 3311 exsequemur,
1757 3259 1862 3297 nec
1898 3243 2094 3298 defati-
2207 3239 2288 3292 Ad
2315 3238 2459 3294 hanc
2485 3244 2540 3294 te
2560 3239 2868 3293 amentiam
2891 3238 3102 3307 peperit
3130 3243 3353 3303 natura,
3379 3233 3620 3291 exercuit
3647 3229 3820 3285 volun-

453 3328 571 3398 gari
605 3327 662 3381 in
694 3328 935 3396 singulis
976 3328 1232 3399 partibus
1291 3338 1530 3398 oportet,
1566 3331 1733 3385 totius
1789 3332 2098 3387 dialecticae
2211 3335 2315 3394 tas,
2338 3330 2581 3385 servavit
2616 3329 2863 3383 fortuna.
2897 3328 2990 3382 Sic
3021 3327 3172 3381 enim
3211 3328 3400 3380 minor
3455 3334 3534 3378 est
3564 3326 3820 3377 sententia:

456 3417 694 3488 prodere
740 3433 1035 3489 aggressos
1090 3426 1261 3489 atque
1319 3419 1581 3488 expedire
1619 3421 1955 3489 doctrinam,
1990 3422 2097 3474 ita-
2211 3419 2563 3487 magnitudo,
2587 3420 2893 3488 minusque
2916 3419 2974 3471 in
2996 3433 3060 3470 ea
3092 3414 3241 3471 lucet
3266 3417 3319 3469 id
3349 3414 3496 3485 quod
3523 3413 3566 3466 si
3597 3411 3817 3465 siccoru-

456 3522 562 3577 que
587 3515 794 3562 rectam
828 3507 1333 3562 commentationis
1364 3509 1566 3564 seriem
1600 3511 1981 3566 conteximus.
2208 3515 2457 3576 ponatur
2504 3517 2736 3574 eminet,
2785 3515 2836 3560 et
2884 3522 3008 3560 sese
3061 3504 3142 3560 vel
3191 3504 3520 3559 nolentibus
3561 3498 3820 3555 hominum

527 3595 881 3666 Transposita
904 3611 1031 3651 vero
1052 3596 1276 3651 numina
1296 3601 1350 3650 et
1372 3597 1539 3652 verba
1578 3598 1722 3652 idem
1754 3600 2093 3668 signiﬁcant,
2209 3596 2452 3652 auribus
2473 3598 2794 3666 animisque
2823 3595 3111 3666 patefacit.
3146 3594 3371 3648 Rursus
3411 3609 3539 3647 cum
3573 3588 3697 3642 dicit
3727 3583 3818 3638 Vir-

453 3686 788 3748 ut,estalbus
809 3686 1076 3749 homo,est
1097 3685 1260 3741 homo
1284 3686 1475 3752 albus;
1501 3703 1632 3740 nam
1651 3687 1704 3742 si
1723 3687 1824 3741 hoc
1841 3704 1946 3742 non
1995 3693 2092 3756 est,
2208 3685 2378 3753 gilius
2405 3702 2416 3738 :
2452 3687 2699 3754 Pacique
2721 3687 3014 3754 imponere
3039 3699 3279 3748 morem,
3331 3683 3600 3754 potuisset
3629 3687 3820 3731 servare

451 3775 694 3845 ejusdem
727 3777 914 3830 multae
944 3779 1110 3829 erunt
1147 3775 1485 3844 negationes,
1542 3777 1636 3830 sed
1689 3781 1963 3832 ostensum
2014 3788 2093 3833 est

451 3863 593 3935 quod
611 3881 725 3918 una
747 3866 916 3919 unius
936 3867 1014 3920 est
1038 3882 1052 3931 ;
1071 3865 1192 3934 ejus
1218 3867 1366 3919 enim
1388 3879 1514 3936 qua:
1529 3869 1712 3932 est,est
1737 3867 1894 3922 albus
1915 3867 2093 3936 homo,

451 3953 675 4023 negatio
694 3958 792 4022 est,
811 3970 917 4008 non
968 3959 1046 4008 est
1087 3953 1242 4007 albus
1291 3954 1448 4008 homo
1470 3970 1490 4015 ,·
1537 3971 1656 4024 ejus
1689 3973 1812 4010 vero
1843 3973 1968 4028 qua?
1995 3971 2093 4025 est,

453 4049 532 4097 est
555 4043 709 4097 homo
735 4044 909 4108 albus,
932 4043 982 4098 si
1005 4058 1108 4098 nan
1135 4044 1321 4098 eadem
1345 4047 1418 4098 est
1441 4046 1632 4114 eiqum
1673 4049 1772 4111 est,
1823 4057 1901 4101 est
1931 4049 2094 4103 albus

453 4133 634 4200 homo,
667 4134 772 4188 erit
801 4133 1042 4204 negatio,
1077 4133 1159 4188 vel
1186 4149 1245 4186 et:
1429 4142 1531 4200 est,
1564 4149 1667 4187 non
1705 4139 1781 4189 est
1807 4152 1914 4191 non
1939 4138 2094 4192 homo

451 4223 630 4290 albus,
662 4223 743 4277 vel
773 4239 838 4278 ea
863 4237 988 4293 quae
1019 4227 1116 4288 est,
1147 4238 1258 4277 non
1288 4229 1358 4276 est"
1393 4223 1420 4274 [ρ
1449 4238 1547 4275 ‘rno
1577 4223 1758 4278 albus.
1793 4225 1895 4279 Sed
1924 4227 2096 4281 altera

454 4311 674 4382 quidem
705 4316 781 4366 est
806 4314 1020 4382 negatio
1049 4313 1168 4383 ejus
1201 4326 1326 4382 qua:
1354 4316 1455 4377 est,
1483 4315 1561 4367 est
1591 4330 1704 4368 non
1732 4313 1892 4368 homo
1913 4315 2093 4385 albus,

453 4401 630 4454 altera
663 4418 786 4455 vero
815 4403 937 4469 ejus
965 4418 1083 4471 qum
1111 4409 1209 4470 est,
1241 4405 1320 4455 est
1335 4401 1493 4455 albus
1519 4401 1694 4457 homo.
1720 4405 1905 4472 Quare
1926 4411 2093 4460 erunt
2130 4436 2174 4499 Β

455 4490 575 4544 dum
610 4490 798 4546 unius.

527 4585 700 4635 Docet
733 4595 887 4635 nunc
918 4581 1188 4650 quoniam
1221 4581 1268 4635 si
1302 4579 1535 4635 nomina
1569 4587 1622 4636 et
1651 4581 1822 4638 verba
1863 4586 2098 4642 transfe-

458 4677 677 4736 runtur,
714 4676 764 4723 et
795 4669 862 4723 ad
893 4668 1045 4724 aliud
1067 4670 1241 4739 prius,
1266 4670 1420 4726 aliud
1441 4686 1570 4726 vero
1595 4676 1876 4746 posterius
1898 4677 2098 4745 praedi-

456 4768 634 4822 cetur,
674 4775 840 4812 Uitam
871 4759 998 4814 sine
1028 4760 1199 4816 dubio
1227 4761 1667 4833 signiﬁcantium
1689 4767 1951 4822 retinere.
1975 4767 2100 4823 Sive

459 4846 612 4902 enim
643 4848 766 4916 quis
789 4848 1063 4916 dicat,est
1082 4849 1250 4906 homo
1275 4851 1458 4919 albus,
1485 4855 1601 4909 sive
1621 4862 1702 4909 est
1720 4853 1881 4909 albus
1907 4855 2097 4920 homo,

456 4936 572 4989 sive
601 4937 766 4991 homo
787 4937 949 4993 albus
970 4946 1074 5005 est,
1091 4940 1208 4994 sive
1228 4941 1390 4997 albus
1417 4943 1586 4998 homo
1607 4949 1711 5010 est,
1737 4944 1851 4997 sive
1870 4961 2102 5013 quomo-

458 5025 674 5080 dolibet
691 5025 1130 5084 aliterordincm
1156 5031 1575 5099 praedicationis
1595 5038 2099 5100 permutet,eadem

457 5115 580 5171 sine
603 5117 780 5172 dubio
799 5119 1137 5188 significatio
1162 5121 1533 5188 permanebit,
1555 5129 1602 5175 et
1627 5121 1975 5191 hocquidem
1999 5127 2102 5180 for-

458 5212 604 5259 tassc
625 5209 942 5262 oratoribus
966 5209 1048 5264 vel
1075 5211 1256 5279 poetis
1299 5225 1413 5264 non
1445 5219 1645 5264 eodem
1685 5214 1852 5267 modo
1880 5217 2097 5286 pera-pi-

457 5293 725 5350 ciendum
757 5305 840 5350 est
870 5313 979 5366 quo
1029 5297 1364 5352 dialecticis.
1427 5298 1648 5354 Etenim
1709 5311 1980 5370 quantum
2029 5308 2097 5361 ad

458 5384 934 5452 compositionem
958 5386 1230 5440 orationis
1252 5393 1486 5454 SpCCUl,
1514 5388 1758 5443 maxime
1781 5392 1966 5448 diﬁert
1990 5411 2098 5465 quo

457 5473 624 5527 verba
649 5481 702 5527 et
725 5477 961 5530 nomina
984 5475 1405 5546 praedicationis
1429 5490 1540 5529 suae
1569 5477 1767 5534 ordine
1808 5483 2098 5550 proferan-

461 5569 567 5616 tur.
596 5561 841 5618 Multum
876 5565 1025 5619 enim
1053 5565 1281 5620 inlercsl
1304 5563 1362 5618 in
1387 5579 1452 5622 eo
1485 5566 1636 5635 quod
1669 5567 1744 5622 ait
1777 5570 1990 5639 Cicero,
2014 5575 2098 5630 Ad

2211 3786 2480 3844 metrum,
2523 3778 2567 3830 si
2603 3781 2676 3830 ita
2708 3777 2962 3842 dixisset,
3010 3789 3345 3840 moremque
3377 3774 3662 3842 imponere
3699 3763 3818 3834 βᾶθί,

2209 3868 2304 3921 sed
2329 3865 2740 3922 essetdebilior
2779 3881 2984 3930 sonus,
3025 3880 3130 3920 nec
3164 3865 3222 3918 in
3259 3882 3326 3918 eo
3369 3863 3487 3918 ictu
3521 3873 3703 3916 versus
3730 3865 3822 3908 tam

2209 3959 2483 4028 praeclare
2515 3966 2573 4012 ut
2601 3973 2757 4013 nunc
2787 3956 3133 4024 compositus
3164 3956 3537 4009 dicereretur.
3571 3955 3700 4018 Ergo
3728 3957 3822 3998 non

2211 4046 2362 4102 idem
2387 4048 2536 4103 valet
2559 4046 2876 4102 oratoribus
2899 4044 2981 4100 Vel
3008 4045 3187 4113 poetis
3212 4043 3518 4100 verborum
3545 4039 3829 4095 nominum-

2211 4153 2319 4207 que
2349 4138 2485 4192 ordo
2521 4146 2788 4192 mutatus.
2819 4138 2924 4202 Qui
2954 4137 3109 4191 enim
3145 4136 3210 4187 ad
3242 4133 3704 4205 compositionem
3727 4139 3827 4194 spe-

2211 4231 2390 4294 ctant,
2417 4227 2660 4281 mullum
2692 4228 2751 4283 in
2781 4228 2978 4281 ordine
3001 4241 3329 4280 sermonum
3364 4219 3678 4278 ornamenti
3700 4228 3829 4282 repe-

2213 4318 2378 4371 rient.
2406 4315 2730 4372 Dialecticis
2763 4333 2910 4381 vero,
2948 4315 3151 4386 quibus
3176 4315 3339 4369 nulla
3371 4318 3460 4368 est
3489 4315 3553 4366 ad
3587 4303 3826 4364 orationis

2209 4406 2457 4476 leporem
2492 4424 2627 4463 cura
2659 4407 2951 4478 loquendi,
2985 4405 3304 4477 quibusque
3337 4405 3458 4460 sola
3490 4402 3682 4457 veritas
3718 4410 3825 4467 per-

2210 4506 2514 4565 scrutatur,
2541 4498 2686 4553 nihil
2721 4497 2912 4552 differt
2943 4496 3193 4567 quolibet
3216 4498 3424 4551 ordine
3467 4493 3632 4548 verba
3664 4497 3711 4543 et
3740 4499 3822 4540 no-

2211 4589 2367 4644 mina
2401 4597 2817 4660 permutentur,
2864 4604 2993 4644 cum
3047 4596 3237 4640 tamen
3262 4586 3527 4640 eamdem
3562 4584 3650 4635 vin
3682 4589 3823 4648 quam

2211 4680 2366 4750 prius
2389 4681 2444 4733 in
2479 4679 2897 4747 significatione
2920 4677 3222 4732 retineant.
3251 4677 3362 4730 Sed
3392 4691 3500 4730 nec
3528 4671 3666 4743 apud
3698 4669 3826 4737 ipsos

2212 4769 2392 4824 modis
2422 4769 2689 4823 omnibus
2721 4773 3044 4838 permutato
3095 4768 3298 4820 ordine
3340 4765 3606 4820 dictionis
3655 4757 3824 4814 eadem

2210 4873 2437 4928 semper
2468 4858 2550 4912 vis
2583 4857 3041 4927 signiﬁcatioque
3074 4863 3358 4910 servatur.
3396 4857 3528 4907 Haec
3555 4850 3696 4906 enim
3729 4858 3828 4914 par-

2211 4947 2382 5002 ticula
2410 4963 2528 5017 qua:
2564 4947 2829 5017 negativa
2859 4957 2962 5016 est,
3017 4948 3069 5000 id
3103 4954 3206 5009 est,
3261 4961 3380 5000 non
3413 4941 3650 4998 multum
3683 4936 3825 4992 valet.

2211 5052 2260 5089 in
2275 5036 2562 5104 uitamque
2597 5035 2978 5089 dili'erentiam
3011 5033 3238 5103 perﬁcit
3261 5031 3442 5086 variis
3461 5032 3668 5099 adjecm
3694 5022 3827 5077 locis-

2210 5124 2268 5178 Si
2304 5125 2429 5193 quis
2459 5123 2616 5178 enim
2652 5124 2823 5189 dicat,
2854 5123 3023 5176 homo
3042 5123 3203 5176 albus
3233 5137 3348 5176 non
3380 5127 3487 5185 est,
3524 5111 3829 5172 l'acit-tinde-

2210 5216 2430 5270 ﬁnitam
2467 5215 2850 5281 negationem.
2883 5215 2936 5268 Si
2971 5214 3095 5283 quis
3135 5229 3267 5270 vero
3315 5213 3488 5274 dicat,
3539 5211 3695 5263 homo
3732 5214 3826 5256 non

2208 5306 2374 5361 albus
2408 5312 2509 5372 est,
2547 5306 2716 5360 faciet
2744 5305 3099 5360 indelinitam
3127 5320 3196 5358 ex
3229 5302 3525 5356 inﬁninilo
3558 5295 3826 5368 pra-dicato

2205 5395 2674 5451 al'lirmationem.
2726 5396 2782 5450 Si
2826 5396 2952 5466 quis
2985 5403 3172 5448 autem
3209 5393 3502 5461 praedicet,
3536 5406 3644 5444 non
3679 5387 3824 5440 homo

2207 5487 2371 5542 albus
2391 5495 2495 5552 est,
2517 5489 2664 5542 idem
2690 5503 2915 5557 quoque
2932 5487 3225 5540 constituit
3249 5500 3318 5538 ex
3345 5484 3570 5537 inﬁnito
3592 5477 3821 5545 subjecm

2209 5577 2563 5633 indeﬁnitum
2597 5578 3058 5634 alﬁrmationem.
3084 5582 3304 5633 Rursus
3331 5577 3379 5630 si
3398 5571 3698 5644 quisdicat,
3721 5576 3822 5620 οω-
