4106 6172
373 310 485 364 565

1128 313 1204 365 IN
1241 313 1518 366 LIBRUM
1557 311 1647 363 DE
1687 305 2360 362 INTERPRETATIONE
2397 311 2643 364 EDITIO
2678 313 3034 368 SRCUNDA.

3680 318 3786 372 566

375 437 471 494 nis
495 438 666 494 homo
690 437 1010 506 nonjustus
1032 445 1134 502 est,
1162 437 1284 492 haec
1309 436 1600 492 consentit
1644 436 1694 490 ei
1740 449 1862 504 quis
1895 432 2030 488 dicit
2067 433 2118 499 Α
2149 432 2289 487 Cum
2315 433 2489 505 igitur
2517 435 2636 506 ejus
2663 455 2788 507 quas
2811 440 2972 506 dicit,
3004 448 3086 496 est
3135 441 3299 497 albus
3347 443 3537 511 homo,
3572 447 3796 515 negatio

372 527 573 584 nullus
600 527 772 581 homo
792 530 980 594 justus
1002 534 1102 581 est.
1127 528 1285 592 Quod
1308 526 1352 580 si
1379 526 1528 580 idem
1557 540 1669 578 non
1702 525 1766 576 ad
1805 523 2032 577 univer—

371 617 549 674 salem
577 618 1108 672 determinationem
1136 625 1396 686 ponatur,
1425 624 1482 670 ut
1503 614 1746 680 dicatur,
1766 628 1878 666 non
1909 627 2029 666 om-

368 709 462 763 nis
483 707 655 761 homo
679 708 860 774 justus
880 712 982 767 est,
1015 721 1126 759 non
1154 707 1269 773 jam
1331 701 1668 759 universalis
1725 699 2031 756 afﬁrmatio

365 796 614 851 inﬁnita:
635 793 1054 865 praedicationis
1069 794 1442 849 consentiens
1457 791 1762 847 universali
1785 789 2031 860 simplici

368 883 668 951 negationi
692 883 871 945 lit,sed
898 883 1080 948 potius
1102 880 1460 950 particularis
1510 880 1733 949 negatio
1765 879 2027 947 simplex.

366 972 624 1026 Videsne
648 971 818 1033 igitur
843 986 1010 1040 quam
1037 970 1246 1024 multas
1272 971 1439 1025 faciat
1471 969 1818 1024 differentias
1848 983 2029 1037 nega-

362 1065 477 1118 tiva
496 1063 1024 1134 particuladiversae
1046 1064 1346 1118 nominum
1371 1063 1760 1133 praedicationi
1782 1062 2030 1130 conjun-

362 1160 456 1210 cta
483 1154 636 1208 PSed
668 1169 994 1224 quanquam
1032 1154 1150 1207 haec
1181 1153 1252 1207 ita
1288 1153 1424 1220 sint,
1459 1158 1642 1221 potest
1674 1155 1866 1205 tamen
1917 1149 2030 1206 alio

362 1245 538 1298 modo
573 1244 796 1312 eadem,
830 1243 1075 1298 diversis
1106 1243 1162 1297 in
1197 1243 1338 1298 locis
1367 1243 1572 1314 posita,
1605 1242 1864 1297 eamdem
1913 1241 2030 1296 vim

360 1333 970 1403 signiﬁcationemque
1003 1348 1242 1386 servare.
1277 1332 1335 1387 Si
1369 1331 1519 1387 enim
1552 1332 1623 1386 sit
1679 1331 1863 1402 posita
1909 1344 2026 1384 non

357 1421 644 1492 particula
674 1437 803 1477 cum
839 1420 1262 1477 uuiversalitate
1284 1437 1404 1486 sua,
1465 1437 1597 1476 cum
1657 1421 1854 1476 eadem
1906 1419 2030 1488 ipsa

355 1512 569 1581 saepius
598 1517 973 1580 permutetur,
998 1511 1146 1564 idem
1173 1510 1295 1564 sine
1318 1507 1489 1565 dubio
1519 1509 1577 1563 in
1602 1507 2026 1576 signiﬁcatione

357 1601 642 1656 consistit.
663 1601 719 1653 Si
738 1599 864 1669 quis
889 1602 1042 1654 enim
1068 1599 1242 1666 dicat,
1266 1615 1382 1654 non
1410 1599 1601 1653 omnis
1650 1597 1821 1652 homo
1854 1595 2020 1651 albus

357 1697 465 1756 est,
503 1688 860 1757 particularis
885 1696 969 1742 est
1004 1688 1247 1757 simplex
1304 1688 1548 1757 negatio.
1605 1687 1663 1741 Si
1720 1687 1845 1757 quis
1894 1702 2022 1741 vero

2141 521 2215 576 sit
2244 538 2308 576 ea
2339 541 2459 593 quae
2493 528 2778 597 preponit,
2815 545 2928 584 non
2962 539 3045 584 est
3078 531 3240 587 albus
3274 533 3463 600 homo,
3497 537 3542 588 si
3580 551 3643 588 ea
3671 551 3795 605 quae

2141 611 2304 678 dicit,
2339 621 2422 668 est
2447 615 2618 670 homo
2642 617 2805 672 albus
2838 621 3066 675 diversa
3099 623 3206 676 erit
3235 623 3305 676 ab
3329 640 3387 678 ea
3415 624 3803 693 propositione

2143 714 2266 770 quae
2301 707 2660 772 pronuntiat,
2693 716 2783 761 est
2814 708 2980 764 albus
3015 710 3205 770 homo.
3239 712 3350 765 alia
3384 714 3479 766 erit
3502 715 3622 781 ejus
3648 730 3794 784 nega

2139 791 2254 858 tio;
2290 791 2334 847 si
2364 809 2498 864 ergo
2529 804 2622 848 aut
2655 811 2721 850 ea
2753 813 2873 865 quae
2905 800 3064 863 dicit,
3088 817 3204 855 non
3229 807 3309 856 est
3335 818 3448 856 non
3499 803 3667 857 homo
3699 805 3793 858 al-

2142 879 2268 945 bus,
2300 891 2396 935 aut
2426 899 2489 936 ea
2521 900 2644 953 quae
2675 886 2832 951 dicit,
2869 904 2980 944 non
3014 898 3095 944 est
3129 891 3299 944 homo
3331 891 3517 945 albus.
3582 892 3798 946 Rursus

2139 970 2310 1041 igitur
2339 973 2724 1044 disponantur
2752 977 2877 1031 duae
2910 979 3138 1048 quidem
3162 980 3571 1035 afﬁrmationes
3596 983 3792 1051 prima

2139 1061 2462 1117 alternatim
2512 1064 2732 1134 positae,
2786 1073 2839 1121 et
2867 1067 3150 1123 contrario
3182 1070 3442 1125 confessa
3467 1071 3665 1139 prioris
3690 1088 3791 1126 ue-

2141 1152 2309 1220 getio.
2339 1151 2551 1207 Contra
2583 1155 3064 1224 secundumjvero
3097 1162 3349 1229 utrisque
3383 1158 3501 1212 hac
3535 1161 3790 1229 negatio-

2138 1255 2242 1295 nes
2271 1256 2392 1310 quaa
2423 1240 2674 1296 diximus
2702 1242 3081 1301 ascribantur.

2319 1329 2409 1384 Est
2439 1329 2602 1386 albus
2636 1331 2827 1388 homo.
2907 1337 3035 1388 Non
3067 1341 3152 1389 est
3185 1335 3348 1390 albus
3375 1335 3569 1391 homo.

2316 1419 2409 1474 Est
2443 1420 2611 1476 homo
2640 1420 2825 1476 albus.
2909 1422 3034 1478 Non
3071 1432 3152 1479 est
3186 1425 3353 1480 homo
3381 1425 3566 1482 albus.

2313 1508 2442 1565 Non
2475 1518 2558 1565 est
2586 1525 2700 1565 non
2736 1511 2905 1566 homo
2934 1512 3118 1568 albus.

2209 1616 2307 1671 His
2329 1616 2502 1689 igitur
2522 1618 2596 1672 ita
2618 1619 2879 1675 discretis
2902 1621 3026 1689 ejus
3052 1621 3454 1691 propositionis
3477 1639 3598 1692 qua:
3623 1624 3779 1694 dicit,

2135 1712 2227 1760 est
2259 1706 2425 1762 homo
2455 1707 2637 1776 albus,
2672 1725 2786 1763 non
2821 1717 3003 1778 potest
3034 1726 3156 1764 esse
3187 1710 3280 1763 illa
3307 1714 3528 1781 negatio
3549 1730 3670 1781 quae
3694 1714 3784 1768 di-

355 1778 997 1872 3i°_dicalv_l_1°_mf3_"°“
1031 1777 1420 1872 °m_"l9_alb“5
1449 1785 1552 1872 ef"
1585 1776 1778 1830 eadem
1809 1775 2022 1872 δίνηίξί·
2049 1796 2096 1858 Β
2128 1798 2222 1862 cit,
2260 1813 2370 1851 non
2403 1808 2482 1852 est
2516 1814 2627 1853 non
2666 1775 2836 1853 homo
2867 1798 3050 1854 albus.
3086 1798 3248 1854 Illius
3281 1775 3531 1856 esteuiin
3561 1775 3786 1872 negatio

353 1869 508 1924 catio
534 1875 636 1922 est.
661 1865 760 1922 Vel
784 1867 829 1921 si
863 1867 968 1921 hoc
1003 1866 1196 1931 modo,
1234 1865 1400 1919 homo
1432 1865 1598 1919 albus
1657 1880 1773 1919 non
1823 1867 2014 1920 omnis

352 1963 463 2026 est,
488 1973 593 2012 nec
615 1957 734 2011 haec
754 1974 785 2010 a
807 1956 1098 2025 superiore
1133 1953 1548 2020 signiﬁcatione
1605 1954 1868 2018 discedit,
1922 1954 2009 2008 vel

352 2045 403 2102 si
438 2048 569 2116 quis
594 2045 842 2114 amplius
866 2059 1089 2113 quoque
1113 2050 1389 2111 permutet
1413 2043 1632 2110 dicens,
1657 2042 1826 2096 homo
1846 2041 2010 2096 albus

351 2144 441 2190 est
472 2152 588 2188 non
622 2134 834 2199 omnis,
877 2151 908 2187 a
940 2132 1110 2202 priori
1146 2132 1564 2195 signiﬁcatione
1595 2131 1674 2186 nil
1698 2131 2006 2198 discrepat.

349 2226 567 2281 Eodem
596 2226 761 2277 modo
787 2223 867 2277 vel
893 2222 938 2277 si
973 2220 1398 2290 quomodolibet
1445 2220 1606 2274 aliter
1637 2224 2006 2288 permutetur,

351 2329 484 2367 cum
516 2311 741 2380 propria
764 2320 949 2364 tamen
977 2310 1416 2364 universalitatis
1437 2308 2007 2363 determinationedi-

350 2419 518 2456 verso
549 2403 716 2455 modo
751 2404 1085 2468 permutata,
1119 2399 1269 2453 idem
1306 2414 1528 2468 semper
1559 2413 1794 2452 necesse
1831 2401 1917 2451 est
1947 2397 2006 2452 in

349 2490 774 2555 signiﬁcatione.
801 2500 1069 2544 servetur.
1107 2489 1314 2543 Eodem
1355 2489 1517 2542 modo
1550 2487 1594 2542 si
1653 2489 1846 2542 eadem
1890 2503 2004 2542 non

347 2581 633 2653 particula
662 2595 790 2634 cum
824 2579 938 2633 alio
971 2579 1203 2632 nomine
1237 2577 1318 2632 vel
1350 2577 1518 2631 verbo
1547 2578 1746 2644 juncta
1797 2579 2006 2646 saepius

349 2669 748 2732 transferatur,
784 2680 836 2723 ut
870 2683 1002 2723 cum
1035 2668 1300 2734 dicimus,
1335 2667 1504 2722 homo
1529 2667 1714 2734 justus
1759 2682 1869 2720 non
1895 2669 2003 2732 est,

347 2777 552 2817 rursus
585 2761 756 2815 homo
788 2775 902 2814 non
939 2768 1019 2814 est
1045 2761 1255 2828 justus,
1286 2774 1483 2812 rursus
1516 2773 1630 2811 non
1693 2765 1774 2812 est
1835 2756 2003 2812 homo

339 2851 562 2920 justus,
588 2849 785 2902 eadem
811 2846 1151 2913 significatio
1177 2849 1469 2900 retinetur.
1496 2844 1771 2910 Quocirca
1807 2846 1852 2899 si
1887 2845 2004 2900 sola

345 2938 627 3008 particula
654 2939 909 3007 negativa
936 2942 1246 3008 permutata
1271 2935 1362 3001 sit,
1389 2941 1440 2990 et
1478 2950 1594 2988 non
1625 2935 1821 2988 eodem
1855 2949 2002 2988 sem-

346 3043 455 3100 per
473 3028 673 3082 ordine
699 3027 1048 3095 praedicetur,
1077 3024 1282 3078 multas
1303 3024 1655 3078 diii'erentias
1679 3022 1840 3077 faciet
1868 3039 2002 3092 pro-

343 3116 719 3189 positionum.
745 3115 844 3169 Sin
869 3132 994 3169 vero
1013 3116 1206 3182 juncta
1231 3131 1359 3167 cum
1381 3113 1494 3167 alio
1534 3113 1767 3168 nomine
1793 3113 2000 3183 saepius

342 3207 430 3277 (ut
455 3207 670 3259 dictum
697 3207 800 3274 est)
824 3203 1420 3267 t.rausferatur,eadem
1450 3203 1507 3255 in
1531 3201 2003 3256 translationibus

342 3295 620 3350 omnibus
643 3294 986 3364 significatio
1013 3292 1388 3361 permanebit.
1416 3292 1512 3345 His
1533 3293 1700 3362 igitur
1723 3292 1795 3344 ita
1814 3293 2002 3360 dispo-

341 3385 476 3439 sitis
511 3387 812 3436 Videuttum
847 3392 924 3435 est
961 3398 1084 3450 quae
1117 3382 1181 3434 sit
1221 3382 1538 3435 Aristotelis
1569 3381 2001 3447 demonstratio,

341 3474 525 3529 verba
555 3481 604 3526 et
641 3472 871 3526 nomina
906 3472 1252 3539 transposita
1293 3472 1549 3524 eamdem
1605 3486 1828 3540 semper
1885 3470 2000 3524 vim

339 3562 947 3630 Significationemquc
974 3561 1272 3628 subjicere.
1307 3561 1390 3613 Ait
1428 3560 1604 3623 enim,
1663 3568 2000 3627 trausposda

335 3668 480 3706 vero
515 3651 681 3705 verba
713 3657 770 3704 et
801 3651 1032 3705 nomina
1068 3651 1213 3704 idem
1248 3649 1596 3717 significant,
1635 3654 1693 3701 ut
1726 3656 1806 3703 est
1837 3649 2000 3702 albus

337 3743 545 3807 homo,
578 3753 661 3796 est
694 3741 866 3796 homo
896 3741 1079 3795 albus.
1119 3742 1244 3794 Haec
1274 3741 1425 3794 enim
1462 3741 2002 3808 transpositanomi-

338 3834 518 3888 uilius
539 3841 705 3901 atque
731 3831 916 3886 verbis
965 3833 1159 3885 eadem
1212 3830 1456 3884 retinent
1497 3830 1994 3893 signiﬁcationem.

336 3924 408 3978 In
433 3922 529 3975 illa
547 3919 697 3975 enim
726 3921 877 3988 prius
899 3919 1063 3973 albus
1088 3927 1190 3979 est,
1246 3917 1524 3986 posterius
1557 3919 1763 3986 homo;
1797 3918 1854 3973 in
1893 3919 1998 3974 bac

333 4019 530 4067 autem
566 4011 718 4079 prior
753 4010 947 4077 homo,
984 4008 1260 4077 posterior
1290 4008 1491 4062 albus:
1528 4011 1672 4076 quod
1701 4009 1746 4060 si
1773 4007 1879 4062 hoc
1900 4007 1999 4061 fal-

331 4117 463 4156 sum
491 4107 595 4163 est,
620 4103 676 4153 et
700 4115 812 4153 non
831 4098 942 4152 sint
976 4098 1208 4160 eadem,
1245 4099 1337 4150 sed
1373 4112 1407 4149 a
1439 4112 1497 4150 se
1555 4095 1787 4150 diversas
1839 4102 1994 4162 sunt,

331 4188 699 4255 impossibile
717 4186 930 4257 aliquid
951 4185 1420 4252 inconveniensqt
1448 4185 1764 4253 econtingit
1781 4228 1793 4249 ,
1825 4188 1998 4239 erunt

333 4280 498 4334 enim
532 4279 659 4331 duae
693 4277 1023 4347 negationes
1057 4275 1229 4328 unius
1262 4274 1685 4337 afﬁrmationis,
1716 4274 1868 4342 quod
1913 4282 1996 4328 est

349 4365 1044 4436 impt.ssil)ile.0stensum
1078 4367 1228 4417 enim
1264 4371 1344 4416 est
1377 4363 1646 4429 quoniam
1683 4377 1792 4416 una
1827 4362 1998 4416 unius

337 4461 428 4511 est
459 4455 865 4508 afﬁrmationis
897 4452 1140 4521 negatio.
1177 4452 1341 4505 Nunc
1375 4451 1547 4518 igitur
1596 4451 1892 4505 videamus
1949 4451 1993 4505 si

334 4545 459 4600 haec
488 4542 906 4598 afﬁrmatioues
938 4557 1062 4610 quae
1101 4541 1297 4595 dicunt
1327 4548 1408 4594 est
1431 4538 1592 4592 albus
1618 4539 1804 4605 homo,
1833 4546 1887 4596 et
1914 4549 1994 4596 est
2028 4522 2074 4586 Ι)

335 4634 509 4688 homo
539 4632 724 4697 albus,
761 4647 874 4684 non
909 4637 1038 4683 sunt
1095 4645 1327 4695 emuem,
1381 4630 1475 4682 sed
1531 4629 1790 4692 diversae,
1847 4645 1983 4698 que-

333 4721 715 4778 madmodum
752 4721 920 4774 unius
952 4718 1350 4772 afﬁrmationis
1380 4720 1503 4771 duas
1553 4725 1684 4772 sunt
1739 4720 1988 4782 negatio-

334 4828 460 4874 nes,
497 4820 546 4864 et
585 4815 769 4878 primo
801 4809 1029 4878 quidem
1065 4808 1442 4874 disponantur
1501 4806 1607 4862 hoc
1665 4809 1855 4868 modo.
1905 4815 1988 4862 cst

329 4898 499 4955 albus
537 4898 726 4964 homo,
759 4907 840 4951 est
876 4897 1044 4950 homo
1071 4895 1272 4959 albus;
1311 4895 1475 4963 hujus
1496 4912 1626 4962 ergo
1651 4897 1985 4964 propositio-

330 4989 424 5045 nis
451 5005 576 5057 quaa
609 4988 766 5051 dicit,
798 4994 878 5040 est
911 4986 1075 5040 albus
1109 4985 1300 5044 homo.
1335 4985 1444 5038 erit
1476 4986 1718 5051 negatio,
1752 4985 1986 5041 eascili-

327 5089 418 5136 cet
450 5096 578 5150 quae
615 5079 903 5146 preponit,
940 5093 1052 5131 non
1086 5085 1169 5129 est
1201 5074 1366 5128 albus
1401 5077 1718 5140 bomo,a|ia
1743 5093 1984 5146 namque

329 5185 458 5240 qu:e
489 5182 616 5222 esse
651 5171 822 5233 possit
858 5165 1273 5220 rationabiliter
1307 5181 1418 5218 non
1486 5173 1664 5235 potest
1717 5167 1978 5222 inveniri.

329 5260 726 5328 Dis-ponantur
757 5256 926 5326 igitur
955 5271 1151 5308 rursus
1181 5254 1396 5307 eaedem
1431 5263 1484 5309 et
1516 5256 1776 5325 superior
1827 5257 1980 5311 afﬁr-

328 5348 504 5403 matio
537 5361 673 5402 cum
704 5344 929 5416 prapria
963 5344 1283 5414 negatione.

834 5460 932 5514 Est
964 5459 1124 5513 albos
1159 5459 1346 5514 homo.

834 5549 956 5604 Non
982 5563 1055 5602 est
1082 5549 1246 5601 albus
1267 5548 1454 5605 homo.

831 5639 1131 5710 Est‘homo
1162 5638 1344 5694 albus.

2125 1901 2254 1956 quin
2287 1886 2450 1940 habet
2482 1887 2801 1955 subjectum
2836 1888 3129 1943 inﬁnitum
3163 1906 3285 1960 quas
3328 1891 3488 1955 dicit,
3549 1901 3626 1946 est
3667 1909 3784 1948 non

2127 1975 2298 2031 homo
2328 1975 2512 2031 albus.
2545 1977 2824 2032 Similiter
2852 1982 3040 2032 autem
3074 1987 3125 2034 et
3159 1980 3206 2033 si
3236 1981 3547 2048 quamlibet
3594 1981 3763 2036 aliam

2123 2064 2250 2134 quis
2281 2066 2533 2133 posuerit
2569 2068 2925 2136 negationem
2959 2069 3086 2136 ejus
3115 2068 3238 2123 sine
3271 2069 3441 2124 dubio
3469 2070 3581 2124 alia
3613 2087 3766 2140 repe-

2121 2155 2267 2208 ritur
2296 2153 2625 2209 alﬁrmatio.
2660 2156 2823 2210 Unde
2857 2155 2921 2209 ﬁt
2952 2164 3008 2210 ut
3039 2157 3393 2227 relinquatur
3422 2175 3484 2212 ea
3502 2161 3624 2227 ejus
3642 2176 3768 2214 esse

2123 2245 2346 2313 negatio
2369 2261 2490 2314 quae
2517 2244 2804 2316 pr0ponit,
2831 2261 2944 2300 non
2970 2255 3052 2300 est
3076 2247 3243 2302 homo
3273 2248 3470 2313 albus;
3524 2259 3603 2303 est
3636 2265 3766 2318 ergo

2122 2334 2346 2402 negatio
2368 2337 2490 2403 ejus
2515 2351 2639 2405 quze
2662 2335 2799 2390 dicit
2823 2349 2900 2388 εει
2930 2335 3100 2390 homo
3143 2336 3396 2400 alhus,ea
3445 2355 3567 2406 quis
3607 2339 3766 2404 dicit,

2119 2437 2233 2477 non
2259 2430 2344 2478 est
2364 2425 2536 2479 homo
2560 2423 2764 2487 albus;
2793 2427 2887 2478 sed
2922 2426 3044 2492 ejus
3065 2426 3468 2481 afﬁrmatiouis
3490 2444 3608 2496 qua:
3636 2445 3763 2497 pro-

2119 2516 2298 2582 ponit,
2329 2518 2415 2567 est
2444 2512 2610 2567 albus
2642 2514 2831 2578 homo,
2868 2515 3088 2583 negatio
3120 2522 3205 2569 est
3235 2528 3280 2570 et
3317 2516 3419 2570 ista
3444 2535 3566 2586 quze
3603 2519 3762 2582 dicit,

2118 2618 2230 2656 non
2261 2610 2342 2656 est
2370 2602 2542 2658 homo
2571 2604 2752 2658 albus.
2787 2605 2942 2670 Quod
2978 2605 3181 2675 probat
3209 2622 3272 2658 ea
3306 2623 3394 2658 res
3426 2608 3571 2673 quod
3617 2611 3764 2663 inter

2116 2708 2174 2746 se
2191 2709 2385 2748 verum
2412 2694 2733 2764 falsumque
2755 2695 3036 2760 dividunt,
3063 2711 3190 2748 nam
3221 2697 3266 2749 si
3297 2712 3487 2750 verum
3514 2706 3596 2750 est
3639 2715 3759 2752 esse

2113 2779 2306 2836 album
2343 2782 2658 2849 hominem,
2690 2783 2890 2837 falsum
2923 2794 3002 2837 est
3031 2800 3142 2838 non
3179 2801 3300 2838 esse
3335 2787 3620 2840 hominem
3673 2788 3755 2839 al-

2116 2869 2273 2925 bum.
2293 2873 2446 2936 Quod
2468 2873 2514 2925 si
2539 2873 2595 2927 in
2620 2873 2907 2942 aliquibus
2925 2889 3116 2927 verum
3162 2874 3471 2940 invenitur,
3528 2877 3632 2928 hoc
3664 2892 3753 2930 se-

2111 2963 2363 3015 cundum
2397 2961 2789 3016 deﬁnitionem
2824 2962 3226 3032 propositionis
3256 2966 3607 3033 agnoscitur,
3639 2981 3755 3019 non

2112 3050 2426 3104 secundum
2459 3051 2777 3120 negationis
2811 3051 3074 3114 formam,
3108 3056 3169 3104 ut
3200 3053 3377 3116 magis
3437 3069 3529 3106 sec
3559 3055 3752 3107 .ndum

2034 3160 2076 3227 α
2116 3141 2486 3208 quantitatem
2523 3156 2637 3193 non
2664 3139 2781 3192 sint
2802 3139 2911 3192 sibi
2934 3141 3202 3208 eppositzc
3225 3142 3408 3209 petius
3459 3159 3627 3212 quain
3664 3158 3756 3198 se-

2113 3229 2366 3283 cundum
2397 3229 2748 3299 qualitatem,
2783 3232 2928 3298 quod
2968 3228 3062 3282 illa
3099 3247 3184 3283 res
3219 3241 3488 3283 monstrat
3551 3234 3597 3285 si
3631 3233 3757 3302 quis

2112 3319 2194 3373 sic
2215 3318 2400 3372 dicat:
2427 3327 2502 3372 est
2535 3318 2695 3372 albus
2715 3317 2907 3372 omnis
2931 3319 3134 3384 homo;
3167 3320 3216 3373 si
3239 3334 3432 3373 centra
3463 3322 3606 3374 hunc
3667 3339 3761 3391 po-

2112 3419 2296 3474 natur,
2319 3408 2751 3463 nonestomnis
2784 3409 2951 3462 homo
3007 3409 3191 3470 albus,
3259 3414 3618 3478 perspicuum
3674 3421 3758 3466 est

2111 3499 2375 3570 quoniam
2403 3498 2546 3551 inter
2569 3514 2626 3549 sc
2645 3502 2699 3551 et
2721 3497 3010 3550 veritatem
3033 3497 3298 3551 dividunt
3339 3506 3390 3552 et
3426 3501 3753 3568 ‘alsttatetn,

2110 3605 2281 3644 unam
2309 3589 2462 3641 enim
2499 3603 2680 3640 veram
2715 3602 2840 3640 esse
2874 3602 3103 3640 necesse
3134 3595 3237 3647 est,
3274 3604 3440 3640 unim
3508 3589 3700 3644 falsam
3739 3610 3752 3660 ;

2109 3694 2286 3749 quare
2317 3677 2485 3732 etiam
2521 3678 2565 3730 si
2594 3676 3094 3730 determinationes
3152 3679 3504 3737 auferantur.
3555 3684 3750 3734 eadem

2107 3767 2388 3837 oppositio
2417 3766 2580 3832 redit,
2611 3764 2735 3818 licet
2759 3767 2833 3819 sit
2877 3765 3194 3819 indeﬁnite.
3246 3770 3384 3820 Nam
3421 3770 3560 3822 sicut
3600 3771 3656 3823 in
3690 3787 3752 3825 ea

2107 3873 2227 3926 qua:
2261 3856 2420 3922 dicit,
2451 3854 2637 3908 omnis
2672 3855 2840 3909 homo
2866 3855 3052 3924 justus
3081 3866 3182 3917 est,
3219 3873 3329 3910 non
3365 3859 3549 3911 omnis
3585 3859 3753 3915 homo

2101 3945 2288 4014 justus
2307 3953 2408 4009 est,
2434 3943 2670 3997 sublatis
2692 3945 2880 3996 omnis
2901 3952 2948 3998 et
2978 3961 3088 3998 non
3114 3948 3299 3998 omnis
3355 3947 3520 4000 homo
3568 3949 3754 4016 justus

2106 4041 2212 4096 est,
2239 4043 2294 4087 et
2328 4033 2706 4101 homojustus
2739 4048 2851 4086 non
2913 4042 3015 4097 est,
3067 4035 3368 4090 alﬁrmatio
3423 4046 3472 4090 et
3526 4039 3753 4107 negatio

2105 4127 2379 4193 oppositae
2415 4132 2540 4176 sunt
2578 4121 2650 4174 ita
2683 4137 2908 4190 quoque
2943 4124 2996 4175 in
3035 4123 3120 4175 his
3178 4122 3398 4178 sublato
3456 4129 3643 4180 munis
3700 4138 3753 4181 et.

2105 4228 2220 4267 non
2244 4210 2435 4267 omnis
2457 4228 2521 4264 ea
2540 4228 2662 4282 quae
2685 4211 2924 4275 dicit,est
2950 4209 3117 4264 altius
3143 4213 3386 4276 homo,ei
3437 4231 3560 4281 quae
3593 4215 3752 4284 dicit,

2108 4317 2223 4355 non
2255 4311 2336 4356 est
2371 4301 2542 4354 homo
2576 4301 2762 4366 albus,
2797 4301 3058 4370 Opposita
3088 4308 3188 4354 est.
3223 4302 3442 4355 Additis
3473 4303 3623 4356 enim
3660 4306 3752 4358 dc-

2107 4390 2603 4444 terminatiouibus
2637 4405 2745 4442 una
2779 4405 3003 4455 semper
3034 4405 3157 4442 vera
3190 4398 3291 4448 est.
3327 4392 3499 4445 altera
3565 4392 3699 4447 falsa
3733 4410 3746 4461 ;

2106 4481 2199 4533 sed
2234 4479 2482 4533 diximus
2514 4479 2778 4545 quoniam
2813 4477 3208 4533 afﬁrmationis
3239 4483 3360 4547 ejus
3419 4499 3540 4548 quia
3590 4484 3746 4548 dicit,

2106 4577 2184 4622 est
2218 4568 2382 4622 albus
2416 4568 2609 4632 homo,
2647 4568 2871 4628 negatio
2903 4578 3005 4628 est,
3042 4585 3151 4621 non
3187 4577 3268 4621 est
3330 4572 3496 4624 albus
3558 4573 3744 4629 homo.

2097 4657 2233 4712 Duae
2263 4657 2434 4726 igitur
2467 4657 2802 4728 negationes
2835 4673 2943 4710 non
2963 4665 3040 4709 est
3066 4656 3230 4710 albus
3249 4659 3498 4724 homo,et
3527 4677 3636 4714 non
3663 4671 3747 4716 est

2097 4749 2264 4802 albus
2295 4747 2465 4800 homo
2497 4762 2666 4800 unius
2697 4745 3096 4800 al'ﬁrmationis
3134 4755 3288 4816 sunt,
3351 4750 3471 4816 ejus
3529 4752 3744 4806 scilicet

2096 4852 2220 4907 qua:
2251 4836 2533 4902 enuntiat,
2568 4844 2649 4890 est
2685 4837 2854 4890 homo
2883 4835 3064 4890 albus.
3103 4838 3247 4906 quod
3284 4841 3466 4892 evenit
3492 4841 3536 4893 si
3568 4857 3741 4912 nega-

2099 4930 2279 4980 tiones
2309 4925 2426 4982 hzec
2455 4942 2579 4994 quae
2608 4926 2943 4991 dicunt,nou
2966 4936 3043 4980 est
3077 4927 3242 4981 homo
3264 4928 3501 4996 albus,et
3535 4947 3644 4984 non
3665 4941 3746 4986 est

2098 5017 2260 5069 altius
2285 5016 2579 5070 homoase
2602 5016 2832 5068 diversas
2855 5023 3008 5082 sunt,
3059 5019 3204 5083 quod
3263 5033 3325 5070 ex
3363 5035 3426 5071 eo
3463 5021 3746 5076 Continuit

2098 5107 2244 5173 quod
2282 5106 2432 5174 prius
2467 5106 2709 5172 positum
2743 5111 2824 5160 est
2884 5120 3003 5159 eam
3061 5121 3185 5175 qua;
3243 5106 3399 5173 dicit,
3451 5117 3538 5162 est
3582 5111 3744 5164 albus

2098 5193 2575 5260 homo,diversam
2595 5210 2716 5247 esse
2734 5194 2879 5248 abea
2896 5210 3018 5263 quae
3043 5194 3200 5261 dicit,
3234 5206 3309 5249 est
3358 5196 3524 5252 homo
3556 5201 3738 5253 albus.

2095 5285 2248 5350 Quod
2285 5283 2330 5338 si
2364 5283 2469 5337 hoc
2501 5284 2848 5351 impossibile
2879 5291 3039 5338 estut
3074 5300 3190 5338 una
3247 5287 3550 5342 afﬁrmatio
3599 5295 3740 5342 duas

2096 5373 2297 5427 habeat
2333 5373 2680 5438 negationes,
2706 5383 2753 5426 et
2779 5376 3144 5440 perspicuum
3180 5383 3258 5427 est
3294 5386 3490 5429 contra
3523 5382 3735 5432 eamai-

2093 5462 2470 5518 ﬁrtnationem
2498 5479 2617 5531 quae
2645 5464 2798 5528 tlicit,
2826 5471 2911 5516 est
2936 5463 3102 5517 homo
3121 5462 3303 5530 alitus,
3333 5474 3596 5534 utraeque
3635 5469 3733 5521 has

2092 5551 3375 5622 negationesquzedieunhnoneslalbusht-mo
3418 5566 3464 5606 et
3505 5572 3611 5607 non
3648 5567 3726 5610 est

2092 5643 2260 5700 homo
2291 5642 2456 5697 albus
2486 5645 2717 5714 Oppoui,
2754 5643 2872 5698 hac
2903 5660 2934 5696 a
2966 5643 3270 5697 sediversaa
3292 5659 3404 5695 non
3455 5654 3586 5696 sunt
3619 5646 3726 5701 sibi
