4106 6172
439 278 546 332 567

1695 273 1814 329 AN.
1858 265 2077 324 MANL.
2118 263 2278 316 SEV.
2322 264 2562 320 BOETII

3720 271 3818 326 568

442 422 553 477 que
585 405 970 471 consentiunt,
1005 408 1058 457 et
1087 407 1305 456 tantum
1363 399 1778 470 permutatione
1837 391 2088 452 nominis
2118 391 2171 454 Α
2200 389 2291 445 sed
2315 406 2383 445 ea:
2406 392 2491 446 his
2513 394 2686 447 etiam
2713 409 2886 447 unum
2910 394 2993 463 ﬁt,
3019 409 3087 449 ea:
3106 391 3240 448 albo
3259 398 3438 448 autem
3460 397 3509 450 et
3549 394 3755 452 homine
3781 383 3823 454 et

446 496 681 551 distant.
715 494 941 550 (laeteris
974 500 1162 546 autem
1197 489 1466 544 omnibus
1497 490 1711 544 eaedem
1737 495 1871 542 sunt
1899 507 1912 555 ;
1949 480 2094 557 quod

448 587 493 643 si
529 587 611 640 hae
648 585 978 656 negationes
1009 582 1220 636 eaedem
1252 586 1403 647 sunt,
1436 580 1646 635 eaedem
1688 595 1910 649 quoque
1967 580 2100 632 sunt

446 674 884 732 altirmatioues.
905 675 1075 726 Recte
1093 669 1260 739 igitur
1280 670 1494 723 dictum
1517 677 1597 723 est
1619 669 1888 739 quoniam
1917 676 2098 722 trans-

447 765 625 836 posita
655 762 889 817 nomina
914 768 968 814 et
994 759 1154 814 verba
1179 761 1433 813 eamdem
1461 759 1571 812 vim
1593 757 2102 829 signiﬁcationem—

445 870 551 924 que
583 855 828 906 servant.
865 851 1078 904 Sensus
1111 865 1242 917 ergo
1275 853 1426 902 totus
1471 849 1546 900 ita
1604 865 1660 901 se
1719 847 1887 901 habet
1921 863 1934 912 ;
1997 845 2101 901 hoc

445 950 633 997 autem
667 944 834 994 moto
865 940 1001 994 ordo
1061 938 1384 994 verborum.
1445 938 1830 1005 Transposita,
1892 935 2098 1004 inquit,

447 1031 682 1088 nomina
704 1037 757 1085 et
783 1029 946 1083 verba
972 1029 1118 1082 idem
1137 1026 1487 1097 signiﬁcant,
1523 1034 1573 1079 et
1593 1034 1672 1080 est
1695 1025 1895 1080 horum
1920 1040 2105 1078 exem-

446 1121 626 1191 plum,
654 1127 713 1174 ut
735 1127 817 1175 est
843 1119 1014 1173 homo
1040 1116 1222 1180 albus,
1250 1124 1326 1170 cst
1351 1114 1514 1169 albus
1536 1115 1724 1169 homo.
1752 1115 1814 1169 In
1840 1115 1927 1169 bis
1948 1116 2102 1169 enim

446 1211 684 1265 nomina
711 1209 1054 1277 transposita
1077 1214 1228 1261 sunt.
1256 1205 1395 1262 Nam
1421 1204 1470 1259 si
1500 1204 1605 1260 hoc
1629 1221 1742 1258 non
1792 1213 1894 1272 est,
1929 1205 1983 1258 id
2019 1211 2104 1258 est

445 1300 492 1354 si
522 1316 635 1353 non
670 1300 820 1354 idem
857 1297 1182 1365 significant
1218 1295 1450 1349 nomina
1483 1299 1540 1348 et
1563 1293 2104 1362 verbalransposita,

449 1388 720 1457 quiddam
751 1385 1102 1456 impossibile
1133 1391 1186 1439 et
1219 1385 1633 1438 inconveniens
1664 1382 1962 1452 contingit.
2013 1382 2106 1437 Ait

451 1478 626 1544 enim,
661 1477 913 1545 ejusdem
947 1474 1142 1528 multas
1179 1478 1346 1528 erunt
1381 1472 1732 1541 negationes,
1767 1472 1819 1526 id
1853 1481 1934 1526 est
1965 1473 2109 1541 ejus-

445 1567 575 1620 dem
613 1564 1014 1620 afﬁrmalionis
1043 1563 1231 1617 multae
1267 1563 1602 1631 negationes
1636 1569 1820 1616 erunt.
1856 1560 1964 1616 Sed
2002 1561 2108 1616 hoc

447 1654 801 1726 impossibile
833 1659 938 1719 est,
973 1662 1265 1707 ostensum
1286 1660 1364 1705 est
1400 1649 1554 1705 enim
1586 1650 1853 1720 quoniam
1883 1649 2108 1718 negatio

2204 483 2494 537 ambulare
2525 499 2634 538 non
2666 484 2724 552 ﬁt
2758 501 2951 537 unum.
2989 486 3169 552 Quare
3193 500 3291 537 nec
3315 487 3361 538 si
3417 501 3587 539 unum
3632 487 3818 557 aliquia

2203 573 2266 629 de
2298 576 2384 628 his
2414 577 2656 644 a/ﬁrmei
2684 575 2910 646 aliquis,
2945 577 3050 628 erit
3079 574 3378 644 afﬁrmatio
3411 591 3541 636 una.
3598 576 3684 630 sed
3731 593 3824 633 vox

2205 663 2428 734 quidem
2463 681 2596 719 una.
2630 665 3043 736 A/[irmationes
3076 680 3196 719 vero
3230 665 3439 731 multae,
3470 681 3569 718 nec
3586 665 3711 720 side
3730 682 3823 722 uno

2205 753 2336 820 ista,
2369 754 2457 808 sed
2488 754 2756 810 similiter
2781 756 2990 825 plures.

2281 843 2486 899 Multos
2517 846 2647 899 talis
2681 845 2787 899 loci
2825 845 2991 913 hujus
3017 843 3198 913 caligo
3229 845 3549 912 confundit,
3582 853 3640 899 ut
3677 845 3827 914 digne

2207 933 2438 1002 exsequi
2461 944 2513 987 et
2538 935 2686 1002 quod
2715 933 2784 987 ab
2813 935 3114 989 Aristotele
3139 935 3429 988 dicebatur
3452 935 3709 1004 eXpedire
3731 952 3827 990 non

2209 1030 2458 1093 possent.
2489 1023 2599 1079 Nos
2620 1032 2805 1078 autem
2830 1038 2999 1094 snpra
3019 1025 3138 1092 jam
3161 1023 3412 1076 diximus
3434 1039 3650 1091 magnas
3683 1023 3832 1077 fuisse

2209 1127 2356 1168 curae
2387 1113 2535 1182 apud
2569 1113 2948 1182 peripatetica:
2980 1123 3145 1166 sectae.
3180 1113 3464 1182 principes
3522 1112 3831 1182 dijudicare,

2211 1219 2331 1272 qua:
2363 1211 2510 1259 esset
2546 1221 2659 1257 una
2690 1203 2990 1257 affirmatio
3025 1200 3106 1256 vel
3161 1202 3405 1270 negatio,
3466 1217 3590 1270 quae
3647 1203 3830 1272 plures.

2213 1294 2405 1363 Neque
2435 1295 2588 1349 enim
2622 1296 2774 1349 vocis
2800 1293 2986 1347 sonitu
3019 1299 3463 1359 Cognoscuntur,
3493 1299 3590 1345 aut
3622 1307 3831 1348 numero

2215 1387 2583 1440 terminorum
2631 1391 2750 1452 ;est
2781 1383 3025 1452 enimut
3058 1398 3170 1435 una
3200 1382 3427 1452 quidem
3472 1397 3560 1435 res
3613 1381 3681 1436 de
3736 1397 3833 1437 una

2216 1475 2571 1543 praedicetur,
2601 1479 2655 1527 et
2679 1488 2793 1526 non
2825 1472 2895 1526 sit
2924 1486 3032 1525 una
3064 1469 3404 1526 enuntiatio.
3453 1475 3638 1526 Potest
3685 1471 3833 1524 etiam

2217 1565 2336 1619 ﬁeri
2372 1568 2431 1618 ut
2460 1564 2545 1618 vel
2574 1561 2766 1632 plures
2797 1565 2865 1616 de
2899 1578 3012 1615 una
3047 1577 3102 1615 re
3141 1561 3544 1630 praedicentur,
3605 1560 3682 1615 vel
3740 1576 3832 1614 una

2217 1655 2288 1709 de
2321 1652 2596 1723 pluribus,
2634 1667 2743 1705 una
2775 1660 2959 1705 tamen
2991 1667 3057 1705 ex
3091 1651 3178 1705 his
3218 1649 3491 1704 omnibus
3545 1648 3835 1704 enuntiatio

448 1761 562 1799 una
588 1749 757 1798 unius
779 1752 858 1798 est
881 1742 1307 1796 atﬁrmationis.
1333 1740 1468 1795 Dus:
1497 1757 1627 1808 ergo
1680 1739 1971 1806 negationi
2005 1727 2105 1794 nni
2139 1752 2183 1816 Β
2219 1745 2333 1809 ﬁat,
2363 1759 2486 1814 qua:
2515 1759 2600 1796 res
2635 1759 2851 1808 magna:
2881 1742 3028 1809 apud
3061 1756 3159 1795 eos
3189 1740 3428 1793 cautela:
3472 1738 3596 1804 fuit,
3650 1747 3705 1792 ut
3757 1737 3837 1791 ubi

448 1834 659 1905 opponi
694 1833 1083 1898 afﬁrmationi,
1119 1832 1166 1886 si
1199 1830 1370 1886 verba
1401 1836 1455 1885 et
1491 1828 1724 1884 nomina
1765 1830 2106 1898 ti‘ansposlta

451 1940 565 1979 non
594 1924 746 1977 idem
778 1922 1127 1990 signiﬁcant,
1160 1921 1241 1976 sic
1264 1923 1632 1975 demonstrat.
1661 1919 1795 1988 Ejus
1813 1919 1962 1973 enim
1985 1935 2106 1988 quae

451 2019 555 2077 est,
593 2018 671 2065 est
704 2010 870 2065 albus
915 2010 1103 2077 homo,
1158 2008 1379 2063 scilicet
1429 2007 1830 2062 afﬁrmationis
1888 2007 2106 2076 negatio

452 2108 558 2167 est,
591 2116 703 2154 non
725 2105 808 2154 est
833 2099 998 2153 albus
1022 2099 1210 2153 homo.
1237 2099 1443 2152 Contra
1465 2097 1794 2151 illamenim
1848 2096 2104 2152 afﬁrma-

454 2190 691 2253 tionem,
725 2189 846 2242 haec
882 2188 1103 2257 negatio
1128 2188 1280 2257 justo
1311 2187 1640 2255 Opponitur,
1673 2186 1794 2254 ejus
1828 2203 1954 2240 vero
1987 2203 2106 2257 quae

451 2286 554 2345 est,
590 2283 676 2333 est
708 2279 875 2332 homo
911 2278 1094 2346 albus,
1130 2276 1183 2329 id
1220 2285 1293 2330 est
1330 2275 1562 2330 alterius
1594 2274 2009 2340 afﬁrmationis,
2061 2276 2106 2329 si

457 2383 574 2423 non
607 2368 805 2422 eadem
832 2374 911 2422 est
948 2366 996 2419 ci
1029 2383 1150 2434 quae
1178 2373 1281 2433 est,
1314 2373 1396 2419 est
1425 2365 1593 2418 albus
1629 2365 1816 2430 homo,
1850 2365 1903 2418 id
1951 2372 2030 2418 est
2059 2365 2107 2418 si

458 2457 678 2513 diversa
709 2465 789 2510 est
820 2474 851 2510 a
883 2457 1049 2526 priori
1083 2455 1471 2527 propositione
1499 2470 1620 2523 quae.
1651 2456 1805 2520 dicit,
1832 2458 1915 2509 est
1943 2453 2108 2508 albus

459 2547 650 2614 homo,
687 2552 739 2600 et
770 2562 885 2600 non
922 2554 1004 2600 est
1035 2545 1084 2598 ei
1117 2545 1314 2599 eadem
1356 2560 1421 2599 ac
1452 2544 1496 2597 si
1530 2544 1759 2612 diceret,
1803 2543 1847 2596 si
1878 2543 1929 2598 ei
1993 2560 2108 2598 non

463 2637 769 2699 consentit,
791 2637 898 2689 erit
928 2636 1149 2703 negatio
1182 2635 1264 2688 vel
1297 2650 1360 2688 ea
1393 2649 1513 2703 quae
1542 2642 1644 2701 est,
1679 2650 1794 2689 non
1819 2643 1901 2687 est
1947 2634 2110 2688 albus

464 2727 654 2791 homo,
690 2724 774 2780 vel
808 2740 1164 2794 quacunque
1189 2724 1319 2789 alia,
1354 2739 1519 2791 quam
1554 2725 1600 2778 si
1632 2723 1757 2792 Quis
1789 2733 1959 2792 ponat
1989 2739 2110 2778 esse

459 2816 819 2883 negationem
859 2830 968 2867 una
1002 2817 1217 2867 ratione
1249 2811 1550 2879 refellitur,
1576 2828 1738 2880 quam
1769 2813 1858 2867 hic
1887 2829 2112 2883 quoque

461 2905 689 2974 posuit;
726 2901 1003 2957 refellitur
1029 2910 1217 2955 autem
1251 2900 1359 2956 hoc
1392 2901 1578 2965 modo,
1610 2903 1690 2954 ait
1737 2902 1888 2955 enim
1927 2919 1939 2956 :
2003 2903 2109 2957 Sed

457 2993 632 3049 altera
661 2993 888 3060 quidem
924 2999 1000 3046 est
1039 2997 1261 3049 nesatto
1293 2990 1414 3059 ejus
1444 3007 1570 3060 quae
1601 2999 1700 3050 cst,
1739 3000 1819 3045 est
1851 3007 1963 3045 non
2002 2991 2110 3045 bo-

2217 1835 2510 1890 incidisset
2543 1839 2832 1902 perspecta
2859 1830 3049 1897 regula
3081 1845 3195 1883 non
3233 1830 3448 1883 lateret.
3477 1827 3617 1882 Nam
3657 1827 3700 1881 si
3728 1827 3836 1896 quis

2214 1923 2388 1991 dicat,
2413 1923 2573 1978 cauis
2593 1920 2806 1974 animal
2829 1927 2935 1984 est,
2963 1935 3075 1972 non
3102 1935 3215 1972 una
3236 1928 3318 1972 est
3343 1915 3835 1980 enuntiatio,cauis

2213 2016 2367 2068 enim
2399 2011 2574 2066 multa
2599 2008 2901 2079 signiﬁcat.
2926 2007 2981 2062 Si
3004 2007 3133 2078 quis
3158 2024 3282 2062 vero
3307 2007 3484 2071 dicat,
3536 2007 3697 2060 homo
3724 2005 3833 2059 ani-

2215 2101 2324 2156 mal
2349 2099 2623 2156 rationale
2655 2098 2888 2152 mortale
2917 2100 3022 2160 est,
3056 2096 3140 2150 vel
3166 2096 3381 2150 animal
3409 2094 3678 2150 rationale
3706 2109 3839 2148 mor-

2212 2193 2321 2248 tale
2354 2193 2543 2254 bomo,
2566 2188 2805 2259 singulae
2827 2187 3248 2242 enuntiationes
3270 2195 3439 2254 sunt;
3480 2187 3686 2241 idcirco
3715 2201 3836 2255 quo-

2214 2283 2367 2338 niam
2400 2297 2578 2337 unum
2611 2297 2676 2336 ex
2707 2279 2980 2335 omnibus
3010 2278 3282 2348 quiddam
3315 2275 3438 2332 ﬁeri
3483 2283 3679 2346 potest,
3727 2289 3838 2329 nam

2212 2373 2282 2428 de
2314 2371 2571 2438 animali,
2606 2367 2868 2425 rationali
2897 2377 3061 2439 atque
3113 2367 3337 2422 mortali
3407 2365 3577 2420 simul
3629 2364 3838 2434 junctis,

2214 2478 2362 2518 unus
2386 2462 2553 2516 homo
2580 2459 2892 2530 perﬁcitur.
2923 2460 3058 2513 Item
3085 2456 3193 2511 alia
3214 2462 3348 2510 sunt
3371 2471 3495 2526 quas
3525 2453 3677 2525 plura
3721 2468 3836 2523 prai-

2212 2553 2494 2615 dicantur,
2518 2553 2585 2605 de
2610 2550 2820 2619 quibus
2848 2564 3025 2603 unum
3049 2546 3263 2617 aliquid
3289 2545 3447 2601 efﬁci
3491 2542 3838 2612 constituique

2214 2658 2328 2698 non
2357 2642 2554 2712 possit,
2583 2655 2764 2708 neque
2780 2640 2825 2692 si
2853 2637 2951 2692 illa
2972 2638 3040 2698 de
3065 2637 3239 2690 altero
3268 2636 3666 2703 pradicentur,
3685 2645 3844 2701 neque

2215 2732 2265 2788 si
2289 2730 2495 2786 deillis
2517 2730 2691 2794 aliud,
2719 2743 2830 2783 una
2856 2726 3162 2781 afﬁrmatio
3195 2725 3277 2780 vel
3317 2724 3548 2792 negatio
3604 2729 3704 2788 est,
3755 2719 3835 2775 sed

2219 2818 2298 2876 ιυῑ
2329 2820 2584 2876 dicendae
2618 2824 2753 2872 sunt
2780 2817 3190 2874 afﬁrmationes
3245 2829 3374 2870 esse
3435 2821 3566 2886 quot
3613 2812 3718 2867 sint
3764 2811 3836 2864 hae

2219 2928 2308 2966 res
2329 2927 2451 2981 quaa
2477 2910 2563 2964 vel
2588 2909 2656 2963 de
2683 2923 2796 2962 una
2851 2905 3260 2976 praedicantur,
3311 2904 3397 2959 vel
3430 2905 3499 2958 de
3529 2900 3718 2971 quibus
3747 2915 3840 2954 una

2219 3001 2522 3063 dicitur,ut
2542 3014 2670 3055 cum
2695 2997 2941 3051 dicimus
2965 3013 2978 3050 :
3004 2995 3265 3050 Socrates
3291 2988 3842 3062 calvuSpbilosophus

456 3098 547 3136 ηπ)
569 3081 755 3145 διδυδς
777 3082 951 3136 altera
973 3096 1104 3136 Vero
1123 3081 1246 3150 eius
1291 3096 1419 3150 qua?
1445 3086 1548 3146 05b
1602 3089 1684 3134 (δεῖ
1723 3079 1885 3135 albus
1919 3081 2108 3136 homo-
2143 3108 2186 3174 ρ
2227 3092 2616 3148 ambulats'Ex
2650 3089 2876 3145 calvitio
2901 3095 2952 3141 el
2985 3083 3348 3155 philosophia
3378 3090 3433 3138 et
3465 3082 3838 3139 ambulatione,

456 3174 610 3227 Inter
641 3175 782 3224 duas
804 3172 960 3225 enim
991 3171 1317 3239 negationes
1341 3187 1488 3238 quas
1514 3171 1887 3240 posuit,illam
1908 3170 2110 3236 scilict,

459 3257 765 3329 quaatlicit,
793 3274 905 3312 non
931 3265 1147 3311 estnon
1177 3258 1343 3312 homo
1367 3258 1551 3323 albus,
1578 3267 1631 3311 et
1680 3275 1799 3312 eam
1831 3275 1951 3326 quae
1986 3276 2112 3327 pro-

461 3347 764 3417 ponit,non
789 3350 875 3400 est
900 3345 1070 3400 homo
1095 3345 1386 3409 albus,illa
1411 3362 1534 3416 quae
1556 3346 1712 3410 dicit,
1739 3364 1850 3401 non
1881 3353 1967 3402 est
1998 3364 2115 3402 non

463 3436 632 3490 homo
663 3434 851 3500 albus,
887 3435 1110 3502 negatio
1141 3443 1222 3488 est
1252 3434 1654 3489 affirznationis
1690 3436 1978 3489 inﬁnitum
2019 3437 2118 3490 lia—

461 3526 649 3582 bentis
672 3524 1013 3594 subjectum,
1039 3541 1163 3594 quae
1188 3524 1437 3589 dicit,est
1459 3541 1572 3580 non
1599 3526 1769 3580 homo
1792 3526 1955 3579 albus
1981 3526 2119 3584 :alia

461 3633 610 3686 vero,
647 3618 862 3671 scilicet
894 3630 1016 3683 quas
1081 3618 1366 3684 preponit,
1425 3632 1538 3669 non
1599 3621 1684 3669 est
1735 3616 1901 3670 homo
1931 3616 2116 3682 albus,

462 3707 587 3774 ejus
619 3714 700 3760 est
735 3704 956 3772 negatio
992 3718 1115 3772 qua:
1147 3705 1309 3769 dicit,
1344 3712 1425 3757 est
1458 3704 1623 3758 albus
1655 3705 1846 3769 homo,
1892 3722 2021 3759 cum
2056 3723 2121 3760 ea

462 3795 619 3849 enim
654 3808 846 3846 verum
881 3791 1085 3846 divinit
1115 3800 1284 3861 atque
1317 3793 1541 3846 falsum.
1577 3795 1757 3857 Quare
1787 3802 1952 3846 erunt
1997 3795 2118 3848 duae

465 3883 800 3952 negationes
832 3883 1006 3935 unius
1036 3881 1456 3946 aitirmationis,
1490 3883 1585 3936 sed
1624 3883 1727 3936 hoc
1767 3883 2122 3951 impossibile

461 3979 570 4027 est.

530 4061 803 4126 Quoniam
836 4061 1013 4128 igitur
1043 4059 1379 4130 tr-"I?:°])osito
1413 4060 1639 4114 nomine
1696 4070 1746 4114 et
1806 4064 1983 4128 verba,
2033 4078 2123 4117 ea-

454 4153 577 4208 dem
605 4156 681 4208 sit
710 4152 1020 4221 a/ﬁrmziio
1052 4161 1102 4205 et
1136 4156 1364 4219 nega/io
1398 4153 1658 4221 niani/es!
1686 4171 1758 4204 mi
1787 4160 1885 4207 est.

533 4242 898 4308 Superiorem
932 4255 1484 4308 argumeniamrnem
1521 4243 1809 4310 bach-.jus
1829 4244 2124 4298 SBHlOllliIB

464 4331 838 4387 conclusione
859 4332 1130 4386 confirma
1146 4339 1158 4385 t
1177 4351 1192 4397 ς
1215 4332 1543 4386 fecitamc..t
1565 4333 1715 4386 hunc
1729 4332 2125 4402 syllogismum

466 4423 524 4477 in
559 4425 809 4473 secundo
845 4422 1012 4474 modo
1047 4420 1434 4488 hypothetico,
1470 4437 1639 4490 quem
1701 4422 2122 4477 indcmonstra-

467 4510 636 4564 bilem
675 4517 830 4562 vocat
865 4509 971 4563 hoc
1003 4512 1211 4562 modo:
1246 4509 1293 4564 si
1335 4510 1578 4577 primum
1639 4520 1743 4578 est,
1803 4515 2113 4568 secundum

468 4608 546 4654 est
579 4617 591 4664 ;
627 4599 720 4652 scd
756 4597 1074 4652 secundum
1111 4613 1222 4650 non
1251 4605 1354 4664 cst,
1390 4600 1636 4666 primum
1669 4601 1974 4670 igiturnon
1998 4610 2115 4671 est;

471 4689 528 4742 id
566 4698 668 4750 est,
703 4689 745 4741 si
782 4687 1143 4754 transpositis
1175 4687 1358 4741 verbis
1390 4697 1442 4741 et
1477 4691 1806 4746 nominibus
1842 4707 1954 4746 non
1991 4704 2122 4749 sunt

470 4779 675 4832 eaedem
714 4775 1125 4844 propositiones
1155 4776 1323 4829 unius
1354 4777 1770 4845 atﬁrmationis,
1805 4781 1929 4834 duae
1988 4781 2124 4836 sunt

467 4869 838 4937 negationes;
875 4866 970 4920 sed
1006 4865 1114 4919 hoc
1145 4866 1504 4934 impossibile
1530 4876 1631 4921 est.
1670 4869 1791 4924 Non
1823 4871 1996 4938 igitur
2039 4874 2122 4925 di-

465 4973 638 5011 versa:
670 4965 802 5011 sunt
834 4954 1280 5025 propositiones,
1318 4956 1676 5026 transpositis
1709 4957 1895 5012 verbis
1926 4965 1982 5014 et
2011 4977 2122 5016 no-

468 5045 746 5101 minibus.

634 5204 698 5241 DE
731 5203 1079 5242 CONJUNCTIS
1118 5204 1180 5240 ET
1214 5203 1415 5242 DlVISlS
1450 5204 1951 5245 ENUNTIATIONIBUS.

534 5331 599 5384 Al.
632 5346 755 5384 vero
788 5346 960 5383 unum
988 5329 1054 5383 de
1084 5328 1368 5398 pluribus,
1401 5332 1483 5384 vel
1515 5333 1680 5400 plura
1711 5332 1775 5386 de
1810 5349 1914 5388 uno
1967 5336 2123 5404 ofﬁr-

460 5434 614 5473 m-me
637 5419 716 5472 uel
741 5435 963 5484 negare,
987 5420 1036 5470 si
1057 5434 1167 5472 non
1191 5427 1274 5472 est
1295 5437 1468 5472 unum
1497 5436 1564 5474 ex
1587 5422 1858 5490 pluribus,
1897 5440 2002 5476 non
2053 5434 2129 5477 est

464 5508 777 5577 afﬁrmatio
801 5525 913 5561 una
937 5523 1112 5578 neque
1132 5511 1371 5570 negotio.
1402 5508 1532 5562 Dico
1551 5515 1732 5564 autem
1753 5527 2057 5572 unummon
2079 5515 2129 5568 si

475 5615 649 5651 unum
673 5613 869 5652 nomen
895 5600 1132 5667 positum
1157 5601 1366 5656 sitmon
1390 5599 1462 5652 sit
1484 5605 1670 5654 autem
1699 5617 1868 5655 unum
1893 5617 1961 5656 ex
1984 5604 2125 5665 illis,

469 5697 529 5742 ut
550 5687 706 5744 homo
723 5693 802 5744 est
819 5690 1058 5758 fortasse
1073 5695 1126 5744 et
1147 5687 1372 5743 animal
1388 5693 1440 5744 et
1464 5699 1808 5746 mansuetum
1854 5697 1905 5746 el-
1955 5693 2121 5761 bipes,

2145 4473 2194 4539 D

2227 3183 2370 3239 nihil
2412 3198 2585 3237 unum
2621 3179 3006 3249 conjungitur,
3032 3186 3086 3230 ut
3114 3177 3234 3230 haec
3278 3173 3446 3244 quasi
3487 3172 3715 3240 alicujus
3739 3182 3841 3238 spe-

2225 3275 2367 3330 ciem
2405 3273 2667 3327 forment.
2703 3269 2977 3331 Quocirca
3000 3267 3118 3321 sive
3144 3266 3261 3320 haec
3284 3265 3355 3320 de
3405 3280 3517 3319 uno
3564 3260 3838 3330 praedicen-

2228 3368 2339 3425 tur,
2365 3360 2482 3414 sive
2501 3375 2676 3413 unum
2701 3358 2769 3411 de
2793 3357 2936 3424 istis,
2966 3372 3081 3410 non
3130 3355 3339 3426 poterit
3397 3369 3509 3407 una
3557 3366 3670 3406 esse
3689 3361 3838 3402 enun-

2228 3451 2407 3515 tiatio,
2429 3458 2478 3502 et
2505 3447 2886 3504 communiter
2924 3446 3154 3515 quidem
3182 3444 3352 3499 totius
3374 3441 3642 3512 pr0posili
3673 3448 3842 3493 sensus

2231 3538 2552 3607 hujusmodi
2589 3535 2892 3592 est.Nunc
2947 3544 3135 3589 autem
3194 3535 3263 3587 ad
3327 3532 3508 3600 ipsius
3562 3523 3838 3585 Aristotelis

2230 3631 2391 3689 verba
2427 3629 2743 3683 veniamus.
2782 3627 2927 3681 Dicit
2954 3624 3108 3678 enim
3137 3629 3239 3677 :At.
3258 3638 3388 3676 vero
3413 3636 3588 3676 unum
3626 3619 3688 3673 de
3740 3613 3840 3683 pln-

2231 3725 2389 3778 ribns
2420 3721 2506 3775 vel
2541 3719 2697 3786 plura
2730 3719 2798 3771 de
2830 3732 2942 3770 uno
2973 3715 3257 3768 afﬁrmare
3289 3711 3374 3766 vel
3413 3725 3631 3778 negare,
3662 3706 3702 3760 si
3747 3715 3839 3757 non

2230 3821 2310 3869 est
2345 3827 2519 3866 unum
2552 3827 2614 3863 ex
2652 3806 2926 3876 pluribus,
2953 3821 3063 3859 non
3098 3807 3183 3858 est
3215 3818 3330 3856 una
3351 3797 3651 3855 afﬁrmatio
3689 3803 3841 3858 neque

2231 3905 2478 3972 negatio.
2511 3900 2593 3965 Si,
2625 3896 2834 3968 inquit,
2863 3895 3024 3965 plura
3056 3893 3127 3947 de
3159 3908 3274 3945 uno
3307 3891 3597 3960 praedices,
3630 3891 3682 3938 ut
3733 3892 3838 3972 euut

2233 3965 2376 4047 dicis
2409 4007 2422 4045 :
2454 3965 2824 4059 philosophus
2855 3985 3056 4047 simus,
3091 3981 3281 4037 calvus
3312 3981 3575 4034 Socrates
3629 3977 3727 4039 est,
3769 3965 3840 4021 vel

2235 4099 2430 4138 rursus
2463 4097 2593 4134 cum
2629 4093 2804 4131 unum
2838 4078 2904 4129 de
2937 4072 3191 4141 pluribus
3217 4069 3514 4141 praedicas,
3541 4081 3662 4122 cum
3686 4060 3838 4116 dicis:

2233 4179 2488 4228 Socrates
2519 4169 2698 4223 simus
2727 4163 3099 4235 philos0phus
3157 4159 3354 4214 calvus
3415 4167 3518 4226 est,
3576 4156 3618 4210 si
3672 4168 3728 4206 ex
3769 4148 3839 4235 bis

2237 4261 2496 4333 pluribus
2521 4275 2642 4328 quin
2670 4233 2748 4310 vel
2770 4253 3039 4324 przedicas
3066 4249 3150 4305 vel
3181 4249 3443 4318 subjicis,
3471 4233 3838 4333 unumaliquid

2237 4330 2352 4412 non
2376 4354 2457 4414 ﬁt,
2482 4346 2956 4420 quemadmodum
2982 4341 3101 4396 fieri
3124 4355 3298 4394 unum
3326 4340 3514 4407 potest
3533 4335 3600 4388 de
3635 4330 3714 4386 his
3739 4339 3838 4420 quae

2238 4445 2635 4525 praedicamus,
2669 4433 2986 4490 substantia
3018 4431 3272 4485 animata
3303 4426 3612 4490 sensibilis,
3643 4421 3690 4475 id
3719 4411 3840 4512 quod

2231 4513 2315 4598 est
2337 4528 2571 4598 animal,
2620 4541 2734 4582 non
2773 4523 2960 4578 tituna
2982 4521 3285 4576 atﬁrmatio
3340 4533 3446 4574 nec
3496 4530 3604 4569 una
3631 4513 3839 4598 negatio.

2232 4594 2895 4695 Simalio-mittentplura
2926 4613 3010 4666 vel
3047 4608 3426 4677 praedicantur
3457 4605 3540 4659 vel
3569 4594 3839 4695 subjiciun-

2237 4683 2347 4781 t‘ur,
2381 4733 2445 4770 ex
2483 4683 2689 4782 quibus
2721 4683 3077 4770 congregatis
3109 4715 3222 4752 una
3253 4696 3470 4765 Species
3502 4709 3612 4749 non
3661 4683 3836 4742 existit.

2235 4808 2392 4874 Quod
2421 4804 2463 4859 si
2492 4781 2669 4855 unum
2692 4797 2759 4849 de
2780 4808 2892 4847 uno
2943 4789 3152 4857 aliquis
3205 4781 3606 4856 praedicaverit,
3637 4782 3838 4874 quorum

2235 4859 2410 4954 tinum
2448 4907 2655 4950 nomen
2694 4885 2857 4955 plura
2891 4880 3198 4950 signiﬁcet,
3231 4893 3298 4930 ex
3329 4875 3531 4944 quibus
3562 4880 3722 4924 unum
3749 4859 3835 4914 ali-

2235 4989 2363 5058 quid
2391 5000 2503 5039 non
2528 4981 2643 5034 ﬁat.
2671 4989 2870 5030 rursus
2895 4986 3008 5025 non
3033 4975 3114 5023 est
3139 4961 3584 5035 unagafﬁrmatio
3626 4967 3720 5009 nec
3747 4959 3836 5001 una

2235 5047 2477 5142 negatio.
2505 5071 2561 5123 Si
2589 5062 2884 5137 quisenim
2909 5060 3080 5123 dicat,
3113 5055 3272 5110 canis
3292 5052 3504 5108 animal
3526 5054 3622 5113 est,
3662 5047 3830 5142 nomen

2235 5137 2393 5222 canis
2417 5159 2706 5226 signiﬁcat
2729 5160 2780 5207 et
2803 5148 3145 5209 latrabilem,
3179 5152 3232 5197 et
3264 5142 3566 5202 cwlestem,
3609 5141 3657 5188 et
3693 5137 3832 5183 mart-

2235 5271 2393 5319 num,
2527 5245 2737 5318 quibus
2766 5239 2979 5311 junctis
3012 5235 3154 5290 nihil
3192 5248 3373 5288 unum
3403 5226 3650 5319 efﬁcitur.
3673 5223 3831 5319 .Quare

2237 5312 2503 5413 quoniam
2536 5312 2601 5390 ex
2638 5334 2726 5387 his
2758 5327 3018 5398 pluribus
3053 5338 3229 5378 unum
3288 5317 3494 5389 aliquid
3550 5312 3685 5369 efﬁci
3729 5314 3828 5413 ἓοη

2237 5395 2439 5503 potest.
2463 5444 2528 5482 ex
2552 5425 2651 5479 illo
2671 5434 2890 5491 quoque
2913 5413 3073 5471 canis
3098 5411 3335 5467 nomine
3357 5423 3466 5464 non
3493 5406 3555 5459 ﬁt
3575 5415 3673 5455 una
3690 5395 3828 5503 affir-

2238 5485 2407 5576 ;miio
2427 5485 2472 5568 et
2502 5531 2612 5568 una
2661 5485 2910 5580 nega—tio,
2962 5504 3108 5571 quod
3153 5501 3483 5571 praedicatur
3511 5498 3596 5547 aut
3625 5485 3825 5580 sul'jiCi'

2239 5620 2347 5677 tur,
2382 5624 2507 5663 cum
2542 5575 2825 5674 signiﬁcet
2856 5593 3033 5651 multa
3063 5609 3129 5647 ex
3155 5590 3360 5661 quibus
3390 5574 3696 5677 unum-ﬁeri
3728 5579 3821 5677 uel!

2236 5665 2431 5771 possit.
2463 5665 2622 5760 Quod
2655 5705 2755 5762 per
2783 5688 2890 5743 hoc
2919 5683 3170 5740 ostendit
3201 5679 3345 5751 quod
3397 5674 3491 5742 ait,
3519 5667 3636 5726 dico
3660 5665 3819 5716 autem
