4106 6172
252 256 355 311 569

1002 253 1080 308 IN
1116 254 1395 309 LIBRUM
1433 254 1527 305 DE
1567 252 2248 311 INTERPRETATIONE
2282 260 2526 315 EDITIO
2563 259 2918 314 SECUNDA.

3560 252 3665 307 5'70

254 397 457 450 unum,
494 394 614 435 non
649 378 695 435 si
725 394 903 434 unum
953 392 1165 433 nomen
1224 376 1293 431 sit
1348 380 1617 447 positum,
1673 392 1789 431 non
1839 377 1911 430 sit
1942 379 1989 444 Α
2022 380 3108 454 Necdifl‘ertaliquidvelrequiescendo,
3143 380 3666 451 velinterponendo

251 479 434 527 autem
472 484 647 523 unum
674 486 738 523 ex
770 469 906 524 illis.
931 469 1121 524 Potest
1149 467 1303 521 enim
1354 467 1553 521 fieriut
1592 481 1765 521 unum
1803 482 1905 521 no-

254 577 378 616 men
398 561 467 614 de
492 575 604 613 uno
637 559 999 627 praedicetur.
1025 557 1131 611 Sed
1154 556 1197 610 si
1228 572 1406 610 unum
1437 556 1695 625 ipsorum
1749 555 1911 625 plura

254 650 559 721 signiﬁcat,
592 665 659 702 ex
691 649 895 716 quibus
928 662 1104 701 unum
1140 662 1253 701 non
1292 646 1372 714 ﬁt,
1409 662 1524 701 non
1557 655 1639 701 est
1673 661 1783 699 una
1815 659 1915 721 ne-

251 741 396 811 gatio
427 738 514 793 vel
550 736 879 792 afﬁrmatio.
915 736 1111 804 Neque
1141 735 1295 790 enim
1357 752 1467 790 vox
1530 752 1641 789 una
1691 719 1913 803 perﬁcit

251 828 727 892 enuntiationem,
744 828 841 882 sed
864 827 984 895 ejus
999 826 1150 895 quod
1170 824 1527 891 signiﬁcatur
1548 824 1909 893 simplicitas,

256 918 335 973 vel
372 918 418 972 si
454 916 619 988 plura
651 916 762 970 sint
794 916 851 970 in
918 931 1091 968 unum
1152 912 1411 984 collecta,
1464 914 1679 983 aliquid
1732 929 1911 967 unum

252 1007 500 1063 faciendi
535 1005 805 1075 potentia.
841 1004 1023 1073 Hujus
1053 1011 1239 1056 autem
1292 1003 1371 1057 rei
1431 1003 1669 1072 subjecit
1731 1018 1915 1057 exem-

256 1096 437 1169 plum,
467 1096 618 1165 quod
652 1095 928 1163 plurimos
990 1091 1189 1147 fefellit
1243 1093 1459 1158 dicens,
1524 1101 1581 1147 ut
1630 1092 1799 1147 homo
1830 1100 1913 1147 est

257 1188 495 1243 fortasse
527 1192 579 1240 et
609 1183 825 1238 animal
858 1190 911 1237 et
946 1181 1105 1251 bipes
1139 1186 1522 1236 mansuetum.
1556 1182 1667 1237 Sed
1700 1197 1767 1236 ex
1820 1182 1912 1237 his

260 1292 437 1333 unum
467 1274 549 1341 ﬁt,
574 1290 639 1328 ex
664 1271 791 1327 albo
812 1280 1002 1326 autem
1023 1280 1075 1326 et
1097 1271 1331 1325 homine
1359 1278 1414 1326 et
1441 1270 1737 1327 ambulare
1796 1288 1911 1326 non

260 1380 460 1422 unum.
496 1363 845 1417 Putaverunt
876 1359 975 1414 alii
1011 1359 1166 1415 hunc
1199 1360 1272 1413 ita
1304 1360 1534 1425 dixisse,
1560 1368 1617 1413 ut
1656 1361 1890 1415 ostende

258 1460 362 1521 ret,
397 1450 651 1522 exempli
681 1452 883 1520 gratia,
916 1464 973 1503 se
1005 1449 1151 1503 hanc
1183 1448 1343 1518 quasi
1375 1447 1779 1503 difﬁnitionem
1812 1448 1912 1503 de-

264 1544 436 1608 disse,
474 1557 544 1595 ne
574 1541 718 1594 forte
744 1537 952 1608 aliquis
982 1538 1290 1592 arbitretur
1323 1537 1471 1591 hanc
1502 1538 1661 1606 quasi
1720 1553 1912 1592 veram

263 1632 515 1688 hominis
536 1628 945 1684 difﬁnitionem
969 1627 1379 1698 posuisse,quae
1402 1630 1490 1681 est
1511 1625 1728 1680 animal
1759 1625 1917 1696 bipes

263 1728 652 1779 mansuetum.
688 1718 908 1773 Idcirco
935 1716 1114 1782 enim,
1148 1718 1434 1783 inquiunt,
1465 1715 1605 1770 dixit
1653 1715 1913 1781 fortasse,

265 1810 576 1877 etanimal,
599 1816 650 1862 et
678 1807 859 1879 bipes,
883 1814 935 1861 ct
968 1814 1349 1874 mansuetum,
1404 1821 1475 1859 ne
1524 1805 1649 1874 quis
1678 1804 1915 1860 omnino

265 1908 486 1972 putaret
512 1896 841 1968 hujusmodi
867 1912 987 1950 esse
1011 1895 1264 1949 hominis
1285 1892 1918 1949 difﬁnitionemAristo-

267 1988 436 2045 telem
469 1986 752 2042 arbitrari.
788 1984 898 2039 Alii
930 2000 1064 2040 vero
1098 1983 1205 2038 hoc
1236 2000 1352 2038 non
1383 1985 1459 2038 ita
1490 1984 1707 2038 dictum
1757 1998 1922 2039 acce-

271 2095 425 2151 pere,
460 2078 556 2132 serl
596 2074 784 2145 potius
814 2075 873 2129 in
907 2074 1054 2129 hanc
1087 2073 1429 2129 sententiam
1453 2074 1672 2127 dictum
1705 2074 1924 2129 Aristo-

274 2169 406 2224 telis
439 2166 895 2235 scripturamque
926 2162 1276 2232 interpretati
1307 2171 1459 2231 sunt,
1516 2171 1575 2218 ut
1634 2163 1801 2219 homo
1850 2171 1933 2219 est

294 2258 466 2330 quiet
496 2255 733 2323 animal,
767 2263 820 2309 ct
852 2254 1032 2322 bipes.
1068 2256 1124 2309 et
1159 2259 1539 2320 mansuetum,
1572 2254 1665 2307 sed
1722 2269 1789 2307 ex
1849 2254 1938 2310 his

296 2362 464 2402 unum
494 2345 575 2413 ﬁt,
603 2349 664 2398 ut
689 2345 763 2399 ita
785 2341 1233 2411 intelligeretur:
1274 2340 1456 2397 Homo
1488 2343 1716 2412 quidem
1748 2359 1939 2412 aequa-

295 2436 420 2492 liter
448 2453 509 2491 se
542 2433 713 2489 habet
745 2434 813 2487 ad
845 2434 895 2486 id
933 2434 1077 2500 quod
1111 2436 1198 2486 est
1235 2431 1425 2500 homo,
1463 2441 1516 2486 et
1563 2433 1631 2486 ad
1694 2433 1749 2486 id
1791 2433 1941 2501 quod

296 2534 377 2582 est
410 2524 627 2579 animal
656 2524 818 2595 bipes
854 2534 1240 2576 mansuetum.
1269 2520 1549 2586 Quocirca
1578 2522 1623 2575 si
1654 2522 1802 2575 idem
1862 2530 1946 2577 est

294 2624 340 2670 et
373 2629 596 2684 aequum
626 2611 813 2667 dicere
839 2611 1150 2677 hominem,
1177 2612 1322 2680 quod
1348 2610 1564 2664 aliimal
1592 2610 1947 2679 bipes,man-

295 2713 547 2767 suetum,
570 2717 805 2757 necesse
836 2708 918 2755 est
954 2700 1177 2768 quoties
1209 2700 1277 2753 de
1310 2714 1423 2753 uno
1456 2699 1620 2770 plura
1653 2699 1772 2754 hac
1806 2716 1949 2768 pras-

300 2794 594 2856 dicautur,
628 2791 682 2844 id
716 2798 803 2846 est
834 2788 1072 2853 animal,
1105 2787 1272 2859 bipes
1302 2791 1671 2843 mansuetum
1728 2788 1797 2843 de
1853 2788 1951 2844 ho.

295 2885 476 2948 mine,
501 2880 772 2950 quoniam
798 2878 1014 2948 aequale
1036 2885 1121 2932 est
1174 2877 1415 2945 homini,
1451 2876 1596 2947 quod
1634 2892 1810 2931 unum
1845 2882 1953 2944 est,

301 2988 475 3027 unum
511 2970 789 3039 quiddam
817 2968 1111 3039 praedices,
1137 2966 1398 3037 quamvis
1423 2974 1532 3020 tres
1565 2980 1727 3021 voces
1756 2968 1955 3035 praedi-

302 3077 426 3117 care
446 3059 709 3115 videaris.
728 3059 836 3113 Sed
862 3073 1063 3112 omnes
1082 3056 1136 3111 hi
1165 3056 1311 3110 nihil
1338 3056 1575 3111 omnino
1603 3056 1952 3123 intelligunt,

2015 470 2448 537 conjunctiones
2463 476 2669 537 dicere,
2696 490 2863 542 quain
2887 476 2930 528 si
2954 475 3084 545 quis
3107 475 3277 537 dicat,
3330 473 3498 527 homo
3528 468 3653 523 ani-

2015 557 2249 627 malest,
2278 561 2443 616 homo
2469 562 2758 618 rationalis
2778 573 2880 632 est,
2899 564 3069 619 homo
3097 562 3357 618 mortalis
3387 566 3493 626 est,
3528 574 3648 629 quae

2016 650 2315 720 perspicue
2336 653 2746 721 propositiones
2768 653 2962 707 multa),
2983 669 3044 707 su
3057 660 3135 707 nt.
3159 652 3374 706 Videns
3396 665 3527 715 ergo
3549 649 3655 703 hoc

2012 738 2366 810 Aristoteles,
2387 742 2461 794 ita
2479 741 2619 794 dixit
2648 758 2659 794 :
2690 741 2869 796 Homo
2898 749 2983 796 est
3014 742 3253 796 fortasse
3308 748 3361 794 et
3417 736 3653 803 animal,

2014 834 2067 883 et
2100 827 2274 896 bipes,
2309 838 2361 882 et
2393 841 2774 896 mansuetum,
2833 831 2904 885 ad
2963 832 3091 899 hoc,
3152 830 3359 899 inquit,
3421 830 3657 881 fortasse

2016 924 2280 985 tanquam
2314 921 2359 971 si
2393 920 2466 972 ita
2497 921 2727 985 diceret,
2791 929 2844 975 et
2902 921 2973 975 de
3033 919 3265 975 homine
3325 916 3573 987 quidem,
3607 920 3661 968 et

2015 1003 2236 1073 bipede,
2264 1013 2315 1059 et
2349 1011 2647 1061 mansueto
2680 1006 2740 1059 ﬁt
2799 1023 2977 1062 unum
3007 1027 3021 1067 ς
3082 1008 3175 1061 sed
3239 1013 3324 1060 est
3361 1003 3661 1071 aliquoties

2013 1094 2155 1149 forte
2190 1103 2245 1149 ut
2278 1097 2469 1166 plures
2501 1096 2920 1166 propositiones
2951 1098 3085 1163 sint,
3118 1112 3249 1151 cum
3300 1110 3363 1149 ea
3419 1093 3660 1161 conjun-

2015 1184 2127 1239 ctio
2148 1188 2401 1254 quaedam
2434 1195 2659 1256 separat
2688 1196 2860 1258 atque
2890 1187 3181 1243 discernit.
3216 1186 3338 1240 Erit
3370 1183 3522 1238 enim
3552 1182 3660 1236 for-

2016 1281 2165 1330 tasse
2208 1275 2375 1330 homo
2405 1283 2458 1330 et
2486 1274 2719 1341 animal,
2760 1284 2817 1330 ut
2851 1277 2969 1332 haec
2997 1292 3106 1330 una
3138 1276 3209 1329 sit
3248 1272 3575 1343 propositio,
3608 1278 3664 1325 et

2019 1366 2178 1437 bipes
2208 1374 2270 1420 ut
2295 1364 2494 1431 altera,
2530 1374 2582 1420 et
2616 1372 2977 1421 mansuetum
3014 1382 3230 1431 rursus,
3264 1372 3321 1419 ut
3350 1362 3663 1418 altera.Sed

2016 1472 2082 1513 ex
2119 1457 2205 1511 his
2233 1457 2501 1512 omnibus
2525 1474 2700 1511 unum
2734 1457 2953 1528 aliqdid
2987 1458 3209 1525 ﬁt,quaa
3241 1470 3369 1511 cum
3394 1454 3665 1508 continue

2019 1546 2232 1617 prolata
2265 1548 2699 1618 sunt,quoniam
2717 1564 2786 1602 ex
2819 1548 2909 1602 his
2940 1563 3118 1602 unum
3152 1545 3366 1613 aliquid
3394 1544 3665 1611 efficitur,

2022 1652 2133 1691 una
2163 1644 2248 1691 est
2280 1638 2625 1705 propositio;
2663 1653 2775 1691 non
2813 1644 2999 1691 autem
3034 1637 3183 1690 idem
3216 1634 3402 1689 evenit
3431 1633 3491 1687 in
3547 1649 3669 1686 om-

1947 1749 1990 1813 Β
2023 1726 2208 1791 uibus,
2244 1741 2309 1779 ex
2336 1725 2465 1781 albo
2496 1728 2649 1781 enim
2683 1734 2737 1781 et
2794 1726 3027 1781 homine
3087 1732 3140 1780 et
3198 1722 3494 1778 ambulare
3552 1736 3667 1777 non

2028 1831 2207 1870 unum
2242 1816 2322 1871 ﬁt.
2356 1815 2419 1870 Si
2449 1816 2574 1885 quis
2604 1816 2757 1870 enim
2790 1816 2979 1869 dicat:
3014 1815 3275 1869 Socrates
3308 1813 3474 1867 homo
3506 1811 3671 1866 albus

2029 1902 2301 1972 ambulat,
2335 1920 2449 1958 non
2483 1909 2567 1958 est
2600 1920 2709 1959 una
2741 1906 3064 1969 affirmatio,
3098 1902 3365 1972 quoniam
3396 1917 3459 1955 ex
3489 1901 3670 1955 homi-

2034 1996 2123 2059 de,
2157 2002 2209 2048 et
2235 1994 2523 2061 albedine,
2555 1998 2610 2048 et
2639 1994 3031 2048 ambulatione
3065 1992 3225 2046 nulla
3266 1991 3507 2047 omnino
3550 2006 3675 2061 spe-

2038 2084 2154 2140 cies
2186 2084 2266 2136 ﬁt.
2299 2085 2482 2148 Quare
2512 2081 2803 2137 conclusio
2833 2089 2938 2146 est,
2970 2080 3245 2151 quoniam
3279 2095 3384 2134 nec
3413 2079 3458 2132 si
3493 2080 3561 2132 de
3596 2079 3679 2133 his

2047 2173 2303 2244 pluribus
2333 2188 2401 2226 ex
2436 2172 2649 2240 quibus
2680 2187 2858 2227 unum
2921 2187 3035 2225 non
3096 2170 3179 2231 ﬁt,
3238 2184 3413 2223 unum
3475 2167 3697 2237 aliquid

2051 2262 2409 2331 praedicetur,
2443 2268 2589 2314 utex
2622 2275 2765 2316 cane
2796 2269 3019 2314 terreno
3049 2258 3317 2321 latrabili,
3370 2266 3420 2312 et
3460 2256 3699 2322 cmlesti,

2050 2358 2105 2405 et
2137 2351 2377 2414 marino,
2414 2352 2681 2416 quoniam
2716 2363 2891 2403 unum
2928 2363 3041 2402 non
3074 2348 3157 2414 ﬁt,
3189 2355 3241 2400 et
3272 2348 3341 2401 de
3374 2346 3462 2400 his
3523 2359 3703 2399 unum

2050 2439 2263 2508 aliquid
2301 2439 2662 2507 praedicetur,
2698 2437 2849 2507 quod
2882 2437 3128 2491 dicimus
3159 2435 3338 2502 canis,
3376 2433 3703 2505 hujusmodi

2055 2544 2265 2584 nomen
2298 2527 2446 2597 quod
2481 2527 2643 2596 plura
2675 2527 2981 2593 signiﬁcat,
3016 2542 3082 2579 ex
3113 2526 3318 2595 quibus
3349 2540 3526 2578 unum
3588 2538 3703 2577 non

2058 2619 2144 2685 ﬁt,
2174 2618 2221 2673 si
2252 2622 2321 2672 de
2349 2618 2523 2671 altero
2555 2616 2892 2687 praedicetur
2926 2616 3006 2669 vel
3040 2614 3370 2683 subjiciatur
3398 2613 3704 2679 alteri,non

2064 2710 2123 2763 ﬁt
2151 2724 2260 2763 una
2293 2707 2597 2761 afﬁrmatio
2632 2722 2735 2761 nec
2769 2722 2879 2759 una
2910 2704 3161 2774 negatio,
3196 2706 3288 2758 sed
3324 2704 3429 2757 erit
3480 2704 3708 2772 quidem

2069 2814 2167 2853 vox
2202 2796 2781 2865 una,afﬁrmaliones
2846 2811 2980 2849 vero
3040 2794 3319 2863 plurimas.
3379 2793 3503 2847 Sive
3559 2790 3715 2845 enim

2065 2903 2242 2943 unum
2270 2889 2337 2940 de
2370 2884 2629 2956 pluribus
2685 2884 3044 2954 praedicetur,
3105 2898 3168 2937 ex
3231 2882 3436 2951 quibus
3493 2896 3606 2935 non
3650 2881 3713 2936 ﬁt

2068 2992 2266 3041 unum,
2300 2975 2382 3028 vel
2415 2974 2576 3043 plura
2612 2973 2934 3040 hujusmodi
2968 2972 3037 3025 de
3070 2987 3202 3040 uno,
3236 2970 3319 3024 vel
3351 2970 3397 3024 si
3431 2985 3610 3024 unum
3643 2970 3712 3025 de

2069 3082 2187 3120 uno
2222 3063 2577 3133 praedicetur,
2612 3063 2757 3131 quod
2793 3061 3157 3131 praedicatum
3195 3057 3359 3130 plura
3408 3059 3709 3126 signiﬁcet,

299 3152 393 3207 sed
425 3158 509 3205 est
550 3149 753 3204 melior
812 3148 1095 3215 expositio
1153 3162 1321 3215 quam
1377 3145 1723 3217 Porphyrius
1779 3146 1949 3200 dedit.
1986 3116 2028 3182 Ο
2068 3170 2134 3211 οι
2169 3116 2373 3223 ςιλίὺυε
2405 3166 2584 3206 unum
2618 3116 2732 3206 Ᾱοη
2767 3116 2848 3213 ﬁ],
2884 3149 2999 3203 sive
3029 3147 3173 3202 illud
3196 3116 3571 3218 ’ρτεθάίοδιίιηι
3626 3148 3711 3202 at-

305 3240 529 3305 Volens,
560 3238 766 3307 inquit,
809 3235 1143 3290 Aristoteles
1202 3235 1599 3289 demonstrare
1655 3250 1778 3305 quas
1839 3250 1953 3289 una

301 3336 446 3386 esset
472 3326 802 3393 afﬁrmatio,
827 3341 950 3394 quas
979 3340 1090 3378 non
1119 3323 1399 3386 una,dixit
1425 3322 1606 3393 primo
1634 3341 1646 3379 :
1673 3324 1953 3390 Quoniam

307 3420 465 3489 pluro
488 3418 559 3473 de
582 3431 693 3471 uno
718 3414 1051 3485 praedicare,
1076 3413 1159 3468 vel
1186 3414 1346 3482 plura
1380 3413 1478 3466 uni
1527 3414 1809 3483 subjicere
1839 3429 1955 3468 non

306 3515 579 3563 estunam
602 3505 1054 3561 enuntiationem
1084 3503 1290 3570 facere,
1318 3503 1425 3557 nisi
1448 3519 1514 3558 ex
1539 3504 1654 3558 illis
1694 3504 1957 3575 pluribus

308 3595 723 3664 unumaliquid
753 3591 1168 3648 ﬁeret.Videns
1188 3593 1326 3646 item
1352 3593 1500 3661 quod
1552 3593 1740 3648 adhuc
1768 3595 1959 3663 plures

308 3691 547 3760 possent
579 3700 700 3739 esse
727 3682 1143 3738 afﬁrmationes
1168 3682 1337 3738 etiam
1374 3683 1432 3737 in
1486 3682 1572 3738 his
1621 3685 1956 3753 praadicatis,

310 3792 428 3848 quae
452 3792 585 3830 cuin
610 3772 769 3843 plura
792 3774 932 3839 sint,
954 3787 1131 3826 unum
1160 3780 1347 3828 tamen
1370 3788 1437 3827 ex
1468 3772 1554 3827 his
1601 3773 1725 3828 ﬁeri
1758 3775 1957 3844 possit,

314 3867 415 3922 hoc
434 3866 601 3932 dixit,
630 3873 687 3917 ut
710 3862 879 3917 homo
906 3870 988 3916 est
1023 3864 1255 3917 fortasse
1285 3870 1339 3917 et
1399 3862 1641 3929 animal,
1694 3870 1747 3917 et
1780 3863 1959 3934 bipes,

312 3965 359 4013 et
388 3961 775 4010 mansuetum.
800 3953 957 4018 Quod
981 3956 1172 4006 autem
1190 3952 1315 4006 dico
1339 3950 1444 4007 tale
1466 3959 1549 4006 est
1573 3952 1962 4007 :manifestum

314 4045 546 4116 quidem
578 4043 661 4109 ﬁt,
686 4043 960 4111 quoniam
988 4042 1035 4095 si
1060 4039 1223 4111 plura
1244 4040 1313 4095 de
1333 4056 1444 4095 uno
1471 4040 1872 4111 praedicentur,
1897 4056 1965 4096 ex

315 4136 527 4205 quibus
550 4148 731 4187 unum
753 4131 874 4186 ﬁeri
901 4146 1012 4185 non
1035 4129 1231 4199 possit,
1274 4129 1359 4183 vel
1396 4128 1556 4198 plura
1586 4129 1968 4196 subjiciuntur

315 4224 435 4288 uni,
461 4239 527 4278 ex
553 4220 759 4293 quibus
784 4235 957 4275 unum
986 4234 1099 4273 non
1120 4217 1203 4286 ﬁt,
1238 4234 1353 4273 non
1381 4225 1467 4275 est
1526 4234 1635 4274 una
1663 4219 1967 4274 afﬁrmatio

316 4330 421 4369 nec
440 4329 559 4367 una
582 4311 827 4381 negatio.
850 4308 1017 4365 Nunc
1043 4315 1234 4362 autem
1269 4315 1576 4364 tractemus
1618 4310 1687 4363 de
1718 4310 1808 4364 his
1843 4310 1967 4378 plu-

314 4403 475 4461 ribus
510 4418 575 4458 ex
610 4400 817 4470 quibus
852 4413 1034 4453 unum
1065 4397 1285 4468 aliquid
1318 4398 1442 4453 ﬁeri
1474 4398 1671 4467 possit.
1710 4397 1968 4454 lnvenie'

2065 3243 2165 3299 teri
2196 3241 2558 3306 subiiciatur,
2590 3240 2828 3295 omnino
2859 3255 2973 3293 non
3009 3240 3069 3291 ﬁt
3102 3254 3215 3291 una
3239 3238 3545 3291 afﬁrmatio
3606 3252 3713 3292 nec

2066 3348 2176 3388 una
2206 3331 2450 3395 negatio.
2486 3329 2578 3383 Est
2609 3337 2796 3382 autem
2833 3328 3028 3398 regula
3061 3327 3411 3395 hujusmodi.
3434 3341 3544 3380 una
3564 3325 3718 3379 afﬁr-

2068 3421 2242 3476 matio
2272 3428 2376 3484 est,
2409 3418 2457 3473 si
2487 3427 2581 3473 aut
2612 3418 2724 3472 duo
2758 3418 2987 3472 termini
3045 3416 3299 3484 singulas
3357 3432 3447 3469 res
3504 3415 3721 3479 signiﬁ-

2065 3518 2216 3576 cent,
2250 3514 2348 3564 aut
2380 3510 2429 3563 si
2463 3508 2623 3577 plura
2659 3510 2732 3561 ita
2758 3509 2827 3561 de
2888 3522 3000 3561 uno
3063 3506 3444 3573 praedicantur
3500 3503 3581 3559 vel
3617 3510 3719 3558 unt

2067 3600 2465 3670 subjiciantur,
2496 3605 2554 3652 ut
2583 3613 2649 3653 ex
2686 3596 2776 3651 his
2809 3612 2983 3650 unum
3015 3594 3230 3665 aliquid
3265 3594 3387 3648 fieri
3422 3594 3717 3661 possit,aut

2068 3705 2247 3745 unum
2284 3702 2491 3742 nomen
2525 3686 2672 3756 quod
2709 3686 2791 3739 vel
2855 3685 3198 3753 praedicatur
3258 3681 3343 3736 vel
3392 3682 3715 3753 subjicitur,

2069 3778 2202 3834 talia
2231 3776 2516 3847 signiﬁcet
2546 3776 2728 3845 plura,
2764 3790 2888 3843 quae
2915 3774 3107 3828 omnia
3141 3788 3314 3827 unam
3346 3774 3717 3842 quodammo-

2070 3870 2141 3923 do
2172 3868 2417 3934 speciem
2450 3864 2671 3919 valeant
2700 3878 3061 3934 congregare.

2146 3956 2207 4010 Si
2226 3970 2352 4025 ergo
2373 3954 2572 4008 dialect
2585 3955 2676 4007 ica
2700 3954 3057 4023 interrogatio
3073 3952 3447 4019 responsionis
3468 3956 3548 4005 est
3580 3950 3719 4019 peti-

2071 4047 2166 4113 tio,
2190 4046 2271 4100 vel
2299 4042 2712 4114 prapositionis,
2736 4043 2819 4097 vel
2841 4041 3077 4095 alterius
3112 4040 3288 4109 partis
3328 4038 3723 4093 contradictio-

2074 4135 2185 4201 nis,
2213 4133 2511 4203 propositio
2534 4147 2663 4186 vero
2688 4132 2855 4184 unius
2877 4128 3329 4183 contradwtionis
3346 4143 3478 4198 pars
3499 4132 3723 4191 est,non

2075 4225 2182 4279 erit
2214 4238 2323 4276 una
2354 4222 2637 4290 responsio
2668 4220 2737 4273 ad
2765 4220 2900 4275 haec.
2926 4219 3105 4289 Neque
3124 4219 3274 4271 enim
3296 4224 3376 4270 est
3416 4232 3526 4269 una
3552 4217 3723 4269 inter-

2079 4314 2319 4380 rogatio,
2348 4326 2445 4365 nec
2463 4311 2603 4364 sisit
2621 4325 2748 4363 vera
2770 4324 2791 4370 ;
2813 4308 3020 4361 dictum
3040 4312 3117 4361 est
3140 4313 3325 4361 autem
3354 4308 3419 4360 de
3436 4306 3517 4359 his
3534 4308 3591 4360 in
3627 4305 3722 4360 To-

2082 4402 2240 4474 picis.
2270 4402 2451 4455 Simul
2482 4405 2664 4454 autem
2694 4397 3054 4469 manifestum
3083 4402 3163 4451 est
3191 4398 3447 4468 quoniam
3473 4411 3572 4450 nec
3627 4396 3724 4451 hoc

318 4509 446 4549 mus
478 4490 636 4547 enim
666 4497 718 4544 et
748 4489 808 4543 in
840 4488 929 4542 his
971 4489 1095 4557 ipso
1156 4487 1323 4541 modo
1382 4486 1721 4542 enuntiandi
1780 4488 1967 4557 plures
2001 4491 2044 4555 D
2075 4487 3298 4563 ipsumquidest,dialecticainterrogatioest.
3333 4485 3549 4556 Oportet
3570 4486 3716 4539 enim

316 4582 619 4653 aliquoties
634 4577 1081 4644 enuntiationes,
1101 4583 1153 4630 et
1173 4592 1288 4631 non
1313 4590 1484 4630 unam
1510 4578 1764 4646 reperiri,
1787 4593 1967 4648 quan-

318 4688 487 4741 quam
520 4686 584 4725 ex
620 4668 875 4738 pluribus
910 4681 1086 4720 unum
1121 4665 1244 4719 ﬁeri
1281 4664 1493 4734 aliquid
1529 4666 1723 4735 possit.
1756 4667 1816 4722 Si
1847 4668 1974 4737 quis

319 4762 473 4817 enim
501 4761 583 4814 sic
610 4759 785 4826 dicat,
818 4756 1028 4811 animal
1064 4754 1339 4809 rationale
1372 4756 1608 4809 mortale
1643 4755 1809 4812 homo
1864 4765 1970 4825 est,

321 4848 493 4907 simul
522 4850 772 4918 jungens
803 4843 1016 4900 animal
1051 4843 1349 4910 rationale,
1385 4844 1647 4910 mortale,
1702 4847 1971 4915 quoniam

321 4938 599 4997 continue
619 4938 833 4991 dictum
858 4939 966 4999 est,
991 4938 1047 4988 et
1068 4949 1133 4988 ex
1164 4932 1251 4987 his
1273 4947 1449 4987 unum
1498 4932 1710 5003 aliquid
1746 4934 1827 5004 ﬁt,
1862 4951 1975 4991 una

324 5038 407 5085 est
436 5026 764 5083 afﬁrmatio.
799 5024 858 5080 Si
892 5039 1019 5078 vero
1051 5023 1123 5077 sit
1154 5022 1372 5091 aliquid
1432 5022 1737 5093 intervalli,
1800 5032 1858 5078 ut
1900 5025 1975 5081 ita

324 5120 456 5192 quis
490 5118 660 5183 dicat,
697 5116 864 5169 homo
896 5112 1134 5181 animal,
1167 5119 1217 5166 et
1252 5126 1448 5165 rursus
1478 5111 1772 5179 rationale,
1802 5112 1974 5169 etali-

323 5205 669 5280 quantulum
702 5204 1067 5277 requiescens
1096 5200 1266 5267 dicat,
1303 5200 1541 5256 mortale
1572 5208 1674 5268 est,
1718 5218 1832 5258 non
1893 5210 1977 5258 est

322 5317 436 5355 una
468 5296 776 5352 afﬁrmatio
801 5310 908 5349 nec
941 5308 1051 5348 una
1080 5292 1329 5364 negatio.
1364 5295 1496 5346 Haac
1524 5293 1676 5347 enim
1726 5291 1973 5348 interca-

318 5391 466 5460 pedo
498 5386 776 5459 plurimas
805 5384 979 5440 efﬁcit
1009 5381 1465 5450 enuntiationes;
1519 5397 1714 5437 rursus
1763 5382 1810 5437 si
1842 5398 1972 5438 cum

319 5477 729 5549 conjunctione
759 5476 1043 5539 dicantur,
1081 5473 1248 5528 homo
1278 5472 1488 5527 animal
1524 5479 1578 5527 et
1617 5470 1892 5527 rationale
1920 5478 1973 5526 et

326 5567 556 5626 mortale
585 5574 688 5635 est,
722 5565 806 5621 sic
836 5578 1063 5635 quoque
1094 5559 1286 5617 multa
1343 5568 1478 5617 sunt
1532 5561 1968 5632 propositiones.

2078 4595 2189 4637 esse
2214 4580 2406 4633 datum
2428 4586 2485 4631 ut
2505 4593 2573 4631 ea:
2594 4578 3033 4647 interrogatione
3052 4576 3220 4644 eligat
3242 4584 3427 4629 utram
3449 4573 3577 4628 velit
3600 4590 3727 4629 con-

2081 4667 2421 4726 tradictionis
2440 4674 2660 4737 partem
2680 4665 2995 4722 enimtiare.
3019 4666 3124 4721 Sed
3145 4668 3350 4736 Oportet
3380 4664 3725 4733 interrogan-

2079 4763 2185 4815 tem
2214 4758 2603 4827 determinare,
2636 4761 2825 4810 utrum
2857 4756 2954 4810 hoc
2984 4756 3057 4810 sit
3090 4756 3270 4823 homo,
3302 4772 3373 4808 an
3436 4770 3549 4808 non
3606 4754 3725 4807 hoc.

2152 4848 2417 4917 Quisquis
2448 4845 2743 4902 dialectica
2776 4846 2950 4900 utitur
2983 4845 3455 4916 interrogatione,
3491 4844 3584 4897 hic
3633 4846 3733 4896 aut

2084 4935 2423 5006 simpliciter
2456 4936 2785 5005 interrogat,
2804 4943 2971 5003 atque
3004 4950 3174 4988 unam
3210 4934 3732 5004 prepositionemin

2088 5025 2532 5095 interrogatione
2557 5025 2740 5094 ponit,
2771 5032 2828 5078 ut
2849 5032 3047 5078 contra
3070 5039 3197 5077 eam
3248 5025 3319 5078 sit
3352 5038 3463 5077 una
3495 5039 3731 5092 respon-

2083 5114 2189 5179 sio,
2213 5124 2309 5168 aut
2343 5122 2605 5182 utrasque
2630 5113 2987 5182 interrogans
3019 5112 3176 5177 dicit,
3228 5115 3295 5166 ad
3356 5128 3493 5181 quas
3526 5128 3638 5165 non
3672 5112 3734 5166 ﬁt

2083 5202 2326 5272 simplex
2358 5202 2674 5271 responsio,
2708 5203 2801 5257 sed
2837 5218 2948 5255 una
2984 5208 3093 5256 tota
3128 5202 3437 5269 propositio
3498 5216 3736 5268 respon-

2082 5293 2267 5349 detur.
2329 5290 2386 5345 Si
2446 5292 2574 5362 quis
2629 5294 2785 5346 enim
2838 5292 2988 5345 dicat
3041 5289 3445 5355 interrogans:
3480 5294 3741 5344 Socrates

2081 5380 2654 5436 animalest?Coutra
2692 5380 2837 5434 hanc
2886 5380 3013 5434 talis
3044 5384 3130 5434 est
3162 5377 3476 5447 responsio,
3510 5381 3609 5431 aut
3638 5378 3736 5442 ita,

2081 5474 2179 5525 aut
2200 5469 2554 5539 non.Siquis
2574 5485 2704 5525 vero
2744 5470 2847 5524 hoc
2876 5467 3047 5523 modo
3098 5468 3430 5533 interroget:
3483 5470 3737 5519 Socrates

2080 5558 2298 5615 animal
2329 5562 2436 5622 est,
2468 5576 2540 5613 an
2576 5574 2684 5613 non
2710 5557 2737 5613 ‘l
2768 5558 2977 5613 Contra
3010 5558 3155 5611 hanc
3188 5571 3301 5609 non
3337 5562 3420 5608 est
3451 5568 3561 5607 una
3618 5566 3737 5607 res-

2080 5648 2306 5722 ponsio.
2340 5647 2400 5704 Si
2432 5647 2586 5704 enim
2618 5650 3001 5719 respondetur
3040 5647 3138 5711 ita,
3168 5643 3238 5698 de
3297 5657 3405 5713 qua
3462 5640 3739 5698 annueris
