4106 6172
474 277 578 333 571

1743 293 1862 346 AN.
1901 290 2124 344 MANL.

2234 290 2326 344 Ν.
2369 290 2610 345 ΒΟΕΤῘΙ
3718 297 3808 350 572

476 408 794 480 ignoratur,
818 411 885 467 de
902 413 1284 471 afﬁrmatione
1314 432 1386 471 an
1408 417 1478 473 de
1505 419 1807 484 negatione
1833 433 2056 486 ;rursus
2080 416 2124 472 si
2155 418 2207 483 Α
2237 424 2320 473 est
2341 417 2714 489 interrogatio
2731 420 3152 489 dialectica,sed
3180 420 3364 490 potius
3386 421 3696 491 discipuliad
3720 441 3810 479 ma-

478 517 592 556 non
627 503 1010 570 responderis,
1049 506 1298 560 nescitur
1332 523 1500 577 quam
1530 511 1728 578 negari
1757 508 2006 564 volueris
2045 510 2126 562 ai-

478 591 858 648 ﬁrmationem
882 612 953 649 an
979 598 1555 662 negationem.Quare
1578 610 1773 655 contra
1801 599 2131 671 bujusmodi

477 680 957 750 interrogationes
992 692 1104 738 tota
1139 689 1446 755 prepositio
1483 690 1877 757 respondenda
1909 697 2014 756 est,
2076 689 2129 742 id

475 779 556 824 est
585 770 756 823 altera
792 789 919 839 pars
948 775 1439 842 contradictionis,
1502 785 1597 831 aut
1653 786 1761 832 tota
1819 778 2131 832 afﬁrmatio

483 866 581 912 aut
616 866 728 913 tota
761 862 1005 928 negatio,
1042 872 1094 916 ut
1125 865 1302 932 dicas,
1336 870 1432 919 aut
1463 874 1549 922 est
1578 867 1792 921 animal
1843 867 2129 930 Socrates,

485 957 579 1004 aut
611 950 655 1002 si
695 949 798 1005 hoc
831 967 946 1006 non
973 953 1212 1020 videtur,
1250 958 1610 1024 respondeas.
1646 974 1758 1013 non
1789 965 1874 1012 est
1917 959 2132 1014 animal

489 1037 768 1092 Socrates.
807 1041 868 1094 ln
905 1040 989 1094 his
1028 1042 1196 1111 igitur
1228 1059 1349 1113 qua
1385 1047 1560 1100 multa
1597 1056 1751 1116 sunt,
1803 1063 1870 1102 ex
1925 1047 2132 1116 quibus

485 1141 659 1181 unum
686 1126 1106 1197 ﬁerinequit,si
1129 1131 1223 1185 ﬁat
1248 1135 1744 1203 unainterrogatio
1799 1141 1856 1190 et
1902 1136 2020 1205 ipsa
2053 1152 2134 1190 rc-

480 1215 886 1286 prebensihilis
918 1223 1022 1284 est,
1055 1230 1102 1274 et
1137 1230 1329 1276 contra.
1356 1239 1477 1278 eam
1505 1240 1617 1278 una
1642 1224 2132 1296 responsio.Quis—

481 1305 606 1375 quis
637 1307 788 1360 enim
822 1323 885 1360 ea
918 1308 1080 1377 plura
1113 1311 1439 1379 interrogat,
1473 1329 1536 1367 ex
1575 1313 1782 1382 quibus
1816 1329 1990 1369 unum
2010 1329 2132 1370 esse

480 1411 594 1450 non
631 1395 832 1465 possit,
867 1398 1075 1452 multas
1103 1399 1233 1454 facit
1256 1399 1754 1470 interrogationes,
1776 1411 1972 1459 contra
1994 1420 2131 1474 quas

482 1484 530 1539 si
563 1485 904 1554 simpliciter
934 1489 1372 1558 respondeatur,
1405 1491 1579 1545 etiam
1615 1491 1662 1546 si
1711 1508 1842 1546 vera
1874 1493 1943 1546 sit
2005 1493 2130 1561 ipsa

479 1576 796 1642 reaponsio,
834 1582 1016 1631 tamen
1045 1577 1174 1645 jure
1205 1579 1665 1647 reprehenditur.
1725 1583 1931 1635 Contra
1974 1583 2129 1636 enim

482 1664 854 1732 multiplicem
898 1665 1401 1734 interrogationem
1433 1670 1730 1738 multiplex
1789 1670 1958 1725 debet
2005 1686 2128 1726 esse

480 1752 798 1822 responsio.
826 1753 882 1806 Si
913 1755 1038 1824 quis
1066 1756 1220 1809 enim
1253 1756 1399 1813 dicat
1433 1759 1817 1826 interrogans,
1865 1760 2125 1814 Socrates
2157 1777 2200 1841 Β

477 1839 848 1910 philosophus
869 1849 974 1909 est,
997 1853 1049 1899 et
1070 1845 1204 1914 legit
1225 1854 1276 1900 et
1293 1847 1543 1901 ambulat
1563 1848 1590 1902 ?
1615 1849 1746 1919 quia
1772 1857 1948 1918 potest
2000 1849 2123 1905 fieri

479 1937 536 1984 ut
561 1930 633 1985 sit
655 1931 879 2000 quidem
915 1932 1285 2006 philosophus
1306 1944 1359 1990 et
1386 1935 1552 2007 legat,
1578 1953 1693 1992 non
1718 1943 1907 1993 autem
1931 1939 2129 1994 ambu-

482 2020 577 2086 let,
608 2022 690 2075 vel
711 2021 985 2090 ambulet,
1011 2024 1107 2078 sed
1131 2040 1244 2080 non
1273 2025 1449 2094 legat:
1503 2032 1683 2096 potest
1716 2025 1854 2082 item
1890 2029 2011 2084 tieri
2066 2036 2126 2084 ut

481 2114 537 2166 et
571 2111 711 2178 legat
744 2119 796 2165 et
825 2113 1076 2168 ambulet
1110 2133 1123 2182 ;
1156 2122 1350 2170 contra
1408 2116 1737 2188 hujusmodi
1788 2119 2124 2189 propositio-

484 2215 612 2254 nem
651 2217 763 2254 non
797 2202 903 2255 erit
934 2217 1048 2272 una
1086 2206 1395 2273 responsio.
1430 2206 1572 2260 Nam
1598 2207 1785 2277 quiita
1818 2207 2124 2276 interroga-

484 2289 559 2343 vit
593 2289 889 2345 :Socratcs
922 2291 1295 2363 philosophus
1325 2303 1427 2364 est,
1460 2303 1512 2349 et
1544 2295 1676 2364 legit
1708 2306 1760 2350 et
1819 2297 2067 2353 ambulat
2106 2301 2129 2353 i'

485 2385 579 2432 aut
614 2379 838 2448 imperil
871 2387 966 2433 aut
993 2383 1240 2450 captiose
1275 2383 1660 2452 interrogavit.
1693 2385 1894 2440 Contra
1953 2403 2124 2456 quam

480 2465 983 2534 interrogationem
1009 2470 1055 2525 si
1087 2472 1386 2541 contigerit
1407 2478 1691 2528 Socratem
1722 2474 2122 2544 philosophum

485 2573 607 2614 esse
637 2565 689 2614 et
723 2560 926 2630 legere,
953 2562 1334 2621 etambulare.
1366 2565 1411 2618 si
1437 2566 1773 2634 respondeat
1810 2582 1822 2618 :
1883 2567 1957 2620 ita
2018 2571 2122 2631 est,

485 2649 606 2704 haec
633 2665 856 2720 quoque
888 2653 1182 2720 responsio
1215 2653 1666 2720 reprehenditur.
1701 2654 1905 2709 Contra
1939 2657 2127 2725 plures

487 2739 642 2794 enim
673 2739 1152 2807 interrogationes
1173 2758 1283 2796 una
1310 2745 1601 2812 responsio
1625 2759 1738 2798 non
1771 2743 1926 2798 debet
1963 2745 2125 2801 adbi-

486 2828 605 2884 beri
627 2829 853 2884 etiamsi
873 2846 1005 2885 vere
1024 2848 1120 2900 per
1147 2849 1315 2886 unam
1341 2832 1495 2887 illam
1525 2836 1951 2903 respondeatur,
1977 2835 2127 2891 sicut

482 2917 542 2973 in
571 2918 674 2973 bac
696 2934 937 2990 quoque,
963 2920 1008 2974 si
1031 2930 1083 2976 et
1105 2921 1482 2992 philosophus
1505 2931 1606 2991 est,
1641 2931 1692 2977 et
1743 2925 1874 2995 legit
1922 2933 1976 2980 et
2005 2941 2124 2980 am-

482 3006 661 3061 bulat.
697 3008 974 3073 Quocirca
998 3009 1043 3064 si
1076 3011 1445 3079 interrogatio
1475 3010 1769 3067 dialectica
1804 3014 2126 3084 responsio-

478 3096 569 3150 nis
593 3098 786 3164 petitio
808 3107 916 3168 est,
938 3116 1035 3168 per
1056 3117 1224 3170 quam
1278 3102 1704 3170 responsionem
1740 3102 1836 3156 fiat
1870 3113 2128 3174 proposi-

482 3183 577 3246 tio,
616 3192 674 3237 ut
706 3201 832 3240 cum
868 3188 994 3256 quis
1023 3187 1223 3243 dixerit
1256 3188 1640 3256 interrogans,
1673 3192 1792 3245 dies
1823 3200 1906 3245 est
1931 3191 2124 3248 ?alius

482 3275 846 3341 respondeat,
877 3292 1011 3339 non,
1039 3277 1129 3331 ﬁet
1159 3278 1291 3332 inde
1316 3279 1559 3344 negatio,
1584 3279 1704 3334 dies
1755 3297 1864 3335 non
1899 3291 2002 3347 est,
2035 3283 2120 3337 vel

481 3369 632 3416 certe
663 3364 836 3416 altera
864 3381 989 3432 pars
1011 3367 1386 3433 appositionis
1408 3383 1536 3421 cum
1596 3370 1673 3422 ita
1720 3369 2118 3439 interrogatur,

480 3451 600 3506 dies
626 3458 730 3514 est,
765 3468 836 3506 an
869 3453 991 3508 dies
1021 3469 1133 3508 non
1167 3463 1267 3520 est,
1305 3461 1364 3508 ut
1419 3471 1666 3525 con-grue
1714 3461 2122 3527 respondeatur

479 3540 628 3595 diem
667 3556 810 3608 esse,
834 3549 928 3596 aut
950 3542 1098 3596 diem
1122 3559 1235 3596 non
1257 3559 1400 3608 esse,
1429 3545 1480 3598 id
1507 3555 1588 3599 est
1617 3552 1730 3600 tota
1763 3550 2073 3616 propositio
2104 3567 2118 3618 ;

482 3629 566 3683 ha:
600 3646 723 3699 quae
753 3647 819 3684 ex
849 3630 936 3685 bis
970 3629 1225 3698 pluribus
1259 3632 1400 3686 {lunt
1452 3640 1615 3702 atque
1673 3635 2116 3706 interrogantur,

479 3734 606 3773 cum
639 3735 815 3773 unum
848 3736 913 3774 ex
951 3718 1038 3772 his
1065 3720 1183 3774 fieri
1219 3737 1331 3776 non
1366 3723 1558 3790 possit,
1583 3739 1697 3778 non
1722 3733 1853 3779 sunt
1894 3726 2117 3794 simpli-

483 3822 578 3863 ces
609 3808 1097 3876 interrogationes.
1131 3811 1403 3874 Quocirca
1439 3828 1541 3867 nec
1571 3813 1636 3865 ad
1671 3828 1764 3867 eas
1831 3815 2120 3869 reddenda

481 3903 563 3951 est
595 3897 834 3967 simplex
870 3902 1188 3969 responsio,
1225 3901 1296 3954 de
1327 3899 1416 3953 his
1444 3910 1634 3957 autem
1669 3917 1727 3957 se
1785 3903 1844 3958 in
1893 3905 2122 3974 Tepicis

483 3987 1140 4042 dixissecommemorat.
1166 3996 1382 4044 Rursus
1399 3991 1531 4060 quia
1554 3991 1846 4047 dialectica
1878 3994 2122 4050 interro-

479 4077 630 4148 gatio
663 4077 1052 4147 responsionis
1083 4085 1164 4133 est
1191 4081 1386 4149 petilio
1419 4084 1494 4146 (ut
1529 4097 1696 4150 supra
1751 4082 1961 4138 dictum
2014 4085 2119 4156 est)

479 4167 560 4221 vel
600 4168 1004 4236 propositionis
1034 4169 1120 4223 vel
1155 4168 1386 4223 alterius
1419 4170 1590 4238 partis
1627 4173 2119 4243 contradictionis,

481 4258 628 4326 quod
667 4258 830 4326 paulo
864 4267 985 4328 post
1018 4259 1522 4324 demonstrabitur,
1547 4260 1808 4330 imperite
1838 4263 1920 4316 illi
1957 4266 2126 4318 inter-

482 4352 680 4410 r0gant
712 4348 804 4416 qui
840 4348 912 4401 ita
939 4348 1159 4412 dicunt,
1195 4351 1328 4418 quid
1359 4364 1439 4404 est
1472 4350 1733 4404 animal?
1765 4352 1846 4406 vel
1881 4353 2009 4422 quid
2041 4361 2124 4408 est

484 4432 650 4488 homo
680 4435 707 4488 ?
735 4441 952 4503 oportet
985 4438 1136 4491 enim
1167 4439 1296 4506 quia
1327 4437 1620 4494 dialectice
1651 4440 2122 4512 interrogat,dare

2242 509 2476 574 gistrum
2504 509 2716 578 aliquid
2751 511 2973 565 discere
3009 510 3308 580 cupientis.
3340 511 3436 576 Qui
3469 511 3609 566 enim
3635 513 3806 581 aliquid

2237 596 2531 651 addiscere
2562 596 2738 667 copit,
2767 598 3068 663 interrogat
3105 615 3232 653 eum
3292 599 3381 667 qui
3437 600 3624 655 docere
3670 608 3813 670 potest

2237 685 2367 755 quid
2394 689 2463 740 sit
2486 686 2542 740 id
2569 689 2636 740 de
2655 702 2762 756 quo
2783 686 3038 754 ambigit.
3062 687 3396 742 Dialemicus
3433 695 3601 742 autem
3647 691 3714 757 (ut
3742 690 3810 744 di-

2242 781 2394 830 ctum
2429 775 2534 846 est)
2559 776 2634 830 ita
2669 776 3015 843 interrogare
3042 776 3230 843 debet,
3279 785 3337 830 ut
3394 779 3724 846 respondenti
3762 780 3817 834 sit

2237 863 2398 933 c0pia
2415 879 2486 917 an
2517 864 2958 919 aiﬁrmationem
2984 883 3053 919 an
3079 865 3432 933 negationem
3457 866 3582 919 velit
3629 867 3810 934 eligere.

2237 955 2469 1024 Oportet
2493 954 2645 1009 enim
2674 955 2818 1010 scire
2850 957 3118 1025 quoniam
3151 955 3337 1011 omnis
3367 955 3700 1020 interrogatio
3748 973 3814 1012 re-

2237 1043 2562 1112 sponsionis
2592 1052 2673 1098 est
2705 1043 2919 1114 petitio.
2953 1045 3258 1100 Dialectica
3291 1061 3416 1098 vero
3442 1061 3549 1100 non
3571 1045 3814 1112 cujusdam

2237 1131 2646 1203 responsionis,
2667 1135 2761 1189 sed
2793 1134 2914 1204 ejus
2944 1149 3068 1204 quae
3114 1137 3173 1188 in
3222 1141 3451 1204 utraque
3481 1140 3623 1204 parte
3650 1133 3815 1188 haheat

2236 1221 2629 1292 Oppositonem
2655 1239 2668 1289 ;
2694 1237 2824 1292 ergo
2851 1223 2956 1278 hoc
2978 1223 3168 1294 ipsum
3193 1223 3325 1293 quid
3347 1231 3447 1289 est,
3483 1239 3587 1277 non
3632 1230 3703 1278 est
3728 1222 3819 1276 dia-

2235 1310 2432 1365 lectica
2455 1311 2840 1378 interrogatio.
2866 1311 3097 1383 Oportet
3123 1312 3279 1366 enim
3315 1311 3389 1365 ita
3419 1311 3747 1377 interregare,
3773 1319 3819 1366 ut

2235 1400 2765 1470 exinterrogatione
2791 1401 3140 1470 respondens
3174 1401 3351 1469 possit
3383 1398 3580 1468 eligere
3624 1398 3818 1454 alteram

2234 1487 2700 1543 contradictionis
2725 1497 2962 1558 partem.
2997 1489 3173 1544 Debet
3203 1489 3358 1544 enim
3391 1488 3739 1543 determinare
3779 1493 3823 1543 et

2233 1576 2483 1632 difﬁnire
2513 1578 2563 1632 is
2594 1579 2720 1648 quis
2751 1579 3080 1648 interrogat,
3109 1595 3178 1632 an
3215 1578 3322 1632 hoc
3356 1578 3424 1632 sit
3459 1577 3594 1647 quod
3650 1577 3822 1632 dicitur

2232 1683 2305 1721 an
2329 1682 2465 1732 non,
2491 1675 2548 1720 ut
2573 1665 2742 1721 homo
2761 1667 2970 1721 animal
2991 1671 3077 1722 est
3098 1682 3167 1720 an
3195 1683 3309 1721 non
3337 1666 3363 1720 ?
3387 1675 3446 1720 ut
3468 1666 3558 1720 ille
3591 1672 3675 1718 aut
3701 1664 3822 1718 afﬁr-

2234 1755 2540 1811 mationem
2561 1757 3013 1825 respondeataut
3038 1757 3438 1821 negationem:
3485 1755 3619 1824 quod
3664 1761 3818 1808 autem

2237 1843 2762 1899 dixitdialecticam
2820 1845 3324 1912 interrogationem
3382 1843 3687 1914 petitionem
3725 1857 3823 1897 esse

2236 1934 2622 2002 responsionis
2656 1934 2739 1988 vel
2792 1935 3214 2003 propositionis,
3273 1934 3359 1987 vel
3416 1933 3634 1987 alterius
3685 1932 3825 2002 partis

2235 2021 2728 2092 contradictionis,
2769 2022 3094 2092 hujUsmodi
3129 2030 3231 2077 est.
3266 2023 3528 2092 Quisquis
3569 2023 3826 2090 interrogat

2233 2111 2693 2176 al‘ﬁrmationem,
2717 2117 2815 2167 aut
2859 2113 3115 2167 eamdem
3166 2114 3403 2181 expetit,
3431 2117 3490 2164 ut
3516 2111 3714 2166 auditor
3740 2108 3828 2164 sibi

2236 2201 2709 2270 respondeat,aut
2740 2201 3277 2256 contradictionem.
3315 2210 3375 2255 ut
3421 2201 3465 2254 si
3514 2202 3634 2271 quis
3670 2198 3739 2254 sic
3765 2199 3830 2252 in-

2235 2295 2497 2357 terroget,
2533 2290 2701 2345 homo
2733 2290 2942 2344 animal
2978 2300 3058 2345 est
3095 2291 3195 2344 Psi
3232 2291 3333 2345 ille
3389 2289 3660 2354 annuerit,
3718 2303 3826 2356 pro-

2236 2380 2577 2449 positionem
2611 2380 2875 2445 reddidit,
2907 2397 3028 2436 eam
3088 2381 3310 2435 scilicet
3374 2396 3535 2450 quam
3588 2377 3830 2447 proposuit

2233 2469 2590 2538 interrogans
2624 2486 2636 2535 ;
2672 2469 2720 2525 si
2751 2485 2877 2525 vero
2905 2471 3289 2533 interrogante
3325 2469 3531 2538 aliquo,
3589 2484 3652 2521 an
3693 2467 3829 2520 homo

2235 2557 2448 2614 animal
2479 2559 2572 2627 sit,
2606 2560 2958 2629 respondens
2990 2560 3218 2627 dixerit,
3253 2576 3374 2614 non
3425 2563 3529 2622 est,
3584 2553 3829 2612 contradi-

2234 2649 2480 2705 ctionem
2515 2648 2882 2717 respondisse
2919 2650 3216 2704 videbitur.
3246 2649 3350 2703 ille
3374 2650 3525 2703 enim
3557 2646 3834 2702 alfirmatio-

2236 2753 2367 2794 nem
2400 2737 2789 2807 interrogavit,
2827 2737 2924 2793 ille
2957 2747 3320 2808 negationem
3363 2738 3657 2806 respondit,
3712 2733 3829 2804 quod

2234 2835 2316 2884 est
2345 2828 2742 2882 contradictio.
2778 2827 2996 2882 Rursus
3028 2831 3074 2882 si
3133 2829 3496 2895 negationem
3551 2829 3828 2888 interroget,

2234 2927 2287 2974 et
2319 2919 2414 2974 ille
2448 2920 2784 2988 respondeat
2817 2920 3200 2989 negationem,
3236 2921 3494 2973 eamdem
3550 2914 3836 2987 propositio-

2236 3024 2367 3063 nem
2405 3009 2650 3064 reddidit
2677 3025 2847 3078 quam
2884 3008 2930 3062 is
2961 3010 3057 3078 qui
3112 3009 3479 3079 interrogavit
3508 3017 3632 3062 ante
3663 3019 3832 3074 propo-

2237 3097 2369 3151 suit.
2401 3097 2496 3151 Sin
2524 3113 2656 3152 vero
2690 3099 3077 3162 interrogante
3102 3097 3293 3166 aliquo
3359 3099 3717 3166 negationem,
3760 3089 3835 3145 ille

2237 3185 2676 3241 afﬁrmationem
2705 3187 3468 3256 responderit,contradictio
3493 3201 3736 3254 responsa
3755 3188 3833 3234 est.

2234 3274 2349 3329 Hoc
2381 3276 2667 3345 estigitur
2721 3277 2867 3346 quod
2929 3276 3028 3344 ait,
3088 3276 3590 3342 interrogationem
3649 3287 3835 3340 respon-

2232 3364 2412 3418 sionis
2443 3381 2565 3419 esse
2596 3365 2958 3434 petitionem,
2988 3371 3040 3419 et
3073 3365 3236 3433 cujus
3298 3363 3674 3434 responsionis
3713 3359 3837 3414 addi-

2232 3453 2337 3521 dit,
2371 3455 2450 3508 vel
2493 3454 3159 3524 propositionis,siidem
3212 3457 3572 3526 responde-tt,
3603 3452 3734 3523 quod
3763 3448 3836 3502 ille

2251 3553 2560 3610 nterrogat,
2587 3543 2918 3598 velalterius
2943 3545 3114 3614 partis
3135 3545 3622 3610 contradictionis,
3654 3543 3692 3595 si
3733 3555 3832 3594 cum

2232 3640 2326 3694 hic
2348 3636 2786 3690 alfirmationem
2815 3635 3140 3702 interroget,
3183 3633 3278 3688 ille
3333 3632 3668 3704 responderit
3699 3643 3832 3697 nrga-

2231 3729 2466 3793 tionem,
2493 3724 2574 3779 vel
2601 3723 2644 3777 si
2668 3739 2798 3779 cum
2824 3723 2914 3777 hic
2942 3732 3298 3792 negationem
3331 3725 3389 3778 in
3441 3722 3834 3786 interrogatione

2231 3817 2504 3888 posuerit,
2530 3814 2626 3867 ille
2652 3811 3096 3866 ailirmationem
3142 3813 3196 3866 in
3224 3814 3596 3879 resrtonsione
3627 3805 3836 3863 reddide-

2230 3907 2320 3961 rit.
2358 3902 2824 3970 Interrogationis
2855 3911 3043 3956 autem
3105 3905 3424 3956 secundum
3485 3898 3836 3968 Peripateticos

2230 3994 2437 4065 deplex
2469 3992 2686 4060 species
2718 3999 2822 4058 est,
2855 4000 2944 4044 aut
2981 4007 3112 4046 cum
3167 3990 3468 4046 dialectica
3517 3983 3834 4055 interrogatio

2233 4088 2338 4147 est,
2363 4090 2604 4137 autcum
2632 4095 2749 4135 non
2793 4080 3108 4135 dialectica.
3163 4081 3289 4136 Non
3344 4082 3649 4136 dialecticae
3675 4085 3832 4130 autem

2230 4171 2696 4235 interrogationis
2718 4170 2839 4223 dua:
2865 4170 3081 4237 species
3103 4178 3380 4230 sunt.una
3404 4173 3620 4241 quidem
3646 4162 3834 4236 quando

2233 4269 2522 4316 sumentes
2539 4259 3317 4328 accidentesinterrogamus,
3343 4261 3433 4316 cui
3461 4259 3594 4313 illud
3627 4252 3834 4310 accidat.

2233 4359 2440 4406 utcum
2475 4349 2732 4403 videmus
2758 4349 2990 4402 domum
3026 4348 3338 4418 Ciceronis,
3393 4350 3438 4404 si
3474 4351 3834 4410 interrogemus

2233 4440 2361 4510 quis
2384 4438 2504 4492 illic
2534 4442 2781 4498 maneat,
2807 4438 2888 4490 vel
2914 4439 3141 4507 qnando
3165 4438 3484 4507 subjectum
3533 4437 3734 4505 quidem
3764 4431 3830 4499 ip-

478 4539 545 4578 ex
569 4525 1005 4595 interroga'ione
1028 4527 1341 4594 optionem,
1370 4545 1440 4583 an
1461 4531 1566 4582 sibi
1593 4537 1940 4599 respondens
1971 4531 2121 4586 afﬁr-
2154 4515 2199 4576 D
2231 4544 2357 4583 sum
2383 4533 2439 4581 et
2464 4543 2581 4580 rem
2605 4529 2906 4590 sumimus,
2934 4527 3066 4596 quid
3097 4536 3284 4581 autem
3336 4527 3419 4580 illi
3449 4527 3656 4580 accidat
3688 4524 3831 4575 inter-

480 4615 788 4668 rnationem
815 4614 1028 4682 eligere
1051 4616 1203 4679 velit,
1228 4633 1298 4670 an
1324 4619 1712 4688 negationem.
1737 4621 1840 4684 Qui
1867 4637 1994 4676 vero
2042 4623 2125 4677 sic

474 4703 1007 4774 interrogat,utquid
1036 4706 1323 4776 estaliqua
1352 4723 1458 4774 res,
1490 4708 1620 4761 velit
1667 4709 1858 4765 dicere
1899 4727 2127 4782 respon-

474 4794 722 4859 dentem,
760 4810 871 4848 non
908 4805 987 4848 est
1019 4793 1117 4848 illa
1141 4795 1513 4866 interrogatio
1538 4797 1858 4854 dialectica.
1886 4803 2124 4856 Interro-

471 4892 600 4952 gant
637 4891 825 4938 autem
861 4885 1088 4953 quidam
1125 4883 1232 4938 hoc
1265 4888 1451 4949 moto,
1487 4897 1725 4954 putasne
1743 4888 1931 4941 anima
1974 4889 2122 4955 ignis

476 4973 608 5026 est?
637 4989 762 5027 cum
798 4977 1149 5043 respondens
1181 4975 1488 5044 negaverit,
1521 4975 1754 5037 addunt,
1790 4992 1982 5032 nonne
2015 4979 2121 5035 tib-

474 5060 698 5116 videlnr
731 5061 939 5134 aliquid
977 5080 1098 5119 esse
1130 5063 1275 5117 inter
1308 5064 1494 5127 ignem
1549 5073 1714 5134 atque
1767 5083 1955 5122 aerem
2007 5086 2122 5125 me-

466 5150 624 5205 dium
655 5168 881 5222 corpus,
917 5158 997 5216 ut,
1032 5154 1100 5207 sit
1125 5152 1310 5206 anima
1335 5151 1362 5204 ‘I
1405 5155 1545 5207 Cum
1589 5157 1940 5225 respondens
2017 5159 2122 5215 hoc

471 5256 694 5310 quoque
725 5242 1008 5309 abnuerit,
1045 5241 1127 5296 illi
1163 5248 1602 5312 persequuntur,
1625 5262 1696 5300 an
1731 5245 1965 5302 fortasse
2004 5264 2118 5303 ma-

474 5332 555 5400 gis
590 5332 684 5386 ubi
719 5333 938 5387 videtur
972 5348 1174 5402 aquam
1227 5348 1350 5386 esse
1406 5334 1656 5388 animam
1714 5336 1794 5390 vel
1860 5344 2059 5391 terram
2093 5339 2120 5394 ‘I

478 5422 620 5476 Cum
655 5423 750 5476 ille
782 5437 966 5492 neque
996 5431 1224 5485 terram,
1260 5439 1442 5493 neque
1472 5439 1671 5492 aquam
1704 5424 1955 5480 animam
1998 5443 2117 5483 esse

474 5512 851 5579 consenserit,
885 5521 1017 5566 tunc
1047 5511 1253 5566 defessi
1304 5513 1847 5583 interrogationibus
1901 5516 1976 5568 ita
2035 5517 2117 5570 in-

476 5606 766 5675 terrogant
796 5618 808 5658 :
834 5601 963 5666 Quae
987 5618 1076 5660 res
1097 5611 1179 5658 est
1195 5618 1327 5674 ergo
1349 5605 1543 5660 anima
1561 5602 1588 5658 ί)
1615 5604 1733 5660 haec
1776 5613 1964 5661 autem
1999 5622 2116 5662 non

2238 4633 2520 4686 rogamus,
2547 4625 2602 4669 ut
2627 4615 2675 4669 si
2700 4616 2882 4685 ipsum
2909 4619 3240 4670 CiCt‘TODPm
3291 4618 3419 4686 quis
3469 4616 3664 4675 videat,
3695 4621 3736 4665 et
3763 4607 3833 4661 in-

2236 4714 2497 4774 terroget,
2522 4722 2630 4776 quo
2657 4706 2920 4770 divertat,
2943 4714 2991 4758 et
3023 4705 3142 4759 haec
3171 4721 3285 4759 una
3310 4707 3529 4775 species
3569 4709 3833 4758 esteorum

2235 4813 2357 4867 qua:
2391 4794 2705 4849 secundum
2734 4797 3021 4860 accidens,
3057 4809 3170 4848 non
3225 4794 3524 4849 diaiectiee
3571 4793 3836 4846 interroge-

2234 4901 2377 4940 mus.
2415 4885 2594 4938 Altera
2629 4899 2757 4937 vero
2788 4885 3014 4952 quando
3049 4893 3428 4951 proponentes
3491 4895 3686 4936 nomen
3721 4871 3830 4944 quid

2230 4975 2300 5030 sit
2328 4973 2649 5044 quaerimus,
2673 4978 2764 5025 aut
2787 4987 2987 5039 genus,
3015 4981 3104 5024 aut
3131 4973 3532 5036 diti‘erentiam,
3574 4977 3661 5022 aut
3707 4962 3829 5019 ditii-

2233 5066 2512 5120 nitionem
2547 5060 2918 5132 requirentes,
2956 5069 3011 5115 ut
3046 5061 3090 5114 si
3125 5063 3252 5132 quis
3284 5063 3585 5124 interroget
3615 5056 3732 5128 quid
3777 5051 3832 5104 sit

2233 5153 2468 5214 animal,
2505 5151 2587 5204 vel
2623 5153 2846 5218 quando
2880 5151 3282 5205 dillinitionem
3320 5161 3409 5205 aut
3445 5149 3646 5217 aliquid
3693 5153 3829 5210 supe-

2231 5245 2350 5298 rius
2382 5240 2665 5295 dictornm
2695 5239 2995 5305 sumimus,
3021 5249 3070 5293 et
3096 5239 3403 5309 querimus
3431 5241 3589 5308 cujus
3611 5237 3696 5290 illa
3721 5231 3828 5292 sint,

2231 5340 2287 5386 ut
2320 5333 2364 5385 si
2394 5331 2518 5401 quis
2548 5337 2778 5401 quierat,
2809 5329 3022 5384 animal
3061 5329 3356 5394 rationale,
3391 5327 3637 5392 mortale,
3691 5320 3827 5388 cujus

2227 5423 2298 5477 sit
2329 5421 2620 5474 diiﬁnitio.

2296 5509 2574 5580 Quoniam
2606 5524 2729 5564 vero
2760 5509 2874 5564 hac
2893 5510 3122 5581 quidem
3148 5506 3517 5580 praedicantur
3543 5499 3827 5571 composita.

2222 5607 2282 5658 ut
2313 5618 2488 5658 unum
2514 5603 2589 5656 sit
2619 5617 2779 5658 omne
2800 5604 3284 5675 medicamentum
3313 5615 3506 5654 eorum
3536 5611 3650 5670 quae
3693 5593 3826 5647 extra
