4106 6172
360 269 473 323 573
1117 272 1191 324 IN
1228 272 1507 327 LIBRUM
1547 273 1640 324 DE
1681 267 2362 324 iNTERPRETATIONE
2400 268 2639 322 EDlTlO
2675 268 3029 322 SECUNDA.
3670 269 3776 324 574

355 389 770 463 medicantur,
803 389 932 445 alia
963 406 1086 447 vero
1117 408 1250 458 non,
1283 409 1404 470 qua
1437 391 1762 464 diﬂerentia
1810 395 1908 457 est,
1954 391 2022 446 de
2053 390 2104 457 Α
2134 391 2288 445 enim
2313 403 2508 443 verum
2532 396 2614 444 est
2635 389 2846 448 dicere,
2870 389 3139 459 quoniam
3159 396 3211 444 et
3232 389 3447 445 animal
3488 397 3544 445 et
3592 389 3777 463 bipes,

361 480 753 534 homincenim
777 496 965 535 verum
987 492 1067 535 est
1089 481 1354 546 dicereet
1377 491 1538 536 extra
1560 481 1849 542 unintalet
1870 490 2026 534 extra

365 569 611 641 bipes,et
633 571 751 625 haec
773 574 833 624 ut
857 587 1047 625 unum.
1079 573 1140 625 Et
1161 571 1460 636 hominem,
1496 579 1546 625 et
1583 572 1792 635 album,
1833 575 1881 625 et
1914 571 2026 623 have

361 665 425 714 ut
447 677 642 714 unum.
669 659 769 713 Sed
791 676 901 714 non
922 663 974 714 .ςί
1013 660 1352 717 citharoedus
1406 667 1504 721 est,
1554 672 1604 714 et
1656 661 1823 714 bonus
1871 668 1946 714 est
1977 663 2027 712 et

361 750 720 806 citharzedus
743 749 931 802 bon-us.
960 749 1021 804 Si
1040 752 1189 804 enim
1212 752 1476 820 quoniam
1519 752 1852 804 alterutrum
1889 749 2026 802 dici-

365 843 465 893 tur
489 842 539 893 et
571 849 866 910 utrumque
895 839 1132 907 dicetur,
1168 841 1344 893 multa
1377 838 1820 894 inconvenientia
1845 846 2023 893 erunt.

378 933 462 982 De
492 928 715 982 homine
741 931 889 982 enim
920 945 1114 982 verum
1144 935 1222 983 est
1252 935 1301 983 et
1335 929 1608 983 hominem
1640 932 1689 983 et
1718 928 1904 982 album
1943 927 2028 981 di-

366 1032 512 1082 cere,
545 1033 724 1087 quare
751 1026 800 1071 et
823 1033 1003 1073 omne.
1037 1019 1242 1072 Rursus
1271 1020 1321 1072 si
1349 1019 1626 1084 album,et
1647 1033 1822 1071 omne.
1849 1018 2029 1084 Quare

367 1109 476 1162 erit
506 1107 667 1160 homo
695 1107 874 1175 albus,
906 1113 955 1162 et
988 1107 1086 1162 hoc
1117 1107 1177 1162 in
1206 1107 1512 1176 inﬁnitum.
1550 1112 1612 1163 Et
1642 1123 1833 1161 rursus
1855 1105 2028 1160 musi-

368 1214 467 1252 cus
497 1198 661 1253 albus
694 1198 1004 1266 ambulans,
1039 1205 1090 1253 et
1120 1198 1232 1252 [rrec
1263 1199 1448 1252 eadem
1478 1199 1796 1270 frequenter
1839 1197 2030 1266 impli-

378 1290 492 1343 cita
533 1289 597 1342 in
630 1288 933 1357 inﬁnitum.
970 1289 1219 1359 Amplius
1249 1289 1305 1344 si
1337 1287 1598 1353 Socrates,
1649 1287 1899 1343 Socrates
1955 1294 2034 1341 est

379 1389 434 1435 et
465 1380 648 1445 homo,
681 1385 734 1434 et
761 1379 1015 1433 Socrates
1045 1381 1290 1435 Socrates
1323 1379 1501 1435 homo.
1566 1381 1629 1434 Et
1673 1381 1725 1435 si
1778 1379 1936 1433 homo
1983 1383 2034 1433 et

382 1469 553 1540 bipes,
587 1477 637 1523 et
674 1470 834 1523 homo
864 1469 1021 1524 homo
1054 1471 1223 1540 bipes.

450 1558 634 1614 Multa
665 1568 795 1614 sunt
829 1575 950 1628 quae
979 1575 1108 1613 cum
1141 1559 1475 1629 singulatim
1536 1574 1663 1614 vere
1721 1559 2034 1629 praedicen-

372 1657 479 1715 tur,
515 1647 563 1702 si
596 1648 724 1717 quis
753 1665 818 1702 ea
846 1647 1156 1717 conjungat
1189 1657 1241 1702 et
1281 1649 1569 1717 praedicet,
1606 1664 1797 1702 veram
1827 1648 2034 1718 ιιι-εεάὶ-

2138 495 2328 534 rursus
2350 480 2613 547 quoniam
2635 479 2848 533 animal
2903 479 3080 549 bipes,
3130 496 3319 533 verum
3361 486 3447 534 est
3477 481 3545 535 de
3577 482 3775 536 eodem

2139 569 2370 624 homine
2399 571 2606 632 dicere,
2643 582 2693 622 ut
2729 571 2800 624 de
2856 570 3106 636 Socrate,
3168 571 3236 623 de
3295 572 3490 624 eodem
3551 587 3782 641 quoque

2135 658 2365 712 Socrate
2398 663 2453 712 et
2488 658 2778 713 hominem
2811 668 2967 713 extra
3001 669 3053 713 et
3082 658 3273 712 album
3298 659 3341 711 si
3365 661 3440 712 ita
3472 661 3778 727 contingit,

2138 764 2329 802 verum
2363 756 2444 801 est
2474 748 2681 812 dicere,
2716 752 2772 801 et
2829 749 2898 803 de
2948 750 3142 802 eodem
3207 749 3512 817 praedicare
3569 749 3780 803 annual

2138 839 2320 908 bipes,
2352 854 2383 890 a
2413 836 2648 890 veritate
2682 854 2793 891 non
2826 838 3127 906 discrepat,
3161 845 3329 906 atque
3381 838 3498 891 haec
3549 837 3776 905 quidem

2138 947 2262 1001 qua:
2285 939 2436 985 extra
2461 929 2751 997 sigillatim
2789 928 3167 996 prazdicantur
3191 942 3315 981 vere
3355 935 3403 979 et
3424 927 3621 996 juncta
3654 943 3782 981 vera

2136 1025 2291 1074 sunt.
2317 1019 2470 1081 Quod
2497 1020 2543 1073 si
2567 1020 2634 1072 de
2655 1019 2844 1087 aliquo
2880 1017 3235 1085 praedicetur,
3286 1017 3550 1086 quoniam
3604 1015 3782 1070 citha-

2141 1110 2330 1165 rmdus
2360 1115 2462 1173 est,
2495 1112 2553 1161 et
2585 1123 2780 1162 verum
2815 1109 2905 1161 sit.
2941 1111 3000 1160 Et
3036 1121 3227 1160 rursus
3271 1106 3540 1175 quoniam
3602 1105 3783 1160 bonus

2142 1205 2244 1264 est,
2278 1205 2330 1250 et
2362 1213 2552 1252 verum
2582 1199 2670 1262 sit,
2701 1213 2812 1251 non
2849 1211 3082 1251 necesse
3129 1202 3213 1249 est
3270 1196 3457 1250 dicere
3515 1196 3782 1264 quoniam

2143 1289 2322 1343 bonus
2345 1287 2688 1342 citharoedus
2711 1291 2811 1341 est.
2829 1287 3005 1341 Potest
3029 1284 3181 1340 enim
3205 1302 3325 1340 esse
3347 1287 3573 1355 quidem
3603 1285 3784 1340 solum

2142 1376 2512 1444 citharoedus,
2550 1377 2730 1431 bonus
2759 1383 2944 1431 autem
2984 1375 3172 1439 homo,
3210 1375 3502 1444 hucusque
3559 1375 3787 1444 quidem

2148 1467 2253 1521 ista
2285 1467 2586 1536 disposuit.
2621 1464 2898 1530 Quoniam
2931 1468 3117 1518 autem
3154 1464 3492 1519 videbantur
3557 1464 3786 1533 quidam

2143 1555 2402 1610 arbitrari
2433 1556 2580 1623 quod
2614 1554 2805 1608 omnia
2837 1571 2963 1624 quae
2995 1553 3282 1618 sigillatim
3337 1569 3461 1609 vere
3512 1554 3785 1623 praedica-

2146 1648 2360 1706 rentur,
2395 1642 2590 1697 eadem
2621 1658 2842 1711 quoque
2885 1642 3196 1710 composita
3244 1651 3392 1696 recte
3443 1643 3786 1706 dicerentur,

363 1739 655 1794 cationem
689 1746 901 1793 tenent.
935 1743 1075 1792 Sunt
1107 1747 1295 1794 autem
1357 1738 1470 1792 alia
1528 1753 1674 1808 quae,
1729 1738 1776 1792 si
1837 1753 1933 1807 per
1968 1753 2032 1792 se
2069 1769 2114 1832 Β
2149 1741 2345 1788 contra
2367 1731 2893 1802 hosdicitquoniam
2923 1731 3098 1785 multa
3115 1739 3280 1786 erunt
3307 1728 3789 1793 inconvenientia,

367 1837 420 1884 et
449 1828 742 1895 disiuncta
776 1828 1178 1896 praedicantur,
1213 1843 1340 1881 vera
1373 1831 1541 1891 sunt;
1579 1827 1665 1882 sin
1701 1843 1830 1882 vero
1888 1842 2028 1882 con-

368 1918 576 1987 juncta
606 1917 889 1984 dicantur,
931 1917 1221 1971 veritatem
1257 1915 1317 1970 in
1356 1916 1755 1986 praedicatione
1805 1931 1922 1970 non
1974 1931 2034 1969 re

369 2014 607 2071 tenent;
644 2021 768 2076 quae
801 2021 932 2075 ergo
991 2006 1066 2060 sit
1137 2005 1342 2060 horum
1411 2005 1752 2070 differentia,
1815 2012 2035 2075 oportet

366 2097 619 2165 agnosci.
655 2094 866 2164 Siquis
895 2096 1051 2150 enim
1110 2094 1280 2160 dicat,
1339 2094 1600 2148 Socrates
1659 2093 1870 2150 animal
1924 2102 2032 2160 est,

363 2199 564 2240 verum
597 2184 804 2238 dixerit
839 2201 852 2249 ;
887 2185 935 2238 si
965 2183 1093 2253 quis
1153 2199 1347 2238 rursus
1415 2183 1707 2254 praadicet,
1768 2184 2036 2252 quoniam

369 2273 630 2328 Socrates
665 2272 825 2341 bipes
878 2280 980 2338 est,
1025 2272 1130 2327 hoc
1181 2288 1406 2342 quoque
1433 2287 1630 2327 verum
1676 2281 1758 2328 est
1789 2292 1801 2340 ;
1838 2288 1961 2342 quae
1992 2272 2040 2327 si

373 2363 686 2432 conjuncta
717 2362 1072 2426 dicantur,ut
1094 2361 1467 2426 est,Socrates
1488 2362 1700 2416 animal
1744 2362 1904 2433 bipes
1935 2367 2036 2431 est,

373 2469 407 2507 a
429 2453 654 2522 propria
674 2453 909 2506 veritate
935 2467 1045 2506 non
1088 2452 1392 2520 discrepat,
1445 2458 1613 2520 atque
1661 2451 1779 2506 haec
1809 2453 2038 2521 quidem

373 2545 432 2599 in
455 2559 667 2614 genere
691 2552 744 2596 et
773 2541 1114 2611 differentia,
1139 2558 1202 2597 ea
1225 2558 1346 2613 quae
1379 2541 1771 2597 substantialis
1821 2548 1908 2597 est
1935 2543 2036 2597 So-

379 2635 540 2688 crati.
557 2631 716 2695 Quod
732 2631 866 2684 side
879 2631 1174 2686 accidente
1192 2646 1414 2700 quoque
1429 2631 1670 2694 dicatur,
1700 2638 1877 2700 potest
1894 2633 2042 2685 idem

386 2722 530 2776 nihil
561 2720 1051 2776 ominusevenire.
1085 2721 1142 2774 Si
1161 2721 1288 2790 quis
1309 2720 1459 2775 enim
1485 2721 1571 2775 sic
1594 2721 1764 2787 dicat,
1787 2720 2046 2776 Socrates

391 2810 561 2865 homo
595 2817 696 2875 est,
732 2824 925 2862 verum
949 2815 1051 2875 est,
1079 2817 1132 2862 et
1156 2824 1348 2862 rursus
1398 2809 1659 2864 Socrates
1710 2809 1906 2864 calvus
1941 2816 2044 2877 est,

388 2899 494 2955 hoc
517 2914 742 2969 quoque
761 2913 953 2952 verum
969 2905 1048 2952 est
1074 2915 1087 2963 ;
1108 2899 1251 2968 quod
1272 2897 1317 2951 si
1335 2898 1534 2967 jungat
1559 2897 2046 2963 dicens,Socrates

389 2990 558 3044 homo
580 2987 774 3042 calvus
803 2993 906 3054 est,
933 3003 1120 3042 veram
1163 3002 1356 3041 rursus
1403 3003 1471 3040 ex
1523 2987 1848 3057 conjunctis
1880 2987 2044 3042 faciet

2147 1824 2437 1893 multaque
2471 1822 2844 1892 impossibilia
2869 1830 3018 1887 sunt,
3044 1821 3234 1891 siquis
3265 1822 3417 1876 dicat
3447 1837 3621 1876 omne
3643 1820 3791 1888 quod

2147 1911 2437 1981 sigillatim
2499 1913 2835 1982 praedicatur
2894 1910 3189 1977 veraciler,
3241 1909 3295 1964 id
3344 1912 3608 1978 junctum
3664 1925 3793 1965 vere

2148 2001 2466 2071 praedicari.
2503 2001 2581 2055 De
2613 2001 2847 2055 homine
2879 2001 3035 2054 enim
3067 2015 3257 2054 verum
3291 2008 3373 2055 est
3421 2001 3609 2055 dicere
3654 2016 3800 2070 quo-

2151 2092 2308 2146 niam
2335 2092 2503 2145 bomo
2535 2096 2638 2159 est,
2668 2107 2798 2144 nam
2832 2093 2898 2143 de
2928 2093 3154 2144 Socrate
3198 2091 3295 2159 qui
3331 2095 3498 2144 homo
3530 2097 3631 2158 est,
3667 2105 3792 2144 vere

2151 2181 2357 2236 dicitur
2390 2183 2657 2251 quoniam
2691 2180 2858 2234 homo
2891 2187 2992 2243 est,
3029 2195 3221 2234 rursus
3278 2180 3346 2233 de
3402 2181 3602 2234 eodem
3662 2195 3791 2234 vere

2150 2272 2262 2328 dici
2288 2280 2466 2342 potest
2489 2272 2755 2340 quoniam
2779 2270 2940 2324 albus
2963 2277 3064 2324 est.
3091 2273 3274 2335 Quare
3314 2275 3370 2323 et
3415 2269 3460 2324 si
3510 2270 3626 2324 haec
3649 2269 3793 2339 jun-

2151 2379 2267 2433 gas,
2294 2369 2345 2416 et
2371 2369 2425 2414 ut
2448 2377 2623 2415 unum
2648 2361 2942 2430 praedices,
2961 2375 3156 2414 verum
3175 2364 3262 2414 est
3283 2359 3470 2413 dicere
3493 2361 3561 2413 de
3603 2359 3794 2429 aliquo

2152 2452 2385 2507 homine
2407 2451 2672 2522 quoniam
2702 2450 2868 2504 homo
2891 2449 3054 2504 albus
3076 2455 3159 2503 est
3185 2467 3197 2514 ;
3224 2449 3320 2504 sed
3340 2450 3507 2504 homo
3524 2449 3615 2516 qui
3633 2449 3794 2502 albus

2150 2549 2252 2606 est,
2285 2558 2473 2597 verum
2508 2550 2590 2597 est
2650 2542 2837 2595 dicere
2896 2541 2966 2596 de
3023 2556 3088 2595 eo
3142 2540 3409 2610 quoniam
3471 2539 3633 2593 albus
3690 2546 3792 2594 est.

2152 2634 2332 2696 Quare
2354 2630 2573 2685 etiamsi
2599 2630 2962 2698 lizecjungas,
2985 2630 3090 2682 erit
3140 2627 3483 2697 praedicatio,
3538 2633 3796 2683 Socrates

2153 2721 2317 2775 homo
2348 2720 2510 2774 albus
2538 2719 2700 2773 albus
2733 2726 2838 2786 est,
2875 2734 3007 2772 nam
3042 2719 3110 2772 de
3139 2722 3365 2772 Socrate
3422 2733 3618 2771 verum
3679 2725 3795 2771 erat

2150 2811 2338 2866 dicere
2368 2810 2640 2880 quoniam
2664 2811 2830 2864 homo
2851 2809 3016 2862 albus
3037 2814 3121 2861 est
3145 2829 3159 2874 ;
3185 2809 3279 2862 sed
3309 2807 3377 2862 de
3403 2808 3629 2862 homine
3663 2808 3793 2862 albo

2150 2916 2344 2955 verum
2369 2901 2659 2954 estdicere
2684 2899 2953 2969 quoniam
2978 2898 3144 2951 albus
3189 2905 3291 2964 est,
3319 2897 3437 2950 haec
3468 2897 3793 2965 conjuncta,

2151 2989 2408 3045 Socrates
2441 2989 2608 3043 homo
2641 2987 2804 3041 albus
2832 2986 2993 3040 albus
3021 2995 3102 3039 est
3139 2987 3391 3042 faciunt:
3428 2986 3572 3054 quod
3625 2985 3671 3039 si
3729 2986 3798 3041 de

382 3077 877 3149 przedicationem.
901 3077 1084 3146 Atque
1109 3079 1165 3128 in
1193 3076 1280 3129 his
1307 3077 1532 3145 quidem
1557 3091 1621 3130 ea
1666 3091 1788 3146 quae
1821 3075 2036 3145 sigilla-
2072 3115 2113 3179 C
2154 3080 2352 3134 eodem
2393 3079 2623 3133 homine
2653 3077 2782 3131 albo
2813 3093 3008 3131 rursus
3039 3075 3234 3130 album
3279 3074 3584 3144 praedicare
3634 3074 3794 3140 velis,

386 3167 484 3221 lim
509 3182 638 3220 vere
661 3165 1230 3232 dicebantur.juncta
1254 3164 1526 3220 veraciter
1550 3165 1849 3234 praedicata
1880 3173 2035 3220 sunt.

379 3257 724 3310 Suntautem
750 3255 930 3308 aliain
947 3254 1153 3323 quibus
1172 3253 1462 3323 sigillatim
1482 3254 1710 3323 quidem
1739 3256 2040 3323 praedicata

380 3361 509 3400 vera
524 3351 679 3403 sunt,
696 3344 895 3412 juncta
915 3359 1043 3397 vero
1059 3341 1389 3412 qualitatem
1410 3344 1963 3409 veritatisamittunt,
1982 3353 2040 3400 ut

382 3435 427 3489 si
449 3435 580 3504 quis
603 3434 774 3495 dicat,
799 3435 1073 3500 quoniam
1095 3436 1358 3487 Socrates
1384 3432 1567 3487 bonus
1592 3441 1694 3498 est,
1718 3449 1910 3488 verum
1934 3442 2038 3498 est,

387 3539 608 3590 rursus,
671 3522 931 3576 Socrates
988 3521 1330 3576 citharaedus
1375 3533 1478 3588 est,
1537 3522 1618 3577 sic
1680 3537 1900 3592 quoque
1932 3523 2038 3579 hoc

379 3628 578 3668 verum
612 3619 715 3666 est.
751 3611 880 3665 Haec
911 3611 1260 3680 conjungere
1295 3627 1407 3665 non
1441 3627 1673 3667 necesse
1705 3620 1813 3675 est,
1846 3620 1906 3666 ut
1964 3613 2040 3668 sit

381 3718 607 3768 verum,
633 3701 895 3755 Socrates
910 3700 1090 3755 bonus
1117 3700 1470 3755 citharmdus
1488 3705 1597 3756 est.
1652 3701 1840 3756 Potest
1884 3703 2037 3757 enim

388 3791 572 3847 bonus
592 3791 820 3860 quidem
840 3805 964 3844 esse
989 3790 1180 3855 homo,
1214 3799 1416 3844 etcum
1442 3790 1508 3843 sit
1541 3789 1905 3858 citharmdus,
1924 3807 2039 3846 non

386 3890 573 3936 tamen
589 3898 711 3935 esse
729 3881 933 3948 bonus,
966 3881 1140 3935 sedin
1160 3880 1272 3934 alia
1294 3881 1518 3948 quidem
1538 3880 1814 3943 rebonus,
1847 3881 1904 3934 in
1929 3881 2040 3936 alia

382 3978 608 4025 tantum
630 3969 1360 4040 artisilliuscognitor,non
1379 3980 1563 4025 tamen
1587 3968 1644 4022 in
1661 3969 1784 4038 ipsa
1825 3969 2037 4038 perfec-

378 4059 834 4116 tus.Hocautem
855 4058 1187 4112 faciliustali
1233 4058 1469 4128 liquebit
1508 4059 1790 4127 exemplo.
1825 4059 1881 4112 Si
1912 4061 2039 4129 quis

379 4148 539 4204 enim
556 4146 1006 4216 dicat,quoniam
1022 4145 1284 4200 Tiberius
1298 4146 1591 4202 Gracchus
1608 4145 1908 4212 malusest,
1943 4163 2036 4202 ve-

379 4235 1606 4303 rumest,rursusTiberiusGracchusorator
1635 4244 1739 4304 est,
1769 4237 1874 4291 hoc
1905 4252 2041 4305 quo-

378 4341 494 4398 que
509 4342 698 4380 verum
715 4335 798 4380 est
816 4343 828 4391 ;
847 4326 894 4379 si
911 4326 1266 4394 conjungens
1281 4325 1428 4380 dicat
1448 4343 1460 4379 ε
1477 4325 1734 4380 Tiberius
1747 4326 2036 4380 Gracchus

378 4414 570 4470 maius
592 4422 776 4470 orator
797 4415 1069 4482 est,i'also
1094 4415 1293 4480 dixeri,
1338 4415 1588 4484 Optimus
1638 4414 1791 4470 enim
1847 4420 2036 4470 orator

2150 3185 2345 3224 verum
2373 3173 2494 3236 est;
2525 3171 2782 3237 quocirca
2808 3171 2863 3221 et
2885 3166 3179 3235 sijungas,
3207 3165 3314 3218 erit
3338 3165 3505 3234 igitur
3534 3166 3800 3233 praedica-

2152 3256 2954 3326 tio,homoa|busalbusalbus
2976 3263 3078 3322 est,
3103 3263 3268 3324 atque
3284 3253 3461 3309 hocin
3479 3253 3792 3309 inﬁnitum.

2153 3348 2374 3402 Rursus
2405 3348 2452 3401 si
2485 3347 2610 3416 quis
2638 3348 2706 3400 de
2735 3345 2933 3417 aliquo
2970 3346 3199 3400 homine
3229 3346 3375 3399 dicat
3408 3345 3674 3413 quoniam
3699 3343 3796 3399 ille

2153 3437 2322 3492 homo
2355 3437 2607 3491 musicus
2638 3445 2740 3502 est,
2774 3435 2818 3490 si
2880 3451 3072 3490 verum
3100 3435 3248 3488 dicat
3278 3435 3622 3504 adjiciatque
3652 3450 3792 3503 quo-

2151 3527 2300 3582 niam
2333 3531 2482 3582 idem
2514 3526 2684 3579 homo
2714 3525 3015 3579 ambulans
3045 3532 3146 3590 est,
3183 3540 3367 3578 verum
3403 3523 3617 3587 dicit,si
3660 3525 3792 3590 jun-

2151 3627 2237 3686 gat
2262 3619 2529 3686 quoniam
2552 3615 2648 3669 ille
2675 3617 2842 3669 homo
2860 3615 3160 3669 ambulans
3181 3616 3436 3667 musicus
3472 3621 3576 3668 est.
3601 3613 3709 3667 Sed
3746 3613 3794 3667 si

2152 3722 2344 3761 verum
2376 3710 2463 3760 est
2489 3707 2556 3759 de
2586 3705 2773 3773 aliquo
2808 3705 3037 3758 homine
3071 3704 3377 3770 praediCare
3408 3703 3556 3773 quod
3580 3701 3652 3756 sit
3671 3717 3791 3755 am-

2153 3795 2355 3849 bulans
2388 3795 2658 3858 musieus,
2692 3795 2760 3848 de
2791 3792 3122 3848 ambulante
3148 3801 3334 3847 autem
3364 3791 3576 3846 musico
3600 3806 3789 3846 verum

2149 3894 2230 3939 est
2262 3885 2450 3939 dicere
2481 3884 2747 3955 quoniam
2783 3882 3034 3938 musicus
3065 3887 3172 3949 est,
3202 3883 3309 3937 erit
3339 3882 3435 3936 ille
3469 3883 3640 3937 homo
3671 3897 3793 3935 am-

2151 3974 2355 4028 bulans
2389 3975 2642 4028 musicus
2675 3974 2948 4039 musicus,
2982 3976 3076 4027 sed
3111 3975 3178 4027 de
3212 3976 3406 4027 eodem
3459 3988 3650 4027 verum
3712 3977 3796 4025 est.

2149 4065 2335 4118 dicere
2367 4064 2638 4133 quoniam
2673 4063 2980 4117 ambulans
3012 4075 3114 4126 est,
3150 4078 3339 4115 verum
3373 4063 3475 4114 erit
3524 4061 3691 4126 igitur
3723 4061 3794 4116 de

2149 4168 2214 4207 eo
2247 4168 2444 4206 rursus
2477 4153 2661 4205 dicere
2683 4152 2948 4222 quoniam
2978 4151 3147 4205 homo
3167 4149 3467 4204 ambulans
3488 4149 3790 4202 ambulans

2148 4243 2403 4297 musicus
2434 4241 2689 4295 musicus
2721 4249 2819 4294 est.
2861 4241 3116 4309 Amplius
3147 4256 3370 4309 quoque
3401 4243 3658 4294 Socrates
3688 4242 3788 4292 So-

2148 4339 2329 4386 crates
2362 4341 2467 4397 est,
2503 4338 2555 4384 et
2587 4346 2780 4384 rursus
2815 4330 3003 4394 homo,
3035 4329 3145 4382 erit
3172 4329 3338 4393 igitur
3369 4329 3627 4383 Socrates
3684 4328 3786 4382 So-

2150 4431 2329 4478 crates
2360 4422 2532 4475 bnmo
2566 4442 2579 4489 ;
2617 4423 2715 4476 sed
2746 4428 2796 4475 et
2831 4421 3010 4490 bipes,
3044 4421 3148 4474 erit
3178 4420 3348 4488 igitur
3373 4425 3630 4475 Socrates
3685 4420 3787 4474 So-

381 4505 496 4560 i'uit
522 4522 536 4570 ;
562 4506 654 4558 sed
678 4520 749 4559 ne
772 4504 900 4572 quis
924 4520 1025 4559 nos
1051 4506 1126 4557 ita
1150 4503 1406 4558 dicentes
1428 4504 1688 4571 ignorare
1713 4512 1865 4572 putet
1900 4521 2032 4559 ora-
2067 4487 2111 4550 Β
2144 4522 2326 4566 crates
2361 4513 2526 4566 homo
2555 4487 2749 4579 bipes;
2783 4487 2977 4564 sedne
3023 4487 3253 4565 Socrate
3314 4526 3500 4565 verum
3561 4518 3642 4565 est
3697 4509 3786 4563 di-

376 4594 523 4650 toris
545 4610 666 4648 esse
679 4594 1073 4649 deﬁnitionem
1093 4592 1277 4646 virum
1297 4592 1503 4647 bonum
1522 4593 1751 4648 dicendi
1769 4595 2028 4663 peritum,

371 4684 508 4739 haec
529 4684 680 4738 dicta
706 4691 837 4738 sunt
863 4683 932 4736 ad
960 4683 1284 4750 exemplum
1317 4682 1499 4752 potius
1529 4699 1698 4753 quam
1738 4685 1804 4736 ad
1831 4687 2031 4738 verita-

374 4783 523 4829 tem.
557 4776 728 4841 Atque
750 4772 872 4826 haec
893 4772 1116 4841 quidem
1146 4775 1428 4840 proposita
1451 4771 1520 4825 ab
1542 4772 1838 4826 Aristotele
1874 4781 2026 4838 sunt,

371 4861 554 4930 cujus
599 4861 655 4915 in
692 4865 848 4914 textu
891 4859 1058 4914 verba
1089 4861 1173 4914 sic
1213 4868 1497 4914 constant.
1544 4861 1824 4923 Quoniam
1873 4877 2027 4928 vero,

372 4950 591 5019 inquit,
616 4949 735 5004 haec
757 4950 986 5018 quidem
1011 4950 1387 5018 prtedicintur
1421 4949 1817 5019 composita,ut
1861 4967 1922 5004 ex
1946 4950 2032 5004 his

375 5054 566 5095 unum
591 5041 1094 5107 pradicamentum
1140 5038 1254 5106 ﬁat,
1305 5053 1500 5093 eorum
1553 5055 1673 5109 quae
1723 5047 1876 5094 extra
1904 5056 2030 5095 vere

371 5129 688 5202 praedicata
728 5139 878 5195 sunt,
909 5128 1025 5182 alia
1055 5143 1184 5182 vero
1233 5143 1363 5182 cum
1409 5137 1565 5182 extra
1585 5127 1873 5195 sigilla'im
1904 5145 2030 5183 vere

373 5219 854 5291 praedicerentur,
872 5218 1069 5287 juncta
1094 5234 1281 5272 veram
1307 5234 1420 5271 non
1447 5216 1666 5271 iaciunt
1690 5219 2031 5287 praedicatio-

367 5325 538 5368 nem.
577 5309 983 5379 inquirendum
1041 5317 1276 5378 estquae
1331 5325 1527 5363 eorum
1575 5308 1647 5363 sit
1691 5308 2027 5374 diiierentia,

366 5399 640 5466 exempla
664 5403 849 5452 autem
869 5398 1068 5452 horum
1090 5400 1220 5451 talia
1245 5407 1395 5453 sunt.
1419 5398 1626 5452 Eurum
1654 5399 1882 5469 quidem
1905 5414 2031 5467 quas

373 5499 545 5548 extra
569 5489 944 5560 praedicantur
967 5505 1114 5553 vere,
1143 5504 1247 5543 nec
1279 5490 1326 5542 si
1356 5490 1662 5558 conjuncta
1704 5498 1834 5543 sunt
1866 5498 2032 5543 natu-

371 5596 507 5639 ram
531 5579 781 5636 veritatis
802 5578 1091 5647 amittunt,
1116 5577 1222 5634 tale
1238 5579 1569 5650 exemplum
1590 5585 1697 5648 est,
1713 5581 1782 5635 de
1800 5579 2032 5635 homine

2145 4616 2272 4656 cere
2301 4601 2570 4670 quoniam
2590 4606 2848 4654 Socrates
2875 4601 3041 4654 homo
3068 4600 3222 4667 bipes
3245 4608 3346 4664 est,
3369 4602 3462 4653 sed
3489 4614 3616 4652 cum
3671 4598 3787 4652 dixi

2146 4688 2461 4754 hominem,
2496 4690 2564 4742 de
2594 4704 2658 4742 eo
2686 4689 2799 4756 jam
2833 4696 2885 4741 et
2920 4687 3182 4756 bipedem
3215 4687 3350 4752 dixi,
3403 4689 3590 4740 omnis
3634 4686 3787 4740 enim

2145 4777 2312 4831 homo
2348 4776 2505 4844 bipes
2538 4784 2655 4840 est;
2688 4790 2883 4828 verum
2917 4782 2997 4829 est
3029 4792 3160 4843 ergo
3192 4775 3263 4827 de
3293 4789 3358 4828 eo
3415 4774 3600 4827 dicere
3647 4786 3787 4841 quo-

2142 4867 2294 4920 niam
2334 4865 2490 4935 bipes
2523 4872 2628 4929 est,
2660 4866 2753 4918 sed
2792 4881 2979 4918 verttm
3014 4870 3134 4918 erat
3161 4864 3347 4917 dicere
3374 4866 3644 4933 quoniam
3685 4869 3788 4916 So-

2141 4964 2325 5010 crates
2351 4955 2605 5008 Socrates
2640 4953 2806 5007 homo
2842 4953 2999 5022 bipes
3033 4960 3113 5006 est
3142 4970 3154 5020 ;
3191 4969 3316 5006 vera
3348 4951 3519 5020 igitur
3578 4951 3784 5020 pra-di-

2140 5045 2286 5098 catio
2315 5042 2439 5097 erit.
2472 5043 2729 5096 Socrates
2759 5042 3018 5096 Socrates
3051 5043 3209 5110 bipes
3242 5041 3398 5110 bipes
3461 5041 3624 5094 homo
3677 5045 3783 5094 est.

2139 5133 2245 5187 Sed
2282 5147 2476 5186 rursus
2512 5131 2796 5185 hominem
2832 5131 2970 5194 dixi,
2997 5141 3164 5200 atque
3196 5131 3251 5185 in
3305 5147 3369 5184 eo
3419 5130 3567 5182 aliud
3629 5127 3784 5196 bipes

2140 5221 2454 5288 nominavi,
2489 5221 2645 5273 omni
2705 5221 2857 5276 enim
2921 5221 3090 5274 homo
3151 5221 3309 5289 bipes
3367 5227 3473 5272 est.
3533 5219 3789 5272 Socrates

2141 5313 2319 5382 igitur
2352 5310 2519 5364 homo
2549 5309 2705 5378 bipes
2741 5309 2897 5378 bipes
2931 5310 3089 5379 bipes
3120 5319 3222 5375 est,
3259 5317 3314 5363 et
3348 5308 3452 5362 hoc
3501 5307 3787 5360 inﬁnitum

2141 5407 2423 5472 protracto
2446 5404 2734 5468 snpertlua
2768 5399 3078 5468 loquacrtas
3119 5398 3437 5462 invenitur;
3471 5413 3583 5449 non
3619 5395 3788 5462 igitur

2141 5489 2263 5545 ﬁeri
2291 5498 2472 5559 potest
2509 5501 2566 5543 ut
2603 5492 2786 5543 modis
2817 5491 3083 5543 omnibus
3115 5485 3391 5557 quidquid
3453 5494 3610 5539 extra
3648 5481 3787 5536 dtci-

2141 5588 2248 5648 tur,
2284 5581 2334 5635 id
2363 5580 2628 5650 junctum
2657 5595 2782 5635 vere
2812 5579 3170 5651 praadicetur.
