  <div class='ocr_page' id='page_1' title='image "/cluster/home/n/w/nwhite01/storage/ocr_20150623/64/hvd.32044073505125/293.png"; bbox 0 0 4106 6172; ppageno 0'>
   <div class='ocr_carea' id='block_1_1' title="bbox 460 257 568 313">
    <p class='ocr_par' dir='ltr' id='par_1_1' title="bbox 460 257 568 313">
     <span class='ocr_line' id='line_1_1' title="bbox 460 257 568 313; baseline 0 0"><span class='ocrx_word' id='word_1_1' title='bbox 460 257 568 313; x_wconf 80' lang='lat'><em>575</em></span> 
     </span>
    </p>
   </div>
   <div class='ocr_carea' id='block_1_2' title="bbox 1734 252 3787 323">
    <p class='ocr_par' dir='ltr' id='par_1_2' title="bbox 1734 252 3787 323">
     <span class='ocr_line' id='line_1_2' title="bbox 1734 252 3787 323; baseline 0.005 -12"><span class='ocrx_word' id='word_1_2' title='bbox 1734 259 1852 311; x_wconf 83' lang='lat' dir='ltr'><em>AN.</em></span> <span class='ocrx_word' id='word_1_3' title='bbox 1892 252 2117 310; x_wconf 79' lang='lat' dir='ltr'><strong>MANL.</strong></span> <span class='ocrx_word' id='word_1_4' title='bbox 2160 253 2321 308; x_wconf 74' lang='lat' dir='ltr'><em>BEV.</em></span> <span class='ocrx_word' id='word_1_5' title='bbox 2396 253 2635 309; x_wconf 77' lang='lat' dir='ltr'><em>BOBTII</em></span> <span class='ocrx_word' id='word_1_6' title='bbox 3704 266 3787 323; x_wconf 83' lang='lat'><em>576</em></span> 
     </span>
    </p>
   </div>
   <div class='ocr_carea' id='block_1_3' title="bbox 534 377 3787 459">
    <p class='ocr_par' dir='ltr' id='par_1_3' title="bbox 534 377 3787 459">
     <span class='ocr_line' id='line_1_3' title="bbox 534 377 3787 459; baseline 0.002 -21"><span class='ocrx_word' id='word_1_7' title='bbox 534 383 809 452; x_wconf 77' lang='lat' dir='ltr'><em>Quoniam</em></span> <span class='ocrx_word' id='word_1_8' title='bbox 831 397 961 452; x_wconf 78' lang='lat' dir='ltr'><em>ergo</em></span> <span class='ocrx_word' id='word_1_9' title='bbox 981 384 1032 437; x_wconf 74' lang='lat' dir='ltr'><em>si</em></span> <span class='ocrx_word' id='word_1_10' title='bbox 1052 382 1174 453; x_wconf 76' lang='lat' dir='ltr'><em>qui:</em></span> <span class='ocrx_word' id='word_1_11' title='bbox 1194 379 2106 451; x_wconf 73' lang='lat' dir='ltr'><em>simpliciterdzcaicomplexiones</em></span> <span class='ocrx_word' id='word_1_12' title='bbox 2136 378 2189 441; x_wconf 81' lang='grc' dir='ltr'><strong>Α</strong></span> <span class='ocrx_word' id='word_1_13' title='bbox 2217 377 2505 446; x_wconf 89' lang='lat' dir='ltr'><em>accidens,</em></span> <span class='ocrx_word' id='word_1_14' title='bbox 2538 377 2755 447; x_wconf 91' lang='lat' dir='ltr'><em>quoties</em></span> <span class='ocrx_word' id='word_1_15' title='bbox 2779 383 2875 433; x_wconf 85' lang='lat' dir='ltr'><em>aut</em></span> <span class='ocrx_word' id='word_1_16' title='bbox 2904 379 3222 435; x_wconf 75' lang='lat' dir='ltr'><em>accidentia</em></span> <span class='ocrx_word' id='word_1_17' title='bbox 3251 380 3360 435; x_wconf 92' lang='lat' dir='ltr'><em>duo</em></span> <span class='ocrx_word' id='word_1_18' title='bbox 3402 383 3463 438; x_wconf 89' lang='lat' dir='ltr'><em>de</em></span> <span class='ocrx_word' id='word_1_19' title='bbox 3504 385 3787 459; x_wconf 67' lang='lat' dir='ltr'><em>substantia,</em></span> 
     </span>
    </p>
   </div>
   <div class='ocr_carea' id='block_1_4' title="bbox 457 468 2088 545">
    <p class='ocr_par' dir='ltr' id='par_1_4' title="bbox 457 468 2088 545">
     <span class='ocr_line' id='line_1_4' title="bbox 457 468 2088 545; baseline -0.004 -17"><span class='ocrx_word' id='word_1_20' title='bbox 457 475 600 545; x_wconf 79' lang='lat' dir='ltr'><em>ﬁeri,</em></span> <span class='ocrx_word' id='word_1_21' title='bbox 626 472 1339 545; x_wconf 79' lang='lat' dir='ltr'><em>plurimainconvenientia</em></span> <span class='ocrx_word' id='word_1_22' title='bbox 1354 472 1621 540; x_wconf 78' lang='lat' dir='ltr'><em>contingit</em></span> <span class='ocrx_word' id='word_1_23' title='bbox 1650 468 2088 536; x_wconf 74' lang='lat' dir='ltr'><em>dicere.manifes</em></span> 
     </span>
    </p>
   </div>
   <div class='ocr_carea' id='block_1_5' title="bbox 463 560 2112 631">
    <p class='ocr_par' dir='ltr' id='par_1_5' title="bbox 463 560 2112 631">
     <span class='ocr_line' id='line_1_5' title="bbox 463 560 2112 631; baseline -0.005 -13"><span class='ocrx_word' id='word_1_24' title='bbox 463 572 579 619; x_wconf 79' lang='lat' dir='ltr'><em>tum</em></span> <span class='ocrx_word' id='word_1_25' title='bbox 604 569 704 617; x_wconf 73' lang='lat' dir='ltr'><em>est.</em></span> <span class='ocrx_word' id='word_1_26' title='bbox 741 560 1221 629; x_wconf 81' lang='lat' dir='ltr'><em>Quemadmodum</em></span> <span class='ocrx_word' id='word_1_27' title='bbox 1255 570 1436 615; x_wconf 83' lang='lat' dir='ltr'><em>autem</em></span> <span class='ocrx_word' id='word_1_28' title='bbox 1467 560 1781 631; x_wconf 85' lang='lat' dir='ltr'><em>ponendum</em></span> <span class='ocrx_word' id='word_1_29' title='bbox 1833 560 1907 613; x_wconf 81' lang='lat' dir='ltr'><em>sit</em></span> <span class='ocrx_word' id='word_1_30' title='bbox 1964 572 2112 610; x_wconf 85' lang='lat' dir='ltr'><em>nunc</em></span> 
     </span>
    </p>
   </div>
   <div class='ocr_carea' id='block_1_6' title="bbox 464 646 2113 719">
    <p class='ocr_par' dir='ltr' id='par_1_6' title="bbox 464 646 2113 719">
     <span class='ocr_line' id='line_1_6' title="bbox 464 646 2113 719; baseline -0.004 -12"><span class='ocrx_word' id='word_1_31' title='bbox 464 652 719 708; x_wconf 79' lang='lat' dir='ltr'><em>dicimus.</em></span> <span class='ocrx_word' id='word_1_32' title='bbox 756 656 957 705; x_wconf 57' lang='lat' dir='ltr'><em>Errum</em></span> <span class='ocrx_word' id='word_1_33' title='bbox 991 649 1169 717; x_wconf 79' lang='lat' dir='ltr'><em>igitur</em></span> <span class='ocrx_word' id='word_1_34' title='bbox 1199 664 1325 719; x_wconf 57' lang='lat' dir='ltr'><em>qum</em></span> <span class='ocrx_word' id='word_1_35' title='bbox 1352 650 1817 719; x_wconf 59' lang='lat' dir='ltr'><em>praedicuntur,“</em></span> <span class='ocrx_word' id='word_1_36' title='bbox 1833 648 1898 702; x_wconf 82' lang='lat' dir='ltr'><em>de</em></span> <span class='ocrx_word' id='word_1_37' title='bbox 1917 646 2113 718; x_wconf 79' lang='lat' dir='ltr'><strong><em>quibus</em></strong></span> 
     </span>
    </p>
   </div>
   <div class='ocr_carea' id='block_1_7' title="bbox 462 739 2108 813">
    <p class='ocr_par' dir='ltr' id='par_1_7' title="bbox 462 739 2108 813">
     <span class='ocr_line' id='line_1_7' title="bbox 462 739 2108 813; baseline -0.003 -18"><span class='ocrx_word' id='word_1_38' title='bbox 462 742 839 813; x_wconf 77' lang='lat' dir='ltr'><em>praedicantur</em></span> <span class='ocrx_word' id='word_1_39' title='bbox 868 755 1204 810; x_wconf 76' lang='lat' dir='ltr'><em>quaecunque</em></span> <span class='ocrx_word' id='word_1_40' title='bbox 1232 739 1531 794; x_wconf 81' lang='lat' dir='ltr'><em>secundum</em></span> <span class='ocrx_word' id='word_1_41' title='bbox 1561 739 2108 805; x_wconf 79' lang='lat' dir='ltr'><em>accz&#39;densdicuntur,</em></span> 
     </span>
    </p>
   </div>
   <div class='ocr_carea' id='block_1_8' title="bbox 462 829 2111 897">
    <p class='ocr_par' dir='ltr' id='par_1_8' title="bbox 462 829 2111 897">
     <span class='ocr_line' id='line_1_8' title="bbox 462 829 2111 897; baseline -0.003 -12"><span class='ocrx_word' id='word_1_42' title='bbox 462 832 545 885; x_wconf 86' lang='lat' dir='ltr'><em>vel</em></span> <span class='ocrx_word' id='word_1_43' title='bbox 572 830 633 883; x_wconf 82' lang='lat' dir='ltr'><em>de</em></span> <span class='ocrx_word' id='word_1_44' title='bbox 662 829 869 893; x_wconf 86' lang='lat' dir='ltr'><em>eodem,</em></span> <span class='ocrx_word' id='word_1_45' title='bbox 902 829 985 882; x_wconf 82' lang='lat' dir='ltr'><em>vel</em></span> <span class='ocrx_word' id='word_1_46' title='bbox 1016 830 1251 883; x_wconf 80' lang='lat' dir='ltr'><em>alterum</em></span> <span class='ocrx_word' id='word_1_47' title='bbox 1288 830 1359 883; x_wconf 81' lang='lat' dir='ltr'><em>de</em></span> <span class='ocrx_word' id='word_1_48' title='bbox 1389 830 1582 897; x_wconf 82' lang='lat' dir='ltr'><em>altero,</em></span> <span class='ocrx_word' id='word_1_49' title='bbox 1613 830 1731 885; x_wconf 67' lang='lat' dir='ltr'><em>haec</em></span> <span class='ocrx_word' id='word_1_50' title='bbox 1786 846 1895 883; x_wconf 86' lang='lat' dir='ltr'><em>non</em></span> <span class='ocrx_word' id='word_1_51' title='bbox 1950 830 2111 882; x_wconf 83' lang='lat' dir='ltr'><em>erunt</em></span> 
     </span>
    </p>
   </div>
   <div class='ocr_carea' id='block_1_9' title="bbox 460 918 2112 986">
    <p class='ocr_par' dir='ltr' id='par_1_9' title="bbox 460 918 2112 986">
     <span class='ocr_line' id='line_1_9' title="bbox 460 918 2112 986; baseline -0.002 -10"><span class='ocrx_word' id='word_1_52' title='bbox 460 937 654 985; x_wconf 86' lang='lat' dir='ltr'><em>unum,</em></span> <span class='ocrx_word' id='word_1_53' title='bbox 686 929 747 975; x_wconf 81' lang='lat' dir='ltr'><em>ut</em></span> <span class='ocrx_word' id='word_1_54' title='bbox 770 920 925 974; x_wconf 83' lang='lat' dir='ltr'><em>homo</em></span> <span class='ocrx_word' id='word_1_55' title='bbox 953 921 1109 975; x_wconf 79' lang='lat' dir='ltr'><em>albus</em></span> <span class='ocrx_word' id='word_1_56' title='bbox 1127 930 1201 974; x_wconf 80' lang='lat' dir='ltr'><em>est</em></span> <span class='ocrx_word' id='word_1_57' title='bbox 1222 930 1271 974; x_wconf 83' lang='lat' dir='ltr'><em>et</em></span> <span class='ocrx_word' id='word_1_58' title='bbox 1292 922 1553 986; x_wconf 80' lang='lat' dir='ltr'><em>musicus,</em></span> <span class='ocrx_word' id='word_1_59' title='bbox 1575 920 1667 974; x_wconf 81' lang='lat' dir='ltr'><em>sed</em></span> <span class='ocrx_word' id='word_1_60' title='bbox 1708 938 1819 975; x_wconf 84' lang='lat' dir='ltr'><em>non</em></span> <span class='ocrx_word' id='word_1_61' title='bbox 1861 924 1939 974; x_wconf 73' lang='lat' dir='ltr'><em>est</em></span> <span class='ocrx_word' id='word_1_62' title='bbox 1968 918 2112 973; x_wconf 84' lang='lat' dir='ltr'><em>idem</em></span> 
     </span>
    </p>
   </div>
   <div class='ocr_carea' id='block_1_10' title="bbox 460 1007 2110 1080">
    <p class='ocr_par' dir='ltr' id='par_1_10' title="bbox 460 1007 2110 1080">
     <span class='ocr_line' id='line_1_10' title="bbox 460 1007 2110 1080; baseline -0.001 -17"><span class='ocrx_word' id='word_1_63' title='bbox 460 1011 727 1064; x_wconf 83' lang='lat' dir='ltr'><em>musicum</em></span> <span class='ocrx_word' id='word_1_64' title='bbox 760 1017 810 1064; x_wconf 80' lang='lat' dir='ltr'><em>et</em></span> <span class='ocrx_word' id='word_1_65' title='bbox 842 1010 1028 1063; x_wconf 84' lang='lat' dir='ltr'><em>album</em></span> <span class='ocrx_word' id='word_1_66' title='bbox 1054 1030 1071 1075; x_wconf 86' lang='lat'><em>,-</em></span> <span class='ocrx_word' id='word_1_67' title='bbox 1101 1011 1424 1064; x_wconf 79' lang='lat' dir='ltr'><em>accidentia</em></span> <span class='ocrx_word' id='word_1_68' title='bbox 1454 1012 1600 1063; x_wconf 83' lang='lat' dir='ltr'><em>enim</em></span> <span class='ocrx_word' id='word_1_69' title='bbox 1629 1015 1759 1063; x_wconf 84' lang='lat' dir='ltr'><em>sunt</em></span> <span class='ocrx_word' id='word_1_70' title='bbox 1782 1013 2013 1080; x_wconf 83' lang='lat' dir='ltr'><em>utraque</em></span> <span class='ocrx_word' id='word_1_71' title='bbox 2031 1007 2110 1062; x_wconf 81' lang='lat' dir='ltr'><em>ei-</em></span> 
     </span>
    </p>
   </div>
   <div class='ocr_carea' id='block_1_11' title="bbox 466 1098 2113 1169">
    <p class='ocr_par' dir='ltr' id='par_1_11' title="bbox 466 1098 2113 1169">
     <span class='ocr_line' id='line_1_11' title="bbox 466 1098 2113 1169; baseline 0 -17"><span class='ocrx_word' id='word_1_72' title='bbox 466 1098 607 1163; x_wconf 85' lang='lat' dir='ltr'><em>dem,</em></span> <span class='ocrx_word' id='word_1_73' title='bbox 639 1114 737 1153; x_wconf 88' lang='lat' dir='ltr'><em>nec</em></span> <span class='ocrx_word' id='word_1_74' title='bbox 765 1100 817 1153; x_wconf 74' lang='lat' dir='ltr'><em>ri</em></span> <span class='ocrx_word' id='word_1_75' title='bbox 845 1100 1033 1152; x_wconf 82' lang='lat' dir='ltr'><em>album</em></span> <span class='ocrx_word' id='word_1_76' title='bbox 1064 1100 1335 1152; x_wconf 77' lang='lat' dir='ltr'><em>musicum</em></span> <span class='ocrx_word' id='word_1_77' title='bbox 1370 1115 1556 1153; x_wconf 82' lang='lat' dir='ltr'><em>verum</em></span> <span class='ocrx_word' id='word_1_78' title='bbox 1585 1111 1660 1154; x_wconf 79' lang='lat' dir='ltr'><em>est</em></span> <span class='ocrx_word' id='word_1_79' title='bbox 1689 1100 1891 1169; x_wconf 83' lang='lat' dir='ltr'><em>dicere,</em></span> <span class='ocrx_word' id='word_1_80' title='bbox 1931 1107 2113 1153; x_wconf 76' lang='lat' dir='ltr'><em>turnen</em></span> 
     </span>
    </p>
   </div>
   <div class='ocr_carea' id='block_1_12' title="bbox 462 1187 2113 1258">
    <p class='ocr_par' dir='ltr' id='par_1_12' title="bbox 462 1187 2113 1258">
     <span class='ocr_line' id='line_1_12' title="bbox 462 1187 2113 1258; baseline -0.001 -15"><span class='ocrx_word' id='word_1_81' title='bbox 462 1191 568 1244; x_wconf 82' lang='lat' dir='ltr'><em>erit</em></span> <span class='ocrx_word' id='word_1_82' title='bbox 594 1188 784 1242; x_wconf 82' lang='lat' dir='ltr'><em>album</em></span> <span class='ocrx_word' id='word_1_83' title='bbox 801 1189 1075 1242; x_wconf 81' lang='lat' dir='ltr'><em>musicum</em></span> <span class='ocrx_word' id='word_1_84' title='bbox 1100 1204 1273 1241; x_wconf 90' lang='lat' dir='ltr'><em>unum</em></span> <span class='ocrx_word' id='word_1_85' title='bbox 1293 1187 1839 1258; x_wconf 79' lang='lat' dir='ltr'><em>oliquid,secundum</em></span> <span class='ocrx_word' id='word_1_86' title='bbox 1860 1188 2113 1242; x_wconf 70' lang='lat' dir='ltr'><em>accidens</em></span> 
     </span>
    </p>
   </div>
   <div class='ocr_carea' id='block_1_13' title="bbox 465 1276 2113 1345">
    <p class='ocr_par' dir='ltr' id='par_1_13' title="bbox 465 1276 2113 1345">
     <span class='ocr_line' id='line_1_13' title="bbox 465 1276 2113 1345; baseline -0.002 -12"><span class='ocrx_word' id='word_1_87' title='bbox 465 1279 614 1333; x_wconf 87' lang='lat' dir='ltr'><em>enim</em></span> <span class='ocrx_word' id='word_1_88' title='bbox 645 1279 835 1331; x_wconf 80' lang='lat' dir='ltr'><em>album</em></span> <span class='ocrx_word' id='word_1_89' title='bbox 866 1278 1137 1332; x_wconf 76' lang='lat' dir='ltr'><em>musicum</em></span> <span class='ocrx_word' id='word_1_90' title='bbox 1171 1276 1396 1332; x_wconf 81' lang='lat' dir='ltr'><em>dicitur.</em></span> <span class='ocrx_word' id='word_1_91' title='bbox 1435 1279 1615 1345; x_wconf 81' lang='lat' dir='ltr'><em>Quare</em></span> <span class='ocrx_word' id='word_1_92' title='bbox 1643 1294 1751 1332; x_wconf 86' lang='lat' dir='ltr'><em>non</em></span> <span class='ocrx_word' id='word_1_93' title='bbox 1784 1278 1886 1332; x_wconf 80' lang='lat' dir='ltr'><em>erit</em></span> <span class='ocrx_word' id='word_1_94' title='bbox 1925 1277 2113 1331; x_wconf 81' lang='lat' dir='ltr'><em>album</em></span> 
     </span>
    </p>
   </div>
   <div class='ocr_carea' id='block_1_14' title="bbox 468 1366 2115 1437">
    <p class='ocr_par' dir='ltr' id='par_1_14' title="bbox 468 1366 2115 1437">
     <span class='ocr_line' id='line_1_14' title="bbox 468 1366 2115 1437; baseline -0.001 -16"><span class='ocrx_word' id='word_1_95' title='bbox 468 1369 735 1422; x_wconf 77' lang='lat' dir='ltr'><em>musicum</em></span> <span class='ocrx_word' id='word_1_96' title='bbox 750 1384 925 1421; x_wconf 88' lang='lat' dir='ltr'><em>unum</em></span> <span class='ocrx_word' id='word_1_97' title='bbox 938 1368 1171 1437; x_wconf 82' lang='lat' dir='ltr'><em>aliquid,</em></span> <span class='ocrx_word' id='word_1_98' title='bbox 1197 1368 1451 1437; x_wconf 86' lang='lat' dir='ltr'><em>quocirca</em></span> <span class='ocrx_word' id='word_1_99' title='bbox 1467 1384 1563 1421; x_wconf 85' lang='lat' dir='ltr'><em>nec</em></span> <span class='ocrx_word' id='word_1_100' title='bbox 1578 1366 1728 1421; x_wconf 79' lang='lat' dir='ltr'><em>citha</em></span> <span class='ocrx_word' id='word_1_101' title='bbox 1740 1366 1922 1423; x_wconf 71' lang='lat' dir='ltr'><em>medus</em></span> <span class='ocrx_word' id='word_1_102' title='bbox 1945 1366 2115 1421; x_wconf 86' lang='lat' dir='ltr'><em>bonus</em></span> 
     </span>
    </p>
   </div>
   <div class='ocr_carea' id='block_1_15' title="bbox 460 1455 2114 1527">
    <p class='ocr_par' dir='ltr' id='par_1_15' title="bbox 460 1455 2114 1527">
     <span class='ocr_line' id='line_1_15' title="bbox 460 1455 2114 1527; baseline -0.001 -16"><span class='ocrx_word' id='word_1_103' title='bbox 460 1456 815 1527; x_wconf 77' lang='lat' dir='ltr'><em>simpliciter,</em></span> <span class='ocrx_word' id='word_1_104' title='bbox 838 1456 930 1511; x_wconf 73' lang='lat' dir='ltr'><em>sed</em></span> <span class='ocrx_word' id='word_1_105' title='bbox 953 1456 1170 1509; x_wconf 82' lang='lat' dir='ltr'><em>animal</em></span> <span class='ocrx_word' id='word_1_106' title='bbox 1194 1456 1478 1525; x_wconf 79' lang='lat' dir='ltr'><em>bipes,non</em></span> <span class='ocrx_word' id='word_1_107' title='bbox 1505 1458 1657 1510; x_wconf 84' lang='lat' dir='ltr'><em>enim</em></span> <span class='ocrx_word' id='word_1_108' title='bbox 1679 1455 2114 1511; x_wconf 77' lang='lat' dir='ltr'><em>suntsecundum</em></span> 
     </span>
    </p>
   </div>
   <div class='ocr_carea' id='block_1_16' title="bbox 465 1544 2115 1616">
    <p class='ocr_par' dir='ltr' id='par_1_16' title="bbox 465 1544 2115 1616">
     <span class='ocr_line' id='line_1_16' title="bbox 465 1544 2115 1616; baseline -0.002 -16"><span class='ocrx_word' id='word_1_109' title='bbox 465 1544 992 1616; x_wconf 74' lang='lat' dir='ltr'><em>accidens.Amplz&#39;us</em></span> <span class='ocrx_word' id='word_1_110' title='bbox 1014 1560 1112 1599; x_wconf 83' lang='lat' dir='ltr'><em>nec</em></span> <span class='ocrx_word' id='word_1_111' title='bbox 1126 1544 1672 1615; x_wconf 52' lang='lat' dir='ltr'><em>quacunqueinsunt</em></span> <span class='ocrx_word' id='word_1_112' title='bbox 1687 1545 1746 1600; x_wconf 88' lang='lat' dir='ltr'><em>in</em></span> <span class='ocrx_word' id='word_1_113' title='bbox 1778 1545 1909 1599; x_wconf 81' lang='lat' dir='ltr'><em>alio.</em></span> <span class='ocrx_word' id='word_1_114' title='bbox 1936 1546 2115 1612; x_wconf 81' lang='lat' dir='ltr'><em>Quare</em></span> 
     </span>
    </p>
   </div>
   <div class='ocr_carea' id='block_1_17' title="bbox 460 1617 2114 1706">
    <p class='ocr_par' dir='ltr' id='par_1_17' title="bbox 460 1617 2114 1706">
     <span class='ocr_line' id='line_1_17' title="bbox 460 1617 2114 1706; baseline -0.001 -16"><span class='ocrx_word' id='word_1_115' title='bbox 460 1651 634 1706; x_wconf 86' lang='lat' dir='ltr'><em>neque</em></span> <span class='ocrx_word' id='word_1_116' title='bbox 663 1636 847 1689; x_wconf 78' lang='lat' dir='ltr'><em>album</em></span> <span class='ocrx_word' id='word_1_117' title='bbox 881 1638 1218 1706; x_wconf 81' lang='lat' dir='ltr'><em>[requenter,</em></span> <span class='ocrx_word' id='word_1_118' title='bbox 1252 1650 1427 1705; x_wconf 87' lang='lat' dir='ltr'><em>neque</em></span> <span class='ocrx_word' id='word_1_119' title='bbox 1456 1635 1633 1703; x_wconf 89' lang='lat' dir='ltr'><em>homo,</em></span> <span class='ocrx_word' id='word_1_120' title='bbox 1669 1635 1833 1690; x_wconf 81' lang='lat' dir='ltr'><em>homo</em></span> <span class='ocrx_word' id='word_1_121' title='bbox 1893 1617 2114 1689; x_wconf 64' lang='lat' dir='ltr'><em>animal</em></span> 
     </span>
    </p>
   </div>
   <div class='ocr_carea' id='block_1_18' title="bbox 463 1722 2192 1810">
    <p class='ocr_par' dir='ltr' id='par_1_18' title="bbox 463 1722 2192 1810">
     <span class='ocr_line' id='line_1_18' title="bbox 463 1722 2192 1810; baseline -0.002 -32"><span class='ocrx_word' id='word_1_122' title='bbox 463 1735 541 1779; x_wconf 80' lang='lat' dir='ltr'><em>est</em></span> <span class='ocrx_word' id='word_1_123' title='bbox 570 1724 655 1777; x_wconf 76' lang='lat' dir='ltr'><em>vel</em></span> <span class='ocrx_word' id='word_1_124' title='bbox 684 1722 835 1793; x_wconf 74' lang='lat' dir='ltr'><em>bipes</em></span> <span class='ocrx_word' id='word_1_125' title='bbox 860 1742 875 1791; x_wconf 87' lang='lat'><strong>;</strong></span> <span class='ocrx_word' id='word_1_126' title='bbox 906 1728 1032 1777; x_wconf 82' lang='lat' dir='ltr'><em>sunt</em></span> <span class='ocrx_word' id='word_1_127' title='bbox 1060 1723 1211 1777; x_wconf 84' lang='lat' dir='ltr'><em>enim</em></span> <span class='ocrx_word' id='word_1_128' title='bbox 1237 1725 1295 1777; x_wconf 85' lang='lat' dir='ltr'><em>in</em></span> <span class='ocrx_word' id='word_1_129' title='bbox 1325 1723 1553 1779; x_wconf 74' lang='lat' dir='ltr'><em>homine</em></span> <span class='ocrx_word' id='word_1_130' title='bbox 1581 1723 1796 1778; x_wconf 73' lang='lat' dir='ltr'><em>animal</em></span> <span class='ocrx_word' id='word_1_131' title='bbox 1843 1728 1896 1779; x_wconf 87' lang='lat' dir='ltr'><em>et</em></span> <span class='ocrx_word' id='word_1_132' title='bbox 1946 1723 2110 1792; x_wconf 83' lang='lat' dir='ltr'><em>bipes.</em></span> <span class='ocrx_word' id='word_1_133' title='bbox 2145 1746 2192 1810; x_wconf 80' lang='grc' dir='ltr'><strong>Β</strong></span> 
     </span>
    </p>
   </div>
   <div class='ocr_carea' id='block_1_19' title="bbox 538 1812 2115 1884">
    <p class='ocr_par' dir='ltr' id='par_1_19' title="bbox 538 1812 2115 1884">
     <span class='ocr_line' id='line_1_19' title="bbox 538 1812 2115 1884; baseline 0.002 -20"><span class='ocrx_word' id='word_1_134' title='bbox 538 1812 672 1875; x_wconf 62' lang='lat' dir='ltr'><em>Quin</em></span> <span class='ocrx_word' id='word_1_135' title='bbox 693 1812 952 1879; x_wconf 85' lang='lat' dir='ltr'><em>superius</em></span> <span class='ocrx_word' id='word_1_136' title='bbox 984 1812 1437 1880; x_wconf 86' lang='lat' dir='ltr'><em>comprehendit,</em></span> <span class='ocrx_word' id='word_1_137' title='bbox 1472 1829 1536 1867; x_wconf 87' lang='lat' dir='ltr'><em>ea</em></span> <span class='ocrx_word' id='word_1_138' title='bbox 1572 1828 1725 1868; x_wconf 88' lang='lat' dir='ltr'><em>nunc</em></span> <span class='ocrx_word' id='word_1_139' title='bbox 1753 1813 2115 1884; x_wconf 84' lang='lat' dir='ltr'><em>apertissima</em></span> 
     </span>
    </p>
   </div>
   <div class='ocr_carea' id='block_1_20' title="bbox 470 1901 2123 1972">
    <p class='ocr_par' dir='ltr' id='par_1_20' title="bbox 470 1901 2123 1972">
     <span class='ocr_line' id='line_1_20' title="bbox 470 1901 2123 1972; baseline 0.002 -18"><span class='ocrx_word' id='word_1_140' title='bbox 470 1901 688 1954; x_wconf 91' lang='lat' dir='ltr'><em>ratione</em></span> <span class='ocrx_word' id='word_1_141' title='bbox 718 1902 1057 1956; x_wconf 84' lang='lat' dir='ltr'><em>determinat</em></span> <span class='ocrx_word' id='word_1_142' title='bbox 1091 1901 1310 1969; x_wconf 89' lang='lat' dir='ltr'><em>dicens,</em></span> <span class='ocrx_word' id='word_1_143' title='bbox 1343 1903 1411 1957; x_wconf 90' lang='lat' dir='ltr'><em>de</em></span> <span class='ocrx_word' id='word_1_144' title='bbox 1440 1902 1532 1956; x_wconf 91' lang='lat' dir='ltr'><em>his</em></span> <span class='ocrx_word' id='word_1_145' title='bbox 1564 1902 1700 1957; x_wconf 69' lang='lat' dir='ltr'><em>solis</em></span> <span class='ocrx_word' id='word_1_146' title='bbox 1729 1905 1886 1957; x_wconf 82' lang='lat' dir='ltr'><em>extra</em></span> <span class='ocrx_word' id='word_1_147' title='bbox 1919 1902 2123 1972; x_wconf 78' lang='lat' dir='ltr'><em>praedi-</em></span> 
     </span>
    </p>
   </div>
   <div class='ocr_carea' id='block_1_21' title="bbox 471 1990 2121 2061">
    <p class='ocr_par' dir='ltr' id='par_1_21' title="bbox 471 1990 2121 2061">
     <span class='ocr_line' id='line_1_21' title="bbox 471 1990 2121 2061; baseline 0.001 -17"><span class='ocrx_word' id='word_1_148' title='bbox 471 1990 612 2044; x_wconf 87' lang='lat' dir='ltr'><em>catis</em></span> <span class='ocrx_word' id='word_1_149' title='bbox 645 1991 912 2044; x_wconf 78' lang='lat' dir='ltr'><em>veraciter</em></span> <span class='ocrx_word' id='word_1_150' title='bbox 946 2006 1059 2044; x_wconf 89' lang='lat' dir='ltr'><em>non</em></span> <span class='ocrx_word' id='word_1_151' title='bbox 1092 2006 1255 2060; x_wconf 89' lang='lat' dir='ltr'><em>posse</em></span> <span class='ocrx_word' id='word_1_152' title='bbox 1288 2008 1459 2045; x_wconf 87' lang='lat' dir='ltr'><em>unatn</em></span> <span class='ocrx_word' id='word_1_153' title='bbox 1503 1992 1964 2061; x_wconf 85' lang='lat' dir='ltr'><em>praedicationem</em></span> <span class='ocrx_word' id='word_1_154' title='bbox 2000 1991 2121 2046; x_wconf 85' lang='lat' dir='ltr'><em>fieri</em></span> 
     </span>
    </p>
   </div>
   <div class='ocr_carea' id='block_1_22' title="bbox 476 2079 2126 2150">
    <p class='ocr_par' dir='ltr' id='par_1_22' title="bbox 476 2079 2126 2150">
     <span class='ocr_line' id='line_1_22' title="bbox 476 2079 2126 2150; baseline 0.001 -18"><span class='ocrx_word' id='word_1_155' title='bbox 476 2093 685 2143; x_wconf 86' lang='lat' dir='ltr'><em>veram,</em></span> <span class='ocrx_word' id='word_1_156' title='bbox 718 2079 765 2132; x_wconf 92' lang='lat' dir='ltr'><em>si</em></span> <span class='ocrx_word' id='word_1_157' title='bbox 790 2079 1097 2149; x_wconf 89' lang='lat' dir='ltr'><em>conjuncta</em></span> <span class='ocrx_word' id='word_1_158' title='bbox 1151 2079 1284 2146; x_wconf 83' lang='lat' dir='ltr'><em>sint,</em></span> <span class='ocrx_word' id='word_1_159' title='bbox 1312 2096 1666 2150; x_wconf 74' lang='lat' dir='ltr'><em>quaecunque</em></span> <span class='ocrx_word' id='word_1_160' title='bbox 1692 2084 1791 2134; x_wconf 79' lang='lat' dir='ltr'><em>aut</em></span> <span class='ocrx_word' id='word_1_161' title='bbox 1810 2080 2126 2135; x_wconf 80' lang='lat' dir='ltr'><em>accidentia</em></span> 
     </span>
    </p>
   </div>
   <div class='ocr_carea' id='block_1_23' title="bbox 476 2168 2124 2235">
    <p class='ocr_par' dir='ltr' id='par_1_23' title="bbox 476 2168 2124 2235">
     <span class='ocr_line' id='line_1_23' title="bbox 476 2168 2124 2235; baseline 0.001 -13"><span class='ocrx_word' id='word_1_162' title='bbox 476 2176 607 2222; x_wconf 86' lang='lat' dir='ltr'><em>sunt</em></span> <span class='ocrx_word' id='word_1_163' title='bbox 635 2168 843 2233; x_wconf 82' lang='lat' dir='ltr'><em>eidem,</em></span> <span class='ocrx_word' id='word_1_164' title='bbox 876 2177 972 2223; x_wconf 90' lang='lat' dir='ltr'><em>aut</em></span> <span class='ocrx_word' id='word_1_165' title='bbox 1002 2184 1132 2224; x_wconf 90' lang='lat' dir='ltr'><em>cum</em></span> <span class='ocrx_word' id='word_1_166' title='bbox 1179 2184 1359 2224; x_wconf 90' lang='lat' dir='ltr'><em>unum</em></span> <span class='ocrx_word' id='word_1_167' title='bbox 1420 2170 1515 2224; x_wconf 83' lang='lat' dir='ltr'><em>alii</em></span> <span class='ocrx_word' id='word_1_168' title='bbox 1576 2171 1803 2235; x_wconf 92' lang='lat' dir='ltr'><em>accidit,</em></span> <span class='ocrx_word' id='word_1_169' title='bbox 1859 2170 2124 2225; x_wconf 90' lang='lat' dir='ltr'><em>accidens</em></span> 
     </span>
    </p>
   </div>
   <div class='ocr_carea' id='block_1_24' title="bbox 477 2256 2123 2330">
    <p class='ocr_par' dir='ltr' id='par_1_24' title="bbox 477 2256 2123 2330">
     <span class='ocr_line' id='line_1_24' title="bbox 477 2256 2123 2330; baseline 0.002 -19"><span class='ocrx_word' id='word_1_170' title='bbox 477 2256 630 2312; x_wconf 87' lang='lat' dir='ltr'><em>aliud</em></span> <span class='ocrx_word' id='word_1_171' title='bbox 666 2260 733 2312; x_wconf 91' lang='lat' dir='ltr'><em>de</em></span> <span class='ocrx_word' id='word_1_172' title='bbox 762 2257 860 2313; x_wconf 89' lang='lat' dir='ltr'><em>illo</em></span> <span class='ocrx_word' id='word_1_173' title='bbox 892 2259 1176 2314; x_wconf 80' lang='lat' dir='ltr'><em>accidenti</em></span> <span class='ocrx_word' id='word_1_174' title='bbox 1210 2259 1573 2330; x_wconf 57' lang='lat' dir='ltr'><em>praedicatur.</em></span> <span class='ocrx_word' id='word_1_175' title='bbox 1609 2260 1665 2314; x_wconf 93' lang='lat' dir='ltr'><em>Si</em></span> <span class='ocrx_word' id='word_1_176' title='bbox 1698 2260 1826 2329; x_wconf 88' lang='lat' dir='ltr'><em>quis</em></span> <span class='ocrx_word' id='word_1_177' title='bbox 1870 2259 2020 2314; x_wconf 82' lang='lat' dir='ltr'><em>enim</em></span> <span class='ocrx_word' id='word_1_178' title='bbox 2053 2260 2123 2314; x_wconf 89' lang='lat' dir='ltr'><em>de</em></span> 
     </span>
    </p>
   </div>
   <div class='ocr_carea' id='block_1_25' title="bbox 476 2345 2120 2417">
    <p class='ocr_par' dir='ltr' id='par_1_25' title="bbox 476 2345 2120 2417">
     <span class='ocr_line' id='line_1_25' title="bbox 476 2345 2120 2417; baseline 0.002 -16"><span class='ocrx_word' id='word_1_179' title='bbox 476 2345 706 2401; x_wconf 86' lang='lat' dir='ltr'><em>Socrate</em></span> <span class='ocrx_word' id='word_1_180' title='bbox 763 2347 909 2401; x_wconf 68' lang='lat' dir='ltr'><em>dicat</em></span> <span class='ocrx_word' id='word_1_181' title='bbox 972 2348 1240 2416; x_wconf 90' lang='lat' dir='ltr'><em>quoniam</em></span> <span class='ocrx_word' id='word_1_182' title='bbox 1300 2354 1557 2403; x_wconf 84' lang='lat' dir='ltr'><em>Socrates</em></span> <span class='ocrx_word' id='word_1_183' title='bbox 1614 2347 1960 2403; x_wconf 61' lang='lat' dir='ltr'><em>citharoedus</em></span> <span class='ocrx_word' id='word_1_184' title='bbox 2017 2356 2120 2417; x_wconf 89' lang='lat' dir='ltr'><em>est,</em></span> 
     </span>
    </p>
   </div>
   <div class='ocr_carea' id='block_1_26' title="bbox 479 2435 2119 2507">
    <p class='ocr_par' dir='ltr' id='par_1_26' title="bbox 479 2435 2119 2507">
     <span class='ocr_line' id='line_1_26' title="bbox 479 2435 2119 2507; baseline 0.001 -18"><span class='ocrx_word' id='word_1_185' title='bbox 479 2452 679 2490; x_wconf 83' lang='lat' dir='ltr'><em>rursus</em></span> <span class='ocrx_word' id='word_1_186' title='bbox 709 2435 965 2491; x_wconf 88' lang='lat' dir='ltr'><em>Socrates</em></span> <span class='ocrx_word' id='word_1_187' title='bbox 991 2437 1178 2491; x_wconf 88' lang='lat' dir='ltr'><em>bonus</em></span> <span class='ocrx_word' id='word_1_188' title='bbox 1202 2441 1306 2500; x_wconf 84' lang='lat' dir='ltr'><em>est,</em></span> <span class='ocrx_word' id='word_1_189' title='bbox 1332 2437 1379 2491; x_wconf 97' lang='lat' dir='ltr'><em>si</em></span> <span class='ocrx_word' id='word_1_190' title='bbox 1403 2446 1635 2507; x_wconf 87' lang='lat' dir='ltr'><em>utraque</em></span> <span class='ocrx_word' id='word_1_191' title='bbox 1668 2453 1796 2492; x_wconf 89' lang='lat' dir='ltr'><em>vere</em></span> <span class='ocrx_word' id='word_1_192' title='bbox 1838 2438 2119 2507; x_wconf 72' lang='lat' dir='ltr'><em>praedicet,</em></span> 
     </span>
    </p>
   </div>
   <div class='ocr_carea' id='block_1_27' title="bbox 473 2525 2121 2595">
    <p class='ocr_par' dir='ltr' id='par_1_27' title="bbox 473 2525 2121 2595">
     <span class='ocr_line' id='line_1_27' title="bbox 473 2525 2121 2595; baseline 0.002 -16"><span class='ocrx_word' id='word_1_193' title='bbox 473 2525 583 2579; x_wconf 89' lang='lat' dir='ltr'><em>duo</em></span> <span class='ocrx_word' id='word_1_194' title='bbox 615 2525 929 2580; x_wconf 69' lang='lat' dir='ltr'><em>accidentia</em></span> <span class='ocrx_word' id='word_1_195' title='bbox 961 2526 1029 2580; x_wconf 90' lang='lat' dir='ltr'><em>de</em></span> <span class='ocrx_word' id='word_1_196' title='bbox 1062 2542 1177 2579; x_wconf 90' lang='lat' dir='ltr'><em>uno</em></span> <span class='ocrx_word' id='word_1_197' title='bbox 1209 2527 1466 2595; x_wconf 81' lang='lat' dir='ltr'><em>subjecto</em></span> <span class='ocrx_word' id='word_1_198' title='bbox 1500 2527 1840 2593; x_wconf 63' lang='lat' dir='ltr'><em>praedicavit,</em></span> <span class='ocrx_word' id='word_1_199' title='bbox 1863 2527 1912 2578; x_wconf 93' lang='lat' dir='ltr'><em>id</em></span> <span class='ocrx_word' id='word_1_200' title='bbox 1940 2534 2021 2581; x_wconf 88' lang='lat' dir='ltr'><em>est</em></span> <span class='ocrx_word' id='word_1_201' title='bbox 2051 2528 2121 2583; x_wconf 89' lang='lat' dir='ltr'><em>de</em></span> 
     </span>
    </p>
   </div>
   <div class='ocr_carea' id='block_1_28' title="bbox 476 2614 2116 2685">
    <p class='ocr_par' dir='ltr' id='par_1_28' title="bbox 476 2614 2116 2685">
     <span class='ocr_line' id='line_1_28' title="bbox 476 2614 2116 2685; baseline 0.001 -16"><span class='ocrx_word' id='word_1_202' title='bbox 476 2614 729 2669; x_wconf 87' lang='lat' dir='ltr'><em>Socrate.</em></span> <span class='ocrx_word' id='word_1_203' title='bbox 764 2614 1040 2679; x_wconf 86' lang='lat' dir='ltr'><em>Quocirca</em></span> <span class='ocrx_word' id='word_1_204' title='bbox 1073 2630 1187 2668; x_wconf 91' lang='lat' dir='ltr'><em>non</em></span> <span class='ocrx_word' id='word_1_205' title='bbox 1223 2622 1400 2683; x_wconf 82' lang='lat' dir='ltr'><em>potest</em></span> <span class='ocrx_word' id='word_1_206' title='bbox 1434 2631 1500 2668; x_wconf 83' lang='lat' dir='ltr'><em>ex</em></span> <span class='ocrx_word' id='word_1_207' title='bbox 1534 2614 1621 2669; x_wconf 90' lang='lat' dir='ltr'><em>his</em></span> <span class='ocrx_word' id='word_1_208' title='bbox 1654 2616 1772 2668; x_wconf 89' lang='lat' dir='ltr'><em>tieri</em></span> <span class='ocrx_word' id='word_1_209' title='bbox 1809 2630 1917 2669; x_wconf 79' lang='lat' dir='ltr'><em>una</em></span> <span class='ocrx_word' id='word_1_210' title='bbox 1976 2633 2116 2685; x_wconf 62' lang='lat' dir='ltr'><em>pra;-</em></span> 
     </span>
    </p>
   </div>
   <div class='ocr_carea' id='block_1_29' title="bbox 476 2702 2117 2773">
    <p class='ocr_par' dir='ltr' id='par_1_29' title="bbox 476 2702 2117 2773">
     <span class='ocr_line' id='line_1_29' title="bbox 476 2702 2117 2773; baseline 0.001 -16"><span class='ocrx_word' id='word_1_211' title='bbox 476 2702 704 2772; x_wconf 85' lang='lat' dir='ltr'><em>dieatio,</em></span> <span class='ocrx_word' id='word_1_212' title='bbox 735 2707 794 2757; x_wconf 80' lang='lat' dir='ltr'><em>ut</em></span> <span class='ocrx_word' id='word_1_213' title='bbox 824 2703 1069 2769; x_wconf 83' lang='lat' dir='ltr'><em>dicatur,</em></span> <span class='ocrx_word' id='word_1_214' title='bbox 1101 2703 1359 2758; x_wconf 85' lang='lat' dir='ltr'><em>Socrates</em></span> <span class='ocrx_word' id='word_1_215' title='bbox 1388 2703 1733 2759; x_wconf 76' lang='lat' dir='ltr'><em>citharcedus</em></span> <span class='ocrx_word' id='word_1_216' title='bbox 1784 2702 1930 2758; x_wconf 92' lang='lat' dir='ltr'><em>bona</em></span> <span class='ocrx_word' id='word_1_217' title='bbox 1988 2713 2067 2758; x_wconf 90' lang='lat' dir='ltr'><em>est</em></span> <span class='ocrx_word' id='word_1_218' title='bbox 2102 2729 2117 2773; x_wconf 85' lang='lat'><strong>;</strong></span> 
     </span>
    </p>
   </div>
   <div class='ocr_carea' id='block_1_30' title="bbox 476 2791 2117 2862">
    <p class='ocr_par' dir='ltr' id='par_1_30' title="bbox 476 2791 2117 2862">
     <span class='ocr_line' id='line_1_30' title="bbox 476 2791 2117 2862; baseline 0.001 -16"><span class='ocrx_word' id='word_1_219' title='bbox 476 2806 673 2846; x_wconf 83' lang='lat' dir='ltr'><em>rursus</em></span> <span class='ocrx_word' id='word_1_220' title='bbox 706 2791 756 2846; x_wconf 92' lang='lat' dir='ltr'><em>si</em></span> <span class='ocrx_word' id='word_1_221' title='bbox 784 2791 855 2845; x_wconf 87' lang='lat' dir='ltr'><em>de</em></span> <span class='ocrx_word' id='word_1_222' title='bbox 885 2795 1113 2845; x_wconf 83' lang='lat' dir='ltr'><em>Socrate</em></span> <span class='ocrx_word' id='word_1_223' title='bbox 1140 2792 1478 2861; x_wconf 61' lang='lat' dir='ltr'><em>praedicetur</em></span> <span class='ocrx_word' id='word_1_224' title='bbox 1509 2794 1779 2862; x_wconf 90' lang='lat' dir='ltr'><em>musicus,</em></span> <span class='ocrx_word' id='word_1_225' title='bbox 1830 2794 1900 2847; x_wconf 89' lang='lat' dir='ltr'><em>sit</em></span> <span class='ocrx_word' id='word_1_226' title='bbox 1960 2794 2117 2848; x_wconf 88' lang='lat' dir='ltr'><em>enim</em></span> 
     </span>
    </p>
   </div>
   <div class='ocr_carea' id='block_1_31' title="bbox 471 2879 2118 2950">
    <p class='ocr_par' dir='ltr' id='par_1_31' title="bbox 471 2879 2118 2950">
     <span class='ocr_line' id='line_1_31' title="bbox 471 2879 2118 2950; baseline 0 -14"><span class='ocrx_word' id='word_1_227' title='bbox 471 2884 734 2936; x_wconf 83' lang='lat' dir='ltr'><em>Socrates</em></span> <span class='ocrx_word' id='word_1_228' title='bbox 764 2881 1055 2946; x_wconf 90' lang='lat' dir='ltr'><em>musicus;</em></span> <span class='ocrx_word' id='word_1_229' title='bbox 1089 2882 1158 2934; x_wconf 86' lang='lat' dir='ltr'><em>de</em></span> <span class='ocrx_word' id='word_1_230' title='bbox 1190 2879 1409 2935; x_wconf 87' lang='lat' dir='ltr'><em>musico</em></span> <span class='ocrx_word' id='word_1_231' title='bbox 1436 2886 1625 2935; x_wconf 85' lang='lat' dir='ltr'><em>autem</em></span> <span class='ocrx_word' id='word_1_232' title='bbox 1677 2879 1723 2934; x_wconf 89' lang='lat' dir='ltr'><em>si</em></span> <span class='ocrx_word' id='word_1_233' title='bbox 1784 2880 2118 2950; x_wconf 67' lang='lat' dir='ltr'><em>praedicetur</em></span> 
     </span>
    </p>
   </div>
   <div class='ocr_carea' id='block_1_32' title="bbox 470 2968 2113 3040">
    <p class='ocr_par' dir='ltr' id='par_1_32' title="bbox 470 2968 2113 3040">
     <span class='ocr_line' id='line_1_32' title="bbox 470 2968 2113 3040; baseline 0.002 -16"><span class='ocrx_word' id='word_1_234' title='bbox 470 2968 657 3034; x_wconf 89' lang='lat' dir='ltr'><em>albus,</em></span> <span class='ocrx_word' id='word_1_235' title='bbox 688 2978 739 3023; x_wconf 87' lang='lat' dir='ltr'><em>et</em></span> <span class='ocrx_word' id='word_1_236' title='bbox 761 2968 864 3025; x_wconf 91' lang='lat' dir='ltr'><em>hoc</em></span> <span class='ocrx_word' id='word_1_237' title='bbox 884 2970 1120 3024; x_wconf 79' lang='lat' dir='ltr'><em>fortasse</em></span> <span class='ocrx_word' id='word_1_238' title='bbox 1143 2969 1213 3024; x_wconf 90' lang='lat' dir='ltr'><em>sit</em></span> <span class='ocrx_word' id='word_1_239' title='bbox 1235 2985 1453 3034; x_wconf 86' lang='lat' dir='ltr'><em>verum,</em></span> <span class='ocrx_word' id='word_1_240' title='bbox 1480 2986 1592 3024; x_wconf 92' lang='lat' dir='ltr'><em>non</em></span> <span class='ocrx_word' id='word_1_241' title='bbox 1630 2977 1816 3024; x_wconf 86' lang='lat' dir='ltr'><em>tamen</em></span> <span class='ocrx_word' id='word_1_242' title='bbox 1862 2970 1982 3040; x_wconf 90' lang='lat' dir='ltr'><em>jam</em></span> <span class='ocrx_word' id='word_1_243' title='bbox 2018 2987 2113 3027; x_wconf 89' lang='lat' dir='ltr'><em>ne-</em></span> 
     </span>
    </p>
   </div>
   <div class='ocr_carea' id='block_1_33' title="bbox 468 3058 2112 3115">
    <p class='ocr_par' dir='ltr' id='par_1_33' title="bbox 468 3058 2112 3115">
     <span class='ocr_line' id='line_1_33' title="bbox 468 3058 2112 3115; baseline 0 -2"><span class='ocrx_word' id='word_1_244' title='bbox 468 3073 626 3113; x_wconf 82' lang='lat' dir='ltr'><em>cesse</em></span> <span class='ocrx_word' id='word_1_245' title='bbox 651 3066 734 3112; x_wconf 89' lang='lat' dir='ltr'><em>est</em></span> <span class='ocrx_word' id='word_1_246' title='bbox 766 3060 1047 3113; x_wconf 90' lang='lat' dir='ltr'><em>musicum</em></span> <span class='ocrx_word' id='word_1_247' title='bbox 1072 3058 1262 3113; x_wconf 89' lang='lat' dir='ltr'><em>album</em></span> <span class='ocrx_word' id='word_1_248' title='bbox 1289 3074 1430 3114; x_wconf 86' lang='lat' dir='ltr'><em>esse.</em></span> <span class='ocrx_word' id='word_1_249' title='bbox 1455 3058 1511 3113; x_wconf 92' lang='lat' dir='ltr'><em>Si</em></span> <span class='ocrx_word' id='word_1_250' title='bbox 1536 3059 1688 3113; x_wconf 89' lang='lat' dir='ltr'><em>enim</em></span> <span class='ocrx_word' id='word_1_251' title='bbox 1739 3059 1808 3112; x_wconf 85' lang='lat' dir='ltr'><em>sit</em></span> <span class='ocrx_word' id='word_1_252' title='bbox 1856 3060 2112 3115; x_wconf 87' lang='lat' dir='ltr'><em>musicus</em></span> 
     </span>
    </p>
   </div>
   <div class='ocr_carea' id='block_1_34' title="bbox 2221 468 3785 545">
    <p class='ocr_par' dir='ltr' id='par_1_34' title="bbox 2221 468 3785 545">
     <span class='ocr_line' id='line_1_34' title="bbox 2221 468 3785 545; baseline 0.008 -26"><span class='ocrx_word' id='word_1_253' title='bbox 2221 471 2318 520; x_wconf 86' lang='lat' dir='ltr'><em>aut</em></span> <span class='ocrx_word' id='word_1_254' title='bbox 2347 468 2612 522; x_wconf 83' lang='lat' dir='ltr'><em>accidens</em></span> <span class='ocrx_word' id='word_1_255' title='bbox 2636 470 2703 522; x_wconf 88' lang='lat' dir='ltr'><em>de</em></span> <span class='ocrx_word' id='word_1_256' title='bbox 2723 470 3000 524; x_wconf 88' lang='lat' dir='ltr'><em>accidenti</em></span> <span class='ocrx_word' id='word_1_257' title='bbox 3031 470 3271 538; x_wconf 78' lang='lat' dir='ltr'><em>alicujus</em></span> <span class='ocrx_word' id='word_1_258' title='bbox 3304 472 3592 529; x_wconf 71' lang='lat' dir='ltr'><em>substantia</em></span> <span class='ocrx_word' id='word_1_259' title='bbox 3618 482 3785 545; x_wconf 65' lang='lat' dir='ltr'><em>praedi-</em></span> 
     </span>
    </p>
   </div>
   <div class='ocr_carea' id='block_1_35' title="bbox 2222 557 3788 634">
    <p class='ocr_par' dir='ltr' id='par_1_35' title="bbox 2222 557 3788 634">
     <span class='ocr_line' id='line_1_35' title="bbox 2222 557 3788 634; baseline 0.008 -23"><span class='ocrx_word' id='word_1_260' title='bbox 2222 565 2415 623; x_wconf 90' lang='lat' dir='ltr'><em>catur;</em></span> <span class='ocrx_word' id='word_1_261' title='bbox 2450 557 2563 611; x_wconf 87' lang='lat' dir='ltr'><em>alia</em></span> <span class='ocrx_word' id='word_1_262' title='bbox 2592 573 2724 611; x_wconf 87' lang='lat' dir='ltr'><em>vero</em></span> <span class='ocrx_word' id='word_1_263' title='bbox 2760 574 2871 612; x_wconf 91' lang='lat' dir='ltr'><em>non</em></span> <span class='ocrx_word' id='word_1_264' title='bbox 2932 562 3243 614; x_wconf 83' lang='lat' dir='ltr'><em>secundum</em></span> <span class='ocrx_word' id='word_1_265' title='bbox 3300 564 3563 623; x_wconf 82' lang='lat' dir='ltr'><em>accidens,</em></span> <span class='ocrx_word' id='word_1_266' title='bbox 3610 572 3788 634; x_wconf 83' lang='lat' dir='ltr'><em>quoties</em></span> 
     </span>
    </p>
   </div>
   <div class='ocr_carea' id='block_1_36' title="bbox 2221 645 3790 725">
    <p class='ocr_par' dir='ltr' id='par_1_36' title="bbox 2221 645 3790 725">
     <span class='ocr_line' id='line_1_36' title="bbox 2221 645 3790 725; baseline 0.006 -25"><span class='ocrx_word' id='word_1_267' title='bbox 2221 645 2522 717; x_wconf 83' lang='lat' dir='ltr'><em>aliquidde</em></span> <span class='ocrx_word' id='word_1_268' title='bbox 2544 647 2733 717; x_wconf 87' lang='lat' dir='ltr'><em>aliquo</em></span> <span class='ocrx_word' id='word_1_269' title='bbox 2756 647 3203 703; x_wconf 87' lang='lat' dir='ltr'><em>substantialiter</em></span> <span class='ocrx_word' id='word_1_270' title='bbox 3237 649 3457 704; x_wconf 75' lang='lat' dir='ltr'><em>dicitur.</em></span> <span class='ocrx_word' id='word_1_271' title='bbox 3495 651 3673 708; x_wconf 82' lang='lat' dir='ltr'><em>Eorum</em></span> <span class='ocrx_word' id='word_1_272' title='bbox 3717 658 3790 725; x_wconf 83' lang='lat' dir='ltr'><em>igi-</em></span> 
     </span>
    </p>
   </div>
   <div class='ocr_carea' id='block_1_37' title="bbox 2224 739 3791 809">
    <p class='ocr_par' dir='ltr' id='par_1_37' title="bbox 2224 739 3791 809">
     <span class='ocr_line' id='line_1_37' title="bbox 2224 739 3791 809; baseline 0.008 -19"><span class='ocrx_word' id='word_1_273' title='bbox 2224 742 2311 790; x_wconf 90' lang='lat' dir='ltr'><em>tur</em></span> <span class='ocrx_word' id='word_1_274' title='bbox 2338 752 2692 805; x_wconf 82' lang='lat' dir='ltr'><em>quaecunque</em></span> <span class='ocrx_word' id='word_1_275' title='bbox 2723 740 3034 792; x_wconf 86' lang='lat' dir='ltr'><em>secundum</em></span> <span class='ocrx_word' id='word_1_276' title='bbox 3071 739 3335 793; x_wconf 81' lang='lat' dir='ltr'><em>accidens</em></span> <span class='ocrx_word' id='word_1_277' title='bbox 3355 740 3613 809; x_wconf 86' lang='lat' dir='ltr'><em>dicuntur,</em></span> <span class='ocrx_word' id='word_1_278' title='bbox 3636 761 3791 802; x_wconf 81' lang='lat' dir='ltr'><em>eorum</em></span> 
     </span>
    </p>
   </div>
   <div class='ocr_carea' id='block_1_38' title="bbox 2224 827 3791 903">
    <p class='ocr_par' dir='ltr' id='par_1_38' title="bbox 2224 827 3791 903">
     <span class='ocr_line' id='line_1_38' title="bbox 2224 827 3791 903; baseline 0.006 -23"><span class='ocrx_word' id='word_1_279' title='bbox 2224 827 2304 882; x_wconf 85' lang='lat' dir='ltr'><em>vel</em></span> <span class='ocrx_word' id='word_1_280' title='bbox 2332 829 2376 880; x_wconf 89' lang='lat' dir='ltr'><em>si</em></span> <span class='ocrx_word' id='word_1_281' title='bbox 2400 828 2509 882; x_wconf 91' lang='lat' dir='ltr'><em>duo</em></span> <span class='ocrx_word' id='word_1_282' title='bbox 2527 832 2663 882; x_wconf 88' lang='lat' dir='ltr'><em>sunt</em></span> <span class='ocrx_word' id='word_1_283' title='bbox 2685 827 3001 883; x_wconf 88' lang='lat' dir='ltr'><em>accidentia</em></span> <span class='ocrx_word' id='word_1_284' title='bbox 3036 840 3082 883; x_wconf 90' lang='lat' dir='ltr'><em>et</em></span> <span class='ocrx_word' id='word_1_285' title='bbox 3109 829 3177 883; x_wconf 93' lang='lat' dir='ltr'><em>de</em></span> <span class='ocrx_word' id='word_1_286' title='bbox 3214 833 3405 884; x_wconf 74' lang='lat' dir='ltr'><em>eodem</em></span> <span class='ocrx_word' id='word_1_287' title='bbox 3454 834 3791 903; x_wconf 58' lang='lat' dir='ltr'><em>praedicantur,</em></span> 
     </span>
    </p>
   </div>
   <div class='ocr_carea' id='block_1_39' title="bbox 2223 917 3794 995">
    <p class='ocr_par' dir='ltr' id='par_1_39' title="bbox 2223 917 3794 995">
     <span class='ocr_line' id='line_1_39' title="bbox 2223 917 3794 995; baseline 0.005 -24"><span class='ocrx_word' id='word_1_288' title='bbox 2223 917 2305 971; x_wconf 86' lang='lat' dir='ltr'><em>vel</em></span> <span class='ocrx_word' id='word_1_289' title='bbox 2333 917 2378 971; x_wconf 89' lang='lat' dir='ltr'><em>si</em></span> <span class='ocrx_word' id='word_1_290' title='bbox 2401 919 2643 973; x_wconf 84' lang='lat' dir='ltr'><em>alterum</em></span> <span class='ocrx_word' id='word_1_291' title='bbox 2674 918 2943 973; x_wconf 84' lang='lat' dir='ltr'><em>accidens</em></span> <span class='ocrx_word' id='word_1_292' title='bbox 2976 919 3044 973; x_wconf 90' lang='lat' dir='ltr'><em>de</em></span> <span class='ocrx_word' id='word_1_293' title='bbox 3075 920 3253 973; x_wconf 84' lang='lat' dir='ltr'><em>altero</em></span> <span class='ocrx_word' id='word_1_294' title='bbox 3296 922 3557 975; x_wconf 81' lang='lat' dir='ltr'><em>accidenti</em></span> <span class='ocrx_word' id='word_1_295' title='bbox 3601 924 3794 995; x_wconf 78' lang='lat' dir='ltr'><em>dicatur,</em></span> 
     </span>
    </p>
   </div>
   <div class='ocr_carea' id='block_1_40' title="bbox 2222 1006 3801 1080">
    <p class='ocr_par' dir='ltr' id='par_1_40' title="bbox 2222 1006 3801 1080">
     <span class='ocr_line' id='line_1_40' title="bbox 2222 1006 3801 1080; baseline 0.004 -18"><span class='ocrx_word' id='word_1_296' title='bbox 2222 1023 2289 1062; x_wconf 85' lang='lat' dir='ltr'><em>ex</em></span> <span class='ocrx_word' id='word_1_297' title='bbox 2322 1006 2409 1061; x_wconf 90' lang='lat' dir='ltr'><em>his</em></span> <span class='ocrx_word' id='word_1_298' title='bbox 2440 1023 2553 1062; x_wconf 90' lang='lat' dir='ltr'><em>non</em></span> <span class='ocrx_word' id='word_1_299' title='bbox 2586 1014 2769 1075; x_wconf 84' lang='lat' dir='ltr'><em>potest</em></span> <span class='ocrx_word' id='word_1_300' title='bbox 2802 1023 2914 1061; x_wconf 87' lang='lat' dir='ltr'><em>una</em></span> <span class='ocrx_word' id='word_1_301' title='bbox 2947 1007 3067 1062; x_wconf 82' lang='lat' dir='ltr'><em>ﬁeri</em></span> <span class='ocrx_word' id='word_1_302' title='bbox 3130 1008 3468 1076; x_wconf 79' lang='lat' dir='ltr'><em>praedicatio,</em></span> <span class='ocrx_word' id='word_1_303' title='bbox 3527 1028 3683 1080; x_wconf 83' lang='lat' dir='ltr'><em>neque</em></span> <span class='ocrx_word' id='word_1_304' title='bbox 3721 1016 3801 1068; x_wconf 88' lang='lat' dir='ltr'><em>erit</em></span> 
     </span>
    </p>
   </div>
   <div class='ocr_carea' id='block_1_41' title="bbox 2224 1096 3799 1168">
    <p class='ocr_par' dir='ltr' id='par_1_41' title="bbox 2224 1096 3799 1168">
     <span class='ocr_line' id='line_1_41' title="bbox 2224 1096 3799 1168; baseline 0.003 -18"><span class='ocrx_word' id='word_1_305' title='bbox 2224 1111 2399 1151; x_wconf 88' lang='lat' dir='ltr'><em>unum</em></span> <span class='ocrx_word' id='word_1_306' title='bbox 2420 1096 2466 1150; x_wconf 90' lang='lat' dir='ltr'><em>si</em></span> <span class='ocrx_word' id='word_1_307' title='bbox 2485 1096 2683 1165; x_wconf 88' lang='lat' dir='ltr'><em>juncta</em></span> <span class='ocrx_word' id='word_1_308' title='bbox 2697 1096 2839 1161; x_wconf 82' lang='lat' dir='ltr'><em>sint,</em></span> <span class='ocrx_word' id='word_1_309' title='bbox 2866 1103 2923 1151; x_wconf 91' lang='lat' dir='ltr'><em>ut</em></span> <span class='ocrx_word' id='word_1_310' title='bbox 2948 1097 3116 1151; x_wconf 90' lang='lat' dir='ltr'><em>homo</em></span> <span class='ocrx_word' id='word_1_311' title='bbox 3138 1104 3187 1150; x_wconf 72' lang='grc' dir='ltr'><em>(ιι</em></span> <span class='ocrx_word' id='word_1_312' title='bbox 3212 1096 3374 1151; x_wconf 86' lang='lat' dir='ltr'><em>albus</em></span> <span class='ocrx_word' id='word_1_313' title='bbox 3395 1106 3493 1167; x_wconf 73' lang='lat' dir='ltr'><em>est,</em></span> <span class='ocrx_word' id='word_1_314' title='bbox 3512 1109 3558 1153; x_wconf 91' lang='lat' dir='ltr'><em>et</em></span> <span class='ocrx_word' id='word_1_315' title='bbox 3575 1102 3799 1168; x_wconf 88' lang='lat' dir='ltr'><em>musicus,</em></span> 
     </span>
    </p>
   </div>
   <div class='ocr_carea' id='block_1_42' title="bbox 2221 1185 3798 1257">
    <p class='ocr_par' dir='ltr' id='par_1_42' title="bbox 2221 1185 3798 1257">
     <span class='ocr_line' id='line_1_42' title="bbox 2221 1185 3798 1257; baseline 0.003 -17"><span class='ocrx_word' id='word_1_316' title='bbox 2221 1185 2411 1240; x_wconf 91' lang='lat' dir='ltr'><em>album</em></span> <span class='ocrx_word' id='word_1_317' title='bbox 2448 1185 2605 1240; x_wconf 89' lang='lat' dir='ltr'><em>enim</em></span> <span class='ocrx_word' id='word_1_318' title='bbox 2640 1187 2947 1251; x_wconf 88' lang='lat' dir='ltr'><em>musicum,</em></span> <span class='ocrx_word' id='word_1_319' title='bbox 2980 1188 3249 1257; x_wconf 89' lang='lat' dir='ltr'><em>quoniam</em></span> <span class='ocrx_word' id='word_1_320' title='bbox 3285 1188 3343 1240; x_wconf 88' lang='lat' dir='ltr'><em>in</em></span> <span class='ocrx_word' id='word_1_321' title='bbox 3392 1202 3548 1242; x_wconf 87' lang='lat' dir='ltr'><em>unam</em></span> <span class='ocrx_word' id='word_1_322' title='bbox 3607 1192 3798 1244; x_wconf 76' lang='lat' dir='ltr'><em>formam</em></span> 
     </span>
    </p>
   </div>
   <div class='ocr_carea' id='block_1_43' title="bbox 2226 1275 3800 1345">
    <p class='ocr_par' dir='ltr' id='par_1_43' title="bbox 2226 1275 3800 1345">
     <span class='ocr_line' id='line_1_43' title="bbox 2226 1275 3800 1345; baseline 0.001 -16"><span class='ocrx_word' id='word_1_323' title='bbox 2226 1290 2338 1329; x_wconf 90' lang='lat' dir='ltr'><em>non</em></span> <span class='ocrx_word' id='word_1_324' title='bbox 2372 1283 2747 1342; x_wconf 86' lang='lat' dir='ltr'><em>concurrunt,</em></span> <span class='ocrx_word' id='word_1_325' title='bbox 2782 1291 2893 1329; x_wconf 91' lang='lat' dir='ltr'><em>non</em></span> <span class='ocrx_word' id='word_1_326' title='bbox 2926 1275 3141 1330; x_wconf 84' lang='lat' dir='ltr'><em>faciunt</em></span> <span class='ocrx_word' id='word_1_327' title='bbox 3180 1291 3353 1330; x_wconf 79' lang='lat' dir='ltr'><em>unum</em></span> <span class='ocrx_word' id='word_1_328' title='bbox 3389 1277 3800 1345; x_wconf 82' lang='lat' dir='ltr'><em>pr0positienetn.</em></span> 
     </span>
    </p>
   </div>
   <div class='ocr_carea' id='block_1_44' title="bbox 2226 1363 3806 1434">
    <p class='ocr_par' dir='ltr' id='par_1_44' title="bbox 2226 1363 3806 1434">
     <span class='ocr_line' id='line_1_44' title="bbox 2226 1363 3806 1434; baseline 0.001 -16"><span class='ocrx_word' id='word_1_329' title='bbox 2226 1363 2345 1419; x_wconf 89' lang='lat' dir='ltr'><em>Non</em></span> <span class='ocrx_word' id='word_1_330' title='bbox 2367 1364 2517 1418; x_wconf 92' lang='lat' dir='ltr'><em>enim</em></span> <span class='ocrx_word' id='word_1_331' title='bbox 2543 1364 2687 1418; x_wconf 84' lang='lat' dir='ltr'><em>idem</em></span> <span class='ocrx_word' id='word_1_332' title='bbox 2711 1376 2793 1419; x_wconf 90' lang='lat' dir='ltr'><em>est</em></span> <span class='ocrx_word' id='word_1_333' title='bbox 2812 1364 3003 1419; x_wconf 89' lang='lat' dir='ltr'><em>album</em></span> <span class='ocrx_word' id='word_1_334' title='bbox 3026 1369 3083 1418; x_wconf 87' lang='lat' dir='ltr'><em>et</em></span> <span class='ocrx_word' id='word_1_335' title='bbox 3102 1364 3403 1429; x_wconf 84' lang='lat' dir='ltr'><em>musicum,</em></span> <span class='ocrx_word' id='word_1_336' title='bbox 3430 1372 3646 1434; x_wconf 84' lang='lat' dir='ltr'><em>utraque</em></span> <span class='ocrx_word' id='word_1_337' title='bbox 3684 1367 3806 1419; x_wconf 87' lang='lat' dir='ltr'><em>enim</em></span> 
     </span>
    </p>
   </div>
   <div class='ocr_carea' id='block_1_45' title="bbox 2223 1452 3810 1520">
    <p class='ocr_par' dir='ltr' id='par_1_45' title="bbox 2223 1452 3810 1520">
     <span class='ocr_line' id='line_1_45' title="bbox 2223 1452 3810 1520; baseline -0.001 -12"><span class='ocrx_word' id='word_1_338' title='bbox 2223 1452 2406 1508; x_wconf 90' lang='lat' dir='ltr'><em>eidem</em></span> <span class='ocrx_word' id='word_1_339' title='bbox 2443 1461 2572 1507; x_wconf 90' lang='lat' dir='ltr'><em>sunt</em></span> <span class='ocrx_word' id='word_1_340' title='bbox 2603 1453 2942 1520; x_wconf 77' lang='lat' dir='ltr'><em>accidentia,</em></span> <span class='ocrx_word' id='word_1_341' title='bbox 2975 1470 3087 1508; x_wconf 90' lang='lat' dir='ltr'><em>non</em></span> <span class='ocrx_word' id='word_1_342' title='bbox 3121 1460 3308 1508; x_wconf 88' lang='lat' dir='ltr'><em>tamen</em></span> <span class='ocrx_word' id='word_1_343' title='bbox 3334 1455 3477 1507; x_wconf 87' lang='lat' dir='ltr'><em>idem</em></span> <span class='ocrx_word' id='word_1_344' title='bbox 3498 1462 3641 1507; x_wconf 91' lang='lat' dir='ltr'><em>sunt.</em></span> <span class='ocrx_word' id='word_1_345' title='bbox 3664 1453 3757 1508; x_wconf 87' lang='lat' dir='ltr'><em>Nec</em></span> <span class='ocrx_word' id='word_1_346' title='bbox 3774 1454 3810 1508; x_wconf 91' lang='lat' dir='ltr'><em>si</em></span> 
     </span>
    </p>
   </div>
   <div class='ocr_carea' id='block_1_46' title="bbox 2223 1542 3811 1611">
    <p class='ocr_par' dir='ltr' id='par_1_46' title="bbox 2223 1542 3811 1611">
     <span class='ocr_line' id='line_1_46' title="bbox 2223 1542 3811 1611; baseline -0.001 -14"><span class='ocrx_word' id='word_1_347' title='bbox 2223 1542 2414 1597; x_wconf 87' lang='lat' dir='ltr'><em>album</em></span> <span class='ocrx_word' id='word_1_348' title='bbox 2449 1542 2517 1596; x_wconf 89' lang='lat' dir='ltr'><em>de</em></span> <span class='ocrx_word' id='word_1_349' title='bbox 2548 1543 2763 1597; x_wconf 90' lang='lat' dir='ltr'><em>musico</em></span> <span class='ocrx_word' id='word_1_350' title='bbox 2796 1542 3201 1611; x_wconf 65' lang='lat' dir='ltr'><em>praedicamus,</em></span> <span class='ocrx_word' id='word_1_351' title='bbox 3232 1542 3284 1596; x_wconf 91' lang='lat' dir='ltr'><em>id</em></span> <span class='ocrx_word' id='word_1_352' title='bbox 3349 1546 3432 1597; x_wconf 79' lang='lat' dir='ltr'><em>est</em></span> <span class='ocrx_word' id='word_1_353' title='bbox 3482 1543 3720 1597; x_wconf 89' lang='lat' dir='ltr'><em>accidens</em></span> <span class='ocrx_word' id='word_1_354' title='bbox 3759 1542 3811 1596; x_wconf 87' lang='lat' dir='ltr'><em>de</em></span> 
     </span>
    </p>
   </div>
   <div class='ocr_carea' id='block_1_47' title="bbox 2223 1630 3812 1699">
    <p class='ocr_par' dir='ltr' id='par_1_47' title="bbox 2223 1630 3812 1699">
     <span class='ocr_line' id='line_1_47' title="bbox 2223 1630 3812 1699; baseline -0.002 -12"><span class='ocrx_word' id='word_1_355' title='bbox 2223 1630 2529 1698; x_wconf 86' lang='lat' dir='ltr'><em>accidenti,</em></span> <span class='ocrx_word' id='word_1_356' title='bbox 2553 1631 2736 1687; x_wconf 88' lang='lat' dir='ltr'><em>ethoc</em></span> <span class='ocrx_word' id='word_1_357' title='bbox 2768 1647 2956 1686; x_wconf 88' lang='lat' dir='ltr'><em>verum</em></span> <span class='ocrx_word' id='word_1_358' title='bbox 2997 1634 3094 1699; x_wconf 89' lang='lat' dir='ltr'><em>sit,</em></span> <span class='ocrx_word' id='word_1_359' title='bbox 3140 1647 3254 1686; x_wconf 91' lang='lat' dir='ltr'><em>non</em></span> <span class='ocrx_word' id='word_1_360' title='bbox 3304 1640 3485 1686; x_wconf 87' lang='lat' dir='ltr'><em>tamen</em></span> <span class='ocrx_word' id='word_1_361' title='bbox 3519 1648 3724 1687; x_wconf 74' lang='lat' dir='ltr'><em>necesse</em></span> <span class='ocrx_word' id='word_1_362' title='bbox 3748 1639 3812 1686; x_wconf 85' lang='lat' dir='ltr'><em>est</em></span> 
     </span>
    </p>
   </div>
   <div class='ocr_carea' id='block_1_48' title="bbox 2223 1720 3821 1790">
    <p class='ocr_par' dir='ltr' id='par_1_48' title="bbox 2223 1720 3821 1790">
     <span class='ocr_line' id='line_1_48' title="bbox 2223 1720 3821 1790; baseline -0.001 -16"><span class='ocrx_word' id='word_1_363' title='bbox 2223 1720 2277 1774; x_wconf 88' lang='lat' dir='ltr'><em>id</em></span> <span class='ocrx_word' id='word_1_364' title='bbox 2298 1722 2443 1790; x_wconf 91' lang='lat' dir='ltr'><em>quod</em></span> <span class='ocrx_word' id='word_1_365' title='bbox 2465 1721 2744 1776; x_wconf 86' lang='lat' dir='ltr'><em>musicum</em></span> <span class='ocrx_word' id='word_1_366' title='bbox 2793 1726 2883 1775; x_wconf 85' lang='lat' dir='ltr'><em>est</em></span> <span class='ocrx_word' id='word_1_367' title='bbox 2937 1738 3060 1776; x_wconf 85' lang='lat' dir='ltr'><em>esse</em></span> <span class='ocrx_word' id='word_1_368' title='bbox 3110 1721 3332 1787; x_wconf 86' lang='lat' dir='ltr'><em>album,</em></span> <span class='ocrx_word' id='word_1_369' title='bbox 3385 1737 3557 1790; x_wconf 85' lang='lat' dir='ltr'><em>neque</em></span> <span class='ocrx_word' id='word_1_370' title='bbox 3600 1721 3729 1775; x_wconf 88' lang='lat' dir='ltr'><em>enim</em></span> <span class='ocrx_word' id='word_1_371' title='bbox 3757 1726 3821 1775; x_wconf 86' lang='lat' dir='ltr'><em>est</em></span> 
     </span>
    </p>
   </div>
   <div class='ocr_carea' id='block_1_49' title="bbox 2232 1808 3822 1880">
    <p class='ocr_par' dir='ltr' id='par_1_49' title="bbox 2232 1808 3822 1880">
     <span class='ocr_line' id='line_1_49' title="bbox 2232 1808 3822 1880; baseline -0.002 -16"><span class='ocrx_word' id='word_1_372' title='bbox 2232 1825 2410 1864; x_wconf 90' lang='lat' dir='ltr'><em>unum</em></span> <span class='ocrx_word' id='word_1_373' title='bbox 2435 1808 3029 1880; x_wconf 82' lang='lat' dir='ltr'><em>aliquid.Accidenter</em></span> <span class='ocrx_word' id='word_1_374' title='bbox 3051 1811 3207 1865; x_wconf 90' lang='lat' dir='ltr'><em>enim</em></span> <span class='ocrx_word' id='word_1_375' title='bbox 3238 1811 3287 1864; x_wconf 89' lang='lat' dir='ltr'><em>id</em></span> <span class='ocrx_word' id='word_1_376' title='bbox 3320 1812 3460 1880; x_wconf 80' lang='lat' dir='ltr'><em>quod</em></span> <span class='ocrx_word' id='word_1_377' title='bbox 3489 1810 3739 1866; x_wconf 90' lang='lat' dir='ltr'><em>musicum</em></span> <span class='ocrx_word' id='word_1_378' title='bbox 3758 1816 3822 1864; x_wconf 89' lang='lat' dir='ltr'><em>est</em></span> 
     </span>
    </p>
   </div>
   <div class='ocr_carea' id='block_1_50' title="bbox 2229 1896 3826 1967">
    <p class='ocr_par' dir='ltr' id='par_1_50' title="bbox 2229 1896 3826 1967">
     <span class='ocr_line' id='line_1_50' title="bbox 2229 1896 3826 1967; baseline 0 -16"><span class='ocrx_word' id='word_1_379' title='bbox 2229 1896 2422 1952; x_wconf 88' lang='lat' dir='ltr'><em>album</em></span> <span class='ocrx_word' id='word_1_380' title='bbox 2447 1908 2529 1951; x_wconf 84' lang='lat' dir='ltr'><em>est</em></span> <span class='ocrx_word' id='word_1_381' title='bbox 2553 1922 2566 1963; x_wconf 86' lang='lat'><strong>;</strong></span> <span class='ocrx_word' id='word_1_382' title='bbox 2589 1899 2856 1967; x_wconf 88' lang='lat' dir='ltr'><em>quoniam</em></span> <span class='ocrx_word' id='word_1_383' title='bbox 2885 1901 3039 1953; x_wconf 90' lang='lat' dir='ltr'><em>enim</em></span> <span class='ocrx_word' id='word_1_384' title='bbox 3067 1899 3316 1966; x_wconf 79' lang='lat' dir='ltr'><em>idipsuni</em></span> <span class='ocrx_word' id='word_1_385' title='bbox 3338 1898 3429 1953; x_wconf 91' lang='lat' dir='ltr'><em>cui</em></span> <span class='ocrx_word' id='word_1_386' title='bbox 3468 1897 3718 1952; x_wconf 88' lang='lat' dir='ltr'><em>musicum</em></span> <span class='ocrx_word' id='word_1_387' title='bbox 3747 1911 3826 1951; x_wconf 86' lang='lat' dir='ltr'><em>ac-</em></span> 
     </span>
    </p>
   </div>
   <div class='ocr_carea' id='block_1_51' title="bbox 2231 1986 3828 2051">
    <p class='ocr_par' dir='ltr' id='par_1_51' title="bbox 2231 1986 3828 2051">
     <span class='ocr_line' id='line_1_51' title="bbox 2231 1986 3828 2051; baseline -0.003 -9"><span class='ocrx_word' id='word_1_388' title='bbox 2231 1987 2368 2042; x_wconf 90' lang='lat' dir='ltr'><em>cidit</em></span> <span class='ocrx_word' id='word_1_389' title='bbox 2386 1986 2575 2042; x_wconf 90' lang='lat' dir='ltr'><em>alhum</em></span> <span class='ocrx_word' id='word_1_390' title='bbox 2596 1995 2699 2051; x_wconf 89' lang='lat' dir='ltr'><em>est,</em></span> <span class='ocrx_word' id='word_1_391' title='bbox 2723 1988 2934 2043; x_wconf 91' lang='lat' dir='ltr'><em>idcirco</em></span> <span class='ocrx_word' id='word_1_392' title='bbox 2958 1989 3241 2041; x_wconf 87' lang='lat' dir='ltr'><em>musicum</em></span> <span class='ocrx_word' id='word_1_393' title='bbox 3266 1987 3460 2041; x_wconf 86' lang='lat' dir='ltr'><em>album</em></span> <span class='ocrx_word' id='word_1_394' title='bbox 3486 1988 3693 2041; x_wconf 87' lang='lat' dir='ltr'><em>dicitur.</em></span> <span class='ocrx_word' id='word_1_395' title='bbox 3727 1986 3828 2040; x_wconf 88' lang='lat' dir='ltr'><em>Non</em></span> 
     </span>
    </p>
   </div>
   <div class='ocr_carea' id='block_1_52' title="bbox 2232 2074 3828 2142">
    <p class='ocr_par' dir='ltr' id='par_1_52' title="bbox 2232 2074 3828 2142">
     <span class='ocr_line' id='line_1_52' title="bbox 2232 2074 3828 2142; baseline -0.003 -10"><span class='ocrx_word' id='word_1_396' title='bbox 2232 2084 2312 2132; x_wconf 84' lang='lat' dir='ltr'><em>est</em></span> <span class='ocrx_word' id='word_1_397' title='bbox 2342 2084 2528 2131; x_wconf 89' lang='lat' dir='ltr'><em>autem</em></span> <span class='ocrx_word' id='word_1_398' title='bbox 2562 2077 2712 2132; x_wconf 89' lang='lat' dir='ltr'><em>idem</em></span> <span class='ocrx_word' id='word_1_399' title='bbox 2746 2078 3030 2131; x_wconf 89' lang='lat' dir='ltr'><em>musicum</em></span> <span class='ocrx_word' id='word_1_400' title='bbox 3062 2075 3277 2132; x_wconf 90' lang='lat' dir='ltr'><em>album.</em></span> <span class='ocrx_word' id='word_1_401' title='bbox 3318 2077 3620 2142; x_wconf 86' lang='lat' dir='ltr'><em>Quodcirca</em></span> <span class='ocrx_word' id='word_1_402' title='bbox 3665 2074 3828 2130; x_wconf 86' lang='lat' dir='ltr'><em>eadem</em></span> 
     </span>
    </p>
   </div>
   <div class='ocr_carea' id='block_1_53' title="bbox 2234 2164 3831 2233">
    <p class='ocr_par' dir='ltr' id='par_1_53' title="bbox 2234 2164 3831 2233">
     <span class='ocr_line' id='line_1_53' title="bbox 2234 2164 3831 2233; baseline -0.004 -11"><span class='ocrx_word' id='word_1_403' title='bbox 2234 2166 2451 2222; x_wconf 83' lang='lat' dir='ltr'><em>ratione</em></span> <span class='ocrx_word' id='word_1_404' title='bbox 2481 2174 2721 2231; x_wconf 90' lang='lat' dir='ltr'><em>tenetur,</em></span> <span class='ocrx_word' id='word_1_405' title='bbox 2758 2172 2955 2220; x_wconf 86' lang='lat' dir='ltr'><em>utnon</em></span> <span class='ocrx_word' id='word_1_406' title='bbox 2990 2165 3163 2233; x_wconf 90' lang='lat' dir='ltr'><em>possit</em></span> <span class='ocrx_word' id='word_1_407' title='bbox 3222 2165 3383 2219; x_wconf 87' lang='lat' dir='ltr'><em>idem</em></span> <span class='ocrx_word' id='word_1_408' title='bbox 3444 2181 3559 2219; x_wconf 89' lang='lat' dir='ltr'><em>esse</em></span> <span class='ocrx_word' id='word_1_409' title='bbox 3614 2164 3831 2219; x_wconf 60' lang='lat' dir='ltr'><em>citharoe-</em></span> 
     </span>
    </p>
   </div>
   <div class='ocr_carea' id='block_1_54' title="bbox 2232 2253 3830 2325">
    <p class='ocr_par' dir='ltr' id='par_1_54' title="bbox 2232 2253 3830 2325">
     <span class='ocr_line' id='line_1_54' title="bbox 2232 2253 3830 2325; baseline -0.004 -15"><span class='ocrx_word' id='word_1_410' title='bbox 2232 2256 2338 2310; x_wconf 93' lang='lat' dir='ltr'><em>dus</em></span> <span class='ocrx_word' id='word_1_411' title='bbox 2370 2255 2571 2324; x_wconf 84' lang='lat' dir='ltr'><em>bonus,</em></span> <span class='ocrx_word' id='word_1_412' title='bbox 2606 2271 2714 2311; x_wconf 88' lang='lat' dir='ltr'><em>nec</em></span> <span class='ocrx_word' id='word_1_413' title='bbox 2745 2256 2801 2310; x_wconf 91' lang='lat' dir='ltr'><em>in</em></span> <span class='ocrx_word' id='word_1_414' title='bbox 2835 2270 3013 2310; x_wconf 91' lang='lat' dir='ltr'><em>unum</em></span> <span class='ocrx_word' id='word_1_415' title='bbox 3041 2270 3249 2325; x_wconf 91' lang='lat' dir='ltr'><em>corpus</em></span> <span class='ocrx_word' id='word_1_416' title='bbox 3279 2255 3606 2324; x_wconf 79' lang='lat' dir='ltr'><em>conjuncta,</em></span> <span class='ocrx_word' id='word_1_417' title='bbox 3664 2253 3830 2305; x_wconf 82' lang='lat' dir='ltr'><em>faciant</em></span> 
     </span>
    </p>
   </div>
   <div class='ocr_carea' id='block_1_55' title="bbox 2235 2341 3835 2415">
    <p class='ocr_par' dir='ltr' id='par_1_55' title="bbox 2235 2341 3835 2415">
     <span class='ocr_line' id='line_1_55' title="bbox 2235 2341 3835 2415; baseline -0.004 -16"><span class='ocrx_word' id='word_1_418' title='bbox 2235 2359 2409 2399; x_wconf 91' lang='lat' dir='ltr'><em>unum</em></span> <span class='ocrx_word' id='word_1_419' title='bbox 2441 2345 2681 2414; x_wconf 86' lang='lat' dir='ltr'><em>aliquid,</em></span> <span class='ocrx_word' id='word_1_420' title='bbox 2713 2359 3035 2415; x_wconf 85' lang='lat' dir='ltr'><em>quanquam</em></span> <span class='ocrx_word' id='word_1_421' title='bbox 3072 2344 3371 2413; x_wconf 68' lang='lat' dir='ltr'><em>sigillatim</em></span> <span class='ocrx_word' id='word_1_422' title='bbox 3410 2359 3531 2397; x_wconf 85' lang='lat' dir='ltr'><em>vere</em></span> <span class='ocrx_word' id='word_1_423' title='bbox 3562 2341 3835 2412; x_wconf 73' lang='lat' dir='ltr'><em>praedicen-</em></span> 
     </span>
    </p>
   </div>
   <div class='ocr_carea' id='block_1_56' title="bbox 2235 2430 3838 2504">
    <p class='ocr_par' dir='ltr' id='par_1_56' title="bbox 2235 2430 3838 2504">
     <span class='ocr_line' id='line_1_56' title="bbox 2235 2430 3838 2504; baseline -0.004 -16"><span class='ocrx_word' id='word_1_424' title='bbox 2235 2440 2339 2488; x_wconf 89' lang='lat' dir='ltr'><em>tur.</em></span> <span class='ocrx_word' id='word_1_425' title='bbox 2376 2435 2531 2498; x_wconf 88' lang='lat' dir='ltr'><em>Quod</em></span> <span class='ocrx_word' id='word_1_426' title='bbox 2567 2434 2612 2487; x_wconf 93' lang='lat' dir='ltr'><em>si</em></span> <span class='ocrx_word' id='word_1_427' title='bbox 2644 2437 2770 2503; x_wconf 84' lang='lat' dir='ltr'><em>quis</em></span> <span class='ocrx_word' id='word_1_428' title='bbox 2808 2434 3019 2504; x_wconf 86' lang='lat' dir='ltr'><em>aliquid</em></span> <span class='ocrx_word' id='word_1_429' title='bbox 3070 2432 3529 2487; x_wconf 86' lang='lat' dir='ltr'><em>substantialiter</em></span> <span class='ocrx_word' id='word_1_430' title='bbox 3590 2430 3838 2502; x_wconf 66' lang='lat' dir='ltr'><em>praedicet,</em></span> 
     </span>
    </p>
   </div>
   <div class='ocr_carea' id='block_1_57' title="bbox 2231 2522 3842 2595">
    <p class='ocr_par' dir='ltr' id='par_1_57' title="bbox 2231 2522 3842 2595">
     <span class='ocr_line' id='line_1_57' title="bbox 2231 2522 3842 2595; baseline -0.002 -18"><span class='ocrx_word' id='word_1_431' title='bbox 2231 2524 2486 2594; x_wconf 88' lang='lat' dir='ltr'><em>duasque</em></span> <span class='ocrx_word' id='word_1_432' title='bbox 2518 2539 2607 2577; x_wconf 87' lang='lat' dir='ltr'><em>res</em></span> <span class='ocrx_word' id='word_1_433' title='bbox 2637 2522 2928 2590; x_wconf 71' lang='lat' dir='ltr'><em>sigill~ttitn</em></span> <span class='ocrx_word' id='word_1_434' title='bbox 2960 2523 3129 2591; x_wconf 86' lang='lat' dir='ltr'><em>dicat,</em></span> <span class='ocrx_word' id='word_1_435' title='bbox 3166 2534 3414 2595; x_wconf 84' lang='lat' dir='ltr'><em>possunt</em></span> <span class='ocrx_word' id='word_1_436' title='bbox 3447 2525 3504 2579; x_wconf 90' lang='lat' dir='ltr'><em>in</em></span> <span class='ocrx_word' id='word_1_437' title='bbox 3538 2537 3696 2576; x_wconf 77' lang='lat' dir='ltr'><em>unum</em></span> <span class='ocrx_word' id='word_1_438' title='bbox 3737 2534 3842 2589; x_wconf 90' lang='lat' dir='ltr'><em>pro-</em></span> 
     </span>
    </p>
   </div>
   <div class='ocr_carea' id='block_1_58' title="bbox 2232 2611 3840 2683">
    <p class='ocr_par' dir='ltr' id='par_1_58' title="bbox 2232 2611 3840 2683">
     <span class='ocr_line' id='line_1_58' title="bbox 2232 2611 3840 2683; baseline -0.002 -17"><span class='ocrx_word' id='word_1_439' title='bbox 2232 2611 2569 2682; x_wconf 85' lang='lat' dir='ltr'><em>positionem</em></span> <span class='ocrx_word' id='word_1_440' title='bbox 2604 2614 2804 2677; x_wconf 90' lang='lat' dir='ltr'><em>redire,</em></span> <span class='ocrx_word' id='word_1_441' title='bbox 2829 2628 2952 2683; x_wconf 55' lang='lat' dir='ltr'><em>quae</em></span> <span class='ocrx_word' id='word_1_442' title='bbox 2980 2614 3439 2670; x_wconf 75' lang='lat' dir='ltr'><em>subetantiamer</em></span> <span class='ocrx_word' id='word_1_443' title='bbox 3462 2630 3582 2668; x_wconf 85' lang='lat' dir='ltr'><em>vere</em></span> <span class='ocrx_word' id='word_1_444' title='bbox 3606 2611 3840 2679; x_wconf 61' lang='lat' dir='ltr'><em>sejunctas</em></span> 
     </span>
    </p>
   </div>
   <div class='ocr_carea' id='block_1_59' title="bbox 2236 2694 3844 2773">
    <p class='ocr_par' dir='ltr' id='par_1_59' title="bbox 2236 2694 3844 2773">
     <span class='ocr_line' id='line_1_59' title="bbox 2236 2694 3844 2773; baseline -0.004 -18"><span class='ocrx_word' id='word_1_445' title='bbox 2236 2703 2654 2773; x_wconf 89' lang='lat' dir='ltr'><em>separatimque</em></span> <span class='ocrx_word' id='word_1_446' title='bbox 2687 2712 2983 2771; x_wconf 86' lang='lat' dir='ltr'><em>ponuntur</em></span> <span class='ocrx_word' id='word_1_447' title='bbox 3010 2720 3023 2768; x_wconf 89' lang='lat'><strong>;</strong></span> <span class='ocrx_word' id='word_1_448' title='bbox 3046 2703 3215 2757; x_wconf 84' lang='lat' dir='ltr'><em>homo</em></span> <span class='ocrx_word' id='word_1_449' title='bbox 3240 2706 3418 2773; x_wconf 86' lang='lat' dir='ltr'><em>enim,</em></span> <span class='ocrx_word' id='word_1_450' title='bbox 3445 2718 3573 2757; x_wconf 89' lang='lat' dir='ltr'><em>eum</em></span> <span class='ocrx_word' id='word_1_451' title='bbox 3598 2708 3646 2755; x_wconf 90' lang='lat' dir='ltr'><em>et</em></span> <span class='ocrx_word' id='word_1_452' title='bbox 3668 2694 3844 2753; x_wconf 82' lang='lat' dir='ltr'><em>animal</em></span> 
     </span>
    </p>
   </div>
   <div class='ocr_carea' id='block_1_60' title="bbox 2230 2790 3849 2862">
    <p class='ocr_par' dir='ltr' id='par_1_60' title="bbox 2230 2790 3849 2862">
     <span class='ocr_line' id='line_1_60' title="bbox 2230 2790 3849 2862; baseline -0.004 -16"><span class='ocrx_word' id='word_1_453' title='bbox 2230 2790 2363 2846; x_wconf 88' lang='lat' dir='ltr'><em>silet</em></span> <span class='ocrx_word' id='word_1_454' title='bbox 2389 2792 2568 2860; x_wconf 88' lang='lat' dir='ltr'><em>bipes,</em></span> <span class='ocrx_word' id='word_1_455' title='bbox 2597 2800 2678 2846; x_wconf 90' lang='lat' dir='ltr'><em>est</em></span> <span class='ocrx_word' id='word_1_456' title='bbox 2705 2791 2930 2845; x_wconf 87' lang='lat' dir='ltr'><em>animal</em></span> <span class='ocrx_word' id='word_1_457' title='bbox 2977 2792 3158 2862; x_wconf 87' lang='lat' dir='ltr'><em>bipes,</em></span> <span class='ocrx_word' id='word_1_458' title='bbox 3201 2802 3250 2846; x_wconf 88' lang='lat' dir='ltr'><em>et</em></span> <span class='ocrx_word' id='word_1_459' title='bbox 3280 2794 3343 2845; x_wconf 81' lang='lat' dir='ltr'><em>fit</em></span> <span class='ocrx_word' id='word_1_460' title='bbox 3393 2808 3458 2847; x_wconf 83' lang='lat' dir='ltr'><em>ex</em></span> <span class='ocrx_word' id='word_1_461' title='bbox 3492 2791 3575 2845; x_wconf 70' lang='lat' dir='ltr'><em>his</em></span> <span class='ocrx_word' id='word_1_462' title='bbox 3610 2805 3710 2843; x_wconf 90' lang='lat' dir='ltr'><em>una</em></span> <span class='ocrx_word' id='word_1_463' title='bbox 3737 2802 3849 2856; x_wconf 57' lang='lat' dir='ltr'><em>pre</em></span> 
     </span>
    </p>
   </div>
   <div class='ocr_carea' id='block_1_61' title="bbox 2229 2876 3853 2948">
    <p class='ocr_par' dir='ltr' id='par_1_61' title="bbox 2229 2876 3853 2948">
     <span class='ocr_line' id='line_1_61' title="bbox 2229 2876 3853 2948; baseline -0.005 -14"><span class='ocrx_word' id='word_1_464' title='bbox 2229 2880 2460 2935; x_wconf 90' lang='lat' dir='ltr'><em>dicatio.</em></span> <span class='ocrx_word' id='word_1_465' title='bbox 2489 2880 2629 2935; x_wconf 86' lang='lat' dir='ltr'><em>Nam</em></span> <span class='ocrx_word' id='word_1_466' title='bbox 2660 2895 2843 2948; x_wconf 86' lang='lat' dir='ltr'><em>neque</em></span> <span class='ocrx_word' id='word_1_467' title='bbox 2867 2880 3078 2935; x_wconf 82' lang='lat' dir='ltr'><em>animal</em></span> <span class='ocrx_word' id='word_1_468' title='bbox 3107 2882 3432 2935; x_wconf 88' lang='lat' dir='ltr'><em>secundum</em></span> <span class='ocrx_word' id='word_1_469' title='bbox 3466 2876 3853 2935; x_wconf 79' lang='lat' dir='ltr'><em>accidensinest</em></span> 
     </span>
    </p>
   </div>
   <div class='ocr_carea' id='block_1_62' title="bbox 2228 2964 3853 3039">
    <p class='ocr_par' dir='ltr' id='par_1_62' title="bbox 2228 2964 3853 3039">
     <span class='ocr_line' id='line_1_62' title="bbox 2228 2964 3853 3039; baseline -0.004 -16"><span class='ocrx_word' id='word_1_470' title='bbox 2228 2968 2449 3025; x_wconf 89' lang='lat' dir='ltr'><em>homini</em></span> <span class='ocrx_word' id='word_1_471' title='bbox 2482 2984 2587 3025; x_wconf 90' lang='lat' dir='ltr'><em>nec</em></span> <span class='ocrx_word' id='word_1_472' title='bbox 2621 2968 2803 3038; x_wconf 81' lang='lat' dir='ltr'><em>bipes,</em></span> <span class='ocrx_word' id='word_1_473' title='bbox 2845 2970 2998 3039; x_wconf 88' lang='lat' dir='ltr'><em>quod</em></span> <span class='ocrx_word' id='word_1_474' title='bbox 3024 2986 3121 3039; x_wconf 89' lang='lat' dir='ltr'><em>per</em></span> <span class='ocrx_word' id='word_1_475' title='bbox 3156 2970 3263 3025; x_wconf 86' lang='lat' dir='ltr'><em>hoc</em></span> <span class='ocrx_word' id='word_1_476' title='bbox 3295 2971 3550 3025; x_wconf 74' lang='lat' dir='ltr'><em>ostendit</em></span> <span class='ocrx_word' id='word_1_477' title='bbox 3596 2967 3727 3037; x_wconf 89' lang='lat' dir='ltr'><em>quod</em></span> <span class='ocrx_word' id='word_1_478' title='bbox 3775 2964 3853 3025; x_wconf 83' lang='lat' dir='ltr'><em>ait,</em></span> 
     </span>
    </p>
   </div>
   <div class='ocr_carea' id='block_1_63' title="bbox 2225 3052 3852 3129">
    <p class='ocr_par' dir='ltr' id='par_1_63' title="bbox 2225 3052 3852 3129">
     <span class='ocr_line' id='line_1_63' title="bbox 2225 3052 3852 3129; baseline -0.004 -17"><span class='ocrx_word' id='word_1_479' title='bbox 2225 3060 2319 3113; x_wconf 88' lang='lat' dir='ltr'><em>sed</em></span> <span class='ocrx_word' id='word_1_480' title='bbox 2357 3059 2586 3113; x_wconf 86' lang='lat' dir='ltr'><em>animal</em></span> <span class='ocrx_word' id='word_1_481' title='bbox 2625 3058 2819 3129; x_wconf 86' lang='lat' dir='ltr'><em>bipes;</em></span> <span class='ocrx_word' id='word_1_482' title='bbox 2857 3074 2967 3113; x_wconf 88' lang='lat' dir='ltr'><em>non</em></span> <span class='ocrx_word' id='word_1_483' title='bbox 3004 3067 3131 3113; x_wconf 90' lang='lat' dir='ltr'><em>sunt</em></span> <span class='ocrx_word' id='word_1_484' title='bbox 3183 3060 3340 3114; x_wconf 89' lang='lat' dir='ltr'><em>enim</em></span> <span class='ocrx_word' id='word_1_485' title='bbox 3391 3058 3693 3115; x_wconf 89' lang='lat' dir='ltr'><em>secundum</em></span> <span class='ocrx_word' id='word_1_486' title='bbox 3731 3052 3852 3108; x_wconf 88' lang='lat' dir='ltr'><em>acci-</em></span> 
     </span>
    </p>
   </div>
   <div class='ocr_carea' id='block_1_64' title="bbox 470 3108 3848 3219">
    <p class='ocr_par' dir='ltr' id='par_1_64' title="bbox 470 3108 3848 3219">
     <span class='ocr_line' id='line_1_64' title="bbox 470 3108 3848 3219; baseline -0.001 -19"><span class='ocrx_word' id='word_1_487' title='bbox 470 3144 753 3211; x_wconf 87' lang='lat' dir='ltr'><em>Socrates,</em></span> <span class='ocrx_word' id='word_1_488' title='bbox 774 3149 821 3201; x_wconf 88' lang='lat' dir='ltr'><em>si</em></span> <span class='ocrx_word' id='word_1_489' title='bbox 843 3148 913 3201; x_wconf 90' lang='lat' dir='ltr'><em>de</em></span> <span class='ocrx_word' id='word_1_490' title='bbox 935 3150 1129 3201; x_wconf 85' lang='lat' dir='ltr'><em>eodem</em></span> <span class='ocrx_word' id='word_1_491' title='bbox 1152 3148 1367 3202; x_wconf 91' lang='lat' dir='ltr'><em>musico</em></span> <span class='ocrx_word' id='word_1_492' title='bbox 1384 3148 1546 3201; x_wconf 87' lang='lat' dir='ltr'><em>albus</em></span> <span class='ocrx_word' id='word_1_493' title='bbox 1570 3148 1923 3217; x_wconf 66' lang='lat' dir='ltr'><em>praedicetur,</em></span> <span class='ocrx_word' id='word_1_494' title='bbox 1966 3166 2110 3218; x_wconf 74' lang='lat' dir='ltr'><em>prze-</em></span> <span class='ocrx_word' id='word_1_495' title='bbox 2140 3108 2184 3176; x_wconf 63' lang='grc' dir='ltr'>α</span> <span class='ocrx_word' id='word_1_496' title='bbox 2231 3150 2393 3204; x_wconf 85' lang='lat' dir='ltr'><em>dens.</em></span> <span class='ocrx_word' id='word_1_497' title='bbox 2429 3150 2512 3202; x_wconf 88' lang='lat' dir='ltr'><em>Ad</em></span> <span class='ocrx_word' id='word_1_498' title='bbox 2533 3148 2612 3203; x_wconf 91' lang='lat' dir='ltr'><em>dit</em></span> <span class='ocrx_word' id='word_1_499' title='bbox 2644 3108 2867 3219; x_wconf 70' lang='lat' dir='ltr'><em>quoque</em></span> <span class='ocrx_word' id='word_1_500' title='bbox 2898 3150 3057 3217; x_wconf 89' lang='lat' dir='ltr'><em>illud,</em></span> <span class='ocrx_word' id='word_1_501' title='bbox 3093 3149 3368 3217; x_wconf 86' lang='lat' dir='ltr'><em>quoniam</em></span> <span class='ocrx_word' id='word_1_502' title='bbox 3422 3166 3527 3204; x_wconf 90' lang='lat' dir='ltr'><em>nec</em></span> <span class='ocrx_word' id='word_1_503' title='bbox 3582 3165 3645 3203; x_wconf 89' lang='lat' dir='ltr'><em>ea</em></span> <span class='ocrx_word' id='word_1_504' title='bbox 3684 3147 3848 3214; x_wconf 88' lang='lat' dir='ltr'><em>juncta</em></span> 
     </span>
    </p>
   </div>
   <div class='ocr_carea' id='block_1_65' title="bbox 472 3232 2124 3305">
    <p class='ocr_par' dir='ltr' id='par_1_65' title="bbox 472 3232 2124 3305">
     <span class='ocr_line' id='line_1_65' title="bbox 472 3232 2124 3305; baseline 0.004 -19"><span class='ocrx_word' id='word_1_505' title='bbox 472 3232 695 3288; x_wconf 86' lang='lat' dir='ltr'><em>dicatur</em></span> <span class='ocrx_word' id='word_1_506' title='bbox 726 3235 954 3302; x_wconf 89' lang='lat' dir='ltr'><em>quidem</em></span> <span class='ocrx_word' id='word_1_507' title='bbox 1015 3236 1085 3290; x_wconf 94' lang='lat' dir='ltr'><em>de</em></span> <span class='ocrx_word' id='word_1_508' title='bbox 1139 3239 1369 3290; x_wconf 78' lang='lat' dir='ltr'><em>Socrate</em></span> <span class='ocrx_word' id='word_1_509' title='bbox 1424 3236 1682 3305; x_wconf 84' lang='lat' dir='ltr'><em>subjecto</em></span> <span class='ocrx_word' id='word_1_510' title='bbox 1732 3237 2001 3304; x_wconf 88' lang='lat' dir='ltr'><em>musicus,</em></span> <span class='ocrx_word' id='word_1_511' title='bbox 2053 3238 2124 3293; x_wconf 89' lang='lat' dir='ltr'><em>de</em></span> 
     </span>
    </p>
   </div>
   <div class='ocr_carea' id='block_1_66' title="bbox 478 3321 2127 3393">
    <p class='ocr_par' dir='ltr' id='par_1_66' title="bbox 478 3321 2127 3393">
     <span class='ocr_line' id='line_1_66' title="bbox 478 3321 2127 3393; baseline 0.004 -20"><span class='ocrx_word' id='word_1_512' title='bbox 478 3321 701 3375; x_wconf 86' lang='lat' dir='ltr'><em>musico</em></span> <span class='ocrx_word' id='word_1_513' title='bbox 735 3330 919 3376; x_wconf 87' lang='lat' dir='ltr'><em>autem</em></span> <span class='ocrx_word' id='word_1_514' title='bbox 954 3323 1102 3392; x_wconf 87' lang='lat' dir='ltr'><em>quod</em></span> <span class='ocrx_word' id='word_1_515' title='bbox 1137 3331 1217 3377; x_wconf 85' lang='lat' dir='ltr'><em>est</em></span> <span class='ocrx_word' id='word_1_516' title='bbox 1249 3325 1517 3379; x_wconf 84' lang='lat' dir='ltr'><em>accidens</em></span> <span class='ocrx_word' id='word_1_517' title='bbox 1544 3324 1878 3393; x_wconf 77' lang='lat' dir='ltr'><em>praadicatur</em></span> <span class='ocrx_word' id='word_1_518' title='bbox 1902 3325 2127 3391; x_wconf 86' lang='lat' dir='ltr'><em>album,</em></span> 
     </span>
    </p>
   </div>
   <div class='ocr_carea' id='block_1_67' title="bbox 479 3408 2127 3481">
    <p class='ocr_par' dir='ltr' id='par_1_67' title="bbox 479 3408 2127 3481">
     <span class='ocr_line' id='line_1_67' title="bbox 479 3408 2127 3481; baseline 0.004 -18"><span class='ocrx_word' id='word_1_519' title='bbox 479 3424 674 3464; x_wconf 89' lang='lat' dir='ltr'><em>rursus</em></span> <span class='ocrx_word' id='word_1_520' title='bbox 707 3408 861 3464; x_wconf 79' lang='lat' dir='ltr'><em>aliud</em></span> <span class='ocrx_word' id='word_1_521' title='bbox 894 3411 1181 3466; x_wconf 90' lang='lat' dir='ltr'><em>accidens.</em></span> <span class='ocrx_word' id='word_1_522' title='bbox 1210 3413 1351 3481; x_wconf 84' lang='lat' dir='ltr'><em>Ergo</em></span> <span class='ocrx_word' id='word_1_523' title='bbox 1385 3428 1499 3467; x_wconf 92' lang='lat' dir='ltr'><em>non</em></span> <span class='ocrx_word' id='word_1_524' title='bbox 1533 3421 1717 3481; x_wconf 89' lang='lat' dir='ltr'><em>potest</em></span> <span class='ocrx_word' id='word_1_525' title='bbox 1751 3414 1842 3469; x_wconf 90' lang='lat' dir='ltr'><em>hic</em></span> <span class='ocrx_word' id='word_1_526' title='bbox 1874 3429 1982 3468; x_wconf 89' lang='lat' dir='ltr'><em>una</em></span> <span class='ocrx_word' id='word_1_527' title='bbox 2004 3414 2127 3469; x_wconf 85' lang='lat' dir='ltr'><em>ﬁeri</em></span> 
     </span>
    </p>
   </div>
   <div class='ocr_carea' id='block_1_68' title="bbox 477 3503 2131 3570">
    <p class='ocr_par' dir='ltr' id='par_1_68' title="bbox 477 3503 2131 3570">
     <span class='ocr_line' id='line_1_68' title="bbox 477 3503 2131 3570; baseline 0.004 -15"><span class='ocrx_word' id='word_1_528' title='bbox 477 3516 604 3556; x_wconf 84' lang='lat' dir='ltr'><em>vera</em></span> <span class='ocrx_word' id='word_1_529' title='bbox 638 3504 968 3570; x_wconf 88' lang='lat' dir='ltr'><em>propositio,</em></span> <span class='ocrx_word' id='word_1_530' title='bbox 1004 3510 1059 3557; x_wconf 94' lang='lat' dir='ltr'><em>ut</em></span> <span class='ocrx_word' id='word_1_531' title='bbox 1085 3503 1304 3557; x_wconf 88' lang='lat' dir='ltr'><em>dicatur</em></span> <span class='ocrx_word' id='word_1_532' title='bbox 1339 3520 1351 3558; x_wconf 89' lang='lat'><strong>:</strong></span> <span class='ocrx_word' id='word_1_533' title='bbox 1385 3504 1641 3559; x_wconf 81' lang='lat' dir='ltr'><em>Socrates</em></span> <span class='ocrx_word' id='word_1_534' title='bbox 1671 3503 1835 3559; x_wconf 86' lang='lat' dir='ltr'><em>albus</em></span> <span class='ocrx_word' id='word_1_535' title='bbox 1875 3506 2131 3562; x_wconf 82' lang='lat' dir='ltr'><em>musicus</em></span> 
     </span>
    </p>
   </div>
   <div class='ocr_carea' id='block_1_69' title="bbox 476 3591 2129 3664">
    <p class='ocr_par' dir='ltr' id='par_1_69' title="bbox 476 3591 2129 3664">
     <span class='ocr_line' id='line_1_69' title="bbox 476 3591 2129 3664; baseline 0.002 -19"><span class='ocrx_word' id='word_1_536' title='bbox 476 3599 581 3658; x_wconf 90' lang='lat' dir='ltr'><em>est,</em></span> <span class='ocrx_word' id='word_1_537' title='bbox 618 3606 801 3660; x_wconf 89' lang='lat' dir='ltr'><em>neque</em></span> <span class='ocrx_word' id='word_1_538' title='bbox 832 3591 981 3645; x_wconf 88' lang='lat' dir='ltr'><em>enim</em></span> <span class='ocrx_word' id='word_1_539' title='bbox 1018 3608 1241 3658; x_wconf 76' lang='lat' dir='ltr'><em>semper</em></span> <span class='ocrx_word' id='word_1_540' title='bbox 1274 3592 1526 3646; x_wconf 86' lang='lat' dir='ltr'><em>musicus</em></span> <span class='ocrx_word' id='word_1_541' title='bbox 1552 3594 1720 3648; x_wconf 85' lang='lat' dir='ltr'><em>albus</em></span> <span class='ocrx_word' id='word_1_542' title='bbox 1747 3610 1869 3650; x_wconf 89' lang='lat' dir='ltr'><em>esse</em></span> <span class='ocrx_word' id='word_1_543' title='bbox 1923 3602 2129 3664; x_wconf 85' lang='lat' dir='ltr'><em>potest,</em></span> 
     </span>
    </p>
   </div>
   <div class='ocr_carea' id='block_1_70' title="bbox 474 3682 2132 3758">
    <p class='ocr_par' dir='ltr' id='par_1_70' title="bbox 474 3682 2132 3758">
     <span class='ocr_line' id='line_1_70' title="bbox 474 3682 2132 3758; baseline 0.003 -22"><span class='ocrx_word' id='word_1_544' title='bbox 474 3682 569 3736; x_wconf 83' lang='lat' dir='ltr'><em>sed</em></span> <span class='ocrx_word' id='word_1_545' title='bbox 608 3682 756 3737; x_wconf 89' lang='lat' dir='ltr'><em>hanc</em></span> <span class='ocrx_word' id='word_1_546' title='bbox 789 3691 1050 3736; x_wconf 86' lang='lat' dir='ltr'><em>naturam</em></span> <span class='ocrx_word' id='word_1_547' title='bbox 1088 3682 1299 3737; x_wconf 85' lang='lat' dir='ltr'><em>habent</em></span> <span class='ocrx_word' id='word_1_548' title='bbox 1333 3684 1672 3750; x_wconf 87' lang='lat' dir='ltr'><em>accidentia,</em></span> <span class='ocrx_word' id='word_1_549' title='bbox 1708 3693 1763 3738; x_wconf 91' lang='lat' dir='ltr'><em>ut</em></span> <span class='ocrx_word' id='word_1_550' title='bbox 1793 3686 2021 3740; x_wconf 83' lang='lat' dir='ltr'><em>veniant</em></span> <span class='ocrx_word' id='word_1_551' title='bbox 2078 3702 2132 3758; x_wconf 73' lang='grc' dir='ltr'>ει</span> 
     </span>
    </p>
   </div>
   <div class='ocr_carea' id='block_1_71' title="bbox 477 3771 2133 3846">
    <p class='ocr_par' dir='ltr' id='par_1_71' title="bbox 477 3771 2133 3846">
     <span class='ocr_line' id='line_1_71' title="bbox 477 3771 2133 3846; baseline 0.005 -22"><span class='ocrx_word' id='word_1_552' title='bbox 477 3772 750 3826; x_wconf 87' lang='lat' dir='ltr'><em>recedant</em></span> <span class='ocrx_word' id='word_1_553' title='bbox 787 3788 799 3837; x_wconf 93' lang='lat'><strong>;</strong></span> <span class='ocrx_word' id='word_1_554' title='bbox 834 3787 964 3837; x_wconf 64' lang='lat' dir='ltr'><em>ergo</em></span> <span class='ocrx_word' id='word_1_555' title='bbox 996 3771 1044 3825; x_wconf 82' lang='lat' dir='ltr'><em>ei</em></span> <span class='ocrx_word' id='word_1_556' title='bbox 1078 3772 1201 3841; x_wconf 86' lang='lat' dir='ltr'><em>ejus</em></span> <span class='ocrx_word' id='word_1_557' title='bbox 1232 3772 1325 3841; x_wconf 90' lang='lat' dir='ltr'><em>qui</em></span> <span class='ocrx_word' id='word_1_558' title='bbox 1378 3774 1629 3828; x_wconf 89' lang='lat' dir='ltr'><em>musicus</em></span> <span class='ocrx_word' id='word_1_559' title='bbox 1687 3772 1851 3828; x_wconf 88' lang='lat' dir='ltr'><em>albus</em></span> <span class='ocrx_word' id='word_1_560' title='bbox 1910 3784 2012 3846; x_wconf 88' lang='lat' dir='ltr'><em>est,</em></span> <span class='ocrx_word' id='word_1_561' title='bbox 2074 3776 2133 3832; x_wconf 91' lang='lat' dir='ltr'><em>in</em></span> 
     </span>
    </p>
   </div>
   <div class='ocr_carea' id='block_1_72' title="bbox 476 3858 2131 3933">
    <p class='ocr_par' dir='ltr' id='par_1_72' title="bbox 476 3858 2131 3933">
     <span class='ocr_line' id='line_1_72' title="bbox 476 3858 2131 3933; baseline 0.004 -20"><span class='ocrx_word' id='word_1_562' title='bbox 476 3858 595 3914; x_wconf 89' lang='lat' dir='ltr'><em>sole</em></span> <span class='ocrx_word' id='word_1_563' title='bbox 630 3860 833 3913; x_wconf 87' lang='lat' dir='ltr'><em>stantis</em></span> <span class='ocrx_word' id='word_1_564' title='bbox 855 3870 1041 3915; x_wconf 90' lang='lat' dir='ltr'><em>autem</em></span> <span class='ocrx_word' id='word_1_565' title='bbox 1072 3859 1226 3915; x_wconf 85' lang='lat' dir='ltr'><em>calor</em></span> <span class='ocrx_word' id='word_1_566' title='bbox 1262 3861 1586 3927; x_wconf 77' lang='lat' dir='ltr'><em>fuscaverit,</em></span> <span class='ocrx_word' id='word_1_567' title='bbox 1620 3878 1732 3917; x_wconf 92' lang='lat' dir='ltr'><em>non</em></span> <span class='ocrx_word' id='word_1_568' title='bbox 1767 3863 1873 3919; x_wconf 88' lang='lat' dir='ltr'><em>erit</em></span> <span class='ocrx_word' id='word_1_569' title='bbox 1902 3865 2131 3933; x_wconf 85' lang='lat' dir='ltr'><em>quidem</em></span> 
     </span>
    </p>
   </div>
   <div class='ocr_carea' id='block_1_73' title="bbox 478 3946 2132 4021">
    <p class='ocr_par' dir='ltr' id='par_1_73' title="bbox 478 3946 2132 4021">
     <span class='ocr_line' id='line_1_73' title="bbox 478 3946 2132 4021; baseline 0.004 -19"><span class='ocrx_word' id='word_1_570' title='bbox 478 3946 642 4002; x_wconf 90' lang='lat' dir='ltr'><em>albus</em></span> <span class='ocrx_word' id='word_1_571' title='bbox 674 3964 804 4003; x_wconf 89' lang='lat' dir='ltr'><em>cum</em></span> <span class='ocrx_word' id='word_1_572' title='bbox 837 3950 907 4004; x_wconf 90' lang='lat' dir='ltr'><em>sit</em></span> <span class='ocrx_word' id='word_1_573' title='bbox 943 3950 1211 4005; x_wconf 82' lang='lat' dir='ltr'><em>musicus.</em></span> <span class='ocrx_word' id='word_1_574' title='bbox 1245 3949 1520 4013; x_wconf 89' lang='lat' dir='ltr'><em>Quocirca</em></span> <span class='ocrx_word' id='word_1_575' title='bbox 1570 3966 1754 4021; x_wconf 89' lang='lat' dir='ltr'><em>neque</em></span> <span class='ocrx_word' id='word_1_576' title='bbox 1812 3957 1951 4009; x_wconf 86' lang='lat' dir='ltr'><em>tunc</em></span> <span class='ocrx_word' id='word_1_577' title='bbox 2002 3970 2132 4009; x_wconf 91' lang='lat' dir='ltr'><em>cum</em></span> 
     </span>
    </p>
   </div>
   <div class='ocr_carea' id='block_1_74' title="bbox 476 4037 2134 4108">
    <p class='ocr_par' dir='ltr' id='par_1_74' title="bbox 476 4037 2134 4108">
     <span class='ocr_line' id='line_1_74' title="bbox 476 4037 2134 4108; baseline 0.005 -17"><span class='ocrx_word' id='word_1_578' title='bbox 476 4053 606 4092; x_wconf 90' lang='lat' dir='ltr'><em>vere</em></span> <span class='ocrx_word' id='word_1_579' title='bbox 639 4037 1073 4107; x_wconf 81' lang='lat' dir='ltr'><em>praedicabatur,</em></span> <span class='ocrx_word' id='word_1_580' title='bbox 1105 4039 1370 4108; x_wconf 90' lang='lat' dir='ltr'><em>quoniam</em></span> <span class='ocrx_word' id='word_1_581' title='bbox 1405 4039 1658 4095; x_wconf 89' lang='lat' dir='ltr'><em>Socrates</em></span> <span class='ocrx_word' id='word_1_582' title='bbox 1692 4042 1941 4098; x_wconf 87' lang='lat' dir='ltr'><em>musicus</em></span> <span class='ocrx_word' id='word_1_583' title='bbox 1970 4043 2134 4099; x_wconf 88' lang='lat' dir='ltr'><em>albus</em></span> 
     </span>
    </p>
   </div>
   <div class='ocr_carea' id='block_1_75' title="bbox 477 4128 2130 4200">
    <p class='ocr_par' dir='ltr' id='par_1_75' title="bbox 477 4128 2130 4200">
     <span class='ocr_line' id='line_1_75' title="bbox 477 4128 2130 4200; baseline 0.004 -17"><span class='ocrx_word' id='word_1_584' title='bbox 477 4135 581 4195; x_wconf 92' lang='lat' dir='ltr'><em>est,</em></span> <span class='ocrx_word' id='word_1_585' title='bbox 615 4144 802 4197; x_wconf 78' lang='lat' dir='ltr'><em>neque</em></span> <span class='ocrx_word' id='word_1_586' title='bbox 835 4135 974 4183; x_wconf 90' lang='lat' dir='ltr'><em>tunc</em></span> <span class='ocrx_word' id='word_1_587' title='bbox 1007 4128 1111 4182; x_wconf 82' lang='lat' dir='ltr'><em>fuit</em></span> <span class='ocrx_word' id='word_1_588' title='bbox 1144 4144 1268 4183; x_wconf 87' lang='lat' dir='ltr'><em>vera</em></span> <span class='ocrx_word' id='word_1_589' title='bbox 1302 4132 1566 4196; x_wconf 84' lang='lat' dir='ltr'><em>rectaque</em></span> <span class='ocrx_word' id='word_1_590' title='bbox 1612 4130 1966 4200; x_wconf 62' lang='lat' dir='ltr'><em>praedicatio,</em></span> <span class='ocrx_word' id='word_1_591' title='bbox 2017 4149 2130 4189; x_wconf 88' lang='lat' dir='ltr'><em>non</em></span> 
     </span>
    </p>
   </div>
   <div class='ocr_carea' id='block_1_76' title="bbox 478 4217 2135 4288">
    <p class='ocr_par' dir='ltr' id='par_1_76' title="bbox 478 4217 2135 4288">
     <span class='ocr_line' id='line_1_76' title="bbox 478 4217 2135 4288; baseline 0.002 -14"><span class='ocrx_word' id='word_1_592' title='bbox 478 4218 628 4274; x_wconf 91' lang='lat' dir='ltr'><em>enim</em></span> <span class='ocrx_word' id='word_1_593' title='bbox 665 4217 831 4273; x_wconf 85' lang='lat' dir='ltr'><em>habet</em></span> <span class='ocrx_word' id='word_1_594' title='bbox 864 4223 1127 4272; x_wconf 81' lang='lat' dir='ltr'><em>naturam</em></span> <span class='ocrx_word' id='word_1_595' title='bbox 1162 4218 1533 4288; x_wconf 80' lang='lat' dir='ltr'><em>permanendi</em></span> <span class='ocrx_word' id='word_1_596' title='bbox 1566 4219 1836 4274; x_wconf 88' lang='lat' dir='ltr'><em>accidens</em></span> <span class='ocrx_word' id='word_1_597' title='bbox 1890 4229 1947 4276; x_wconf 92' lang='lat' dir='ltr'><em>ut</em></span> <span class='ocrx_word' id='word_1_598' title='bbox 1991 4238 2135 4277; x_wconf 88' lang='lat' dir='ltr'><em>sem-</em></span> 
     </span>
    </p>
   </div>
   <div class='ocr_carea' id='block_1_77' title="bbox 479 4308 2131 4376">
    <p class='ocr_par' dir='ltr' id='par_1_77' title="bbox 479 4308 2131 4376">
     <span class='ocr_line' id='line_1_77' title="bbox 479 4308 2131 4376; baseline 0.004 -15"><span class='ocrx_word' id='word_1_599' title='bbox 479 4323 576 4376; x_wconf 88' lang='lat' dir='ltr'><em>per</em></span> <span class='ocrx_word' id='word_1_600' title='bbox 609 4323 734 4361; x_wconf 86' lang='lat' dir='ltr'><em>vere</em></span> <span class='ocrx_word' id='word_1_601' title='bbox 768 4308 1123 4376; x_wconf 79' lang='lat' dir='ltr'><em>praedicetur.</em></span> <span class='ocrx_word' id='word_1_602' title='bbox 1157 4308 1314 4362; x_wconf 80' lang='lat' dir='ltr'><em>Ratio</em></span> <span class='ocrx_word' id='word_1_603' title='bbox 1344 4316 1530 4361; x_wconf 82' lang='lat' dir='ltr'><em>autem</em></span> <span class='ocrx_word' id='word_1_604' title='bbox 1570 4308 1861 4364; x_wconf 89' lang='lat' dir='ltr'><em>verborum</em></span> <span class='ocrx_word' id='word_1_605' title='bbox 1898 4311 1977 4366; x_wconf 90' lang='lat' dir='ltr'><em>sic</em></span> <span class='ocrx_word' id='word_1_606' title='bbox 2000 4328 2131 4367; x_wconf 86' lang='lat' dir='ltr'><em>con-</em></span> 
     </span>
    </p>
   </div>
   <div class='ocr_carea' id='block_1_78' title="bbox 477 4398 2131 4470">
    <p class='ocr_par' dir='ltr' id='par_1_78' title="bbox 477 4398 2131 4470">
     <span class='ocr_line' id='line_1_78' title="bbox 477 4398 2131 4470; baseline 0.005 -18"><span class='ocrx_word' id='word_1_607' title='bbox 477 4405 605 4452; x_wconf 89' lang='lat' dir='ltr'><em>stat.</em></span> <span class='ocrx_word' id='word_1_608' title='bbox 640 4400 921 4463; x_wconf 88' lang='lat' dir='ltr'><em>Quoniam</em></span> <span class='ocrx_word' id='word_1_609' title='bbox 958 4398 1133 4468; x_wconf 76' lang='lat' dir='ltr'><em>igitur</em></span> <span class='ocrx_word' id='word_1_610' title='bbox 1165 4399 1211 4453; x_wconf 89' lang='lat' dir='ltr'><em>si</em></span> <span class='ocrx_word' id='word_1_611' title='bbox 1244 4400 1392 4470; x_wconf 90' lang='lat' dir='ltr'><em>quis,</em></span> <span class='ocrx_word' id='word_1_612' title='bbox 1428 4400 1634 4470; x_wconf 89' lang='lat' dir='ltr'><em>inquit,</em></span> <span class='ocrx_word' id='word_1_613' title='bbox 1685 4401 1841 4457; x_wconf 81' lang='lat' dir='ltr'><em>dicat</em></span> <span class='ocrx_word' id='word_1_614' title='bbox 1894 4406 2131 4461; x_wconf 82' lang='lat' dir='ltr'><em>omnino</em></span> 
     </span>
    </p>
   </div>
   <div class='ocr_carea' id='block_1_79' title="bbox 2242 3236 3848 3312">
    <p class='ocr_par' dir='ltr' id='par_1_79' title="bbox 2242 3236 3848 3312">
     <span class='ocr_line' id='line_1_79' title="bbox 2242 3236 3848 3312; baseline -0.005 -18"><span class='ocrx_word' id='word_1_615' title='bbox 2242 3248 2392 3296; x_wconf 89' lang='lat' dir='ltr'><em>recte</em></span> <span class='ocrx_word' id='word_1_616' title='bbox 2425 3248 2733 3309; x_wconf 90' lang='lat' dir='ltr'><em>ponuntur,</em></span> <span class='ocrx_word' id='word_1_617' title='bbox 2758 3255 3111 3312; x_wconf 66' lang='lat' dir='ltr'><em>quaecunque</em></span> <span class='ocrx_word' id='word_1_618' title='bbox 3143 3240 3226 3295; x_wconf 91' lang='lat' dir='ltr'><em>vel</em></span> <span class='ocrx_word' id='word_1_619' title='bbox 3268 3240 3515 3295; x_wconf 88' lang='lat' dir='ltr'><em>latenter</em></span> <span class='ocrx_word' id='word_1_620' title='bbox 3545 3238 3626 3292; x_wconf 87' lang='lat' dir='ltr'><em>vel</em></span> <span class='ocrx_word' id='word_1_621' title='bbox 3658 3236 3713 3290; x_wconf 91' lang='lat' dir='ltr'><em>in</em></span> <span class='ocrx_word' id='word_1_622' title='bbox 3741 3248 3848 3304; x_wconf 85' lang='lat' dir='ltr'><em>pro-</em></span> 
     </span>
    </p>
   </div>
   <div class='ocr_carea' id='block_1_80' title="bbox 2232 3327 3847 3399">
    <p class='ocr_par' dir='ltr' id='par_1_80' title="bbox 2232 3327 3847 3399">
     <span class='ocr_line' id='line_1_80' title="bbox 2232 3327 3847 3399; baseline -0.005 -16"><span class='ocrx_word' id='word_1_623' title='bbox 2232 3328 2444 3385; x_wconf 87' lang='lat' dir='ltr'><em>latione</em></span> <span class='ocrx_word' id='word_1_624' title='bbox 2466 3329 2522 3384; x_wconf 91' lang='lat' dir='ltr'><em>in</em></span> <span class='ocrx_word' id='word_1_625' title='bbox 2546 3329 2735 3399; x_wconf 87' lang='lat' dir='ltr'><em>aliquo</em></span> <span class='ocrx_word' id='word_1_626' title='bbox 2758 3330 3129 3385; x_wconf 68' lang='lat' dir='ltr'><em>terntinorum</em></span> <span class='ocrx_word' id='word_1_627' title='bbox 3155 3328 3651 3397; x_wconf 77' lang='lat' dir='ltr'><em>continentur,qui</em></span> <span class='ocrx_word' id='word_1_628' title='bbox 3670 3327 3721 3380; x_wconf 91' lang='lat' dir='ltr'><em>in</em></span> <span class='ocrx_word' id='word_1_629' title='bbox 3742 3337 3847 3392; x_wconf 84' lang='lat' dir='ltr'><em>pro-</em></span> 
     </span>
    </p>
   </div>
   <div class='ocr_carea' id='block_1_81' title="bbox 2232 3411 3849 3489">
    <p class='ocr_par' dir='ltr' id='par_1_81' title="bbox 2232 3411 3849 3489">
     <span class='ocr_line' id='line_1_81' title="bbox 2232 3411 3849 3489; baseline -0.007 -15"><span class='ocrx_word' id='word_1_630' title='bbox 2232 3420 2516 3489; x_wconf 88' lang='lat' dir='ltr'><em>positione</em></span> <span class='ocrx_word' id='word_1_631' title='bbox 2548 3420 2717 3488; x_wconf 86' lang='lat' dir='ltr'><em>positi</em></span> <span class='ocrx_word' id='word_1_632' title='bbox 2765 3430 2915 3474; x_wconf 92' lang='lat' dir='ltr'><em>sunt.</em></span> <span class='ocrx_word' id='word_1_633' title='bbox 2970 3419 3185 3473; x_wconf 90' lang='lat' dir='ltr'><em>Idcirco</em></span> <span class='ocrx_word' id='word_1_634' title='bbox 3212 3420 3374 3474; x_wconf 86' lang='lat' dir='ltr'><em>enim</em></span> <span class='ocrx_word' id='word_1_635' title='bbox 3408 3420 3479 3473; x_wconf 89' lang='lat' dir='ltr'><em>de</em></span> <span class='ocrx_word' id='word_1_636' title='bbox 3513 3418 3720 3473; x_wconf 85' lang='lat' dir='ltr'><em>homine</em></span> <span class='ocrx_word' id='word_1_637' title='bbox 3746 3411 3849 3465; x_wconf 85' lang='lat' dir='ltr'><em>albo</em></span> 
     </span>
    </p>
   </div>
   <div class='ocr_carea' id='block_1_82' title="bbox 2237 3498 3854 3576">
    <p class='ocr_par' dir='ltr' id='par_1_82' title="bbox 2237 3498 3854 3576">
     <span class='ocr_line' id='line_1_82' title="bbox 2237 3498 3854 3576; baseline -0.004 -13"><span class='ocrx_word' id='word_1_638' title='bbox 2237 3524 2351 3563; x_wconf 89' lang='lat' dir='ltr'><em>non</em></span> <span class='ocrx_word' id='word_1_639' title='bbox 2379 3507 2544 3562; x_wconf 90' lang='lat' dir='ltr'><em>debet</em></span> <span class='ocrx_word' id='word_1_640' title='bbox 2572 3508 2685 3562; x_wconf 92' lang='lat' dir='ltr'><em>dici</em></span> <span class='ocrx_word' id='word_1_641' title='bbox 2716 3508 2899 3573; x_wconf 87' lang='lat' dir='ltr'><em>albus,</em></span> <span class='ocrx_word' id='word_1_642' title='bbox 2934 3515 2991 3561; x_wconf 90' lang='lat' dir='ltr'><em>ut</em></span> <span class='ocrx_word' id='word_1_643' title='bbox 3025 3508 3210 3562; x_wconf 86' lang='lat' dir='ltr'><em>veniat</em></span> <span class='ocrx_word' id='word_1_644' title='bbox 3250 3508 3579 3576; x_wconf 66' lang='lat' dir='ltr'><em>praedicatio</em></span> <span class='ocrx_word' id='word_1_645' title='bbox 3611 3505 3764 3559; x_wconf 84' lang='lat' dir='ltr'><em>homo</em></span> <span class='ocrx_word' id='word_1_646' title='bbox 3782 3498 3854 3553; x_wconf 79' lang='lat' dir='ltr'><em>al-</em></span> 
     </span>
    </p>
   </div>
   <div class='ocr_carea' id='block_1_83' title="bbox 2237 3594 3855 3667">
    <p class='ocr_par' dir='ltr' id='par_1_83' title="bbox 2237 3594 3855 3667">
     <span class='ocr_line' id='line_1_83' title="bbox 2237 3594 3855 3667; baseline -0.008 -15"><span class='ocrx_word' id='word_1_647' title='bbox 2237 3596 2341 3652; x_wconf 88' lang='lat' dir='ltr'><em>bus</em></span> <span class='ocrx_word' id='word_1_648' title='bbox 2370 3596 2555 3660; x_wconf 82' lang='lat' dir='ltr'><em>albus,</em></span> <span class='ocrx_word' id='word_1_649' title='bbox 2590 3596 2859 3667; x_wconf 81' lang='lat' dir='ltr'><em>quoniam</em></span> <span class='ocrx_word' id='word_1_650' title='bbox 2888 3597 3005 3665; x_wconf 87' lang='lat' dir='ltr'><em>jam</em></span> <span class='ocrx_word' id='word_1_651' title='bbox 3040 3597 3095 3651; x_wconf 92' lang='lat' dir='ltr'><em>in</em></span> <span class='ocrx_word' id='word_1_652' title='bbox 3127 3596 3367 3653; x_wconf 90' lang='lat' dir='ltr'><em>homine</em></span> <span class='ocrx_word' id='word_1_653' title='bbox 3399 3600 3530 3651; x_wconf 78' lang='lat' dir='ltr'><em>albo</em></span> <span class='ocrx_word' id='word_1_654' title='bbox 3570 3594 3855 3650; x_wconf 83' lang='lat' dir='ltr'><em>continetur</em></span> 
     </span>
    </p>
   </div>
   <div class='ocr_carea' id='block_1_84' title="bbox 2235 3676 3857 3751">
    <p class='ocr_par' dir='ltr' id='par_1_84' title="bbox 2235 3676 3857 3751">
     <span class='ocr_line' id='line_1_84' title="bbox 2235 3676 3857 3751; baseline -0.004 -11"><span class='ocrx_word' id='word_1_655' title='bbox 2235 3685 2449 3741; x_wconf 87' lang='lat' dir='ltr'><em>album.</em></span> <span class='ocrx_word' id='word_1_656' title='bbox 2487 3686 2702 3741; x_wconf 84' lang='lat' dir='ltr'><em>Rursus</em></span> <span class='ocrx_word' id='word_1_657' title='bbox 2735 3690 2803 3740; x_wconf 91' lang='lat' dir='ltr'><em>de</em></span> <span class='ocrx_word' id='word_1_658' title='bbox 2836 3686 3069 3741; x_wconf 89' lang='lat' dir='ltr'><em>homine</em></span> <span class='ocrx_word' id='word_1_659' title='bbox 3100 3688 3317 3742; x_wconf 62' lang='lat' dir='ltr'><em>idcirco</em></span> <span class='ocrx_word' id='word_1_660' title='bbox 3353 3704 3469 3741; x_wconf 90' lang='lat' dir='ltr'><em>non</em></span> <span class='ocrx_word' id='word_1_661' title='bbox 3503 3685 3665 3740; x_wconf 85' lang='lat' dir='ltr'><em>debet</em></span> <span class='ocrx_word' id='word_1_662' title='bbox 3689 3676 3857 3751; x_wconf 67' lang='lat' dir='ltr'><em>praedi-</em></span> 
     </span>
    </p>
   </div>
   <div class='ocr_carea' id='block_1_85' title="bbox 2236 3775 3857 3848">
    <p class='ocr_par' dir='ltr' id='par_1_85' title="bbox 2236 3775 3857 3848">
     <span class='ocr_line' id='line_1_85' title="bbox 2236 3775 3857 3848; baseline -0.008 -17"><span class='ocrx_word' id='word_1_663' title='bbox 2236 3776 2352 3831; x_wconf 88' lang='lat' dir='ltr'><em>cari</em></span> <span class='ocrx_word' id='word_1_664' title='bbox 2383 3776 2562 3845; x_wconf 82' lang='lat' dir='ltr'><em>bipes,</em></span> <span class='ocrx_word' id='word_1_665' title='bbox 2595 3777 2864 3846; x_wconf 89' lang='lat' dir='ltr'><em>quoniam</em></span> <span class='ocrx_word' id='word_1_666' title='bbox 2897 3775 3025 3830; x_wconf 89' lang='lat' dir='ltr'><em>licet</em></span> <span class='ocrx_word' id='word_1_667' title='bbox 3058 3792 3173 3830; x_wconf 91' lang='lat' dir='ltr'><em>non</em></span> <span class='ocrx_word' id='word_1_668' title='bbox 3208 3776 3281 3829; x_wconf 90' lang='lat' dir='ltr'><em>sit</em></span> <span class='ocrx_word' id='word_1_669' title='bbox 3344 3778 3649 3848; x_wconf 89' lang='lat' dir='ltr'><em>prolatum,</em></span> <span class='ocrx_word' id='word_1_670' title='bbox 3699 3780 3857 3823; x_wconf 88' lang='lat' dir='ltr'><em>tamen</em></span> 
     </span>
    </p>
   </div>
   <div class='ocr_carea' id='block_1_86' title="bbox 2238 3856 3865 3936">
    <p class='ocr_par' dir='ltr' id='par_1_86' title="bbox 2238 3856 3865 3936">
     <span class='ocr_line' id='line_1_86' title="bbox 2238 3856 3865 3936; baseline -0.007 -16"><span class='ocrx_word' id='word_1_671' title='bbox 2238 3865 2333 3936; x_wconf 91' lang='lat' dir='ltr'><em>qui</em></span> <span class='ocrx_word' id='word_1_672' title='bbox 2366 3866 2533 3919; x_wconf 85' lang='lat' dir='ltr'><em>homo</em></span> <span class='ocrx_word' id='word_1_673' title='bbox 2563 3874 2649 3920; x_wconf 91' lang='lat' dir='ltr'><em>est</em></span> <span class='ocrx_word' id='word_1_674' title='bbox 2682 3865 2843 3936; x_wconf 87' lang='lat' dir='ltr'><em>bipes</em></span> <span class='ocrx_word' id='word_1_675' title='bbox 2874 3871 2979 3921; x_wconf 81' lang='lat' dir='ltr'><em>est.</em></span> <span class='ocrx_word' id='word_1_676' title='bbox 3017 3866 3127 3920; x_wconf 90' lang='lat' dir='ltr'><em>Sed</em></span> <span class='ocrx_word' id='word_1_677' title='bbox 3162 3867 3234 3920; x_wconf 92' lang='lat' dir='ltr'><em>de</em></span> <span class='ocrx_word' id='word_1_678' title='bbox 3267 3865 3512 3921; x_wconf 89' lang='lat' dir='ltr'><em>homine</em></span> <span class='ocrx_word' id='word_1_679' title='bbox 3539 3864 3585 3918; x_wconf 88' lang='lat' dir='ltr'><em>si</em></span> <span class='ocrx_word' id='word_1_680' title='bbox 3636 3861 3750 3931; x_wconf 89' lang='lat' dir='ltr'><em>quis</em></span> <span class='ocrx_word' id='word_1_681' title='bbox 3797 3856 3865 3910; x_wconf 86' lang='lat' dir='ltr'><em>hi-</em></span> 
     </span>
    </p>
   </div>
   <div class='ocr_carea' id='block_1_87' title="bbox 2239 3947 3865 4025">
    <p class='ocr_par' dir='ltr' id='par_1_87' title="bbox 2239 3947 3865 4025">
     <span class='ocr_line' id='line_1_87' title="bbox 2239 3947 3865 4025; baseline -0.007 -16"><span class='ocrx_word' id='word_1_682' title='bbox 2239 3971 2337 4023; x_wconf 86' lang='lat' dir='ltr'><em>pes</em></span> <span class='ocrx_word' id='word_1_683' title='bbox 2360 3955 2641 4025; x_wconf 84' lang='lat' dir='ltr'><em>praedicet,</em></span> <span class='ocrx_word' id='word_1_684' title='bbox 2666 3958 2734 4009; x_wconf 87' lang='lat' dir='ltr'><em>de</em></span> <span class='ocrx_word' id='word_1_685' title='bbox 2760 3971 2819 4010; x_wconf 90' lang='lat' dir='ltr'><em>re</em></span> <span class='ocrx_word' id='word_1_686' title='bbox 2866 3955 3007 4010; x_wconf 90' lang='lat' dir='ltr'><em>duos</em></span> <span class='ocrx_word' id='word_1_687' title='bbox 3055 3955 3303 4009; x_wconf 90' lang='lat' dir='ltr'><em>habente</em></span> <span class='ocrx_word' id='word_1_688' title='bbox 3356 3957 3555 4023; x_wconf 86' lang='lat' dir='ltr'><em>pedes,</em></span> <span class='ocrx_word' id='word_1_689' title='bbox 3580 3964 3752 4021; x_wconf 87' lang='lat' dir='ltr'><em>neque</em></span> <span class='ocrx_word' id='word_1_690' title='bbox 3781 3947 3865 3999; x_wconf 83' lang='lat' dir='ltr'><em>hac</em></span> 
     </span>
    </p>
   </div>
   <div class='ocr_carea' id='block_1_88' title="bbox 2238 4039 3867 4116">
    <p class='ocr_par' dir='ltr' id='par_1_88' title="bbox 2238 4039 3867 4116">
     <span class='ocr_line' id='line_1_88' title="bbox 2238 4039 3867 4116; baseline -0.007 -16"><span class='ocrx_word' id='word_1_691' title='bbox 2238 4044 2557 4100; x_wconf 67' lang='lat' dir='ltr'><em>differentia</em></span> <span class='ocrx_word' id='word_1_692' title='bbox 2580 4045 2725 4113; x_wconf 88' lang='lat' dir='ltr'><em>quod</em></span> <span class='ocrx_word' id='word_1_693' title='bbox 2751 4052 2831 4100; x_wconf 88' lang='lat' dir='ltr'><em>est</em></span> <span class='ocrx_word' id='word_1_694' title='bbox 2852 4044 3030 4116; x_wconf 90' lang='lat' dir='ltr'><em>bipes,</em></span> <span class='ocrx_word' id='word_1_695' title='bbox 3059 4045 3329 4114; x_wconf 62' lang='lat' dir='ltr'><em>praedicat</em></span> <span class='ocrx_word' id='word_1_696' title='bbox 3389 4045 3576 4114; x_wconf 86' lang='lat' dir='ltr'><em>bipes.</em></span> <span class='ocrx_word' id='word_1_697' title='bbox 3627 4039 3867 4106; x_wconf 86' lang='lat' dir='ltr'><em>Quocirca</em></span> 
     </span>
    </p>
   </div>
   <div class='ocr_carea' id='block_1_89' title="bbox 2238 4128 3865 4204">
    <p class='ocr_par' dir='ltr' id='par_1_89' title="bbox 2238 4128 3865 4204">
     <span class='ocr_line' id='line_1_89' title="bbox 2238 4128 3865 4204; baseline -0.009 -14"><span class='ocrx_word' id='word_1_698' title='bbox 2238 4136 2343 4191; x_wconf 90' lang='lat' dir='ltr'><em>erit</em></span> <span class='ocrx_word' id='word_1_699' title='bbox 2376 4135 2468 4190; x_wconf 84' lang='lat' dir='ltr'><em>hic</em></span> <span class='ocrx_word' id='word_1_700' title='bbox 2499 4150 2722 4204; x_wconf 89' lang='lat' dir='ltr'><em>quoque</em></span> <span class='ocrx_word' id='word_1_701' title='bbox 2756 4133 2924 4190; x_wconf 93' lang='lat' dir='ltr'><em>homo</em></span> <span class='ocrx_word' id='word_1_702' title='bbox 2958 4134 3115 4203; x_wconf 92' lang='lat' dir='ltr'><em>bipes</em></span> <span class='ocrx_word' id='word_1_703' title='bbox 3151 4134 3334 4203; x_wconf 88' lang='lat' dir='ltr'><em>bipes,</em></span> <span class='ocrx_word' id='word_1_704' title='bbox 3364 4134 3542 4188; x_wconf 88' lang='lat' dir='ltr'><em>homo</em></span> <span class='ocrx_word' id='word_1_705' title='bbox 3566 4133 3710 4188; x_wconf 89' lang='lat' dir='ltr'><em>enim</em></span> <span class='ocrx_word' id='word_1_706' title='bbox 3732 4128 3865 4195; x_wconf 83' lang='lat' dir='ltr'><em>bipes</em></span> 
     </span>
    </p>
   </div>
   <div class='ocr_carea' id='block_1_90' title="bbox 2237 4214 3864 4293">
    <p class='ocr_par' dir='ltr' id='par_1_90' title="bbox 2237 4214 3864 4293">
     <span class='ocr_line' id='line_1_90' title="bbox 2237 4214 3864 4293; baseline -0.007 -15"><span class='ocrx_word' id='word_1_707' title='bbox 2237 4224 2480 4279; x_wconf 86' lang='lat' dir='ltr'><em>continet</em></span> <span class='ocrx_word' id='word_1_708' title='bbox 2512 4224 2660 4279; x_wconf 85' lang='lat' dir='ltr'><em>intra</em></span> <span class='ocrx_word' id='word_1_709' title='bbox 2684 4240 2763 4288; x_wconf 88' lang='lat' dir='ltr'><em>se,</em></span> <span class='ocrx_word' id='word_1_710' title='bbox 2793 4228 2847 4278; x_wconf 85' lang='lat' dir='ltr'><em>et.</em></span> <span class='ocrx_word' id='word_1_711' title='bbox 2870 4224 2961 4293; x_wconf 91' lang='lat' dir='ltr'><em>qui</em></span> <span class='ocrx_word' id='word_1_712' title='bbox 2988 4225 3121 4278; x_wconf 89' lang='lat' dir='ltr'><em>dicit</em></span> <span class='ocrx_word' id='word_1_713' title='bbox 3143 4223 3448 4278; x_wconf 84' lang='lat' dir='ltr'><em>hominem</em></span> <span class='ocrx_word' id='word_1_714' title='bbox 3474 4237 3607 4278; x_wconf 89' lang='lat' dir='ltr'><em>cum</em></span> <span class='ocrx_word' id='word_1_715' title='bbox 3657 4235 3748 4274; x_wconf 85' lang='lat' dir='ltr'><em>sua</em></span> <span class='ocrx_word' id='word_1_716' title='bbox 3778 4214 3864 4269; x_wconf 82' lang='lat' dir='ltr'><em>dii-</em></span> 
     </span>
    </p>
   </div>
   <div class='ocr_carea' id='block_1_91' title="bbox 2237 4304 3869 4382">
    <p class='ocr_par' dir='ltr' id='par_1_91' title="bbox 2237 4304 3869 4382">
     <span class='ocr_line' id='line_1_91' title="bbox 2237 4304 3869 4382; baseline -0.007 -15"><span class='ocrx_word' id='word_1_717' title='bbox 2237 4313 2479 4368; x_wconf 82' lang='lat' dir='ltr'><em>I‘erentia</em></span> <span class='ocrx_word' id='word_1_718' title='bbox 2500 4312 2656 4367; x_wconf 90' lang='lat' dir='ltr'><em>dicit.</em></span> <span class='ocrx_word' id='word_1_719' title='bbox 2682 4311 2740 4366; x_wconf 89' lang='lat' dir='ltr'><em>Si</em></span> <span class='ocrx_word' id='word_1_720' title='bbox 2764 4312 2891 4382; x_wconf 89' lang='lat' dir='ltr'><em>quis</em></span> <span class='ocrx_word' id='word_1_721' title='bbox 2913 4328 3044 4381; x_wconf 85' lang='lat' dir='ltr'><em>eth</em></span> <span class='ocrx_word' id='word_1_722' title='bbox 3062 4311 3252 4365; x_wconf 82' lang='lat' dir='ltr'><em>adhuc</em></span> <span class='ocrx_word' id='word_1_723' title='bbox 3298 4314 3579 4381; x_wconf 61' lang='lat' dir='ltr'><em>praedicet</em></span> <span class='ocrx_word' id='word_1_724' title='bbox 3624 4310 3787 4377; x_wconf 84' lang='lat' dir='ltr'><em>bipes,</em></span> <span class='ocrx_word' id='word_1_725' title='bbox 3814 4304 3869 4356; x_wconf 86' lang='lat' dir='ltr'><em>de</em></span> 
     </span>
    </p>
   </div>
   <div class='ocr_carea' id='block_1_92' title="bbox 2238 4392 3871 4470">
    <p class='ocr_par' dir='ltr' id='par_1_92' title="bbox 2238 4392 3871 4470">
     <span class='ocr_line' id='line_1_92' title="bbox 2238 4392 3871 4470; baseline -0.009 -13"><span class='ocrx_word' id='word_1_726' title='bbox 2238 4418 2297 4458; x_wconf 89' lang='lat' dir='ltr'><em>re</em></span> <span class='ocrx_word' id='word_1_727' title='bbox 2328 4403 2467 4457; x_wconf 88' lang='lat' dir='ltr'><em>duos</em></span> <span class='ocrx_word' id='word_1_728' title='bbox 2500 4401 2743 4456; x_wconf 85' lang='lat' dir='ltr'><em>habente</em></span> <span class='ocrx_word' id='word_1_729' title='bbox 2777 4402 2968 4470; x_wconf 88' lang='lat' dir='ltr'><em>pedes,</em></span> <span class='ocrx_word' id='word_1_730' title='bbox 3032 4400 3299 4470; x_wconf 85' lang='lat' dir='ltr'><em>bipedem</em></span> <span class='ocrx_word' id='word_1_731' title='bbox 3369 4399 3719 4470; x_wconf 56' lang='lat' dir='ltr'><em>prmdieavit.</em></span> <span class='ocrx_word' id='word_1_732' title='bbox 3770 4392 3871 4449; x_wconf 83' lang='lat' dir='ltr'><em>Erit</em></span> 
     </span>
    </p>
   </div>
   <div class='ocr_carea' id='block_1_93' title="bbox 479 4481 3869 4564">
    <p class='ocr_par' dir='ltr' id='par_1_93' title="bbox 479 4481 3869 4564">
     <span class='ocr_line' id='line_1_93' title="bbox 479 4481 3869 4564; baseline -0.001 -24"><span class='ocrx_word' id='word_1_733' title='bbox 479 4486 902 4556; x_wconf 83' lang='lat' dir='ltr'><em>quomodolibet</em></span> <span class='ocrx_word' id='word_1_734' title='bbox 933 4488 1358 4557; x_wconf 82' lang='lat' dir='ltr'><em>complexiones</em></span> <span class='ocrx_word' id='word_1_735' title='bbox 1392 4488 1533 4556; x_wconf 82' lang='lat' dir='ltr'><em>ﬁeri,</em></span> <span class='ocrx_word' id='word_1_736' title='bbox 1586 4490 1641 4544; x_wconf 92' lang='lat' dir='ltr'><em>id</em></span> <span class='ocrx_word' id='word_1_737' title='bbox 1704 4496 1812 4561; x_wconf 81' lang='lat' dir='ltr'><em>est,</em></span> <span class='ocrx_word' id='word_1_738' title='bbox 1870 4500 1927 4547; x_wconf 90' lang='lat' dir='ltr'><em>ut</em></span> <span class='ocrx_word' id='word_1_739' title='bbox 1976 4496 2123 4564; x_wconf 90' lang='lat' dir='ltr'><em>quod</em></span> <span class='ocrx_word' id='word_1_740' title='bbox 2156 4481 2204 4546; x_wconf 74' lang='grc' dir='ltr'><em>ἰ)</em></span> <span class='ocrx_word' id='word_1_741' title='bbox 2234 4508 2365 4561; x_wconf 85' lang='lat' dir='ltr'><em>ergo</em></span> <span class='ocrx_word' id='word_1_742' title='bbox 2392 4491 2559 4546; x_wconf 88' lang='lat' dir='ltr'><em>homo</em></span> <span class='ocrx_word' id='word_1_743' title='bbox 2585 4490 2742 4562; x_wconf 88' lang='lat' dir='ltr'><em>bipes</em></span> <span class='ocrx_word' id='word_1_744' title='bbox 2766 4491 2948 4559; x_wconf 84' lang='lat' dir='ltr'><em>bipes,</em></span> <span class='ocrx_word' id='word_1_745' title='bbox 2974 4493 3067 4545; x_wconf 89' lang='lat' dir='ltr'><em>sed</em></span> <span class='ocrx_word' id='word_1_746' title='bbox 3099 4490 3175 4544; x_wconf 90' lang='lat' dir='ltr'><em>ita</em></span> <span class='ocrx_word' id='word_1_747' title='bbox 3196 4491 3517 4559; x_wconf 64' lang='lat' dir='ltr'><em>praedicari</em></span> <span class='ocrx_word' id='word_1_748' title='bbox 3566 4505 3678 4545; x_wconf 91' lang='lat' dir='ltr'><em>non</em></span> <span class='ocrx_word' id='word_1_749' title='bbox 3711 4484 3869 4540; x_wconf 73' lang='lat' dir='ltr'><em>debet.</em></span> 
     </span>
    </p>
   </div>
   <div class='ocr_carea' id='block_1_94' title="bbox 480 4576 2114 4646">
    <p class='ocr_par' dir='ltr' id='par_1_94' title="bbox 480 4576 2114 4646">
     <span class='ocr_line' id='line_1_94' title="bbox 480 4576 2114 4646; baseline 0.006 -17"><span class='ocrx_word' id='word_1_750' title='bbox 480 4576 766 4645; x_wconf 72' lang='lat' dir='ltr'><em>sigillatim</em></span> <span class='ocrx_word' id='word_1_751' title='bbox 804 4577 1232 4644; x_wconf 86' lang='lat' dir='ltr'><em>praedicaveras,</em></span> <span class='ocrx_word' id='word_1_752' title='bbox 1266 4577 1374 4634; x_wconf 92' lang='lat' dir='ltr'><em>hoc</em></span> <span class='ocrx_word' id='word_1_753' title='bbox 1396 4578 2114 4646; x_wconf 84' lang='lat' dir='ltr'><em>complexumconnexum-</em></span> 
     </span>
    </p>
   </div>
   <div class='ocr_carea' id='block_1_95' title="bbox 482 4666 2117 4736">
    <p class='ocr_par' dir='ltr' id='par_1_95' title="bbox 482 4666 2117 4736">
     <span class='ocr_line' id='line_1_95' title="bbox 482 4666 2117 4736; baseline 0.007 -18"><span class='ocrx_word' id='word_1_754' title='bbox 482 4682 591 4736; x_wconf 86' lang='lat' dir='ltr'><em>qxe</em></span> <span class='ocrx_word' id='word_1_755' title='bbox 624 4682 927 4734; x_wconf 83' lang='lat' dir='ltr'><em>proponas,</em></span> <span class='ocrx_word' id='word_1_756' title='bbox 964 4666 1211 4735; x_wconf 90' lang='lat' dir='ltr'><em>plurima</em></span> <span class='ocrx_word' id='word_1_757' title='bbox 1243 4666 1701 4725; x_wconf 88' lang='lat' dir='ltr'><em>inconvenientia</em></span> <span class='ocrx_word' id='word_1_758' title='bbox 1748 4672 1934 4728; x_wconf 88' lang='lat' dir='ltr'><em>dicere</em></span> <span class='ocrx_word' id='word_1_759' title='bbox 1978 4690 2117 4729; x_wconf 85' lang='lat' dir='ltr'><em>con-</em></span> 
     </span>
    </p>
   </div>
   <div class='ocr_carea' id='block_1_96' title="bbox 484 4753 2124 4828">
    <p class='ocr_par' dir='ltr' id='par_1_96' title="bbox 484 4753 2124 4828">
     <span class='ocr_line' id='line_1_96' title="bbox 484 4753 2124 4828; baseline 0.008 -21"><span class='ocrx_word' id='word_1_760' title='bbox 484 4753 671 4822; x_wconf 75' lang='lat' dir='ltr'><em>tingit.</em></span> <span class='ocrx_word' id='word_1_761' title='bbox 708 4754 887 4809; x_wconf 89' lang='lat' dir='ltr'><em>Multa</em></span> <span class='ocrx_word' id='word_1_762' title='bbox 920 4755 1071 4809; x_wconf 88' lang='lat' dir='ltr'><em>enim</em></span> <span class='ocrx_word' id='word_1_763' title='bbox 1134 4767 1479 4811; x_wconf 83' lang='lat' dir='ltr'><em>concurrunt</em></span> <span class='ocrx_word' id='word_1_764' title='bbox 1536 4757 1930 4828; x_wconf 89' lang='lat' dir='ltr'><em>impossibilia,</em></span> <span class='ocrx_word' id='word_1_765' title='bbox 1976 4764 2124 4820; x_wconf 81' lang='lat' dir='ltr'><em>sicut</em></span> 
     </span>
    </p>
   </div>
   <div class='ocr_carea' id='block_1_97' title="bbox 480 4841 2122 4911">
    <p class='ocr_par' dir='ltr' id='par_1_97' title="bbox 480 4841 2122 4911">
     <span class='ocr_line' id='line_1_97' title="bbox 480 4841 2122 4911; baseline 0.009 -18"><span class='ocrx_word' id='word_1_766' title='bbox 480 4854 651 4909; x_wconf 82' lang='lat' dir='ltr'><em>supra</em></span> <span class='ocrx_word' id='word_1_767' title='bbox 681 4841 802 4910; x_wconf 89' lang='lat' dir='ltr'><em>ipse</em></span> <span class='ocrx_word' id='word_1_768' title='bbox 834 4842 1174 4895; x_wconf 87' lang='lat' dir='ltr'><em>monstravit</em></span> <span class='ocrx_word' id='word_1_769' title='bbox 1204 4849 1359 4910; x_wconf 86' lang='lat' dir='ltr'><em>tunc,</em></span> <span class='ocrx_word' id='word_1_770' title='bbox 1392 4846 1614 4911; x_wconf 89' lang='lat' dir='ltr'><em>quando</em></span> <span class='ocrx_word' id='word_1_771' title='bbox 1643 4847 1711 4899; x_wconf 89' lang='lat' dir='ltr'><em>ad</em></span> <span class='ocrx_word' id='word_1_772' title='bbox 1743 4848 1977 4903; x_wconf 89' lang='lat' dir='ltr'><em>nimiam</em></span> <span class='ocrx_word' id='word_1_773' title='bbox 2041 4851 2122 4907; x_wconf 52' lang='lat' dir='ltr'><em>loc</em></span> 
     </span>
    </p>
   </div>
   <div class='ocr_carea' id='block_1_98' title="bbox 477 4929 2125 5002">
    <p class='ocr_par' dir='ltr' id='par_1_98' title="bbox 477 4929 2125 5002">
     <span class='ocr_line' id='line_1_98' title="bbox 477 4929 2125 5002; baseline 0.008 -19"><span class='ocrx_word' id='word_1_774' title='bbox 477 4929 820 4999; x_wconf 82' lang='lat' dir='ltr'><em>quacitatem</em></span> <span class='ocrx_word' id='word_1_775' title='bbox 856 4931 1120 4999; x_wconf 84' lang='lat' dir='ltr'><em>perduxit</em></span> <span class='ocrx_word' id='word_1_776' title='bbox 1150 4947 1269 4994; x_wconf 89' lang='lat' dir='ltr'><em>eos,</em></span> <span class='ocrx_word' id='word_1_777' title='bbox 1298 4930 1499 4987; x_wconf 91' lang='lat' dir='ltr'><em>eadem</em></span> <span class='ocrx_word' id='word_1_778' title='bbox 1539 4931 1860 5002; x_wconf 85' lang='lat' dir='ltr'><em>frequenter</em></span> <span class='ocrx_word' id='word_1_779' title='bbox 1890 4939 2125 4996; x_wconf 87' lang='lat' dir='ltr'><em>nomina</em></span> 
     </span>
    </p>
   </div>
   <div class='ocr_carea' id='block_1_99' title="bbox 477 5020 2121 5091">
    <p class='ocr_par' dir='ltr' id='par_1_99' title="bbox 477 5020 2121 5091">
     <span class='ocr_line' id='line_1_99' title="bbox 477 5020 2121 5091; baseline 0.009 -19"><span class='ocrx_word' id='word_1_780' title='bbox 477 5025 820 5088; x_wconf 85' lang='lat' dir='ltr'><em>repetentes.</em></span> <span class='ocrx_word' id='word_1_781' title='bbox 855 5020 1348 5083; x_wconf 87' lang='lat' dir='ltr'><em>Quemadmodum</em></span> <span class='ocrx_word' id='word_1_782' title='bbox 1386 5024 1713 5091; x_wconf 89' lang='lat' dir='ltr'><em>ponendum</em></span> <span class='ocrx_word' id='word_1_783' title='bbox 1743 5035 1822 5080; x_wconf 92' lang='lat' dir='ltr'><em>est</em></span> <span class='ocrx_word' id='word_1_784' title='bbox 1854 5042 2007 5085; x_wconf 88' lang='lat' dir='ltr'><em>nunc</em></span> <span class='ocrx_word' id='word_1_785' title='bbox 2037 5031 2121 5085; x_wconf 91' lang='lat' dir='ltr'><em>di-</em></span> 
     </span>
    </p>
   </div>
   <div class='ocr_carea' id='block_1_100' title="bbox 475 5109 2124 5189">
    <p class='ocr_par' dir='ltr' id='par_1_100' title="bbox 475 5109 2124 5189">
     <span class='ocr_line' id='line_1_100' title="bbox 475 5109 2124 5189; baseline 0.007 -24"><span class='ocrx_word' id='word_1_786' title='bbox 475 5109 676 5175; x_wconf 79' lang='lat' dir='ltr'><em>cimus,</em></span> <span class='ocrx_word' id='word_1_787' title='bbox 715 5110 770 5163; x_wconf 92' lang='lat' dir='ltr'><em>id</em></span> <span class='ocrx_word' id='word_1_788' title='bbox 807 5119 908 5178; x_wconf 86' lang='lat' dir='ltr'><em>est,</em></span> <span class='ocrx_word' id='word_1_789' title='bbox 944 5111 1423 5181; x_wconf 74' lang='lat' dir='ltr'><em>quemadmodum</em></span> <span class='ocrx_word' id='word_1_790' title='bbox 1474 5117 1666 5167; x_wconf 82' lang='lat' dir='ltr'><em>autem</em></span> <span class='ocrx_word' id='word_1_791' title='bbox 1715 5116 1942 5187; x_wconf 89' lang='lat' dir='ltr'><em>debant,</em></span> <span class='ocrx_word' id='word_1_792' title='bbox 2000 5135 2124 5189; x_wconf 61' lang='lat' dir='ltr'><em>quas</em></span> 
     </span>
    </p>
   </div>
   <div class='ocr_carea' id='block_1_101' title="bbox 481 5198 2122 5274">
    <p class='ocr_par' dir='ltr' id='par_1_101' title="bbox 481 5198 2122 5274">
     <span class='ocr_line' id='line_1_101' title="bbox 481 5198 2122 5274; baseline 0.012 -25"><span class='ocrx_word' id='word_1_793' title='bbox 481 5198 770 5263; x_wconf 64' lang='lat' dir='ltr'><em>sigillatim</em></span> <span class='ocrx_word' id='word_1_794' title='bbox 809 5216 942 5255; x_wconf 87' lang='lat' dir='ltr'><em>vere</em></span> <span class='ocrx_word' id='word_1_795' title='bbox 972 5202 1243 5255; x_wconf 89' lang='lat' dir='ltr'><em>dicuntur</em></span> <span class='ocrx_word' id='word_1_796' title='bbox 1268 5202 1466 5270; x_wconf 88' lang='lat' dir='ltr'><em>juncta</em></span> <span class='ocrx_word' id='word_1_797' title='bbox 1498 5203 2007 5274; x_wconf 64' lang='lat' dir='ltr'><em>praedicarimunc,</em></span> <span class='ocrx_word' id='word_1_798' title='bbox 2032 5211 2122 5266; x_wconf 88' lang='lat' dir='ltr'><em>in-</em></span> 
     </span>
    </p>
   </div>
   <div class='ocr_carea' id='block_1_102' title="bbox 480 5288 2126 5362">
    <p class='ocr_par' dir='ltr' id='par_1_102' title="bbox 480 5288 2126 5362">
     <span class='ocr_line' id='line_1_102' title="bbox 480 5288 2126 5362; baseline 0.009 -20"><span class='ocrx_word' id='word_1_799' title='bbox 480 5288 623 5359; x_wconf 74' lang='lat' dir='ltr'><em>«,uit,</em></span> <span class='ocrx_word' id='word_1_800' title='bbox 655 5289 926 5344; x_wconf 90' lang='lat' dir='ltr'><em>dicimus.</em></span> <span class='ocrx_word' id='word_1_801' title='bbox 962 5288 1186 5357; x_wconf 84' lang='lat' dir='ltr'><em>Omnia,</em></span> <span class='ocrx_word' id='word_1_802' title='bbox 1223 5291 1427 5359; x_wconf 91' lang='lat' dir='ltr'><em>inquit,</em></span> <span class='ocrx_word' id='word_1_803' title='bbox 1462 5307 1588 5360; x_wconf 69' lang='lat' dir='ltr'><em>qua:</em></span> <span class='ocrx_word' id='word_1_804' title='bbox 1640 5296 2017 5362; x_wconf 61' lang='lat' dir='ltr'><em>praedicantur</em></span> <span class='ocrx_word' id='word_1_805' title='bbox 2058 5301 2126 5357; x_wconf 88' lang='lat' dir='ltr'><em>de</em></span> 
     </span>
    </p>
   </div>
   <div class='ocr_carea' id='block_1_103' title="bbox 477 5377 2128 5457">
    <p class='ocr_par' dir='ltr' id='par_1_103' title="bbox 477 5377 2128 5457">
     <span class='ocr_line' id='line_1_103' title="bbox 477 5377 2128 5457; baseline 0.009 -27"><span class='ocrx_word' id='word_1_806' title='bbox 477 5377 692 5445; x_wconf 64' lang='lat' dir='ltr'><em>alijuo,</em></span> <span class='ocrx_word' id='word_1_807' title='bbox 728 5385 780 5433; x_wconf 85' lang='lat' dir='ltr'><em>et</em></span> <span class='ocrx_word' id='word_1_808' title='bbox 813 5394 1013 5432; x_wconf 90' lang='lat' dir='ltr'><em>rursus</em></span> <span class='ocrx_word' id='word_1_809' title='bbox 1046 5379 1113 5433; x_wconf 89' lang='lat' dir='ltr'><em>de</em></span> <span class='ocrx_word' id='word_1_810' title='bbox 1138 5379 1348 5449; x_wconf 82' lang='lat' dir='ltr'><em>quibus</em></span> <span class='ocrx_word' id='word_1_811' title='bbox 1378 5380 1481 5432; x_wconf 84' lang='lat' dir='ltr'><em>alia</em></span> <span class='ocrx_word' id='word_1_812' title='bbox 1512 5382 2128 5457; x_wconf 56' lang='lat' dir='ltr'><em>praedicanturdUplici</em></span> 
     </span>
    </p>
   </div>
   <div class='ocr_carea' id='block_1_104' title="bbox 478 5466 2125 5536">
    <p class='ocr_par' dir='ltr' id='par_1_104' title="bbox 478 5466 2125 5536">
     <span class='ocr_line' id='line_1_104' title="bbox 478 5466 2125 5536; baseline 0.007 -16"><span class='ocrx_word' id='word_1_813' title='bbox 478 5466 651 5521; x_wconf 90' lang='lat' dir='ltr'><em>modo</em></span> <span class='ocrx_word' id='word_1_814' title='bbox 683 5474 836 5531; x_wconf 88' lang='lat' dir='ltr'><em>sunt,</em></span> <span class='ocrx_word' id='word_1_815' title='bbox 862 5476 955 5521; x_wconf 91' lang='lat' dir='ltr'><em>aut</em></span> <span class='ocrx_word' id='word_1_816' title='bbox 987 5467 1143 5523; x_wconf 90' lang='lat' dir='ltr'><em>enim</em></span> <span class='ocrx_word' id='word_1_817' title='bbox 1176 5467 1493 5522; x_wconf 89' lang='lat' dir='ltr'><em>accidentia</em></span> <span class='ocrx_word' id='word_1_818' title='bbox 1526 5474 1682 5536; x_wconf 87' lang='lat' dir='ltr'><em>sunt,</em></span> <span class='ocrx_word' id='word_1_819' title='bbox 1712 5480 1807 5526; x_wconf 91' lang='lat' dir='ltr'><em>aut</em></span> <span class='ocrx_word' id='word_1_820' title='bbox 1857 5475 2125 5533; x_wconf 85' lang='lat' dir='ltr'><em>substan-</em></span> 
     </span>
    </p>
   </div>
   <div class='ocr_carea' id='block_1_105' title="bbox 480 5554 2125 5628">
    <p class='ocr_par' dir='ltr' id='par_1_105' title="bbox 480 5554 2125 5628">
     <span class='ocr_line' id='line_1_105' title="bbox 480 5554 2125 5628; baseline 0.009 -19"><span class='ocrx_word' id='word_1_821' title='bbox 480 5554 658 5624; x_wconf 84' lang='lat' dir='ltr'><em>tialia,</em></span> <span class='ocrx_word' id='word_1_822' title='bbox 692 5564 743 5611; x_wconf 92' lang='lat' dir='ltr'><em>el</em></span> <span class='ocrx_word' id='word_1_823' title='bbox 775 5556 900 5611; x_wconf 63' lang='lat' dir='ltr'><em>alia</em></span> <span class='ocrx_word' id='word_1_824' title='bbox 934 5557 1159 5626; x_wconf 88' lang='lat' dir='ltr'><em>quidem</em></span> <span class='ocrx_word' id='word_1_825' title='bbox 1190 5558 1624 5628; x_wconf 71' lang='lat' dir='ltr'><em>praedicationes</em></span> <span class='ocrx_word' id='word_1_826' title='bbox 1654 5569 1786 5616; x_wconf 88' lang='lat' dir='ltr'><em>sunt</em></span> <span class='ocrx_word' id='word_1_827' title='bbox 1808 5567 2125 5624; x_wconf 90' lang='lat' dir='ltr'><em>secundum</em></span> 
     </span>
    </p>
   </div>
   <div class='ocr_carea' id='block_1_106' title="bbox 2231 4578 3871 4647">
    <p class='ocr_par' dir='ltr' id='par_1_106' title="bbox 2231 4578 3871 4647">
     <span class='ocr_line' id='line_1_106' title="bbox 2231 4578 3871 4647; baseline -0.008 -11"><span class='ocrx_word' id='word_1_828' title='bbox 2231 4580 2563 4636; x_wconf 90' lang='lat' dir='ltr'><em>Contiuetur</em></span> <span class='ocrx_word' id='word_1_829' title='bbox 2586 4580 2736 4635; x_wconf 90' lang='lat' dir='ltr'><em>enim</em></span> <span class='ocrx_word' id='word_1_830' title='bbox 2766 4580 2822 4633; x_wconf 89' lang='lat' dir='ltr'><em>in</em></span> <span class='ocrx_word' id='word_1_831' title='bbox 2852 4580 3083 4634; x_wconf 84' lang='lat' dir='ltr'><em>homine</em></span> <span class='ocrx_word' id='word_1_832' title='bbox 3110 4578 3296 4647; x_wconf 87' lang='lat' dir='ltr'><em>bipes,</em></span> <span class='ocrx_word' id='word_1_833' title='bbox 3325 4581 3396 4633; x_wconf 88' lang='lat' dir='ltr'><em>ad</em></span> <span class='ocrx_word' id='word_1_834' title='bbox 3422 4580 3572 4646; x_wconf 70' lang='lat' dir='ltr'><em>quod</em></span> <span class='ocrx_word' id='word_1_835' title='bbox 3616 4578 3661 4632; x_wconf 90' lang='lat' dir='ltr'><em>si</em></span> <span class='ocrx_word' id='word_1_836' title='bbox 3704 4584 3871 4630; x_wconf 89' lang='lat' dir='ltr'><em>rursus</em></span> 
     </span>
    </p>
   </div>
   <div class='ocr_carea' id='block_1_107' title="bbox 2232 4667 3873 4739">
    <p class='ocr_par' dir='ltr' id='par_1_107' title="bbox 2232 4667 3873 4739">
     <span class='ocr_line' id='line_1_107' title="bbox 2232 4667 3873 4739; baseline -0.006 -14"><span class='ocrx_word' id='word_1_837' title='bbox 2232 4670 2390 4739; x_wconf 89' lang='lat' dir='ltr'><em>bipes</em></span> <span class='ocrx_word' id='word_1_838' title='bbox 2419 4668 2713 4739; x_wconf 58' lang='lat' dir='ltr'><em>praedices,</em></span> <span class='ocrx_word' id='word_1_839' title='bbox 2749 4667 3209 4723; x_wconf 68' lang='lat' dir='ltr'><em>molestissimum</em></span> <span class='ocrx_word' id='word_1_840' title='bbox 3249 4668 3435 4724; x_wconf 79' lang='lat' dir='ltr'><em>facies</em></span> <span class='ocrx_word' id='word_1_841' title='bbox 3480 4667 3873 4738; x_wconf 88' lang='lat' dir='ltr'><em>repetitionem.</em></span> 
     </span>
    </p>
   </div>
   <div class='ocr_carea' id='block_1_108' title="bbox 2233 4750 3873 4829">
    <p class='ocr_par' dir='ltr' id='par_1_108' title="bbox 2233 4750 3873 4829">
     <span class='ocr_line' id='line_1_108' title="bbox 2233 4750 3873 4829; baseline -0.009 -13"><span class='ocrx_word' id='word_1_842' title='bbox 2233 4759 2349 4815; x_wconf 88' lang='lat' dir='ltr'><em>Hoc</em></span> <span class='ocrx_word' id='word_1_843' title='bbox 2380 4758 2529 4829; x_wconf 82' lang='lat' dir='ltr'><em>enim</em></span> <span class='ocrx_word' id='word_1_844' title='bbox 2563 4766 2643 4813; x_wconf 89' lang='lat' dir='ltr'><em>est</em></span> <span class='ocrx_word' id='word_1_845' title='bbox 2679 4758 2827 4828; x_wconf 89' lang='lat' dir='ltr'><em>quod</em></span> <span class='ocrx_word' id='word_1_846' title='bbox 2862 4758 2971 4811; x_wconf 87' lang='lat' dir='ltr'><em>ait:</em></span> <span class='ocrx_word' id='word_1_847' title='bbox 3006 4757 3270 4826; x_wconf 84' lang='lat' dir='ltr'><em>Amplius</em></span> <span class='ocrx_word' id='word_1_848' title='bbox 3308 4750 3873 4828; x_wconf 62' lang='lat' dir='ltr'><em>necquecunquein-</em></span> 
     </span>
    </p>
   </div>
   <div class='ocr_carea' id='block_1_109' title="bbox 2232 4843 3876 4917">
    <p class='ocr_par' dir='ltr' id='par_1_109' title="bbox 2232 4843 3876 4917">
     <span class='ocr_line' id='line_1_109' title="bbox 2232 4843 3876 4917; baseline -0.009 -11"><span class='ocrx_word' id='word_1_849' title='bbox 2232 4857 2363 4906; x_wconf 80' lang='lat' dir='ltr'><em>sunt</em></span> <span class='ocrx_word' id='word_1_850' title='bbox 2396 4849 2453 4903; x_wconf 88' lang='lat' dir='ltr'><em>in</em></span> <span class='ocrx_word' id='word_1_851' title='bbox 2485 4848 2620 4916; x_wconf 90' lang='lat' dir='ltr'><em>alio,</em></span> <span class='ocrx_word' id='word_1_852' title='bbox 2654 4848 2706 4902; x_wconf 74' lang='lat' dir='ltr'><em>id</em></span> <span class='ocrx_word' id='word_1_853' title='bbox 2741 4851 2827 4903; x_wconf 85' lang='lat' dir='ltr'><em>est</em></span> <span class='ocrx_word' id='word_1_854' title='bbox 2855 4847 3247 4914; x_wconf 89' lang='lat' dir='ltr'><em>continentur,</em></span> <span class='ocrx_word' id='word_1_855' title='bbox 3282 4854 3383 4901; x_wconf 91' lang='lat' dir='ltr'><em>aut</em></span> <span class='ocrx_word' id='word_1_856' title='bbox 3446 4846 3780 4917; x_wconf 85' lang='lat' dir='ltr'><em>prolatione,</em></span> <span class='ocrx_word' id='word_1_857' title='bbox 3826 4843 3876 4892; x_wconf 85' lang='lat' dir='ltr'><em>ut</em></span> 
     </span>
    </p>
   </div>
   <div class='ocr_carea' id='block_1_110' title="bbox 2233 4929 3872 5007">
    <p class='ocr_par' dir='ltr' id='par_1_110' title="bbox 2233 4929 3872 5007">
     <span class='ocr_line' id='line_1_110' title="bbox 2233 4929 3872 5007; baseline -0.01 -13"><span class='ocrx_word' id='word_1_858' title='bbox 2233 4939 2294 4994; x_wconf 90' lang='lat' dir='ltr'><em>in</em></span> <span class='ocrx_word' id='word_1_859' title='bbox 2326 4955 2391 4994; x_wconf 92' lang='lat' dir='ltr'><em>eo</em></span> <span class='ocrx_word' id='word_1_860' title='bbox 2423 4938 2567 5007; x_wconf 89' lang='lat' dir='ltr'><em>quod</em></span> <span class='ocrx_word' id='word_1_861' title='bbox 2604 4944 2685 4992; x_wconf 86' lang='lat' dir='ltr'><em>est</em></span> <span class='ocrx_word' id='word_1_862' title='bbox 2718 4936 2887 4992; x_wconf 90' lang='lat' dir='ltr'><em>homo</em></span> <span class='ocrx_word' id='word_1_863' title='bbox 2917 4934 3104 5000; x_wconf 84' lang='lat' dir='ltr'><em>albus,</em></span> <span class='ocrx_word' id='word_1_864' title='bbox 3134 4934 3481 4991; x_wconf 89' lang='lat' dir='ltr'><em>continetur</em></span> <span class='ocrx_word' id='word_1_865' title='bbox 3516 4938 3573 4991; x_wconf 90' lang='lat' dir='ltr'><em>in</em></span> <span class='ocrx_word' id='word_1_866' title='bbox 3607 4951 3671 4989; x_wconf 91' lang='lat' dir='ltr'><em>eo</em></span> <span class='ocrx_word' id='word_1_867' title='bbox 3716 4929 3872 4989; x_wconf 88' lang='lat' dir='ltr'><em>albus,</em></span> 
     </span>
    </p>
   </div>
   <div class='ocr_carea' id='block_1_111' title="bbox 2234 5024 3879 5100">
    <p class='ocr_par' dir='ltr' id='par_1_111' title="bbox 2234 5024 3879 5100">
     <span class='ocr_line' id='line_1_111' title="bbox 2234 5024 3879 5100; baseline -0.008 -18"><span class='ocrx_word' id='word_1_868' title='bbox 2234 5027 2500 5100; x_wconf 89' lang='lat' dir='ltr'><em>quoniam</em></span> <span class='ocrx_word' id='word_1_869' title='bbox 2537 5026 2851 5095; x_wconf 89' lang='lat' dir='ltr'><em>prolatione</em></span> <span class='ocrx_word' id='word_1_870' title='bbox 2878 5026 2994 5093; x_wconf 89' lang='lat' dir='ltr'><em>jam</em></span> <span class='ocrx_word' id='word_1_871' title='bbox 3028 5025 3250 5079; x_wconf 83' lang='lat' dir='ltr'><em>dictum</em></span> <span class='ocrx_word' id='word_1_872' title='bbox 3302 5029 3421 5089; x_wconf 79' lang='lat' dir='ltr'><em>est,</em></span> <span class='ocrx_word' id='word_1_873' title='bbox 3484 5034 3583 5080; x_wconf 88' lang='lat' dir='ltr'><em>aut</em></span> <span class='ocrx_word' id='word_1_874' title='bbox 3634 5024 3879 5095; x_wconf 87' lang='lat' dir='ltr'><em>potestate</em></span> 
     </span>
    </p>
   </div>
   <div class='ocr_carea' id='block_1_112' title="bbox 2234 5114 3879 5185">
    <p class='ocr_par' dir='ltr' id='par_1_112' title="bbox 2234 5114 3879 5185">
     <span class='ocr_line' id='line_1_112' title="bbox 2234 5114 3879 5185; baseline -0.009 -12"><span class='ocrx_word' id='word_1_875' title='bbox 2234 5126 2288 5174; x_wconf 87' lang='lat' dir='ltr'><em>et</em></span> <span class='ocrx_word' id='word_1_876' title='bbox 2318 5118 2392 5183; x_wconf 90' lang='lat' dir='ltr'><em>vi,</em></span> <span class='ocrx_word' id='word_1_877' title='bbox 2426 5125 2485 5171; x_wconf 92' lang='lat' dir='ltr'><em>ut</em></span> <span class='ocrx_word' id='word_1_878' title='bbox 2516 5132 2581 5170; x_wconf 91' lang='lat' dir='ltr'><em>eo</em></span> <span class='ocrx_word' id='word_1_879' title='bbox 2615 5116 2761 5185; x_wconf 91' lang='lat' dir='ltr'><em>quod</em></span> <span class='ocrx_word' id='word_1_880' title='bbox 2793 5122 2878 5168; x_wconf 88' lang='lat' dir='ltr'><em>est</em></span> <span class='ocrx_word' id='word_1_881' title='bbox 2911 5114 3079 5168; x_wconf 86' lang='lat' dir='ltr'><em>homo</em></span> <span class='ocrx_word' id='word_1_882' title='bbox 3111 5114 3464 5170; x_wconf 87' lang='lat' dir='ltr'><em>continetur</em></span> <span class='ocrx_word' id='word_1_883' title='bbox 3498 5115 3677 5185; x_wconf 86' lang='lat' dir='ltr'><em>bipes,</em></span> <span class='ocrx_word' id='word_1_884' title='bbox 3725 5120 3879 5178; x_wconf 88' lang='lat' dir='ltr'><em>quan-</em></span> 
     </span>
    </p>
   </div>
   <div class='ocr_carea' id='block_1_113' title="bbox 2236 5202 3183 5278">
    <p class='ocr_par' dir='ltr' id='par_1_113' title="bbox 2236 5202 3183 5278">
     <span class='ocr_line' id='line_1_113' title="bbox 2236 5202 3183 5278; baseline -0.004 -17"><span class='ocrx_word' id='word_1_885' title='bbox 2236 5222 2402 5278; x_wconf 89' lang='lat' dir='ltr'><em>quam</em></span> <span class='ocrx_word' id='word_1_886' title='bbox 2438 5205 2651 5259; x_wconf 85' lang='lat' dir='ltr'><em>dictum</em></span> <span class='ocrx_word' id='word_1_887' title='bbox 2688 5202 2915 5273; x_wconf 88' lang='lat' dir='ltr'><em>penitus</em></span> <span class='ocrx_word' id='word_1_888' title='bbox 2948 5219 3060 5257; x_wconf 92' lang='lat' dir='ltr'><em>non</em></span> <span class='ocrx_word' id='word_1_889' title='bbox 3092 5204 3183 5257; x_wconf 89' lang='lat' dir='ltr'><em>sit.</em></span> 
     </span>
    </p>
   </div>
   <div class='ocr_carea' id='block_1_114' title="bbox 2312 5289 3881 5362">
    <p class='ocr_par' dir='ltr' id='par_1_114' title="bbox 2312 5289 3881 5362">
     <span class='ocr_line' id='line_1_114' title="bbox 2312 5289 3881 5362; baseline -0.008 -13"><span class='ocrx_word' id='word_1_890' title='bbox 2312 5297 2507 5351; x_wconf 84' lang='lat' dir='ltr'><em>Verum</em></span> <span class='ocrx_word' id='word_1_891' title='bbox 2536 5299 2721 5349; x_wconf 78' lang='lat' dir='ltr'><em>autem</em></span> <span class='ocrx_word' id='word_1_892' title='bbox 2752 5302 2832 5349; x_wconf 78' lang='lat' dir='ltr'><em>est</em></span> <span class='ocrx_word' id='word_1_893' title='bbox 2862 5293 3040 5348; x_wconf 80' lang='lat' dir='ltr'><em>dicere</em></span> <span class='ocrx_word' id='word_1_894' title='bbox 3072 5293 3143 5348; x_wconf 85' lang='lat' dir='ltr'><em>de</em></span> <span class='ocrx_word' id='word_1_895' title='bbox 3172 5291 3373 5362; x_wconf 77' lang='lat' dir='ltr'><em>aliqua</em></span> <span class='ocrx_word' id='word_1_896' title='bbox 3394 5298 3454 5347; x_wconf 76' lang='lat' dir='ltr'><em>et</em></span> <span class='ocrx_word' id='word_1_897' title='bbox 3487 5289 3881 5362; x_wconf 81' lang='lat' dir='ltr'><em>simpliciter,ut</em></span> 
     </span>
    </p>
   </div>
   <div class='ocr_carea' id='block_1_115' title="bbox 2236 5376 3884 5457">
    <p class='ocr_par' dir='ltr' id='par_1_115' title="bbox 2236 5376 3884 5457">
     <span class='ocr_line' id='line_1_115' title="bbox 2236 5376 3884 5457; baseline -0.007 -18"><span class='ocrx_word' id='word_1_898' title='bbox 2236 5384 2519 5457; x_wconf 86' lang='lat' dir='ltr'><em>quemdam</em></span> <span class='ocrx_word' id='word_1_899' title='bbox 2548 5384 2826 5439; x_wconf 79' lang='lat' dir='ltr'><em>hominem</em></span> <span class='ocrx_word' id='word_1_900' title='bbox 2857 5382 3152 5442; x_wconf 72' lang='lat' dir='ltr'><em>hominem.</em></span> <span class='ocrx_word' id='word_1_901' title='bbox 3214 5390 3319 5435; x_wconf 81' lang='lat' dir='ltr'><em>aut</em></span> <span class='ocrx_word' id='word_1_902' title='bbox 3385 5381 3683 5453; x_wconf 70' lang='lat' dir='ltr'><em>quemdam</em></span> <span class='ocrx_word' id='word_1_903' title='bbox 3721 5376 3884 5432; x_wconf 79' lang='lat' dir='ltr'><em>album</em></span> 
     </span>
    </p>
   </div>
   <div class='ocr_carea' id='block_1_116' title="bbox 2239 5460 3883 5542">
    <p class='ocr_par' dir='ltr' id='par_1_116' title="bbox 2239 5460 3883 5542">
     <span class='ocr_line' id='line_1_116' title="bbox 2239 5460 3883 5542; baseline -0.01 -12"><span class='ocrx_word' id='word_1_904' title='bbox 2239 5474 2536 5542; x_wconf 78' lang='lat' dir='ltr'><em>haminem,</em></span> <span class='ocrx_word' id='word_1_905' title='bbox 2570 5473 2845 5528; x_wconf 82' lang='lat' dir='ltr'><em>hominem</em></span> <span class='ocrx_word' id='word_1_906' title='bbox 2876 5471 3092 5525; x_wconf 77' lang='lat' dir='ltr'><em>album.</em></span> <span class='ocrx_word' id='word_1_907' title='bbox 3126 5471 3238 5525; x_wconf 85' lang='lat' dir='ltr'><em>Non</em></span> <span class='ocrx_word' id='word_1_908' title='bbox 3272 5481 3480 5525; x_wconf 65' lang='lat' dir='ltr'><em>(autem</em></span> <span class='ocrx_word' id='word_1_909' title='bbox 3529 5484 3759 5539; x_wconf 82' lang='lat' dir='ltr'><em>semper,</em></span> <span class='ocrx_word' id='word_1_910' title='bbox 3809 5460 3883 5517; x_wconf 76' lang='lat' dir='ltr'><em>sed</em></span> 
     </span>
    </p>
   </div>
   <div class='ocr_carea' id='block_1_117' title="bbox 2240 5555 3883 5635">
    <p class='ocr_par' dir='ltr' id='par_1_117' title="bbox 2240 5555 3883 5635">
     <span class='ocr_line' id='line_1_117' title="bbox 2240 5555 3883 5635; baseline -0.009 -15"><span class='ocrx_word' id='word_1_911' title='bbox 2240 5564 2457 5635; x_wconf 86' lang='lat' dir='ltr'><em>quando</em></span> <span class='ocrx_word' id='word_1_912' title='bbox 2488 5564 2549 5618; x_wconf 85' lang='lat' dir='ltr'><em>in</em></span> <span class='ocrx_word' id='word_1_913' title='bbox 2579 5562 2793 5633; x_wconf 83' lang='lat' dir='ltr'><em>adjecto</em></span> <span class='ocrx_word' id='word_1_914' title='bbox 2825 5562 3043 5634; x_wconf 76' lang='lat' dir='ltr'><em>aliquid</em></span> <span class='ocrx_word' id='word_1_915' title='bbox 3072 5558 3299 5633; x_wconf 83' lang='lat' dir='ltr'><em>quidem</em></span> <span class='ocrx_word' id='word_1_916' title='bbox 3334 5562 3720 5632; x_wconf 76' lang='lat' dir='ltr'><em>oppositorum</em></span> <span class='ocrx_word' id='word_1_917' title='bbox 3740 5555 3883 5611; x_wconf 79' lang='lat' dir='ltr'><em>inest.</em></span> 
     </span>
    </p>
   </div>
  </div>
