4106 6172
307 346 411 402 577

1051 348 1126 401 ΙΝ
1167 345 1439 400 LIBRUM
1475 343 1572 396 DE
1610 338 2293 396 INTERPRETATIONE
2329 343 2577 399 EDITIO
2611 347 2966 402 SECUNDA.

3609 350 3715 403 578

382 471 535 541 Quod
562 471 921 542 consequitur
948 469 1325 536 contra-dictio,
1358 486 1467 524 non
1498 483 1709 531 verum,
1739 465 1834 520 sed
1851 465 1957 536 fat—
1985 462 2038 527 Α
2067 482 2200 522 vero
2232 484 2342 523 non
2368 469 2435 523 sit
2462 470 2570 526 ista
2590 472 2991 542 contradictio,
3018 479 3218 542 potest,
3246 480 3305 527 ut
3352 471 3412 527 in
3465 488 3531 528 eo
3564 475 3717 545 quod

306 579 427 617 sum
480 564 578 628 est,
639 563 697 613 ut
749 560 1025 615 hominem
1083 569 1377 628 mortuum,
1436 559 1707 614 hominem
1759 556 1958 622 dicere,

304 651 523 723 quando
556 661 744 703 autem
775 666 883 704 non
920 652 1080 717 inest,
1114 666 1297 704 verum
1328 657 1425 704 est.

382 740 514 794 Haec
549 740 786 809 quaestio
815 740 1091 807 superiori
1123 739 1406 794 contraria
1461 746 1563 793 est.
1624 736 1747 792 Illic
1805 735 1961 790 enim

309 830 667 903 quaerebatur
691 830 738 885 si
761 847 881 899 quae
906 830 1193 898 sigillatim
1220 830 1683 899 przedicarentur,
1708 842 1779 881 an
1806 839 1959 880 sem-

308 940 409 995 per
427 938 560 977 vere
578 924 774 976 eadem
798 923 1105 988 conjuncta
1124 924 1548 991 compositaque
1591 920 1913 975 dicerentur
1945 933 1959 982 ;

309 1012 406 1066 hic
437 1016 633 1065 autem
665 1026 935 1065 converso
967 1010 1168 1065 ordine
1227 1010 1279 1065 id
1339 1010 1541 1080 querit,
1598 1025 1670 1063 an
1728 1024 1792 1063 ea
1840 1021 1961 1075 qua:

308 1100 628 1169 composita
662 1115 787 1153 vere
820 1100 1223 1167 praarlicantur,
1278 1098 1568 1168 sigillatim
1630 1098 1783 1152 dicta
1834 1108 1964 1149 vere

314 1190 611 1245 dicantur.
648 1188 772 1242 Post
808 1187 1023 1243 obitum
1058 1190 1211 1243 enim
1246 1188 1496 1244 Socratis
1527 1202 1826 1257 possumus
1874 1184 1961 1237 di-

306 1296 463 1344 cere,
505 1279 611 1332 hoc
645 1280 903 1344 cadaver,
941 1277 1112 1332 homo
1142 1283 1403 1332 mortuus
1429 1285 1530 1346 est,
1563 1286 1613 1331 et
1673 1274 1961 1330 hominem

314 1368 1075 1437 mortuumquejungentes,
1111 1383 1278 1421 unam
1312 1368 1444 1422 inde
1476 1382 1656 1421 veram
1693 1363 1962 1434 praedica-

303 1457 524 1513 tionem
567 1456 769 1511 facere.
805 1455 999 1510 Solum
1033 1466 1219 1511 autem
1258 1456 1543 1511 hominem
1577 1455 1765 1509 dicere
1796 1454 1961 1508 cadao

307 1564 430 1613 ver,
463 1546 601 1600 illud
640 1562 752 1599 non
783 1551 866 1599 est
899 1561 1110 1599 verum.
1146 1549 1357 1601 Rursus
1378 1545 1643 1600 eumdem
1670 1544 1964 1599 Socratem

302 1637 501 1691 vivum
534 1649 730 1689 verum
762 1642 841 1688 est
874 1635 1060 1690 dicere
1094 1636 1366 1703 quoniam
1399 1634 1609 1689 animal
1646 1634 1805 1702 bipes
1857 1638 1964 1699 εει,

307 1733 363 1781 ει
401 1724 694 1785 sigillatim
728 1739 922 1778 verum
956 1732 1037 1778 est
1069 1725 1254 1779 dicere
1285 1724 1548 1792 quoniam
1601 1722 1811 1778 animal
1862 1728 1963 1776 est.

306 1816 499 1880 Quare
530 1814 797 1882 quaeritur
822 1828 942 1882 quae
1002 1813 1078 1867 sit
1139 1813 1309 1882 hujus
1368 1829 1590 1884 quoque
1650 1810 1964 1866 dill‘ercntia

306 1901 760 1973 praedicationis,
797 1910 854 1955 ut
887 1917 1013 1955 cum
1050 1902 1355 1971 conjuncta
1386 1902 1671 1965 dicantur,
1729 1908 1778 1955 et
1836 1914 1965 1955 vere

314 1992 391 2047 de
423 1991 703 2058 subiectis
735 1990 1133 2061 praedicantur,
1168 1990 1309 2045 alias
1338 1992 1563 2058 quidem
1589 1996 1645 2047 et
1668 1995 1826 2045 extra
1852 1988 1961 2044 dici

311 2098 451 2137 vere
485 2080 721 2149 possint,
758 2079 898 2134 alias
919 2097 1051 2135 vero
1080 2086 1282 2151 praeter
1308 2080 1460 2136 illam
1480 2081 1963 2149 conjunctionem,

317 2170 607 2239 simplicia
643 2171 687 2223 si
723 2170 1005 2237 dicantur,
1039 2168 1180 2225 falsa
1211 2175 1366 2225 sunt.
1404 2171 1517 2225 [loc
1565 2178 1751 2225 autem
1809 2167 1965 2239 quasi

325 2259 599 2314 dubitans
621 2259 779 2313 dixit.
828 2259 911 2313 lla
939 2260 1094 2313 enim
1132 2260 1427 2327 legendum
1461 2265 1563 2325 εει,
1595 2260 1751 2329 quasi
1784 2260 1828 2312 si
1860 2260 1965 2312 du-

325 2348 515 2404 bitans
546 2349 758 2402 diceret
788 2348 869 2401 sic
896 2364 907 2402 :
944 2348 1143 2403 Verum
1174 2356 1460 2404 estautem
1483 2349 1669 2403 dicere
1693 2347 1966 2418 dealiquo

321 2438 699 2506 compositum
735 2438 1105 2507 conjunctum
1141 2439 1284 2508 quod
1313 2438 1546 2506 aliquid,
1584 2447 1637 2491 ut
1672 2438 1741 2493 de
1779 2437 1968 2507 aliquo

326 2527 559 2582 homine
593 2528 901 2594 hominem,
935 2531 1031 2581 aut
1062 2529 1130 2582 de
1159 2527 1348 2597 aliquo
1374 2527 1503 2583 albo
1533 2526 1746 2594 album,
1806 2526 1881 2581 ita
1911 2532 1971 2581 ut

323 2628 477 2671 extra
500 2616 705 2670 horum
731 2614 941 2684 aliquid
967 2616 1304 2685 simpliciter
1326 2617 1679 2687 pradicetur,
1702 2633 1773 2671 an
1820 2623 1969 2670 certe

326 2722 440 2761 non
479 2721 725 2773 semper.
764 2706 825 2758 Et
862 2706 950 2759 dat
987 2708 1237 2776 regulam
1270 2722 1382 2776 qua
1438 2721 1846 2777 pernoscamus
1896 2721 1969 2759 an

326 2812 445 2864 quae
479 2796 798 2863 composita
826 2793 1112 2863 dicuntur,
1145 2796 1341 2849 eadem
1375 2794 1665 2864 sigillatim
1696 2795 1807 2849 dici
1840 2810 1971 2864 pos-

331 2884 462 2952 sint,
498 2900 569 2937 an
605 2883 859 2937 minime.
895 2882 1123 2945 Quoties
1155 2887 1308 2938 enim
1344 2884 1474 2937 talia
1506 2888 1640 2939 sunt
1669 2900 1789 2954 qua:
1834 2900 1973 2952 prte-

321 2974 741 3027 dicanlurcum
769 2971 899 3036 alio,
927 2982 985 3027 ut
1006 2973 1063 3027 in
1088 2989 1146 3027 sc
1172 2989 1286 3028 non
1312 2973 1555 3028 habeant
1578 2973 1974 3029 contradictio-

329 3078 483 3131 nem,
521 3064 823 3130 praedicata
858 3069 1095 3131 possunt
1128 3062 1238 3116 dici
1271 3070 1321 3115 ει
1372 3071 1629 3131 separata
1686 3062 1972 3117 veraciter.

320 3152 473 3214 Quod
509 3151 557 3203 si
585 3150 825 3204 habeant
855 3150 910 3205 in
938 3167 998 3205 se
1022 3151 1531 3206 contradictionem
1555 3150 1828 3221 aliquam,
1851 3167 1971 3222 qua:

322 3240 789 3309 pradicanturet
825 3240 1148 3309 composita
1197 3240 1483 3309 dicuntur,
1543 3249 1795 3310 separata
1847 3258 1974 3297 vere

320 3330 628 3399 praedicari
657 3345 766 3383 non
795 3335 1052 3396 possunt,
1080 3337 1138 3384 ut
1164 3346 1227 3383 ea
1251 3345 1371 3399 quae
1422 3331 1559 3386 dicit
1583 3332 1838 3398 cadaver,
1873 3330 1978 3385 ho—

321 3419 535 3473 minem
567 3430 853 3472 mortuum
877 3434 1011 3473 vere
1034 3418 1195 3485 dicit,
1220 3420 1399 3474 solum
1425 3428 1609 3474 autem
1651 3420 1839 3475 dicere
1872 3419 1972 3474 ho-

322 3509 537 3563 minem
574 3524 704 3561 vere
736 3524 849 3562 non
885 3513 1087 3576 potest.
1124 3509 1341 3564 Idcirco
1372 3509 1642 3579 quoniam
1670 3510 1825 3581 prius
1847 3525 1976 3565 cum

322 3597 735 3663 conjunctione
760 3597 1082 3665 praedicavit
1105 3598 1324 3665 dicens,
1351 3598 1639 3654 hominem
1669 3608 1975 3666 mortuum,

322 3694 701 3755 mortuusque
726 3686 943 3755 adjacet
974 3686 1223 3741 hominis
1246 3688 1847 3755 praedicamentomum
1877 3688 1977 3743 ho-

318 3778 477 3832 mine
510 3775 668 3830 enim
704 3776 1073 3843 praedicatum
1108 3780 1418 3842 mortuum,
1473 3777 1980 3832 contradictionem

329 3873 479 3920 tenet
508 3871 705 3919 contra
727 3865 1038 3920 hominem.
1066 3866 1156 3919 Est
1182 3866 1331 3920 enim
1359 3866 1527 3921 homo
1550 3866 1784 3935 animal,
1827 3882 1979 3921 moro

324 3961 459 4009 tuus
494 3970 627 4008 vero
663 3971 774 4009 non
807 3955 1062 4021 animal;
1094 3972 1223 4023 ergo
1257 3962 1512 4010 mortuus
1533 3962 1585 4010 et
1616 3955 1789 4010 homo
1838 3972 1979 4012 con-

319 4044 718 4098 tradictionem
754 4045 1058 4112 quamdam
1095 4045 1243 4099 inter
1275 4062 1333 4100 se
1367 4045 1595 4100 habent.
1632 4044 1780 4099 Illud
1824 4046 1980 4101 enim

319 4138 401 4185 est
426 4129 665 4193 animal,
692 4130 829 4185 illud
858 4148 986 4186 vero
1015 4149 1125 4187 non
1151 4133 1387 4187 animal.
1411 4134 1685 4196 Quocirca
1707 4136 1977 4204 quoniam

317 4218 468 4274 inter
502 4236 565 4273 se
601 4219 813 4273 habent
850 4220 970 4274 haec
1001 4222 1305 4290 quamdam
1339 4224 1832 4289 contrarietatem,
1893 4240 1980 4280 εε-

327 4316 555 4375 paratus
582 4309 750 4363 homo
772 4310 841 4363 de
867 4319 1092 4365 mortuo
1120 4310 1371 4376 homine,
1400 4312 1554 4367 solus
1593 4329 1706 4367 non
1749 4313 1976 4370 dicitur.

330 4398 536 4450 Eodem
574 4412 796 4466 quoque
830 4400 997 4452 modo
1030 4407 1108 4452 est
1144 4398 1189 4451 si
1221 4399 1346 4469 quis
1375 4399 1525 4454 dicat
1575 4416 1806 4454 manum
1858 4418 1981 4457 esse

328 4500 708 4540 marmoream
741 4494 959 4552 statuae,
993 4503 1187 4542 verum
1222 4488 1395 4556 dicit;
1429 4489 1611 4543 solum
1640 4500 1827 4545 autem
1852 4507 1979 4545 ma-

2069 566 2143 610 esl
2169 556 2449 627 Socrates,
2474 561 2685 615 animal
2712 561 2868 631 bipes
2889 570 2992 628 est,
3016 562 3226 616 animal
3255 570 3309 617 et
3352 562 3509 631 bipes
3561 563 3720 617 nulla

2070 647 2521 703 contradictione
2546 662 2935 721 opponuntur.
2966 653 3242 718 Quocirca
3268 656 3453 720 potest
3477 652 3545 705 de
3568 669 3634 707 eo
3666 659 3719 705 et

2072 736 2281 789 animal
2314 737 2603 805 sigillatim
2635 744 2803 809 atque
2862 740 3196 809 simpliciter
3255 746 3307 792 et
3369 739 3526 807 bipes
3579 738 3714 806 dici,

2070 840 2272 879 sensus
2303 828 2525 895 quidem
2560 838 2637 883 est
2676 830 3022 897 hujusmodi.
3060 829 3209 883 Ordo
3269 836 3456 882 autem
3517 844 3576 881 se
3635 828 3718 882 sic

2074 912 2257 982 habet,
2282 916 2545 972 dubitans
2572 919 2723 973 enim
2748 919 2903 972 dixit.
2938 918 3147 973 Verum
3173 926 3253 971 est
3282 923 3466 971 autem
3501 916 3715 985 aliquid

2071 1002 2258 1058 dicere
2290 1004 2358 1057 de
2389 1006 2578 1076 aliquo
2610 1009 2923 1075 composite
2978 1015 3028 1061 ct
3085 1023 3366 1071 connexa,
3424 1013 3477 1059 et
3528 1019 3721 1060 rursus

2072 1092 2433 1163 simpliciter,
2466 1099 2525 1149 ut
2552 1098 2851 1165 quemdam
2916 1096 3205 1151 hominem
3267 1103 3360 1148 aut
3414 1093 3719 1164 quemdam

2072 1180 2261 1236 album
2301 1182 2607 1253 hominem,
2644 1202 2714 1239 an
2748 1194 2898 1240 certe
2960 1201 3073 1241 non
3135 1199 3377 1253 semper,
3439 1182 3536 1236 sed
3587 1191 3719 1237 tunc

2074 1272 2301 1339 quando
2333 1271 2389 1325 in
2422 1276 2660 1343 adjecto,
2696 1274 2747 1328 id
2784 1283 2865 1329 est
2897 1275 2957 1328 in
2991 1290 3056 1330 eo
3090 1275 3233 1344 quod
3267 1273 3550 1343 adjectum
3586 1287 3717 1326 cum

2074 1359 2268 1430 aliquo
2300 1363 2658 1431 praedicatur,
2689 1365 2837 1419 inest
2868 1364 3077 1433 aliquid
3103 1363 3491 1432 oppositorum
3518 1360 3717 1414 talium

2075 1464 2429 1521 quaecunque
2460 1453 2822 1523 consequitur
2853 1454 3247 1519 contradictio,
3281 1452 3332 1504 id
3384 1459 3486 1515 est,
3547 1464 3717 1521 quam

2077 1540 2493 1609 oppositionein
2530 1558 2652 1597 mox
2692 1541 3058 1611 consequitur
3090 1540 3485 1606 contradictio,
3522 1548 3580 1593 ut
3614 1554 3719 1608 op-

2075 1629 2419 1697 positionem
2457 1631 2705 1685 hominis
2721 1640 2770 1685 ει
2799 1632 3002 1685 mortui
3028 1635 3302 1700 sequatur
3320 1627 3718 1694 contradictio,

2078 1718 2289 1772 animal
2315 1718 2525 1775 scilicet
2553 1730 2738 1775 etnon
2767 1721 3003 1775 animal.
3029 1719 3085 1772 Si
3116 1720 3289 1789 igitur
3311 1719 3395 1772 sic
3439 1718 3576 1783 sint,
3607 1731 3723 1772 non

1999 1835 2044 1900 Β
2078 1813 2158 1860 εει
2189 1807 2524 1879 simpliciter
2559 1826 2751 1864 verum
2777 1809 3092 1881 praedicari,
3120 1809 3212 1862 sed
3256 1805 3482 1871 falsum,
3536 1813 3595 1859 ut
3628 1804 3724 1860 ho-

2077 1897 2289 1951 minem
2317 1908 2625 1968 mortuum,
2656 1915 2819 1969 quem
2841 1899 3146 1968 eonjunCte
3194 1912 3318 1951 vere
3368 1896 3556 1950 dicere
3588 1910 3722 1964 pos-

2076 1984 2175 2049 sis,
2200 1987 2460 2040 eumdem
2511 1987 2801 2043 hominem
2832 1988 3020 2041 solum
3056 2002 3169 2041 non
3202 2000 3331 2039 vere
3366 1983 3716 2053 praedicabis.

2077 2076 2311 2138 Quando
2333 2077 2483 2130 enim
2516 2077 2633 2131 hac
2656 2078 2935 2147 Oppositio
2960 2076 3017 2130 in
3045 2076 3133 2129 his
3156 2090 3277 2144 quae
3332 2073 3720 2144 praedicantur

2078 2178 2193 2217 non
2217 2169 2321 2229 est,
2352 2181 2545 2220 verum
2571 2166 2817 2236 estquod
2872 2166 3181 2235 conjuncte
3225 2162 3633 2233 praedicaveris,
3668 2169 3719 2218 et

2078 2251 2414 2321 simpliciter
2447 2256 2775 2324 praedicare.
2810 2255 3103 2324 Adjectutn
3140 2261 3218 2307 est
3255 2261 3443 2306 autem
3501 2252 3560 2305 in
3611 2264 3721 2319 quo

2079 2344 2233 2397 venit
2264 2344 2561 2411 aliquoties
2579 2344 2858 2415 Oppositio
2883 2344 3235 2413 hujusmodi,
3282 2349 3337 2395 ut
3383 2342 3440 2395 in
3475 2356 3540 2395 eo
3572 2339 3719 2409 quod

2081 2440 2162 2487 est
2194 2433 2363 2489 homo
2384 2439 2659 2501 mortuus,
2691 2444 2945 2488 mortuus
2969 2432 3236 2502 adjicitur
3256 2430 3493 2485 homini.
3546 2430 3724 2484 Aliter

2080 2523 2232 2578 enim
2269 2538 2392 2579 vere
2424 2522 2597 2579 homo
2630 2525 2696 2577 de
2723 2524 2993 2579 eudavcre
3026 2538 3138 2577 non
3175 2527 3355 2591 potest
3407 2516 3720 2588 praadicari.

2157 2613 2250 2667 Vel
2281 2616 2467 2680 etiam,
2500 2612 2715 2683 quando
2748 2614 2908 2680 inest,
2967 2626 3178 2681 semper
3232 2625 3345 2664 non
3406 2624 3592 2663 verum
3622 2612 3722 2675 est,

2082 2702 2297 2771 quando
2330 2718 2453 2756 vero
2483 2719 2593 2756 non
2624 2702 2786 2769 inest,
2844 2716 2950 2755 non
3008 2715 3220 2769 semper
3273 2714 3463 2753 verum
3519 2706 3615 2762 est,
3665 2699 3727 2750 ut

2089 2796 2355 2847 Homerus
2384 2797 2463 2845 est
2492 2792 2728 2863 aliquid,
2765 2799 2824 2845 ut
2851 2795 3031 2862 poeta,
3090 2803 3217 2856 ergo
3275 2789 3441 2841 etiam
3497 2792 3601 2851 est,
3651 2801 3726 2838 an

2084 2898 2214 2935 non.
2249 2880 2557 2935 Secundum
2586 2879 2836 2934 accidens
2894 2876 3044 2933 enim
3099 2875 3451 2947 praedicatur
3500 2888 3613 2928 esse
3662 2872 3728 2928 de

2085 2971 2333 3038 Homero,
2365 2973 2623 3043 quoniam
2652 2974 2733 3025 est
2782 2978 2962 3040 poeta,
3024 2967 3114 3022 sed
3161 2982 3271 3021 non
3326 2963 3625 3020 secundum
3671 2975 3728 3017 se

2084 3061 2434 3131 praedicatur
2463 3058 2527 3114 de
2558 3063 2813 3121 Homero,
2848 3058 3105 3128 quoniam
3134 3059 3235 3110 est.

2160 3152 2437 3215 Quoniam
2472 3165 2644 3218 supra
2671 3149 2907 3211 dixerat,
2940 3145 3166 3216 quando
3197 3149 3342 3198 esset
3384 3140 3443 3195 in
3504 3138 3728 3209 adjecto

2084 3238 2475 3307 contradictio,
2508 3254 2624 3293 non
2642 3254 2765 3292 esse
2785 3252 2974 3291 verum
3006 3232 3369 3303 simpliciter,
3395 3228 3728 3299 praedicare,

2086 3327 2315 3397 quando
2348 3343 2476 3382 vero
2509 3342 2623 3381 non
2658 3334 2821 3391 esset,
2854 3339 3051 3379 verum
3084 3339 3205 3377 esse
3233 3319 3388 3391 quod
3420 3318 3731 3387 conjuncte

2086 3417 2387 3485 diceretur,
2422 3415 2756 3486 simpliciter
2782 3416 2992 3481 dicere,
3046 3413 3152 3467 hoc
3212 3412 3396 3481 ipsum
3454 3406 3723 3478 quoniam

2086 3506 2454 3561 videbaturin
2478 3506 2760 3574 aliquibus
2785 3520 2897 3559 non
2922 3518 3047 3558 esse
3071 3516 3286 3567 verum,
3317 3503 3731 3566 consequenter

2088 3596 2375 3651 emendat.
2412 3594 2507 3649 Ait
2537 3595 2689 3648 enim
2722 3609 2918 3648 verum
2978 3607 3102 3646 esse
3160 3588 3299 3643 illud
3362 3588 3508 3656 quod
3563 3600 3731 3653 supra

2088 3684 2303 3739 dictum
2337 3691 2442 3748 est,
2475 3685 2930 3753 quandocunque
2960 3680 3017 3735 in
3077 3680 3301 3748 adjecto
3359 3682 3502 3731 esset
3545 3672 3734 3742 aliqua

2089 3772 2485 3834 contradictio,
2524 3788 2634 3827 non
2671 3787 2793 3826 esse
2826 3786 3018 3825 verum
3041 3767 3380 3838 simpliciter
3402 3764 3729 3835 praedicare,

2090 3864 2240 3932 quod
2267 3864 2577 3930 conjuncte
2600 3861 2907 3925 diceretur,
2930 3860 3159 3925 quando
3207 3860 3403 3910 autem
3440 3868 3554 3907 non
3589 3851 3739 3904 inest

2090 3950 2484 4016 contradictio,
2512 3967 2623 4004 non
2649 3965 2873 4019 semper
2897 3962 3087 4001 verum
3124 3954 3205 4001 est
3258 3944 3567 4014 praedicare
3598 3941 3734 3993 sim-

2092 4040 2331 4109 pliciter,
2368 4040 2515 4109 quod
2549 4039 2856 4109 conjuncte
2884 4052 3009 4091 vere
3047 4036 3348 4098 diceretur,
3382 4031 3481 4085 sed
3515 4028 3740 4096 aliquo-

2092 4130 2194 4184 ties
2217 4129 2447 4200 quidem
2474 4145 2689 4194 verum,
2716 4127 3016 4195 aliquoties
3041 4134 3228 4178 autem
3279 4120 3504 4175 falsum.
3556 4116 3738 4186 Hujus

2093 4219 2170 4275 rei
2198 4218 2305 4273 tale
2326 4218 2655 4288 exemplum
2680 4225 2757 4271 est
2781 4231 2911 4270 cum
2934 4214 3060 4267 dico
3088 4229 3100 4265 :
3129 4213 3403 4265 Homerus
3437 4214 3604 4277 poeta
3630 4212 3734 4271 est,

2093 4316 2175 4363 est
2218 4316 2271 4364 et
2318 4312 2481 4378 poeta
2526 4308 2830 4371 conjuncte
2880 4303 2949 4357 de
2982 4301 3226 4356 Homero
3258 4314 3384 4354 vere
3410 4294 3731 4367 pradicavi.

2092 4398 2191 4454 Sin
2218 4414 2344 4452 vero
2369 4397 2565 4451 dixero
2592 4412 2604 4450 :
2636 4394 2924 4447 Homerus
2946 4399 3048 4458 est,
3067 4390 3267 4443 falsum
3294 4396 3396 4453 est,
3415 4397 3739 4456 quanquam

2094 4482 2905 4554 nonsitaliquacmitradictio
2946 4481 3094 4535 inter
3137 4483 3223 4533 est
3268 4485 3321 4532 et
3370 4480 3612 4546 poetam,
3646 4487 3741 4527 ne-

336 4590 474 4628 num
508 4575 698 4629 dicere
725 4590 846 4628 eam
884 4591 1006 4646 quae
1037 4584 1231 4631 statuae
1262 4584 1365 4643 est,
1401 4577 1605 4632 falsum
1639 4586 1740 4635 est.
1802 4578 1978 4636 Habet
2005 4574 2052 4642 D
2088 4593 2194 4648 que
2225 4576 2282 4630 in
2315 4576 2540 4645 adjecto
2571 4582 2655 4629 est
2688 4573 2803 4627 ulla
2830 4570 2959 4626 talis
2989 4568 3277 4642 Oppositio
3309 4582 3475 4638 quam
3534 4578 3738 4618 conse-

332 4663 485 4717 enim
520 4678 726 4717 manus
756 4668 1094 4732 potestatem
1157 4665 1330 4720 dandi
1387 4666 1839 4737 accipiendique,
1890 4671 1983 4724 sed

332 4750 425 4805 illa
459 4766 785 4807 marmorea
817 4769 931 4808 non
966 4752 1153 4808 habet.
1214 4754 1357 4823 Ergo
1412 4762 1494 4809 est
1543 4758 1795 4827 quaedam
1846 4774 1983 4814 con-

326 4839 592 4895 tradictio
617 4840 769 4895 inter
792 4856 1021 4895 manum
1052 4848 1103 4897 et
1137 4857 1374 4896 manum
1404 4858 1801 4914 marmoream,
1836 4846 1983 4914 quod

324 4927 419 4982 illa
440 4929 577 4982 dare
599 4936 769 4998 atque
791 4930 1049 4999 accipere
1076 4935 1278 4999 potest,
1305 4930 1404 4984 illa
1458 4948 1570 4987 non
1627 4940 1825 5003 potest.
1858 4934 1987 4990 Haec

328 5018 481 5073 enim
518 5016 625 5072 sibi
661 5024 1027 5087 apponuntur
1066 5019 1537 5075 contradictionis
1596 5023 1783 5077 modo.
1846 5026 1985 5095 Ergo

335 5107 789 5176 quotiescunque
819 5108 929 5162 tale
959 5108 1173 5177 aliquid
1214 5109 1574 5177 praedicatur,
1630 5118 1683 5164 ut
1717 5111 1887 5167 homo
1918 5114 1987 5168 de

329 5197 624 5263 cadavere,
646 5196 736 5250 cui
759 5195 869 5250 tale
889 5196 1108 5267 aliquid
1135 5197 1505 5266 conjunctum
1554 5203 1600 5255 si
1643 5207 1808 5270 atque
1837 5203 1985 5273 adja-

327 5294 434 5349 cet,
470 5286 619 5354 quod
656 5285 816 5340 faciat
877 5288 1389 5343 contradictionem
1454 5296 1650 5344 contra
1699 5291 1983 5360 praedica-

330 5381 475 5434 tum,
508 5380 567 5427 ut
589 5373 684 5428 hic
710 5376 927 5443 adjacet
953 5382 1212 5431 mortuus
1238 5377 1477 5433 homini.
1502 5379 1791 5449 Simulque
1829 5400 1983 5452 prae-

325 5461 546 5516 dicatur
572 5462 641 5517 de
663 5464 955 5530 cadavere,
981 5472 1038 5519 ut
1062 5466 1222 5520 faciat
1246 5474 1443 5522 contra
1469 5467 1658 5537 ipsum
1694 5468 1983 5528 hominem

328 5551 997 5617 contradictionem,eam
1025 5570 1153 5624 quae
1182 5557 1239 5608 in
1270 5572 1329 5610 se
1350 5558 1781 5619 contineat,non
1808 5568 1987 5629 potest

325 5640 582 5710 separari
612 5656 743 5696 vera
774 5644 1124 5715 praedicatio,
1160 5652 1217 5699 ut
1275 5645 1569 5715 sigillatim
1629 5648 1870 5705 dicatur.
1928 5650 1985 5706 Si

2095 4673 2295 4738 quatur
2325 4663 2740 4729 contradictio;
2776 4677 2875 4716 cur
2905 4668 3094 4715 autem
3154 4660 3259 4714 hoc
3319 4654 3560 4721 eveniat,
3613 4651 3741 4706 talis

2098 4756 2238 4811 ratio
2253 4754 2442 4810 est.De
2463 4754 2704 4807 Homero
2726 4751 2881 4806 enim
2909 4756 3127 4819 poetam
3151 4748 3377 4817 quidem
3403 4744 3484 4815 pri
3499 4740 3740 4810 ocipali—

2097 4854 2179 4901 ter
2211 4844 2606 4917 praedicamus,
2640 4857 2769 4897 cum
2809 4839 3092 4894 dicimus:
3126 4841 3410 4891 Homerus
3442 4840 3605 4903 poeta
3635 4833 3740 4885 est.

2096 4935 2195 4989 Est
2222 4942 2409 4989 autem
2444 4932 2674 4987 verbum
2736 4930 2805 4985 de
2863 4936 3025 4998 poeta
3087 4928 3317 4997 quidem
3371 4922 3745 4993 praedicamus

2095 5023 2507 5094 principaliter,
2536 5022 2606 5074 de
2628 5024 2874 5074 Homero
2909 5026 3096 5072 autem
3126 5014 3376 5069 secundo
3411 5013 3555 5066 loco.
3616 5008 3743 5062 Non

2096 5114 2248 5169 enim
2283 5113 2496 5168 idcirco
2532 5110 2910 5180 praedicamus
2942 5122 3083 5175 esse,
3113 5108 3242 5173 quia
3303 5103 3577 5158 Homerus
3638 5103 3741 5165 est,

2095 5203 2191 5257 sed
2213 5202 2341 5272 quia
2367 5196 3100 5270 poetaest.Suhlatoigitur
3144 5210 3209 5249 eo
3252 5192 3398 5263 quod
3450 5186 3735 5258 principa-

2093 5292 2226 5347 liter
2251 5292 2609 5362 praadicatur,
2635 5288 2688 5342 id
2724 5295 2803 5342 est
2839 5296 3021 5357 poeta,
3058 5284 3187 5338 licet
3250 5281 3463 5337 nullam
3522 5284 3742 5332 contra-

2095 5382 2402 5438 dictionem
2439 5379 2634 5434 habeat
2669 5387 2771 5442 est,
2802 5376 2946 5445 quod
3009 5374 3226 5443 adjacet
3286 5380 3483 5441 poetae,
3542 5368 3740 5420 contra

2095 5480 2343 5542 poetam,
2368 5485 2482 5525 non
2509 5469 2567 5522 ﬁt
2592 5484 2716 5522 vera
2744 5463 3088 5535 praedicatio,
3133 5460 3409 5516 dicendo:
3470 5460 3743 5509 Homerus

2095 5574 2201 5619 εει.
2236 5560 2565 5617 Secundum
2597 5559 2867 5613 accidens
2899 5555 3050 5607 enim
3087 5555 3170 5605 est
3210 5550 3559 5619 przedieatur,
3624 5556 3739 5595 non

2095 5646 2753 5725 principaliter.Sublata
2773 5653 2959 5701 autem
2987 5638 3293 5713 principali
3316 5629 3738 5708 praedicatione.
