4106 6172
411 352 517 408 579

1689 351 1804 403 AN.
1845 348 2065 402 MANL.
2104 348 2262 402 BEV.
2304 349 2541 404 ΒΟΕΤΙΙ

3696 355 3789 411 580

414 481 558 550 quod
589 479 905 537 secundum
937 477 1203 534 accidens
1232 473 1665 545 praedicabatur,
1689 473 1895 530 falsum
1916 488 2061 531 con—
2088 473 2143 540 Α
2175 489 2243 528 ne
2283 489 2784 531 ENUNTIATIONIBUS
2820 492 3100 532 MODOBUH
3140 491 3456 545 Posstatua,
3525 495 3790 538 COTINGEN-

415 571 577 626 tinuo
608 570 916 640 reperitur;
955 568 1094 636 quod
1128 570 1320 621 autem
1351 565 1610 620 addidit:

492 662 669 728 Quare
698 662 756 712 in.
788 659 1197 729 quibuscunque
1225 655 1542 725 prwtlicatis
1570 654 1932 709 contrarietas
1952 670 2060 710 non

419 748 584 817 inest,
615 752 663 803 si
691 749 1054 817 di/ﬁnitiones
1084 763 1180 816 pro
1212 747 1532 800 nominibus
1563 743 1843 810 dicantur,
1876 747 1928 796 et
1981 757 2063 797 sc-

411 838 653 892 cnndum
684 854 738 891 se
767 837 1130 906 prwdicutnr,
1163 844 1218 889 et
1246 852 1354 890 non
1389 834 1687 890 secundum
1715 831 2055 895 accidens,in

411 927 495 980 his
525 926 746 996 aliquid
776 936 827 980 et
857 926 1186 993 simpliciter
1241 941 1425 979 verum
1483 923 1596 978 erit
1650 922 1853 977 dicere.
1907 921 2057 989 Quod

409 1025 592 1070 autem
621 1031 728 1069 non
761 1026 859 1081 est,
893 1018 1152 1084 quoniam
1186 1013 1468 1085 opinabile
1498 1017 1594 1080 est,
1627 1027 1734 1067 non
1767 1019 1845 1066 est
1872 1027 2056 1065 verum

407 1106 584 1160 dicere
615 1121 730 1159 esse
763 1105 1009 1175 aliquid;
1043 1105 1290 1175 Opinatio
1319 1104 1439 1172 eius
1470 1112 1572 1170 est,
1632 1118 1741 1157 non
1799 1102 2062 1171 quoniam

407 1199 508 1254 est,
541 1194 640 1248 sed
669 1194 929 1264 quoniam
966 1210 1102 1249 non.

480 1284 558 1338 Ea
573 1284 1034 1352 quaesupradixit
1052 1300 1160 1337 una
1177 1285 1392 1337 ratione
1407 1281 1870 1353 colligitdicens:
1893 1280 2058 1344 Quaa-

409 1389 638 1442 cunque
663 1389 728 1428 eo
751 1374 918 1427 modo
943 1374 1425 1442 praedicantur,ut
1443 1388 1627 1442 neque
1649 1372 1705 1426 in
1727 1369 2061 1425 nominibus

409 1477 595 1532 neque
613 1463 672 1517 in
690 1461 1138 1516 difﬁnilionibus
1162 1462 1408 1533 prepriis
1431 1461 1679 1530 aliquam
1711 1468 1901 1514 tenent
1922 1474 2058 1513 con-

411 1551 916 1616 trarietatem,ba2c
966 1560 1021 1607 et
1067 1559 1226 1606 extra
1276 1550 1726 1620 simpliciterque
1755 1549 2059 1617 przrdicata

410 1657 536 1695 vera
555 1650 682 1695 sunt
700 1649 774 1708 ,ut
804 1641 861 1695 in
881 1656 945 1696 eo
969 1643 1115 1710 quod
1140 1649 1223 1696 est
1246 1645 1508 1695 mortuus
1525 1647 1691 1708 atque
1711 1640 1899 1703 homo,
1937 1638 2058 1694 haec

411 1731 638 1800 quidem
652 1729 985 1784 nominibus
1001 1728 2058 1785 nulliuscontrarietatiscontradictio-

2478 582 2582 631 TIS,
2621 581 3006 632 ικροεειειιιε,
3048 584 3112 621 ΕΤ
3165 583 3500 622 NECESSARII.

2235 654 2334 708 His
2355 670 2478 710 vero
2502 654 2904 719 determinetis,
2926 655 3364 727 perspiciendum
3385 660 3460 712 est
3477 658 3794 727 quemadmo-

2165 744 2295 797 dum
2312 759 2428 799 esse
2449 745 2655 800 habent
2670 747 3073 814 afﬁrmationes
3093 755 3147 800 et
3165 747 3488 815 negationes
3512 748 3578 801 ad
3598 764 3652 803 se
3673 747 3796 804 invi-

2163 834 2388 898 cem,hw
2405 833 2616 889 scilicet
2639 849 2764 904 quae
2786 841 2913 890 sunt
2935 836 3000 890 de
3022 837 3272 905 possibili
3293 853 3407 890 esse
3423 842 3472 891 et
3495 853 3598 890 non
3634 838 3794 907 possi-

2166 921 2287 989 bili,
2317 923 2380 977 de
2409 925 2754 994 contingenti
2785 929 2834 979 et
2865 941 2974 980 non
3001 925 3370 994 contingenti,
3389 928 3457 980 de
3485 925 3798 995 impossibili

2163 1023 2214 1067 et
2244 1013 2573 1081 necessario,
2608 1014 2766 1068 habet
2795 1016 2947 1069 enim
2976 1016 3204 1086 aliquas
3235 1015 3619 1070 dubitationes.

2234 1103 2438 1157 Omnis
2469 1105 2756 1174 proposito
2785 1113 2877 1159 aut
2911 1105 3036 1159 sine
3070 1105 3184 1159 ullo
3244 1105 3416 1160 modo
3472 1103 3788 1173 simpliciter

2161 1194 2586 1261 pronuntiatur,
2623 1199 2682 1248 ut
2711 1193 2974 1248 Sacrates
3003 1193 3278 1262 ambulat,
3310 1194 3510 1248 utdies
3560 1201 3660 1260 est,
3713 1210 3772 1250 ve

2161 1282 2432 1352 quidquid
2449 1281 2795 1351 simpliciter
2817 1291 2870 1338 et
2889 1284 3013 1338 sine
3029 1282 3426 1354 ullaqualitate
3458 1283 3790 1352 praedicatur.

2160 1369 2302 1425 Sunt
2330 1379 2516 1427 autem
2549 1371 2679 1426 aliae
2714 1387 2836 1441 quae
2869 1387 2998 1426 cum
3024 1371 3268 1442 propriis
3309 1373 3580 1427 dicuntur
3611 1372 3794 1438 modis,

2159 1464 2220 1515 ut
2239 1465 2347 1526 est,
2374 1464 2630 1516 Socrates
2654 1460 2924 1516 velociter
2947 1460 3226 1516 ambulat.
3252 1460 3642 1516 Ambulationi
3661 1461 3796 1516 enim

2156 1550 2403 1605 Socratis
2434 1552 2638 1606 modus
2669 1559 2755 1606 est
2786 1551 3042 1615 additus,
3080 1566 3217 1605 cum
3243 1551 3492 1605 dicimus
3513 1565 3635 1605 eum
3660 1551 3795 1607 velo-

2156 1640 2296 1694 citer
2316 1639 2632 1704 ambulare,
2656 1641 2942 1710 quomodo
2961 1641 3115 1695 enim
3137 1639 3718 1709 ambulat,,signiﬁcat
3734 1641 3794 1694 ad

2157 1731 2305 1799 quod
2357 1731 2427 1785 de
2482 1731 2879 1785 ambulatione
2937 1731 3059 1800 ejus
3089 1727 3365 1784 velociter
3423 1731 3798 1800 praedicamus.

414 1819 572 1874 nisve
593 1827 743 1874 sunt.
771 1819 876 1871 Sed
903 1819 947 1872 si
975 1819 1172 1873 horum
1192 1835 1290 1888 pro
1326 1818 1658 1873 nominibus
1683 1817 2056 1872 dilﬁuitiones
2089 1829 2135 1893 B
2168 1817 2442 1873 Similiter
2473 1827 2661 1873 autem
2697 1819 2742 1872 si
2780 1818 2908 1887 quis
2937 1820 3114 1882 dicat,
3145 1822 3410 1873 Socrates
3442 1818 3584 1874 bene
3627 1821 3802 1874 doctus

413 1916 729 1971 sumantur,
754 1923 878 1961 mox
897 1909 1264 1962 contrarietas
1285 1907 1662 1978 oppositionis
1708 1907 2054 1975 agnoscitur.

410 1997 467 2051 Si
487 1998 610 2066 quis
631 2000 786 2052 enim
811 1997 1056 2050 hominis
1078 1996 1481 2051 diltinitionem
1506 1995 1744 2064 dederit,
1769 1995 1906 2048 dicit
1937 2011 2060 2050 esse

409 2085 939 2141 animalralionale.
966 2087 1024 2140 Si
1071 2086 1201 2155 quis
1254 2085 1481 2152 mortui,
1515 2086 1663 2140 dicet
1693 2100 1821 2140 esse
1853 2099 2057 2152 corpus

410 2176 815 2244 vitaprivatum
840 2174 1440 2245 atqueinanimatum,
1488 2179 1658 2243 atque
1701 2189 1768 2228 ex
1807 2174 1909 2229 hoc
1946 2177 2060 2229 tota

408 2265 492 2319 vis
523 2263 992 2319 contradictionis
1022 2270 1275 2333 apparet.
1335 2263 1610 2326 Quocirca
1669 2263 1716 2316 si
1759 2271 2060 2318 sumantur

409 2353 784 2408 diftinitioncs
810 2369 906 2423 pro
936 2352 1286 2419 nominibus,
1311 2357 1367 2407 et
1388 2352 1444 2408 in
1470 2352 1558 2406 his
1606 2351 1796 2422 aliqua
1827 2357 2058 2406 contra-

411 2443 625 2496 rietatis
657 2442 844 2496 inesse
874 2441 1182 2511 videbitur,
1213 2441 1296 2496 vel
1325 2442 1368 2495 si
1427 2442 1739 2496 secundum
1796 2440 2060 2495 accidens

407 2532 621 2602 aliquid
651 2531 1005 2600 praedicetur,
1033 2539 1194 2585 utest
1219 2532 1286 2585 de
1310 2531 1573 2594 Homero,
1616 2545 1746 2585 cum
1798 2529 1867 2585 de
1902 2539 2059 2599 poeta

413 2620 802 2690 principaliter
826 2622 1295 2690 praedicetur-mon
1320 2619 1772 2690 praedicabuntur
1793 2620 2061 2688 simplici-

411 2718 494 2763 ter
517 2727 646 2764 vere
667 2727 1019 2780 quazcunque
1041 2710 1349 2778 composita
1375 2709 1846 2779 praedicabantur.
1899 2710 2053 2773 Quod

405 2801 451 2855 si
476 2817 658 2871 neque
680 2801 1046 2856 contrarietas
1069 2799 1187 2854 ulla
1210 2799 1299 2865 sit,
1321 2807 1372 2853 et
1429 2815 1524 2868 per
1568 2816 1627 2853 se
1680 2800 2057 2868 praedicenlur

406 2897 452 2944 et
484 2906 595 2944 non
623 2906 718 2958 per
737 2891 1028 2955 accidens,
1052 2889 1325 2959 quidquid
1377 2890 1690 2959 composite
1735 2905 1861 2943 vere
1916 2888 2056 2943 dici-

403 2985 512 3045 tur,
546 2979 652 3034 hoc
685 2985 743 3034 et
768 2981 1110 3049 simpliciter
1161 2995 1288 3034 vere
1346 2979 1710 3049 praedicatur.
1773 2977 2056 3042 Quoniam

403 3079 588 3124 autem
616 3069 842 3124 fuerunt
866 3070 1090 3138 quidam
1115 3070 1207 3138 qui
1229 3069 1332 3123 hoc
1391 3070 1574 3138 ipsum
1621 3068 1767 3137 quod
1799 3084 1914 3121 non
1948 3074 2053 3132 est,

404 3175 526 3215 esse
541 3159 820 3220 dicerent,
844 3161 1024 3212 totum
1042 3157 1437 3226 syllogismum
1458 3157 1541 3210 his
1567 3156 2046 3226 propositionibus

403 3248 832 3316 cot‘tjungenles.
864 3248 1019 3310 Quod
1054 3263 1169 3301 non
1202 3255 1306 3314 est,
1365 3245 1652 3314 opinabile
1708 3253 1834 3312 est;
1895 3245 2043 3316 quod

403 3325 588 3390 autem
623 3334 909 3404 Opinabile
943 3342 1047 3401 est,
1080 3343 1200 3402 est;
1233 3334 1403 3403 igitur
1437 3340 1526 3389 est
1585 3335 1732 3402 quod
1791 3350 1908 3390 non
1941 3342 2044 3389 est.

404 3425 520 3479 Hoc
553 3440 682 3492 ergo
733 3425 890 3491 dicit,
945 3426 994 3479 si
1051 3441 1252 3479 verum
1313 3432 1398 3479 est
1455 3425 1786 3494 praedicare,
1840 3426 2044 3493 inquit,

402 3516 471 3568 de
503 3527 567 3567 eo
598 3513 744 3582 quod
779 3529 893 3567 non
946 3521 1052 3581 est,
1112 3513 1388 3581 quoniam
1445 3511 1735 3581 epinabile
1793 3517 1903 3575 est,
1965 3518 2047 3566 est

403 3603 626 3671 quidem
659 3603 895 3656 verbum
951 3604 1020 3658 de
1080 3601 1357 3670 epinabili
1417 3602 1812 3670 praedicamus,
1859 3601 1928 3655 de
1981 3615 2046 3655 eo

403 3701 590 3746 autem
625 3694 767 3761 quod
809 3709 919 3746 non
953 3696 1057 3757 est,
1091 3693 1404 3746 secundum
1438 3691 1724 3746 accidens.
1764 3690 2042 3751 Quoniam

403 3781 552 3835 enim
588 3782 735 3849 quod
775 3797 886 3834 non
919 3788 1024 3847 est,
1059 3783 1373 3834 secundum
1414 3780 1699 3835 accidens.
1761 3779 2040 3842 Quoniam

403 3869 554 3925 enim
590 3871 736 3938 quod
771 3885 882 3923 non
915 3878 994 3923 est
1017 3869 1304 3937 opinabile
1358 3876 1460 3935 est,
1522 3869 1732 3923 idcirco
1794 3868 2044 3922 secundo

405 3960 531 4014 loco
562 3959 632 4012 de
665 3974 730 4014 eo
762 3962 909 4029 quod
948 3975 1060 4013 non
1093 3969 1194 4028 est,
1231 3958 1466 4013 verbum
1521 3967 1600 4012 est
1646 3957 2038 4027 praedicamus.

405 4051 586 4114 Quare
619 4065 730 4102 non
765 4064 1063 4118 possumus
1093 4047 1428 4116 simpliciter
1486 4047 1673 4101 dicere
1729 4062 1848 4102 esse
1896 4046 2041 4115 quod

403 4154 517 4192 non
549 4145 656 4191 est.
689 4136 905 4192 Idcirco
936 4139 1089 4190 enim
1132 4136 1421 4205 opinabile
1453 4143 1555 4198 est,
1590 4136 1721 4205 quia
1769 4152 1882 4189 non
1939 4141 2042 4188 est.

405 4225 613 4280 Sctbile
644 4229 796 4280 enim
831 4236 995 4289 esset,
1031 4226 1075 4279 si
1114 4242 1210 4290 per
1240 4240 1299 4278 se
1329 4231 1495 4289 esset,
1559 4240 1675 4278 non
1735 4223 2044 4292 opinabile,

405 4317 548 4370 sicut
573 4315 845 4371 Homerus
869 4316 1084 4370 idcirco
1116 4330 1238 4369 esse
1267 4313 1496 4380 dicitur,
1531 4314 1661 4382 quia
1720 4321 1880 4381 poeta
1937 4321 2044 4380 est,

403 4420 520 4459 non
541 4403 668 4472 quia
695 4421 790 4472 per
811 4422 868 4458 se
890 4409 998 4458 est.
1026 4403 1117 4458 Vel
1148 4413 1296 4458 certe
1318 4403 1530 4458 idcirco
1575 4402 1782 4457 dicitur
1842 4402 2044 4458 Home-

405 4510 504 4548 rus
533 4509 654 4547 esse
679 4498 861 4562 poeta,
894 4493 1023 4562 quia
1058 4494 1240 4562 poesis
1272 4493 1451 4561 ipsius
1481 4495 1658 4546 exstat
1718 4496 1774 4547 et
1833 4508 2044 4560 perma-

407 4591 522 4648 net,
559 4585 702 4636 sicut
759 4583 981 4651 aliquos
1033 4580 1090 4634 in
1155 4581 1286 4635 liliis
1344 4598 1490 4650 saepe
1540 4581 1724 4637 vivere
1777 4581 2041 4636 dicimus.

405 4672 677 4735 Quocirca
707 4673 759 4725 id
794 4671 940 4738 quod
975 4687 1088 4724 non
1121 4679 1223 4735 est,
1257 4670 1470 4723 idcirco
1503 4687 1629 4725 esse
1657 4669 1864 4725 dicitur
1922 4670 2043 4738 opi-

405 4761 617 4824 nabilc,
641 4762 909 4831 quoniam
935 4761 1111 4827 ipsius
1135 4767 1215 4813 est
1239 4761 1509 4827 opinatio.
1545 4760 1667 4814 Non
1692 4768 1883 4815 autem
1909 4776 2045 4827 quo-

403 4853 557 4906 niam
590 4852 641 4904 id
674 4853 817 4919 quod
855 4867 966 4904 non
1001 4859 1104 4916 est,
1142 4865 1239 4917 per
1273 4866 1333 4903 se
1391 4848 1601 4918 aliquid
1662 4864 1784 4904 esse
1842 4853 2043 4918 potest.

403 4939 501 4993 His
530 4939 704 5008 igitur
735 4948 866 4993 ante
901 4938 1213 5008 perstrielis
1246 4946 1415 5007 atque
1471 4937 1673 4992 ordine
1729 4938 2046 4991 terminatis

404 5031 469 5082 ad
503 5029 943 5098 propositionem
981 5030 1174 5082 modos
1207 5044 1319 5082 rem
1357 5027 1413 5082 in
1447 5028 1742 5082 dialectica
1805 5027 2047 5082 utilissi-

403 5135 536 5172 nam
571 5121 638 5171 de
673 5118 1157 5188 propositionibus
1219 5125 1514 5170 tractatum
1571 5117 2046 5183 disputationem—

402 5223 508 5275 que
539 5208 836 5261 convertit.
875 5211 1063 5260 Restat
1100 5221 1251 5258 nunc
1283 5205 1352 5258 de
1389 5207 1835 5272 prepositionum
1865 5207 2047 5260 modis

399 5298 935 5365 appositionumque
969 5296 1263 5348 disserere.
1309 5294 1503 5347 Multis
1536 5295 1689 5349 enim
1725 5295 2042 5348 dubitatum

403 5391 488 5439 est
521 5386 835 5439 rationibus
865 5403 934 5438 an
969 5384 1117 5438 idem
1153 5383 1354 5436 modus
1385 5393 1528 5436 esset
1586 5383 2042 5454 propositionum

403 5475 526 5530 sine
561 5477 724 5528 modo
760 5475 1195 5543 prepositarum,
1226 5475 1318 5541 qui
1353 5471 1581 5527 illarum
1643 5489 1863 5542 quoque
1923 5490 2044 5542 quae

401 5565 645 5635 prOpriis
680 5565 861 5619 modis
890 5573 940 5616 et
975 5563 1347 5632 qualitatibus
1380 5563 1783 5634 terminantur,
1812 5563 2048 5620 inchoat

401 5662 590 5712 autem
624 5655 695 5710 de
727 5655 814 5710 his
845 5653 1011 5709 rebus
1042 5652 1462 5709 dubitationem
1493 5653 1597 5708 sic.

2168 1914 2270 1974 est,
2295 1907 2782 1974 quemadmodum
2817 1906 2891 1960 sit
2922 1908 3126 1962 doctus
3181 1907 3459 1974 ostendit,
3506 1923 3606 1963 nec
3635 1908 3802 1962 solum

2167 1997 2368 2050 doctus
2391 1995 2554 2060 dixit,
2589 1997 2684 2050 sed
2717 1997 2949 2050 modum
2986 2011 3209 2064 quoque
3239 1996 3516 2051 doctrinae
3571 1997 3804 2050 Socratis

2166 2087 2444 2155 adjunxit.
2476 2087 2583 2141 Sed
2618 2085 2890 2155 quoniam
2925 2093 3058 2140 sunt
3091 2087 3241 2140 modi
3277 2085 3376 2140 alii
3411 2102 3510 2157 per
3540 2103 3677 2157 quos
3708 2085 3799 2140 ali-

2167 2175 2300 2246 quid
2336 2175 2457 2230 ﬁeri
2488 2191 2654 2246 posse
2684 2175 2952 2242 dicimus,
2984 2174 3202 2245 aliquid
3237 2191 3354 2230 non
3395 2191 3573 2243 posse,
3603 2174 3795 2245 aliquid

2167 2281 2403 2320 necesse
2437 2281 2581 2334 esse,
2615 2263 2832 2335 aliquid
2895 2265 3248 2333 contingere,
3308 2265 3581 2334 quaeritur
3637 2266 3686 2318 in
3721 2261 3799 2317 his

2168 2370 2389 2426 quoque
2421 2353 2904 2422 quemadmodum
2937 2353 3066 2407 ﬁeri
3101 2353 3572 2409 contradictionis
3625 2353 3804 2424 debeat

2165 2445 2481 2513 Oppositio;
2508 2444 2566 2498 in
2589 2443 2676 2497 bis
2697 2443 2850 2498 enim
2884 2443 3378 2513 propositionibus
3401 2460 3520 2511 qua:
3543 2440 3803 2511 simplici-

2164 2537 2330 2588 teret
2384 2533 2508 2587 sine
2569 2532 2684 2586 ullo
2743 2531 2912 2587 modo
2972 2532 3385 2600 praedicantur,
3446 2531 3609 2585 facile
3659 2529 3802 2584 locus

2163 2623 2634 2679 contradictionis
2654 2623 3002 2691 agnoscitur.
3027 2621 3210 2690 Hujus
3233 2622 3393 2676 enim
3411 2620 3796 2676 allirmationis

2163 2730 2284 2784 quae
2315 2720 2420 2778 est,
2453 2715 2712 2767 Socrates
2743 2711 3015 2778 ambulat,
3080 2711 3305 2779 negatio
3370 2713 3419 2766 si
3481 2715 3545 2764 ad
3581 2709 3796 2764 verbum

2165 2814 2431 2872 ponatur,
2465 2809 2522 2854 ut
2553 2806 2658 2863 est,
2691 2805 2949 2856 Socrates
2981 2815 3098 2855 non
3153 2799 3437 2868 ambulat,
3499 2800 3796 2855 rectissime

2161 2891 2518 2960 Oppositione
2577 2890 2720 2944 facta
2776 2889 3070 2944 ambulare
3126 2907 3159 2944 ε
3216 2890 3454 2944 Socrate
3510 2889 3792 2957 disjunxil.

2163 2982 2377 3035 Rursus
2402 2979 2569 3049 hujus
2593 2979 3001 3049 propositionis
3023 2994 3147 3048 quae
3169 2986 3272 3043 est,
3317 2979 3580 3034 Socrates
3623 2978 3790 3048 philo-

2161 3071 2375 3139 SOphus
2398 3076 2500 3134 est,
2525 3069 2571 3122 si
2596 3069 2722 3139 quis
2743 3070 2808 3122 ad
2836 3075 2916 3122 est
2950 3067 3181 3122 verbum
3211 3070 3573 3136 negationem
3609 3070 3782 3136 ponat,

2159 3159 2433 3228 integram
2469 3160 2629 3215 faciet
2663 3158 3023 3226 negationem
3055 3158 3252 3212 dicens
3283 3175 3295 3212 :
3327 3162 3587 3214 Socrates
3613 3157 3782 3226 philo-

2159 3249 2371 3317 SOpbus
2391 3264 2503 3304 non
2528 3255 2632 3312 est,
2660 3263 2844 3316 neque
2865 3247 3015 3300 enirn
3045 3245 3162 3301 ﬁeri
3209 3255 3394 3316 potest
3446 3255 3502 3302 ut
3550 3248 3616 3302 ad
3646 3244 3780 3299 aliud

2155 3338 2214 3391 in
2243 3336 2602 3406 simplicibus
2623 3335 3104 3390 aftirmationibus
3128 3336 3354 3404 negatio
3400 3343 3655 3405 ponatur,
3689 3332 3784 3388 nisi

2155 3428 2220 3480 ad
2246 3426 2300 3480 id
2325 3427 2556 3480 verbum
2583 3426 2729 3495 quod
2755 3424 2925 3479 totius
2949 3424 3063 3478 vim
3090 3425 3346 3480 continet
3377 3422 3782 3496 propositionis.

2155 3516 2368 3586 Siquis
2395 3515 2548 3569 enim
2596 3514 2656 3568 in
2712 3512 2819 3568 hac
2879 3513 3262 3582 pmpositione
3316 3529 3442 3583 quae
3482 3523 3582 3580 est,
3633 3513 3782 3567 homo

2155 3606 2319 3660 albus
2347 3613 2452 3671 est,
2487 3620 2601 3659 non
2634 3603 2785 3657 dicat
2813 3602 2931 3656 ﬁeri
2966 3602 3322 3669 negationem
3354 3619 3479 3658 eam
3536 3618 3655 3672 qua:
3706 3607 3782 3655 est

2157 3697 2324 3750 homo
2348 3697 2511 3749 albus
2532 3710 2644 3749 non
2664 3701 2766 3760 est,
2792 3693 2889 3747 sed
2918 3693 3106 3762 potius
3130 3693 3299 3747 homo
3326 3709 3444 3748 non
3497 3695 3654 3748 albus
3683 3699 3778 3756 est,

2156 3786 2260 3840 hoc
2278 3785 2446 3839 modo
2463 3783 2662 3837 falsum
2683 3782 3002 3837 ostenditur
3022 3783 3502 3854 propositutn,per
3528 3782 3773 3851 lapidem.

2155 3878 2534 3939 Interrogetur
2557 3873 2708 3927 enim
2729 3873 2798 3928 de
2819 3889 2884 3927 eo
2907 3889 2978 3926 an
3006 3873 3146 3940 lapis
3170 3873 3269 3926 ille
3295 3873 3466 3928 homo
3494 3873 3650 3927 albus
3696 3870 3774 3935 sit,

2156 3973 2211 4019 ut
2236 3962 2392 4018 siille
2437 3961 2722 4030 negaverit
2764 3976 2982 4030 ponens
3007 3962 3365 4025 negationem
3393 3964 3514 4032 ejus
3537 3978 3652 4032 qum
3682 3965 3776 4022 est,

2157 4055 2324 4108 homo
2345 4051 2507 4106 albus
2525 4059 2627 4114 est,
2660 4066 2783 4105 eam
2807 4067 2927 4120 quae
2955 4049 3112 4118 dicit,
3142 4049 3311 4104 homo
3336 4067 3453 4106 non
3497 4052 3651 4104 albus
3677 4051 3769 4109 est,

2154 4142 2375 4196 dicatur
2399 4141 2478 4206 ei;
2503 4141 2551 4193 si
2578 4154 2690 4193 non
2709 4147 2791 4193 est
2835 4141 2904 4193 de
2952 4138 3054 4193 hoc
3103 4139 3287 4207 lapide
3311 4156 3440 4195 vera
3470 4137 3771 4201 afﬁrmatio,

2155 4247 2276 4300 quae
2309 4228 2445 4284 dicit
2479 4229 2647 4283 homo
2680 4227 2842 4282 albus
2874 4237 2974 4294 est,
3013 4243 3143 4282 vera
3173 4229 3282 4282 erit
3311 4230 3381 4284 de
3428 4245 3491 4284 eo
3550 4223 3772 4294 negatio,

2155 4319 2370 4376 scilicet
2392 4335 2456 4372 ea
2480 4333 2601 4386 quae
2625 4317 2780 4379 dicit,
2809 4317 2977 4372 homo
3030 4334 3141 4371 non
3188 4317 3354 4371 albus
3391 4329 3522 4378 est;
3551 4317 3643 4370 sed
3672 4314 3778 4367 haec

2155 4424 2376 4478 quoque
2408 4405 2542 4460 falsa
2577 4413 2680 4460 est.
2714 4404 2964 4460 Omnino
2989 4407 3141 4459 enim
3179 4405 3324 4474 lapis
3358 4406 3528 4461 homo
3553 4419 3658 4460 non
3689 4407 3776 4468 est,

2157 4504 2326 4566 atque
2356 4497 2482 4550 ideo
2505 4496 2574 4548 de
2604 4511 2670 4548 eo
2701 4511 2814 4547 non
2851 4495 3050 4564 poterit
3084 4496 3375 4563 pitedicari
3409 4509 3666 4564 quoniam
3690 4491 3776 4545 bo-

2158 4603 2247 4641 mo
2275 4601 2388 4639 non
2418 4583 2582 4637 albus
2611 4588 2715 4638 est.
2751 4583 2910 4646 Quod
2945 4583 2992 4636 si
3029 4599 3210 4652 neque
3255 4583 3556 4638 afﬁrmatio
3616 4591 3776 4648 neque

2157 4673 2380 4744 negatio
2402 4675 2471 4727 de
2493 4689 2558 4726 eo
2585 4688 2711 4726 vera
2736 4677 2838 4736 est,
2874 4672 2979 4726 hoc
3001 4681 3189 4727 autem
3215 4673 3567 4744 impossibile
3599 4679 3695 4735 est,
3725 4673 3775 4719 ut

2155 4762 2602 4820 contradictoria
2625 4761 3040 4815 atlirmationes
3061 4770 3111 4815 et
3139 4763 3499 4828 negationem
3522 4763 3585 4814 de
3598 4759 3770 4813 eodem

2156 4853 2473 4923 [medicatae
2498 4859 2744 4921 utraeque
2763 4851 2915 4905 falsae
2936 4852 3070 4905 sint.
3097 4854 3324 4907 Constat
3369 4855 3490 4921 ejus
3537 4849 3770 4904 afﬁrma-

2155 4941 2327 4997 tionis
2350 4958 2470 5011 quae
2493 4941 2653 4998 dicit.
2683 4941 2849 4994 homo
2872 4940 3035 4994 albus
3057 4945 3161 5006 est,
3187 4957 3299 4996 non
3326 4957 3448 4996 esse
3498 4939 3646 4992 illam
3693 4948 3774 4988 ne-

2155 5033 2437 5100 gationem
2462 5045 2587 5098 quae
2613 5029 2768 5092 dicit,
2797 5029 2966 5084 homo
2988 5046 3099 5084 non
3138 5031 3302 5083 albus
3345 5039 3448 5094 est,
3478 5029 3568 5082 sed
3605 5024 3769 5094 potius

2159 5137 2284 5176 eam
2309 5136 2403 5185 per
2423 5134 2592 5188 quam
2617 5118 2950 5186 proponitur
2972 5118 3238 5187 quoniam
3274 5118 3439 5172 homo
3488 5117 3644 5170 albus
3673 5123 3775 5165 non

2156 5219 2260 5266 est.
2285 5214 2570 5276 Nusquam
2595 5208 2767 5277 igitur
2793 5208 2926 5263 alibi
2953 5213 3218 5278 ponenda
3239 5216 3327 5265 est
3350 5210 3568 5279 negatio
3612 5207 3664 5259 in
3698 5199 3777 5254 his

2156 5317 2276 5371 quae
2303 5297 2642 5366 simpliciter
2666 5309 2714 5352 et
2739 5297 2865 5352 sine
2909 5300 3079 5354 modo
3120 5300 3309 5366 aliquo
3355 5305 3648 5366 ponentur,
3679 5288 3779 5346 nisi

2155 5391 2220 5443 ad
2254 5390 2489 5442 verbum
2523 5387 2666 5453 quod
2705 5395 2869 5440 lotan.
2899 5391 3155 5442 continet
3212 5385 3661 5457 propositionem,
3710 5379 3772 5432 de

2158 5480 2244 5534 his
2264 5488 2450 5531 autem
2475 5477 3006 5540 suilicientersuttra
3029 5475 3146 5545 jam
3173 5479 3436 5532 diximus.
3465 5477 3522 5529 In
3569 5473 3653 5527 his
3681 5482 3774 5524 au-

2161 5579 2266 5626 tem
2287 5565 2344 5620 in
2365 5564 2573 5635 quibus
2596 5567 2800 5620 modus
2819 5565 3026 5635 aliquis
3047 5573 3375 5636 apponitur,
3409 5562 3677 5618 dubitatio
3705 5562 3776 5612 est

2155 5675 2229 5713 an
2250 5657 2320 5713 ad
2344 5655 2576 5712 modum
2598 5653 2761 5710 illum
2792 5665 3040 5725 ponatur
3083 5659 3346 5726 negativa
3401 5652 3692 5724 particula,
3713 5660 3777 5699 an
