4072 6182
428 314 534 370 583

1707 313 1828 365 ΔΝ.
1868 310 2093 365 MANL.
2132 312 2293 366 88V.
2332 314 2569 373 ΒΟΕΤΙΙ

3702 325 3794 383 581i

432 439 584 503 ﬂeet,
636 436 753 492 sola
803 441 1025 491 tantum
1073 436 1387 508 opponitur
1436 435 1684 505 negatio,
1731 432 1891 490 nulla
1948 448 2079 490 vero

2208 450 2243 500 at
2277 443 2650 515 possibilitas,
2682 447 2775 502 sed
2811 462 2993 517 neque
3023 463 3147 504 esse
3178 462 3361 518 neque
3390 448 3640 519 possibile
3691 467 3797 509 esse

436 529 672 598 privatio
705 528 1018 596 reperitur;
1056 534 1115 581 ut
1144 527 1206 580 in
1239 541 1304 580 eo
1337 527 1483 596 quod
1517 534 1602 581 est
1632 525 1993 593 contingens,
2031 522 2080 577 si

437 618 542 672 hoc
575 620 849 686 perimere
882 616 1164 681 volumus,
1198 617 1447 670 dicimus
1479 630 1593 669 non
1630 615 1995 683 contingens,
2027 619 2083 667 et

439 706 557 761 hac
582 706 803 773 negatio
825 713 927 758 est.
956 706 1365 772 Inconlingens
1407 708 1597 758 autem
1641 703 1834 757 nullus
1877 701 2085 757 dixerit

433 797 579 865 quod
603 802 684 847 est
707 795 959 862 privatio.
986 798 1122 847 Cum
1149 810 1279 862 ergo
1328 793 1672 862 contingens
1719 807 1842 847 esse
1864 798 1919 845 et
1951 806 2081 861 pos-

434 884 600 939 sibile
621 899 742 937 esse
766 884 916 937 idem
942 882 1286 947 signiﬁcent,
1315 882 1498 936 multa
1525 882 1584 936 in
1643 880 1730 935 bis
1785 882 2086 935 diversitas

439 982 521 1027 est
552 974 861 1026 secundum
899 970 1273 1039 Porphyrium
1310 987 1434 1038 quze
1461 976 1596 1025 sunt
1655 969 1975 1025 necessaria
2032 974 2088 1022 et

436 1061 626 1116 inesse
651 1069 866 1115 tantum
893 1060 1357 1127 signiticantia,et
1384 1060 1776 1128 contingentia
1798 1059 1882 1112 vel
1907 1056 2087 1127 possi-

442 1149 776 1215 bilia.Quod
810 1150 963 1203 enim
1013 1164 1136 1204 esse
1186 1148 1401 1218 aliquid
1453 1147 1686 1212 dicitur,
1720 1149 1789 1202 de
1817 1145 2091 1217 praesenti

440 1240 1018 1309 temporejudicatur.
1039 1238 1095 1291 Si
1121 1240 1248 1308 quis
1270 1238 1424 1292 enim
1452 1253 1606 1292 nunc
1626 1237 1798 1292 alicui
1847 1243 1950 1305 est,
1983 1234 2091 1290 hoc

442 1344 565 1383 esse
588 1329 944 1397 praedicatur.
972 1328 1128 1391 Quod
1152 1342 1284 1380 vero
1303 1326 1376 1379 ita
1400 1325 1567 1392 inest,
1595 1333 1651 1379 ut
1674 1340 1901 1396 semper
1935 1324 2009 1378 sit
2039 1330 2093 1378 et

440 1432 737 1487 nunquam
767 1424 1042 1483 mutetur,
1067 1414 1207 1469 illud
1236 1430 1465 1470 necesse
1487 1429 1613 1469 esse
1635 1412 2092 1479 dicitur,utsolis

440 1516 650 1572 motus,
686 1505 949 1574 lunaeque
973 1520 1101 1560 cum
1150 1509 1300 1559 terra
1348 1503 1596 1568 obsistit,
1629 1504 1897 1558 defectus.
1959 1508 2092 1568 Quae

441 1604 636 1650 autem
661 1596 989 1661 contingere
1007 1594 1277 1648 dicuntur
1304 1593 1385 1647 vel
1412 1592 1829 1662 possibiliesse,
1862 1591 2095 1646 illorum

442 1700 626 1753 neque
648 1687 960 1737 secundum
986 1698 1256 1752 praesens,
1282 1697 1468 1752 neque
1485 1683 1796 1737 secundum
1848 1679 2096 1749 aliquam

2191 534 2500 589 necessitas
2533 534 2647 590 ulla
2677 538 3069 607 consequitur.
3105 538 3318 592 Rursus
3346 553 3514 594 omne
3556 557 3667 596 esse
3710 558 3793 596 se-

2191 626 2381 694 quitur
2403 643 2564 696 posse
2586 644 2707 683 esse
2728 646 2741 695 ;
2764 629 2908 699 quod
2932 630 3084 683 enim
3110 636 3193 684 est
3215 638 3264 684 et
3290 634 3466 698 potest
3487 646 3619 685 esse.
3666 631 3788 686 Nam

2193 714 2240 769 si
2271 731 2393 771 esse
2424 732 2542 772 non
2576 725 2781 787 posset,
2817 719 2939 773 sine
2972 718 3084 772 ulla
3116 719 3466 774 dubitatione
3496 736 3603 774 non
3626 729 3756 775 esset
3784 741 3797 789 ;

2196 804 2743 877 possibilemfautem
2778 823 2899 864 esse
2926 824 3039 862 non
3074 810 3438 877 consequitur
3483 824 3616 864 esse.
3668 810 3802 872 Quod

2196 897 2349 950 enim
2386 897 2655 966 possibile
2684 904 2936 964 estesse,
2973 909 3147 970 potest
3184 907 3237 955 et
3292 917 3405 955 non
3464 917 3600 965 esse,
3650 908 3703 956 ut
3730 917 3809 956 me

2199 984 2471 1055 possibile
2494 995 2570 1041 est
2600 1003 2754 1043 nunc
2775 989 3003 1058 quidem
3058 990 3383 1060 procedere,
3435 992 3525 1045 sed
3562 990 3659 1045 hoc
3688 991 3810 1045 mibi

2200 1090 2315 1129 non
2348 1079 2433 1130 est
2459 1091 2710 1132 necesse.
2745 1077 2870 1134 Non
2922 1079 3072 1135 enim
3134 1096 3290 1135 nunc
3349 1080 3607 1149 procedo,
3649 1096 3801 1150 quare

2200 1167 2476 1237 gradatim
2504 1169 2789 1223 omnisest
2841 1171 3267 1240 consequentia,
3320 1186 3548 1226 necesse
3600 1178 3645 1225 et
3676 1186 3812 1224 nam-

2202 1260 2380 1325 queet
2402 1273 2523 1311 esse
2541 1258 2801 1329 sequitur
2840 1268 2891 1313 et
2953 1259 3319 1329 possibilitas.
3355 1260 3569 1314 Rursus
3596 1275 3707 1314 esse
3734 1276 3811 1313 ea-

2202 1346 2330 1399 dem
2364 1347 2621 1417 sequitur
2656 1348 3022 1417 possibilitas,
3057 1348 3487 1418 possibilitatem
3520 1355 3693 1402 autem
3723 1361 3814 1401 nec

2203 1450 2325 1489 esse
2348 1437 2619 1504 sequitur,
2645 1452 2749 1491 nec
2771 1438 3095 1493 necessitas.
3144 1438 3347 1508 Liquet
3394 1453 3543 1506 ergo,
3576 1436 3813 1506 quoniam

2204 1524 2315 1578 duo
2338 1525 2489 1579 modi
2509 1533 2638 1580 sunt
2663 1526 3040 1595 possibilium,
3065 1542 3241 1581 unum
3267 1526 3545 1598 quodjam
3594 1526 3817 1594 sequitur

2206 1613 2628 1683 necessitatem,
2653 1616 2891 1670 alterum
2922 1618 3066 1686 quod
3093 1634 3207 1672 non
3232 1617 3488 1686 sequitur
3512 1615 3623 1684 ipsa
3645 1629 3817 1668 neces-

2208 1704 2366 1758 sitas.
2390 1702 2527 1757 Nam
2554 1720 2681 1759 cum
2703 1705 2849 1770 dico,
2878 1720 3107 1761 necesse
3133 1714 3215 1760 est
3244 1714 3299 1759 ut
3323 1721 3479 1760 nunc
3499 1703 3575 1759 sol
3623 1718 3819 1758 movea-

442 1775 969 1829 immutabilitatem
1004 1774 1368 1843 speculamur
1398 1780 1682 1838 eventum,
1715 1772 1809 1826 sed
1874 1780 2090 1825 tantum

2208 1804 2313 1861 μιν,
2341 1790 2447 1846 hoc
2466 1793 2634 1847 etiam
2663 1794 2930 1863 possibile
2962 1802 3043 1849 est
3074 1811 3201 1851 cum
3231 1796 3381 1860 dico,
3444 1790 3695 1864 possibile
3746 1798 3818 1845 est

447 1866 782 1931 respicimus
804 1870 1082 1932 quantum
1114 1862 1498 1929 contingentis
1522 1861 1833 1930 propositio
1852 1860 2091 1929 pollice-

447 1960 557 2008 tur.
591 1955 747 2019 Quod
782 1954 933 2007 euim
971 1967 1133 2021 posse
1163 1966 1289 2004 esse
1339 1950 1420 2003 vel
1483 1951 1814 2018 contingere
1863 1949 2094 2013 dicitur,

449 2044 707 2100 nondum
742 2042 969 2110 quidem
1004 2049 1107 2105 est,
1142 2042 1235 2094 sed
1266 2054 1387 2093 esse
1422 2038 1664 2107 poterit;
1727 2037 1845 2093 sive
1902 2048 2095 2092 autem

450 2138 695 2198 evental,
729 2130 848 2185 sive
881 2147 994 2185 nou
1030 2130 1271 2195 eveniat,
1305 2130 1440 2197 quia
1472 2135 1659 2181 tamen
1719 2142 1844 2181 esse
1895 2132 2101 2196 potest,

459 2231 585 2277 cont
600 2223 859 2290 ingenset
885 2219 1172 2288 possibilis
1187 2217 1748 2286 diciturpropositio:
1794 2232 1909 2271 non
1944 2216 2100 2270 enim

455 2328 519 2366 ex
543 2318 741 2364 eventu
767 2310 1151 2377 diiudicantur
1196 2307 1634 2376 pr0positiones,
1689 2307 1784 2360 sed
1823 2305 2008 2374 potius
2037 2320 2104 2359 ex

458 2399 895 2467 signiﬁcatione,
938 2397 1049 2452 hoc
1098 2396 1289 2450 modo.
1325 2395 1379 2449 Si
1413 2395 1539 2464 quis
1571 2395 1723 2449 enim
1755 2395 1904 2447 dicat
1941 2408 2104 2463 posse

459 2504 581 2543 esse
603 2504 727 2543 cras
744 2488 1052 2552 circenses,
1075 2484 1365 2554 possibilis
1412 2491 1498 2537 est
1536 2485 1991 2551 contingensque
2019 2483 2102 2537 af-

462 2578 727 2631 firmatio.
769 2576 928 2639 Quod
974 2576 1018 2629 si
1045 2590 1167 2629 cras
1190 2575 1303 2628 sint
1325 2573 1635 2635 circenses,
1664 2588 1779 2625 non
1814 2581 2001 2626 tamen
2025 2577 2108 2625 est

457 2667 667 2736 aliquid
693 2673 819 2719 actu
847 2664 1247 2734 pr0positionis
1269 2660 1660 2731 contingentis
1683 2659 1767 2713 vel
1820 2657 2107 2727 possibilia

452 2763 862 2826 permutatum,
893 2766 949 2808 ut
982 2767 1213 2808 necesse
1256 2752 1427 2806 fuisse
1484 2751 1761 2813 videatur,
1827 2750 1973 2817 quod
2009 2745 2109 2801 illa

456 2845 802 2917 possibililer
835 2842 1222 2915 promitti-bat.
1257 2842 1411 2905 Quod
1444 2839 1488 2893 si
1554 2853 1754 2892 rursus
1821 2853 1937 2891 non
1995 2837 2109 2891 sint

455 2932 1005 2996 circenses,omnino
1030 2945 1134 2985 nec
1157 2932 1241 2985 sic
1263 2928 1475 2998 aliquid
1503 2934 1895 2995 permutatum
1921 2933 2027 2992 est,
2052 2932 2109 2979 ut

442 3038 673 3077 necesse
690 3022 858 3075 fuisse
878 3036 992 3075 non
1016 3035 1137 3073 esse
1155 3018 1441 3073 circenses
1469 3018 1743 3072 videatur.
1793 3014 1918 3069 Non
1951 3015 2109 3068 enim

439 3112 752 3181 (utdictum
778 3112 880 3179 est)
905 3110 1221 3163 secundum
1264 3116 1528 3161 eventum
1578 3106 1686 3159 ista
1735 3102 2103 3174 judicantur,

442 3202 537 3252 sed
562 3200 874 3254 secundum
896 3196 1296 3265 propositionis
1331 3200 1518 3263 potius
1544 3195 1723 3263 ipsius
1742 3196 2111 3263 promissum.

454 3288 611 3353 Quod
631 3289 784 3340 enim
810 3285 1235 3354 dicit,quisquis
1252 3285 1455 3337 dixerit
1476 3300 1599 3337 cras
1624 3297 1784 3351 posse
1814 3296 1936 3335 esse
1983 3285 2099 3336 cir-

457 3392 677 3439 censes,
705 3375 810 3429 hoc
830 3376 917 3443 (ut
937 3376 1158 3443 Opinor(
1183 3374 1299 3427 sive
1321 3374 1461 3436 sint,
1495 3373 1613 3426 sive
1643 3387 1755 3425 non
1782 3370 1919 3438 sint,
1948 3368 2105 3423 nulla

448 3474 637 3519 tamen
663 3465 1037 3518 interclusum
1059 3468 1141 3517 est
1165 3462 1603 3525 necessitate,ne
1628 3475 1740 3513 non
1764 3460 1900 3514 sint.
1927 3458 2109 3522 Quare

442 3562 684 3622 quatuor
716 3553 1015 3608 modorum
1048 3552 1159 3605 duo
1191 3550 1425 3619 quidem
1478 3549 1627 3603 idem
1702 3556 1857 3613 sunt,
1918 3546 1969 3600 id
2003 3554 2105 3617 est,

450 3644 788 3712 contingens
814 3650 981 3710 atque
1004 3638 1357 3709 possibile,bi
1380 3637 1491 3691 duo
1509 3640 1696 3690 autem
1718 3650 1785 3689 cu
1800 3651 1849 3688 ni
1874 3634 2025 3689 duob
2044 3650 2107 3705 us

449 3732 704 3800 reliquis,
728 3739 897 3799 atque
922 3729 1034 3798 ipsi
1064 3729 1316 3797 reliquie
1343 3743 1403 3781 se
1436 3726 1801 3781 dissentiunt.
1828 3724 2106 3779 Possibile

460 3822 615 3876 enim
650 3828 703 3875 et
735 3820 1076 3887 contingens
1113 3818 1290 3871 distat
1319 3815 1389 3870 ab
1420 3831 1487 3871 ea
1540 3814 1923 3885 propositione
1982 3830 2102 3882 quae

453 3910 586 3964 dicit
613 3907 826 3978 aliquid
861 3923 1017 3972 esse;
1052 3907 1169 3960 haec
1199 3906 1350 3960 enim
1385 3904 1698 3959 secundum
1754 3903 2096 3974 possibilita-

456 4009 565 4053 tem
591 3994 1471 4066 luturitempusafﬁrmalionem
1524 3999 1810 4061 pr0ponit,
1842 3992 1939 4045 illa
1971 4008 2101 4048 vero

449 4089 762 4143 secundum
790 4084 1080 4155 praesentis
1101 4091 1311 4138 actum.
1332 4083 1589 4152 Utraque
1618 4090 1835 4147 vero,et
1881 4097 1946 4136 ea
1977 4098 2097 4151 qua:

444 4184 727 4246 esse,etea
743 4192 865 4245 quas
886 4172 1153 4243 possibile
1170 4188 1293 4227 esse
1308 4172 1389 4226 vel
1420 4171 1753 4239 contingere
1775 4170 2099 4232 signiﬁcata

445 4266 765 4323 necessaria
784 4263 1173 4334 pr0positione
1187 4261 1330 4330 disju
1343 4268 1482 4315 nctaa
1498 4260 1936 4327 sunt;necesitas
1952 4262 2094 4314 enirr

446 4373 561 4411 non
586 4354 954 4409 modoinesse
970 4349 1441 4420 vultaliquid,sed
1468 4349 1637 4403 etiam
1664 4347 2100 4403 immutabiliter

444 4445 651 4502 inesse.
680 4453 737 4495 ut
759 4441 899 4495 illud
924 4442 1070 4511 quod
1095 4456 1220 4495 esse
1241 4439 1449 4494 dicitur
1476 4452 1774 4509 nunquam
1824 4452 1947 4492 esse
1981 4453 2094 4492 non

443 4532 641 4603 possit.
667 4531 943 4595 Quocirca
996 4529 1419 4598 consequentia:
1465 4542 1688 4596 quoque
1717 4526 1941 4581 ordinis
1973 4526 2095 4581 evi-
2124 4534 2172 4596 Ι)

445 4618 1114 4690 denterapparent.Quod
1132 4619 1285 4672 enim
1333 4619 1420 4671 est
1463 4615 2001 4681 necessarium,sine
2029 4629 2095 4670 eo

451 4713 597 4780 quod
630 4715 713 4765 est
743 4724 887 4775 esse,
914 4708 1001 4763 vel
1032 4708 1360 4775 contingere
1382 4721 1531 4774 esse,
1564 4704 1650 4760 vel
1676 4701 1945 4775 possibile
1966 4719 2092 4759 esse

449 4814 566 4853 non
596 4796 821 4852 dicitur.
858 4795 1141 4865 Quidquid
1176 4795 1332 4849 enim
1364 4795 1754 4849 necessarium
1786 4796 1890 4859 est,
1924 4799 1976 4847 et
2005 4798 2089 4847 est

448 4895 648 4942 etesse
672 4890 854 4954 potest
880 4910 893 4952 ;
925 4885 1009 4939 vel
1046 4885 1093 4939 si
1124 4899 1247 4939 esse
1280 4899 1395 4937 non
1417 4889 1626 4951 posset,
1655 4897 1771 4937 non
1797 4884 1947 4935 esset
1966 4896 2091 4934 om-

447 4976 608 5031 nino.
642 4976 800 5041 Quod
835 4975 882 5029 si
916 4992 1027 5029 non
1063 4978 1230 5038 esset,
1259 4988 1361 5027 nec
1393 4987 1623 5026 necesse
1644 4985 1769 5024 esse
1790 4969 2094 5024 diceretur.

451 5065 635 5128 Quare
670 5081 841 5119 omne
875 5062 1255 5118 necessarium
1279 5069 1331 5115 et
1354 5076 1475 5114 esse
1499 5058 1731 5125 dicitur,
1753 5066 1805 5112 et
1831 5056 2098 5126 possibile

453 5160 557 5218 est,
595 5154 689 5207 sed
726 5170 840 5207 non
874 5168 1032 5221 aeque
1059 5166 1231 5205 omne
1262 5148 1413 5218 quod
1449 5154 1535 5201 est
1567 5147 1951 5202 necessarium
1976 5153 2097 5227 est;

451 5251 688 5313 possunt
711 5244 862 5297 enim
888 5242 1142 5310 quaedam
1172 5253 1316 5304 esse,
1341 5252 1467 5305 quas
1492 5243 1547 5289 ut
1575 5235 1708 5305 sint,
1728 5251 1845 5289 non
1869 5251 2101 5290 necesse

450 5342 536 5388 eet
572 5349 635 5386 us
666 5336 957 5386 Socratem
988 5328 1307 5393 ambulare,
1342 5326 1429 5379 vel
1471 5331 1673 5380 caetera
1697 5339 1821 5395 quas
1856 5326 1924 5379 de
1947 5340 2100 5395 sepa-

452 5420 725 5476 rabilibus
758 5423 1075 5475 sumuntur
1118 5413 1530 5479 accidentibus,
1570 5429 1674 5469 nec
1718 5429 1911 5468 rursus
1951 5414 2098 5484 quod

456 5509 735 5576 contingit
768 5523 889 5563 esse
938 5504 1019 5561 vel
1071 5519 1193 5559 esse
1238 5502 1512 5573 possibile
1537 5510 1641 5567 est,
1678 5518 1806 5556 mox
1848 5518 1970 5557 esse
2004 5518 2099 5557 ne-

463 5614 622 5654 cesse
653 5609 755 5652 est.
790 5597 969 5660 Quare
990 5610 1223 5649 necesse
1253 5607 1378 5647 esse
1399 5593 1620 5662 quidem
1657 5600 1967 5661 sequuntur
1984 5606 2105 5648 esse

2208 1885 2386 1939 inunc
2420 1898 2507 1937 me
2538 1898 2765 1938 sumere
2795 1885 3069 1949 codicem,
3105 1901 3217 1939 non
3253 1898 3484 1939 necesse
3529 1890 3625 1936 est.
3682 1881 3827 1934 Recte

2212 1973 2361 2040 gitur
2386 1973 2457 2028 ab
2481 1974 2788 2028 Aristotele
2814 1974 2981 2043 paulo
3004 1981 3127 2042 post
3147 1973 3503 2027 dubitabitur
3525 1987 3594 2026 an
3617 1967 3817 2023 sitillud

2212 2062 2483 2132 possibile
2509 2063 2654 2133 quod
2683 2062 3003 2118 necessitati
3027 2062 3345 2119 conveniat.
3375 2062 3479 2115 Sed
3506 2076 3628 2115 cum
3649 2060 3707 2111 ad
3750 2071 3823 2110 ea-

2212 2155 2337 2207 dem
2364 2151 2484 2208 loca
2512 2152 2855 2221 venerimus,
2880 2152 3013 2222 quid
3039 2151 3148 2207 sibi
3170 2151 3275 2205 ista
3300 2149 3651 2219 possibilium
3691 2145 3827 2200 simi-

2216 2243 2375 2297 itudo
2403 2240 2560 2307 velit,
2581 2242 2664 2297 vel
2695 2242 3184 2313 quemadmodum
3210 2239 3460 2295 discerni
3488 2238 3832 2309 possit,agnov

2217 2330 2635 2387 sceuius.Nunc
2656 2341 2841 2385 autem
2863 2331 3130 2400 quoniam
3155 2328 3614 2383 afﬁrmativarum
3650 2338 3829 2394 propo-

2218 2422 2494 2477 sitionum
2527 2419 2962 2490 consequentiae
3018 2418 3421 2487 explicuimus,
3475 2416 3823 2481 negatis-arum

2216 2527 2412 2565 rursus
2438 2509 2876 2579 consequentiae.
2908 2508 3287 2575 eXploremus.
3358 2507 3555 2560 llarum
3616 2515 3827 2568 namque

2222 2607 2457 2671 quatuor
2477 2599 2928 2670 propositionum
2948 2614 3071 2669 qua:
3096 2597 3236 2651 fiunt
3256 2613 3323 2651 ex
3349 2612 3489 2663 esse,
3522 2611 3584 2650 ex
3633 2604 3827 2647 nesesse

2212 2705 2359 2758 esse,
2394 2706 2461 2743 ex
2493 2687 2753 2758 possibili
2785 2703 2928 2755 esse,
2965 2696 3012 2741 et
3049 2689 3387 2756 contingere
3420 2700 3559 2747 esse,
3618 2684 3826 2751 quatuor

2215 2780 2547 2850 negationes
2578 2784 2727 2845 sunt,
2763 2794 2875 2832 non
2908 2792 3051 2841 esse,
3085 2793 3197 2831 non
3261 2792 3498 2831 neceese
3542 2788 3677 2839 esse,
3729 2782 3825 2823 non

2220 2869 2488 2940 possibile
2507 2884 2649 2936 esse,
2679 2883 2791 2921 non
2813 2866 3150 2935 contingens
3169 2881 3309 2920 esse.
3348 2866 3453 2918 Sed
3502 2860 3828 2933 quemadmo-

2218 2962 2356 3013 dum
2388 2957 2795 3011 aftirmationes
2821 2955 3146 3019 contingere
3179 2970 3304 3008 esse
3338 2961 3391 3008 et
3426 2950 3678 3022 possibile
3725 2962 3827 3001 esse

2220 3048 2425 3103 eadem
2458 3054 2618 3101 erant
2650 3046 2965 3100 secundum
2999 3043 3485 3115 signiﬁcationum
3529 3035 3825 3093 similitudi-

2144 3164 2185 3229 ρ
2224 3155 2376 3208 nem,
2396 3139 2471 3193 ita
2493 3153 2713 3207 quoque
2734 3138 3059 3205 negationes
3082 3134 3289 3189 eaedem
3316 3141 3451 3188 sunt
3473 3149 3485 3199 ;
3505 3130 3677 3201 neque
3697 3128 3827 3182 enim

2222 3231 2501 3298 discrepat
2523 3228 2827 3299 quidquam
2852 3227 3038 3282 dicere
3063 3242 3172 3280 non
3199 3224 3452 3295 possible
3490 3229 3569 3276 est
3613 3232 3759 3289 quam
3787 3213 3825 3269 si

2216 3318 2475 3373 enuntiet
2505 3335 2619 3373 non
2642 3316 2940 3385 contingit.
2976 3313 3410 3383 Consequentia
3467 3320 3645 3366 autem
3699 3306 3823 3362 sein

2216 3407 2570 3463 atlirmativis
2595 3406 2878 3460 habebant
2904 3405 3008 3459 hoc
3029 3406 3216 3467 modo,
3241 3410 3297 3456 ut
3346 3400 3682 3457 necessarias
3717 3409 3823 3465 pro-

2218 3499 2523 3566 positiones
2545 3502 2917 3566 sequerentur
2936 3509 3056 3549 esse
3098 3491 3311 3561 aliquid
3365 3491 3733 3562 signiﬁcantes
3758 3490 3822 3536 at-

2212 3603 2319 3659 que
2343 3584 2657 3655 possibiles.
2679 3589 2784 3638 Eas
2804 3594 2987 3638 autem
3012 3598 3136 3653 quin
3158 3597 3280 3636 esse
3322 3580 3537 3650 aliquid
3581 3577 3820 3636 dicerent,

2212 3677 2423 3731 eadem
2456 3673 2751 3745 possibiles
2783 3682 3173 3744 sequerentur,
3206 3671 3298 3724 sed
3340 3685 3525 3739 neque
3568 3662 3817 3737 possibili-

2212 3764 2334 3829 bus,
2368 3781 2490 3821 esse
2518 3764 2730 3835 aliquid
2765 3762 3171 3832 signiﬁcantes,
3208 3776 3312 3814 nec
3342 3756 3665 3815 necessarias
3705 3766 3819 3807 con-

2211 3856 2550 3910 sentiebant.
2576 3858 2634 3907 In
2661 3853 2935 3918 negativis
2966 3867 3094 3905 vero
3124 3856 3325 3906 contra
3348 3857 3427 3904 est
3452 3866 3464 3904 :
3492 3846 3814 3917 negationem

2208 3946 2360 3999 enim
2396 3944 2787 4016 possibilitatis
2820 3940 3092 4010 sequitur,
3127 3946 3181 3994 et
3231 3939 3358 4009 ejus
3417 3954 3537 4007 quis
3587 3938 3665 3989 est
3715 3943 3818 3984 esse

2206 4032 2417 4103 aliquid
2442 4032 2820 4103 signiﬁcantis
2851 4029 3077 4101 negatio
3109 4036 3159 4083 et
3190 4028 3545 4084 necessariae.
3595 4018 3817 4091 Negatio-

2208 4138 2338 4177 nem
2364 4138 2492 4177 vero
2515 4119 2819 4176 necessarii
2844 4134 3027 4189 neque
3046 4117 3169 4187 ejus
3186 4119 3331 4185 quod
3355 4120 3441 4171 est
3490 4129 3630 4181 esse,
3661 4120 3816 4177 neque

2206 4213 2326 4282 ejus
2356 4213 2501 4282 quod
2535 4218 2617 4267 est
2649 4208 2920 4282 poesibile
2946 4224 3087 4273 esse,
3121 4206 3347 4277 negatio
3375 4200 3814 4275 sequitur.Di5po-

2204 4311 2411 4358 nantur
2445 4300 2599 4356 enim
2635 4303 2691 4354 in
2723 4298 2983 4354 ordinem
3017 4312 3215 4353 omnes
3248 4296 3349 4350 hoc
3382 4295 3586 4349 modo:

2419 4388 2695 4445 Possibile
2723 4404 2865 4443 esse.
3085 4384 3209 4439 Non
3244 4384 3517 4455 possibile
3546 4394 3681 4436 esse.

2415 4461 2769 4531 Contingens
2798 4474 2938 4514 esse.
3072 4456 3207 4531 Non
3241 4458 3578 4524 contingens
3605 4464 3731 4507 esse.

2415 4534 2570 4589 Esse.
2641 4529 2650 4531 ἡ
3071 4529 3196 4583 Non
3228 4544 3372 4583 esse.

2418 4605 2658 4660 Necesse
2690 4618 2833 4658 esse.
3068 4600 3193 4657 Non
3226 4613 3459 4656 necesse
3482 4610 3617 4651 esse.

2274 4694 2664 4764 Repetendum
2710 4690 2879 4762 igitur
2932 4691 3178 4746 breviter
3235 4697 3317 4745 est
3376 4684 3809 4743 atﬁrmativarum

2204 4782 2657 4853 consequentias,
2683 4786 2744 4835 ut
2765 4781 3246 4851 quemadmodum
3272 4795 3302 4834 e
3320 4789 3592 4834 converso
3640 4770 3738 4826 sint
3763 4764 3812 4819 in

2205 4852 2478 4945 negativis
2507 4870 2822 4927 evidentius
2854 4869 3099 4939 pateﬁat.
3138 4869 3272 4924 Esse
3304 4867 3557 4937 sequitur
3613 4852 3814 4932 possibi-

2208 4964 2387 5019 litatis
2404 4970 2456 5018 et
2481 4960 2889 5029 contingenlia.
2913 4959 3353 5014 Possibilitatem
3378 4972 3505 5012 vero
3526 4960 3577 5009 et
3619 4945 3813 5006 contin-

2207 5053 2453 5124 gentiam
2469 5066 2589 5107 esse
2605 5066 2716 5105 non
2734 5049 3009 5117 sequitur.
3041 5048 3281 5104 Necesse
3325 5062 3452 5102 vero
3468 5058 3583 5099 esse
3598 5036 3815 5102 sequitur

2208 5152 2261 5197 et
2291 5150 2437 5196 esset
2496 5138 2841 5210 possibilitas
2871 5142 2927 5194 et
2962 5137 3377 5206 contiugentia,
3420 5129 3811 5205 possibilitatem

2207 5244 2394 5288 autem
2445 5239 2497 5285 et
2546 5229 2996 5297 contingentiam
3046 5242 3150 5282 nec
3188 5242 3308 5282 esse
3338 5226 3582 5293 sequitur
3612 5230 3705 5273 nec
3728 5225 3811 5265 ne-

2210 5321 2459 5378 cessitas.
2488 5318 2549 5373 In
2596 5316 2993 5387 negationibus
3037 5332 3164 5371 vero
3212 5331 3243 5371 e
3278 5312 3557 5369 contrario
3586 5310 3683 5374 est,
3714 5312 3809 5355 non

2210 5427 2379 5486 posse
2420 5425 2541 5465 esse
2565 5412 2623 5463 et
2650 5424 2765 5462 non
2792 5410 3126 5477 contingere
3152 5420 3273 5460 esse
3300 5403 3551 5474 sequitur
3571 5411 3674 5452 non
3710 5401 3811 5443 esse

2208 5500 2443 5572 quiquid
2499 5498 2656 5552 enim
2694 5512 2806 5551 non
2850 5504 3029 5563 potest
3060 5511 3203 5561 esse,
3254 5508 3367 5548 non
3414 5498 3527 5555 est;
3564 5500 3672 5541 non
3700 5489 3809 5534 esse

2210 5598 2399 5647 autem
2435 5603 2547 5642 non
2582 5602 2745 5656 posse
2777 5601 2908 5640 esse
2940 5601 3051 5639 non
3088 5583 3339 5652 sequitur
3370 5580 3510 5650 quod
3543 5575 3682 5630 enim
3712 5581 3810 5663 noti

2212 5688 2316 5752 est,
2347 5693 2465 5736 non
2493 5675 2731 5734 omnino
2760 5673 3141 5732 interclusum
3171 5680 3254 5729 est
3282 5679 3339 5725 ut
3370 5683 3492 5726 esse
3523 5680 3629 5722 non
3658 5656 3810 5732 possit
