4106 6172
311 318 413 374 613

1058 315 1133 368 1N
1172 315 1447 367 LIBRUM
1485 315 1580 368 DE
1619 313 2297 371 INTERPRETATIONB
2334 317 2577 373 EDITIO
2612 320 2969 375 SECUNDA.

3609 318 3716 374 6M

310 443 551 501 mationi
573 440 982 515 negationique
1000 440 1332 496 communis
1346 444 1453 506 est,
1472 456 1727 511 namque
1745 444 1941 497 etesse
1973 447 2023 511 Α
2060 458 2236 497 unam
2261 459 2382 498 rem
2399 448 2623 500 tantum
2647 446 3454 517 potest,quaaafflrmationem
3480 449 3713 503 tantum

305 542 361 591 et
388 552 504 590 non
539 550 666 589 esse
692 539 881 604 potest
905 533 1060 603 quod
1096 530 1374 602 possibile
1405 546 1534 586 esse
1567 529 1801 585 dicitur.
1833 530 1951 586 Hoc

307 632 499 681 autem
532 624 743 679 falsum
768 628 855 677 est
885 624 956 676 de
984 621 1307 676 necessario
1334 621 1652 691 praedicari.
1682 620 1952 675 Necessa-

305 719 455 771 rium
494 730 751 784 namque
784 713 833 767 si
865 716 974 778 est,
1010 728 1121 766 non
1156 727 1285 766 esse
1319 727 1429 764 non
1468 710 1717 781 poterit;
1752 710 1801 764 si
1840 726 1952 765 non

300 811 408 871 est,
440 803 607 858 nulla
638 801 860 857 ratione
878 800 1198 871 contingit;
1224 801 1377 870 quod
1403 799 1451 854 si
1474 799 1602 868 quis
1625 800 1781 853 dicat
1803 816 1952 870 quo-

303 895 461 949 niam
493 891 857 963 possibilitas
872 893 1279 946 necessitatem
1296 888 1793 958 sequitur.eadem
1819 905 1951 959 pos-

296 985 559 1041 sibilitas
593 983 889 1038 consentit
914 980 1298 1052 contingenti,
1331 985 1387 1035 et
1416 980 1525 1034 erit
1559 996 1794 1035 necesse
1827 994 1953 1034 esse

297 1075 653 1145 contingens
685 1090 799 1127 non
831 1089 981 1140 esse,
1007 1072 1065 1126 id
1088 1076 1177 1126 est
1201 1070 1311 1126 erit
1338 1069 1685 1142 contingens
1715 1070 1770 1123 id
1797 1069 1950 1140 quod

294 1180 545 1220 necesse
576 1179 704 1218 esse
726 1162 1094 1233 praedicatur.
1130 1160 1273 1215 Nam
1298 1160 1346 1214 si
1376 1161 1529 1228 quod
1558 1157 1838 1231 possibile
1862 1163 1952 1213 est

294 1272 454 1317 esse,
482 1258 675 1324 potest
708 1269 822 1307 non
853 1268 1004 1317 esse,
1037 1252 1191 1321 quod
1226 1262 1420 1305 autem
1451 1254 1640 1320 potest
1671 1266 1784 1304 non
1805 1264 1955 1313 esse,

297 1345 605 1414 contingit
636 1347 700 1396 ut
733 1359 846 1396 non
870 1342 969 1405 sit,
994 1358 1107 1396 non
1134 1341 1379 1394 dubium
1405 1345 1492 1394 est
1515 1340 1657 1410 quin
1682 1340 1729 1393 si
1755 1356 1954 1394 neces-

289 1437 534 1491 sitatem
552 1432 909 1505 possibilitas
924 1433 1345 1504 sequitur,cam
1361 1437 1642 1501 sequatur
1657 1447 1887 1503 quoque
1904 1437 1960 1487 et

291 1523 711 1594 contingentia
749 1541 762 1589 ;
798 1523 895 1577 sed
918 1522 1264 1593 contingens
1312 1538 1629 1591 possumus
1676 1521 1867 1576 dicere
1898 1522 1957 1575 in

294 1616 641 1686 negatione,
686 1618 751 1667 ut
781 1612 1435 1683 dicaturcontingitnon
1471 1628 1636 1678 esse;
1669 1618 1757 1667 est
1780 1612 1961 1685 igitur

290 1706 459 1777 quod
494 1719 730 1757 necesse
758 1707 848 1756 est
878 1716 1027 1769 esse,
1078 1701 1425 1767 contingens
1478 1718 1589 1756 non
1640 1717 1793 1757 esse.
1843 1702 1960 1756 Hoc

2067 531 2185 592 dat.
2216 534 2583 603 negationem
2604 552 2736 589 vero
2767 538 3052 606 repudiat.
3089 536 3143 589 Si
3174 541 3305 607 quis
3348 536 3499 592 enim
3536 540 3715 605 ponat

2068 622 2508 689 possibilitatem
2527 625 2861 680 necessitati
2876 627 3347 692 consentire,non
3363 625 3712 694 idcircojam

2069 726 2304 765 necesse
2337 713 2635 784 estipsam
2683 716 3088 771 necessitatem
3139 715 3198 769 in
3251 716 3711 787 contingentiam

2067 800 2232 865 vcrti,
2254 801 2345 855 cui
2364 803 2723 873 contingenti
2748 804 2971 859 scilicet
2993 803 3356 875 possibilitas
3401 805 3713 860 consentit.

2068 891 2191 943 Non
2218 891 2397 956 enim,
2425 891 2636 961 inquit,
2661 908 2833 946 omne
2850 892 3127 963 possibile
3156 898 3473 962 utrumque
3505 897 3711 963 potest,

2068 977 2123 1031 id
2139 984 2301 1033 estet
2327 996 2495 1050 posse
2517 997 2644 1035 csse
2670 987 2909 1051 etposse
2926 998 3037 1035 non
3054 997 3202 1036 esse.
3225 986 3412 1052 Atque
3439 980 3569 1034 ideo
3603 997 3717 1035 non

2070 1084 2242 1122 omne
2262 1069 2539 1140 possibile
2554 1070 2956 1139 contingentiae
2977 1070 3286 1135 consentit,
3320 1071 3481 1125 docet
3514 1075 3711 1125 autem

2070 1157 2179 1212 hoc
2204 1158 2294 1212 his
2321 1159 2508 1213 modis
2542 1176 2554 1213 :
2580 1160 2638 1213 in
2668 1160 2777 1226 his,
2817 1160 3029 1231 inquit,
3059 1178 3189 1231 quae
3221 1178 3334 1215 non
3389 1161 3717 1215 secundum

2071 1250 2351 1303 rationem
2374 1250 3009 1320 possunt,possibilitas
3029 1266 3155 1319 quae
3181 1266 3310 1305 esse
3336 1250 3573 1317 dicitur,
3600 1266 3716 1304 non

2072 1339 2599 1408 valetopposita,ut
2617 1339 2809 1409 ignem
2832 1337 3146 1393 calefacere
3162 1338 3715 1393 irrrationabileest.

2072 1436 2238 1490 Nulla
2261 1436 2415 1490 enim
2445 1437 2590 1491 ratio
2623 1444 2711 1491 est
2753 1453 2857 1491 cur
2884 1436 3037 1507 ignis
3088 1423 3405 1491 calefaciat.
3444 1436 3718 1491 Omnium

2072 1542 2326 1596 namque
2351 1543 2477 1596 qum
2506 1526 2852 1581 naturaliter
2876 1526 3025 1580 fiunt
3056 1526 3220 1580 nulla
3254 1529 3401 1581 ratio
3431 1531 3540 1582 est.
3576 1526 3719 1596 Ergo

2072 1614 2191 1669 haec
2217 1632 2467 1684 quorum
2496 1621 2752 1684 potestas
2780 1614 3208 1670 irrationabilis
3226 1620 3316 1670 est
3340 1632 3451 1669 non
3470 1618 3722 1687 possunt

2074 1706 2359 1775 opposita,
2386 1711 2449 1759 ut
2475 1706 2622 1771 ignis
2651 1722 2762 1759 non
2792 1711 2981 1776 potest
3005 1705 3321 1759 calefacere
3353 1709 3541 1759 etnon
3566 1703 3719 1759 calev

288 1798 503 1848 autem
531 1790 745 1846 falsum
769 1794 881 1858 est,
906 1795 1076 1859 atque
1102 1789 1193 1843 hic
1209 1790 1443 1860 quidem
1467 1790 1607 1845 ordo
1621 1806 1956 1845 sermonum
1992 1792 2037 1856 Β
2070 1795 2276 1847 facere.
2298 1794 2354 1848 Si
2374 1794 2529 1848 enim
2552 1801 2869 1864 utrumque
2889 1794 3432 1865 possunt,opposita
3449 1794 3720 1864 possunt.

287 1888 407 1951 est,
434 1888 503 1936 ut
520 1882 581 1935 in
605 1880 739 1933 aliis
764 1882 880 1934 fere
902 1879 1177 1933 omnibus
1192 1879 1500 1950 perplexas
1520 1880 1959 1950 atqueccnstri-

287 1979 456 2038 ctus,
492 1971 640 2025 alias
671 1968 828 2023 enim
863 1967 1190 2023 similitudo
1209 1968 1702 2031 enuntiationum,
1735 1967 1879 2023 alias
1904 1969 1960 2023 id

285 2061 459 2134 quod
495 2062 661 2114 deest
689 2058 1038 2129 implicitum
1064 2057 1253 2111 reddit
1271 2060 1702 2129 obscuramque
1727 2062 1961 2113 senten-

289 2154 449 2206 tiam
479 2169 494 2216 ;
523 2149 679 2219 quod
705 2149 749 2201 si
776 2149 911 2217 quis
934 2147 1275 2201 Aristoteles
1299 2148 1491 2201 verbis
1514 2151 1724 2203 seriem
1753 2154 1965 2204 nostra:

286 2238 694 2312 expositionis
719 2241 1011 2306 annectat,
1046 2242 1101 2291 et
1131 2236 1286 2307 quod
1320 2236 1436 2292 illic
1478 2246 1712 2308 propter
1753 2238 1965 2293 simili-

286 2330 577 2386 tudinem
594 2329 906 2382 confusum
923 2331 1032 2388 est,
1060 2342 1160 2397 per
1182 2327 1561 2396 expositionis
1597 2333 1810 2384 nostrae
1842 2331 1962 2384 dis-

289 2420 658 2477 tinctionem
692 2434 757 2471 ac
789 2416 1733 2489 separationemdisgreget;quod
1760 2436 1889 2474 vero
1910 2420 1966 2474 in

288 2509 645 2565 Aristotelis
670 2508 1043 2562 sermonibus
1069 2508 1263 2561 minus
1289 2513 1396 2575 est,
1433 2509 1566 2563 bino
1599 2514 1965 2580 compenset,

285 2598 618 2656 sententia:
641 2597 784 2652 ratio
810 2597 989 2652 totius
1020 2596 1295 2652 elucebit.
1330 2597 1495 2652 Nunc
1516 2615 1651 2669 ergo
1687 2600 1963 2669 quoniam

287 2688 626 2762 pr0posuit
660 2688 1064 2759 quaestionem,
1082 2703 1209 2742 eam
1227 2686 1597 2742 continenter
1627 2688 1969 2759 exsequitur

287 2781 391 2837 his
428 2778 639 2833 verbis
669 2794 684 2833 :

366 2869 737 2939 Manifestum
759 2876 837 2923 est
865 2878 1054 2922 autem
1085 2869 1346 2939 quoniam
1377 2882 1486 2922 non
1511 2882 1670 2922 omne
1710 2868 1969 2938 possibile

288 2960 383 3016 vel
406 2975 535 3013 esse
569 2958 652 3012 vel
669 2958 992 3023 ambulare,
1016 2960 1064 3010 et
1083 2958 1333 3028 opposita
1350 2957 1509 3011 valet.
1542 2956 1645 3010 Sed
1670 2961 1747 3010 est
1763 2958 1821 3010 in
1843 2956 1968 3028 qui-

289 3052 396 3106 bus
429 3065 553 3102 non
581 3049 649 3101 sit
675 3064 883 3102 verum.
919 3047 991 3101 Ac
1020 3048 1268 3117 primum
1292 3048 1511 3117 quidem
1543 3048 1599 3100 in
1620 3045 1703 3100 his
1720 3063 1838 3116 qum
1857 3064 1969 3101 non

2069 1882 2391 1937 Calefacere
2408 1884 2562 1937 enim
2582 1889 2637 1938 et
2656 1901 2768 1938 non
2786 1883 3100 1938 calefacere
3120 1884 3391 1953 opposita
3409 1882 3719 1937 sunt.Cum

2070 1990 2204 2043 ergo
2224 1972 2654 2027 irrationabiles
2678 1978 2993 2043 potestates
3021 1973 3291 2044 Opposita
3329 1990 3439 2026 non
3472 1972 3726 2027 habeant

2071 2061 2279 2131 agendi
2296 2061 2758 2125 t'acultatem,illa
2776 2080 2901 2132 quae
2920 2062 3241 2117 secundum
3269 2063 3553 2116 rationem
3572 2061 3725 2116 ﬁunt

2072 2151 2141 2204 ad
2169 2152 2568 2220 oppositorum
2586 2158 2778 2204 actum
2794 2156 3070 2222 poterunt
3086 2150 3719 2221 retineri,utquidquid

2070 2256 2136 2294 ex
2150 2238 2448 2293 voluntate
2466 2244 2523 2293 et
2547 2240 2770 2294 ratione
2794 2246 3138 2310 conceptum
3161 2246 3270 2305 est,
3297 2241 3366 2294 ad
3396 2246 3720 2309 utrumque

2071 2332 2276 2387 valeat.
2309 2332 2658 2386 Medicinam
2689 2348 2942 2402 namque
2966 2332 3107 2385 mihi
3139 2348 3405 2386 exercere
3440 2337 3497 2385 et
3531 2329 3721 2402 possi-

2072 2422 2186 2477 bile
2210 2428 2320 2490 est,
2340 2428 2397 2476 et
2422 2420 2698 2491 possibile
2712 2439 2825 2476 non
2850 2427 2959 2476 est.
2988 2421 3085 2475 Vel
3112 2439 3320 2477 rursus
3343 2421 3647 2475 ambulare
3669 2422 3727 2474 et

2074 2532 2186 2568 non
2206 2512 2701 2578 ambulare.Quod
2721 2514 2876 2567 enim
2900 2513 3172 2585 quisquis
3195 2512 3375 2566 animi
3396 2512 3618 2567 ratione
3632 2508 3720 2566 vel

2073 2604 2408 2675 appetentia
2427 2603 2573 2668 vult,
2598 2603 2704 2657 hoc
2728 2618 2793 2657 ex
2820 2604 3045 2657 ratione
3068 2602 3261 2657 venire
3302 2602 3537 2655 dicitur.
3564 2601 3631 2655 Et
3661 2601 3721 2654 in

2074 2694 2166 2749 his
2188 2696 2466 2749 omnibus
2491 2693 2590 2747 illa
2614 2698 2873 2763 potestas
2895 2698 2983 2747 est
3014 2710 3141 2763 quae
3173 2693 3244 2747 ad
3281 2696 3597 2763 utrumque
3620 2708 3720 2744 va-

2073 2785 2208 2849 leat,
2235 2784 2290 2837 id
2315 2787 2403 2837 est
2426 2783 2495 2837 ad
2513 2782 2963 2836 afﬁrmationem
2991 2788 3048 2835 et
3098 2781 3488 2851 negationem,
3544 2783 3607 2832 ut
3644 2778 3726 2833 sit

2074 2873 2289 2928 scilicet
2313 2877 2369 2926 et
2401 2889 2513 2926 non
2552 2871 2647 2926 sit.
2676 2872 2736 2925 In
2763 2871 2855 2925 his
2876 2876 3069 2925 autem
3097 2886 3222 2940 quae
3247 2866 3721 2923 suntirrationa-

2076 2961 2238 3026 bilia,
2271 2961 2473 3015 lieetin
2499 2960 2642 3015 solis
2662 2961 2857 3014 venire
2878 2960 3082 3031 possit,
3123 2962 3185 3011 ut
3208 2975 3271 3011 ea
3311 2960 3570 3028 potestas
3593 2972 3719 3026 quae

2078 3051 2436 3118 dicitur,non
2456 3049 2631 3105 etiam
2660 3051 2844 3120 possit
2862 3048 3355 3120 opposita,tamen
3378 3062 3491 3099 non
3526 3043 3721 3099 omnis

284 3137 895 3197 secundumrationem
913 3146 1158 3208 possunt,
1190 3146 1247 3192 ut
1276 3139 1425 3205 ignis
1453 3136 1843 3206 cale/actibilis
1865 3143 1968 3207 est,
2002 3151 2043 3217 ρ
2082 3137 3177 3209 irrationabilispotestasoppositanon
3199 3140 3645 3207 potest,utaqua
3664 3137 3721 3188 et

285 3240 338 3286 et
356 3229 536 3284 habet
570 3227 677 3282 vim
706 3226 1173 3282 irrationabilem.
1208 3230 1351 3294 Ergo
1376 3227 1671 3282 secandum
1695 3229 1967 3281 rationem

289 3324 616 3393 potestates
628 3318 825 3372 eisdem
835 3318 1209 3388 plurimorum
1221 3319 1387 3372 etiam
1401 3319 1805 3371 contrariorum
1818 3320 1970 3372 sunt.

292 3408 739 3466 lrralionabiles
762 3423 883 3461 vero
911 3424 1015 3462 non
1042 3423 1250 3471 omnes,
1277 3407 1367 3461 sed
1397 3406 1855 3477 quemadmodum
1888 3407 1970 3461 di-

291 3504 457 3555 ctum
485 3500 587 3564 est,
620 3497 806 3564 ignem
836 3512 942 3551 non
977 3500 1054 3551 est
1082 3495 1345 3567 possibile
1361 3500 1658 3566 cale/acere
1686 3501 1858 3551 etnon
1880 3512 1972 3551 ca-

303 3591 583 3659 lefacere,
604 3602 778 3657 neque
794 3603 898 3658 qua
917 3602 1129 3657 cunque
1148 3587 1264 3640 alia
1285 3602 1499 3657 semper
1520 3585 1841 3654 agunt.Alia
1855 3601 1975 3640 vero

306 3680 561 3753 possunt
613 3682 663 3730 et
706 3676 1001 3731 secundum
1032 3676 1443 3730 irrationabiles
1481 3680 1765 3747 potestates
1803 3675 1978 3731 simul

299 3769 575 3841 opposita
607 3768 897 3836 suscipere,
925 3768 1023 3820 sed
1038 3766 1136 3821 hoc
1150 3766 1351 3819 idcirco
1387 3764 1591 3819 dictum
1621 3767 1977 3837 estquoniam

294 3875 415 3915 non
454 3855 644 3912 omnis
674 3858 906 3924 potestas
927 3854 1299 3925 oppositorum
1312 3857 1410 3924 est,
1435 3871 1611 3925 neque
1639 3871 1979 3929 quacunque

295 3946 624 4011 secundum
655 3946 905 3999 eamdem
936 3946 1167 4015 speciem
1202 3945 1488 3998 dicuntur.

370 4041 530 4092 Cum
569 4039 636 4089 de
666 4035 963 4105 possibilia
985 4040 1042 4089 et
1067 4034 1382 4089 necessarii
1405 4034 1832 4106 consequentia
1869 4036 1974 4089 du-

299 4129 573 4184 bitasset
594 4167 607 4193 ,
642 4140 895 4197 cumque
912 4122 958 4179 si
987 4122 1344 4194 possibilitas
1372 4125 1716 4179 necessitate
1736 4141 1980 4180 consen-

307 4220 477 4279 tiret,
496 4214 655 4285 quod
674 4220 798 4267 erat
818 4213 1371 4279 incommodum,vel
1393 4214 1441 4267 si
1461 4213 1827 4286 possibilitas
1853 4231 1982 4269 rur-

309 4326 421 4362 sus
452 4303 868 4359 necessitatem
886 4306 1577 4373 sequeretur,necessitas
1596 4305 1724 4375 ipsa
1746 4305 1835 4358 cui
1855 4321 1982 4375 pos-

306 4391 1008 4452 sibilitasconsentiretin
1025 4408 1086 4449 se
1100 4398 1294 4448 etesse
1305 4399 1361 4448 et
1374 4411 1484 4448 non
1501 4410 1628 4448 esse
1642 4397 1985 4464 susciperet,

308 4503 477 4540 nunc
495 4485 983 4554 incongruentem
1000 4482 1444 4555 ambiguitatem
1464 4483 1796 4539 rationabili
1813 4500 1978 4555 argu-

312 4574 694 4631 mentatione
725 4571 992 4627 dissolvit
1012 4574 1211 4627 dicens
1241 4589 1254 4627 :
1283 4573 1408 4627 Non
1434 4590 1562 4629 vere
1581 4574 1724 4627 illud
1750 4573 1977 4642 metuit,

312 4682 387 4719 ne
412 4661 789 4735 possibilitas
806 4661 1206 4716 necessitatem
1225 4678 1587 4733 consequens
1603 4662 1788 4733 ipsam
1808 4668 1976 4716 natu-

312 4769 441 4808 ram
471 4749 847 4805 necessitatis
862 4755 1036 4820 atque
1059 4751 1308 4822 rigorem
1332 4752 1716 4823 frangeret,ut
1741 4752 1796 4806 id
1824 4752 1978 4824 quod

316 4857 568 4898 necesse
593 4841 834 4905 esset,in
854 4841 1307 4913 contingentium
1328 4843 1981 4915 permutaretur.Neque

313 4935 503 4997 enim,
530 4930 749 5001 inquit,
776 4947 947 4985 omne
970 4932 1123 5003 quod
1152 4933 1432 5003 possibile
1454 4937 1541 4986 est
1562 4938 1771 4996 esse,et
1795 4932 1979 5004 possi-

317 5023 437 5079 bile
452 5027 546 5078 est
566 5038 683 5075 non
702 5020 1010 5076 esse.Sunt
1033 5020 1187 5075 enim
1208 5021 1377 5092 plura
1399 5038 1525 5092 quae
1547 5038 1723 5077 unam
1751 5028 1979 5077 tantum

317 5113 437 5167 vim
475 5109 810 5174 continent,
838 5114 894 5164 et
927 5110 998 5164 ad
1033 5110 1401 5182 negationem
1436 5110 1596 5166 nullo
1631 5112 1804 5166 modo
1842 5116 1983 5167 sunt

333 5206 493 5274 apta,
522 5205 591 5257 ut
619 5202 677 5255 in
713 5200 806 5256 his
848 5199 1341 5271 possibilitatibus
1382 5218 1531 5274 quas
1561 5200 1983 5257 irrationabilis

325 5296 494 5347 actus
518 5289 875 5346 efﬁcit.Nam
893 5306 1025 5344 cum
1048 5289 1417 5361 sitpossibile
1434 5291 1624 5364 ignem
1644 5291 1982 5359 calefacere,

327 5399 441 5439 non
465 5386 559 5437 est
583 5379 861 5452 possibile
886 5387 949 5435 ut
981 5398 1094 5435 non
1141 5380 1461 5436 calefaciat.
1514 5385 1700 5445 Quare
1725 5382 1844 5437 haec
1879 5399 1983 5453 po-

327 5476 513 5529 testas
548 5488 665 5526 non
697 5475 891 5542 potest
924 5471 1211 5543 opposita.
1264 5472 1323 5526 Si
1356 5489 1473 5543 qua
1519 5474 1676 5528 enim
1720 5478 1980 5544 potestas

329 5562 604 5637 opposita
636 5564 849 5633 potest,
881 5560 983 5615 illa
1013 5566 1069 5616 et
1101 5579 1215 5617 non
1247 5579 1375 5618 esse
1408 5568 1598 5635 potest
1646 5568 1702 5618 et
1741 5579 1891 5629 esse,
1924 5568 1981 5618 et

327 5650 515 5708 facere
546 5654 606 5708 et
634 5666 751 5705 non
784 5649 995 5719 facere,
1019 5667 1147 5722 quis
1170 5668 1305 5709 vero
1329 5669 1443 5708 non
1472 5656 1665 5725 potest
1686 5652 1976 5725 opposita,

2079 3229 2747 3302 frigidaethumidaest.
2796 3229 2942 3298 Ergo
2984 3232 3041 3282 et
3081 3226 3387 3297 frigescere
3422 3228 3612 3295 potest
3639 3224 3722 3277 fa-

2076 3323 2186 3378 cile
2207 3329 2259 3375 et
2283 3318 2633 3382 bumectari,
2659 3318 2757 3372 sed
2793 3317 2991 3371 eadem
3020 3319 3349 3387 permutata
3380 3312 3436 3367 in
3468 3313 3721 3368 calidam

2078 3415 2269 3485 potest
2291 3407 2634 3479 frigescendi
2670 3407 2782 3461 vim
2818 3422 2929 3460 non
2964 3404 3198 3469 habere,
3234 3419 3367 3457 cum
3400 3419 3517 3457 non
3540 3401 3725 3471 possit

2078 3497 2458 3555 bumectandi
2486 3496 2756 3551 amittere
2810 3498 3179 3565 potestatem;
3231 3493 3372 3546 dum
3427 3508 3581 3563 aqua
3626 3490 3722 3545 sit.

2080 3588 2361 3657 Quocirca
2382 3603 2492 3640 non
2520 3586 2711 3640 omnis
2734 3588 2989 3655 potestas
3006 3579 3559 3653 valetOpposita,sed
3578 3578 3729 3634 valet

2082 3678 2318 3749 quidem
2352 3675 2620 3747 opposita
2652 3678 2928 3743 potestas,
2952 3689 3019 3727 ea
3040 3688 3164 3743 qua
3189 3670 3513 3724 secundum
3548 3666 3725 3722 ratio-

2083 3767 2309 3822 nabiles
2333 3762 2852 3820 motusvaluit.llla
2883 3778 3014 3816 vero
3039 3765 3294 3833 potestas
3313 3775 3443 3829 quae
3460 3757 3729 3828 opposita

2086 3874 2199 3912 non
2224 3855 2393 3918 valet.
2436 3855 2495 3908 in
2537 3852 2675 3908 solis
2712 3849 3218 3905 irrationabilibus
3246 3847 3558 3912 invenitur,
3594 3845 3730 3900 licet

2085 3963 2199 4001 non
2221 3946 2276 3999 in
2302 3943 2595 3999 omnibus.
2614 3946 2762 3996 Sunt
2784 3940 2937 3993 enim
2961 3935 3393 3993 irrationabiles
3416 3938 3729 4005 potestates

2088 4053 2212 4108 qua:
2237 4040 2553 4103 utrumque
2578 4034 2842 4102 possunt,
2897 4033 2960 4082 ut
2990 4028 3045 4082 id
3097 4026 3248 4099 quod
3293 4025 3514 4078 dictum
3540 4028 3628 4078 est
3658 4024 3729 4078 de

2088 4142 2252 4196 aquae
2274 4124 2502 4194 frigore.
2536 4118 2996 4191 Etlotaquidcm
3021 4115 3320 4170 sententia:
3353 4115 3437 4166 vis
3466 4112 3599 4167 talis
3617 4116 3728 4168 est.

2086 4212 2251 4267 Nunc
2266 4211 2398 4283 quis
2413 4210 2488 4265 sit
2503 4224 2839 4264 sermonum
2857 4206 2995 4261 ordo
3010 4201 3731 4275 explicetur.Manifestum

2089 4307 2198 4371 est,
2222 4299 2431 4369 inquit,
2466 4298 2742 4370 quoniam
2778 4312 2892 4349 non
2934 4310 3103 4349 omne
3143 4291 3422 4364 possibile
3462 4289 3547 4345 vel
3582 4307 3733 4361 esse,

2090 4388 2521 4457 velambulare,
2555 4386 2823 4460 Opposita
2844 4382 3013 4437 Valet.
3047 4381 3207 4446 Quod
3242 4380 3324 4435 ita
3355 4379 3572 4435 dictum
3606 4395 3734 4435 esse

2095 4479 2469 4536 manifestum
2498 4481 2605 4542 est,
2632 4492 2743 4530 non
2771 4478 2833 4528 ut
2856 4476 3195 4544 putaremus
3219 4470 3366 4540 quod
3388 4485 3559 4524 omne
3578 4469 3733 4540 quod

2092 4565 2351 4623 ambulat
2373 4568 2578 4635 potest,
2602 4562 2689 4617 vel
2724 4563 2877 4634 quod
2911 4578 3039 4618 esse
3063 4565 3393 4632 potest,non
3418 4561 3603 4629 possit
3630 4575 3736 4630 op—

2091 4656 2300 4728 posita,
2334 4656 2387 4709 id
2414 4658 2503 4709 est
2526 4671 2636 4707 non
2659 4653 2843 4725 possit
2867 4668 2979 4707 non
3003 4667 3151 4706 esse.
3173 4650 3292 4705 Hoc
3316 4649 3471 4705 enim
3506 4648 3736 4703 videtur

2090 4752 2285 4802 textus
2304 4744 2631 4811 ostendere,
2651 4743 2749 4798 sed
2774 4758 2943 4796 nemo
2968 4742 3047 4796 ita
3070 4740 3386 4813 intelligat,
3424 4738 3735 4811 potiusque

2092 4837 2175 4893 sic
2197 4836 2415 4891 dictum
2449 4834 2731 4888 videatur.
2764 4832 3140 4887 Manifestum
3177 4836 3265 4885 est
3296 4830 3572 4901 quoniam
3620 4846 3734 4883 non

2092 4944 2263 4982 omne
2288 4923 2565 4998 possibile
2599 4923 2930 4993 frequenter
2960 4920 3218 4976 solemus
3260 4935 3568 4990 usurpare,
3599 4934 3735 4973 cum

2091 5015 2339 5072 dicimus
2387 5011 2667 5084 possibile
2724 5027 2853 5066 esse
2898 5010 3226 5075 ambulare,
3266 5009 3533 5080 Opposita
3564 5007 3734 5061 valet.

2090 5114 2288 5185 Neque
2302 5113 2454 5168 enim
2472 5110 2661 5166 omnis
2678 5112 2931 5180 potestas
2946 5109 3040 5162 affi
3052 5106 3308 5163 rmationi
3326 5106 3737 5178 negationique

2094 5203 2380 5259 convenit.
2406 5201 2512 5255 Sed
2534 5205 2672 5255 sunt
2691 5200 2959 5270 quaedam
2986 5214 3114 5269 qua:
3138 5214 3319 5251 unum
3346 5200 3575 5250 tantum
3602 5210 3737 5266 pos-

2093 5300 2251 5356 sunt,
2277 5298 2339 5346 ut
2362 5309 2540 5360 supra
2561 5291 2678 5360 iam
2702 5290 2981 5355 diximus,
3005 5292 3180 5358 atque
3206 5286 3315 5340 hoc
3350 5284 3609 5355 apertius
3641 5283 3737 5336 in-

2091 5382 2376 5453 telligitur
2398 5380 2444 5435 si
2472 5381 2549 5433 ita
2574 5378 2843 5433 dicamus
2869 5396 2880 5432 :
2904 5376 3279 5431 Manifestum
3301 5378 3389 5427 est
3412 5374 3567 5426 enim
3593 5387 3738 5441 quo-

2094 5471 2250 5526 niam
2277 5487 2391 5524 non
2411 5486 2583 5524 omne
2604 5466 2882 5541 possibile
2907 5463 3251 5537 etopposita
3281 5458 3739 5531 valct,quoniam

2090 5561 2315 5617 scilicet
2329 5558 2604 5630 possibile
2626 5562 2955 5629 trcquenter
2970 5561 3025 5611 et
3049 5556 3117 5609 de
3137 5571 3263 5609 esse
3285 5552 3423 5607 etde
3438 5546 3740 5604 ambulare

2091 5652 2502 5724 praedicamus,
2527 5646 3011 5719 hocitacogitans
3032 5644 3261 5700 facilius
3295 5639 3426 5713 quis
3450 5634 3735 5709 agnoscit,
