4072 6182
192 302 296 357 649

836 308 1166 362 PRIORUM
1203 308 1778 363 ANALYTICORUM
1816 310 2287 365 ARISTOTELIS
2323 312 2927 369 INTERPRETATIO.

3499 317 3610 370 650

190 426 540 482 universalis
571 429 912 500 propositio.
947 428 1033 484 Sit
1064 434 1260 485 autem
1286 430 1475 501 primo
1499 429 1847 486 universalis
1880 442 1929 506 Α
1963 436 2120 497 sunt,
2154 448 2181 485 c
2202 449 2316 487 non
2340 432 2517 488 inerit
2535 434 2586 489 ὁ.
2612 438 2866 490 Rursum
2889 436 2967 491 sit
2988 438 3378 507 prrsdicativa,
3402 443 3460 494 et
3483 440 3613 494 uni-

192 520 553 583 necessaria,
577 524 633 574 et
655 537 688 575 a
711 521 947 592 quidem
976 523 1132 576 omni
1157 523 1185 576 ἱ)
1220 522 1362 577 insit
1382 539 1451 577 ex
1482 522 1849 592 necessitate,

193 610 221 661 b
238 614 438 663 autem
459 609 635 664 alicui
658 626 686 664 c
708 610 850 665 insit
873 611 1084 678 solum,
1105 627 1342 666 necesse
1366 616 1455 666 est
1481 611 1850 682 ergoaalicui

188 714 215 751 ε
236 698 437 753 inesse
460 714 529 752 ex
548 699 1063 769 necessitate,nam
1086 718 1113 754 (ξ
1129 701 1240 755 sub
1256 701 1283 753 ἱ)
1307 701 1454 768 est,b
1475 706 1667 755 autem
1688 702 1847 755 omni

188 804 220 841 a
254 787 447 841 inerat
472 804 541 841 ex
560 788 927 843 necessitate.
957 788 1238 843 Similiter
1259 794 1454 843 autem
1487 794 1542 843 et
1573 789 1619 843 si
1653 788 1847 859 priva-

188 877 343 931 tivus
360 876 738 948 syllogismus
765 879 864 944 sit,
890 895 1025 933 nam
1044 881 1245 933 eadem
1266 879 1377 933 erit
1403 878 1846 940 demonstratio,

186 965 245 1019 Si
282 972 485 1020 autem
517 966 886 1036 particularis
919 971 1007 1022 est
1030 967 1380 1035 necessaria,
1414 984 1528 1021 non
1570 968 1680 1021 erit
1711 983 1846 1020 con-

184 1054 377 1109 clusio
417 1056 748 1110 necessaria
797 1055 943 1111 nihil
1003 1056 1158 1112 enim
1221 1055 1587 1126 impossibile
1637 1054 1845 1121 evenit,

182 1144 696 1213 quemadmodum
759 1161 864 1199 nec
898 1148 955 1198 in
990 1144 1426 1199 universalibus
1458 1143 1843 1215 syllogismis,

181 1232 467 1287 similiter
499 1238 693 1288 autem
741 1239 797 1289 et
828 1232 887 1288 in
939 1233 1261 1304 privativis.
1308 1232 1592 1300 Termini,
1629 1238 1845 1300 motus,

180 1322 435 1391 animal,
471 1322 696 1378 album.

850 1412 1086 1468 CAPUT
1115 1412 1180 1467 X.

184 1499 258 1554 De
287 1499 487 1554 mixtis
519 1515 589 1555 ea:
612 1517 725 1555 una
755 1502 1070 1555 necessaria
1098 1510 1149 1555 et
1180 1501 1361 1555 altera
1390 1500 1642 1555 absoluta
1670 1500 1729 1554 in
1758 1515 1845 1553 se-

810 1572 991 1627 cunda
1019 1573 1227 1644 ﬁgura.

259 1678 324 1731 In
356 1678 619 1732 secunda
642 1682 837 1733 autem
865 1678 1051 1750 ﬁgura
1075 1680 1121 1733 si
1139 1677 1420 1749 privativa
1449 1677 1687 1748 quidem
1712 1692 1843 1748 pro-

183 1766 406 1839 positio
442 1767 790 1823 universalis
818 1768 895 1823 sit
925 1772 983 1824 et
1014 1769 1363 1835 necessaria,
1406 1766 1703 1823 conclusio
1734 1765 1846 1820 erit

183 1856 546 1912 necessaria.
580 1856 640 1911 Si
670 1862 867 1912 autem
905 1857 1298 1929 przedicativa,
1346 1874 1461 1912 non
1495 1855 1840 1911 necessaria.

1952 521 2219 591 versalis,
2252 529 2310 577 et
2331 525 2681 580 necessaria.
2706 530 2762 579 et
2776 533 3027 597 ponatur
3049 528 3119 581 ad
3143 529 3171 581 Ι)
3199 530 3437 599 quidem
3459 547 3604 599 prm-

1955 610 2295 676 dicativum,
2320 613 2368 666 si
2397 628 2533 684 ergo
2564 631 2596 666 a
2626 614 2785 668 omni
2821 616 2852 669 ὁ
2884 632 2951 670 ex
2981 618 3326 672 necessitate
3373 618 3544 687 inest,
3579 636 3607 673 ε

1955 704 2149 753 autem
2172 700 2345 755 alicui
2372 720 2485 756 non
2509 702 2967 773 inest,quoniam
2994 723 3107 759 non
3133 705 3307 761 inerit
3329 710 3358 761 b
3382 706 3555 761 alicui
3575 724 3603 762 c

1955 789 2359 857 manifestum,
2378 792 2478 844 sed
2504 808 2618 845 non
2642 808 2710 845 ex
2730 794 3094 848 necessitate.
3114 794 3260 848 Nam
3282 795 3458 849 iidem
3482 801 3598 850 ter-

1954 876 2367 946 minteruntad
2390 879 3078 952 demonstrationem,qui
3096 885 3153 936 in
3177 883 3602 939 universalibus

1953 966 2312 1037 syllogismis
2340 985 2352 1022 :
2378 970 2475 1022 sed
2504 984 2610 1023 nec
2627 968 2676 1023 si
2702 969 2989 1039 privativa
3012 972 3342 1027 necessaria
3363 978 3451 1027 est
3473 990 3603 1043 par-

1952 1054 2272 1109 ticulariter
2304 1061 2557 1127 sumpta,
2591 1058 2700 1111 erit
2732 1058 3030 1113 conclusio
3064 1061 3411 1116 necessaria.
3451 1062 3597 1117 Nam

1953 1161 2054 1215 per
2082 1144 2319 1199 eosdem
2350 1146 2633 1200 terminos
2668 1147 3113 1203 demonstratio.

2589 1253 2823 1309 SAPUT
2869 1254 2964 1311 XI.

1954 1341 2024 1395 De
2060 1341 2395 1410 syllogismis
2425 1342 2619 1396 mixtis
2650 1359 2721 1397 ea:
2749 1342 2939 1398 altera
2986 1347 3295 1401 necessaria
3324 1353 3375 1402 et
3420 1348 3599 1403 altera

2388 1413 2647 1468 absoluta
2669 1413 2730 1468 in
2758 1416 2922 1470 tertia
2953 1416 3150 1486 ﬁgura.

2024 1502 2084 1554 In
2108 1508 2399 1570 postrema
2421 1506 2612 1557 autem
2633 1503 2815 1571 ﬁgura
2830 1504 3094 1559 terminis
3118 1506 3354 1575 quidem
3374 1509 3601 1563 univer-

1950 1587 2175 1644 salibus
2206 1589 2277 1644 ad
2302 1590 2589 1656 medium,
2612 1595 2668 1645 et
2690 1591 3075 1661 praedicativis
3097 1594 3364 1666 utrisque
3387 1613 3598 1668 propo-

1950 1677 2286 1745 sitionibus,
2318 1678 2367 1733 si
2399 1678 2680 1734 utralibet
2736 1681 2814 1735 sit
2842 1683 3193 1747 necessaria,
3216 1688 3272 1737 et
3301 1685 3599 1741 conclusio

1950 1766 2058 1819 erit
2090 1766 2439 1821 necessaria.
2473 1767 2532 1821 Si
2558 1773 2752 1823 autem
2786 1768 2907 1823 hac
2929 1770 3166 1841 quidem
3189 1772 3268 1826 sit
3299 1772 3599 1842 privativa,

1951 1852 2051 1909 illa
2068 1872 2200 1909 vero
2225 1856 2852 1927 prardicativa,quando
2868 1858 3152 1929 privativa
3176 1860 3412 1930 quidem
3430 1861 3605 1917 fuerit

1952 1944 2302 2009 necessaria,
2335 1949 2394 1999 et
2424 1944 2720 2000 conclusio
2744 1946 2853 2000 erit
2878 1949 3474 2021 necessaria,quando
3497 1967 3601 2005 au-

1952 2036 2067 2087 tem
2090 2032 2607 2104 praedicativamon
2634 2034 3104 2092 eritnecessaria.
3137 2038 3265 2092 Sint
3296 2038 3451 2095 enim
3476 2041 3601 2111 pri-

1953 2138 2112 2175 mum
2145 2126 2404 2193 utrasque
2437 2122 2819 2192 praedicativaa
2854 2124 3302 2195 propositiones,
3336 2133 3394 2182 et
3423 2145 3457 2182 a
3488 2134 3544 2184 et
3576 2129 3605 2183 b

1956 2210 2113 2265 omni
2144 2227 2171 2265 ε
2200 2209 2406 2280 insint,
2430 2212 2763 2267 necessaria
2794 2218 2989 2267 autem
3049 2214 3128 2269 sit
3156 2232 3187 2268 a
3219 2231 3267 2282 ε,
3328 2218 3603 2286 quoniam

1956 2314 2092 2368 ergo
2117 2297 2145 2351 b
2167 2298 2325 2352 omni
2348 2315 2377 2353 ε
2397 2298 2570 2363 inest,
2594 2304 2707 2353 etc
2734 2298 2909 2354 alicui
2944 2301 2973 2354 ὸ
2997 2301 3269 2371 inerit,eo
3289 2306 3443 2374 quod
3468 2322 3604 2361 con-

1956 2386 2199 2440 sertitur
2219 2385 2570 2441 universalis
2592 2386 3046 2457 particulariter.
3072 2390 3261 2453 Quare
3313 2392 3360 2446 si
3392 2410 3425 2447 a
3456 2394 3607 2449 inest

1958 2475 2117 2529 omni
2141 2492 2169 2530 c
2198 2492 2266 2531 ex
2288 2476 2660 2541 necessitate,
2693 2480 2805 2532 etc
2837 2476 3010 2533 alicui
3044 2478 3095 2547 ὁ,
3118 2484 3175 2534 et
3203 2499 3234 2535 a
3256 2480 3427 2536 alicui
3456 2483 3606 2538 bne«

1955 2564 2280 2619 cessarium
2304 2564 2517 2634 inesse,
2552 2582 2686 2621 nam
2720 2566 2748 2620 b
2771 2568 2880 2621 sub
2903 2586 2931 2620 c
2960 2572 3071 2622 est.
3098 2569 3189 2623 Fit
3216 2569 3397 2640 igitur
3417 2572 3609 2642 prima

1959 2653 2167 2724 ﬁgura.
2198 2653 2481 2708 Similiter
2512 2658 2707 2708 autem
2737 2656 3097 2723 ostendetur,
3125 2662 3181 2711 et
3211 2658 3312 2711 sib
3335 2675 3363 2712 c
3384 2664 3472 2713 est
3502 2678 3606 2715 ne-

1958 2741 2232 2809 cessaria,
2257 2742 2614 2796 convertitur
2630 2742 2786 2797 enim
2809 2743 3029 2798 calicui
3052 2762 3297 2816 a,quare
3319 2747 3368 2801 si
3390 2748 3550 2802 omni
3581 2765 3609 2802 c

1957 2830 2111 2884 inest
2143 2831 2171 2883 b
2192 2848 2261 2884 ex
2292 2830 2657 2897 necessitate,
2684 2835 2739 2885 et
2762 2848 2796 2885 α
2818 2831 2991 2886 alicui
3020 2836 3049 2886 b
3071 2832 3247 2888 inerit
3268 2851 3334 2888 ex
3356 2836 3607 2891 necessi-

1958 2924 2095 2973 tate.
2132 2918 2386 2972 Rursum
2403 2919 2527 2972 sita
2547 2936 2574 2972 c
2603 2919 2840 2989 quidem
2862 2921 3165 2990 privativa,
3189 2923 3220 2977 b
3250 2939 3278 2976 ε
3303 2940 3434 2979 vero
3452 2925 3608 2978 affir-

182 1947 274 2001 Sit
294 1946 457 1999 enim
482 1945 737 2017 primum
763 1946 1045 2017 privativa
1068 1945 1483 2011 necessaria,et
1501 1963 1534 1999 a
1551 1945 1579 1999 b
1604 1943 1841 2014 quidem

180 2034 336 2089 nulli
366 2034 693 2105 contingat,
710 2039 944 2090 cautem
968 2035 1108 2090 insit
1125 2038 1384 2101 tantum;
1410 2033 1685 2104 quoniam
1707 2048 1842 2103 ergo

177 2123 551 2178 convertitur
567 2123 872 2194 privativa;
904 2128 961 2177 et
984 2123 1013 2177 b
1042 2121 1188 2177 nulli
1211 2140 1245 2178 a
1263 2121 1568 2193 contingit,
1593 2138 1626 2175 a
1648 2126 1841 2175 autem

175 2214 348 2269 omni
374 2229 404 2269 ε
428 2214 599 2281 inest,
625 2230 803 2283 quare
836 2213 983 2267 nulli
1006 2230 1033 2267 c
1060 2211 1347 2283 contingit
1372 2213 1421 2279 Ι),
1457 2228 1592 2266 nam
1623 2227 1652 2265 ο
1681 2210 1791 2264 sub
1814 2227 1847 2264 a

176 2308 301 2359 est.
335 2302 622 2359 Similiter
653 2306 849 2357 autem
884 2307 940 2356 et
972 2300 1021 2355 si
1052 2303 1119 2357 ad
1152 2305 1448 2372 cponatur
1472 2298 1847 2370 privativum,

175 2407 325 2447 nam
357 2392 407 2445 si
437 2409 470 2445 a
489 2407 518 2446 ε
536 2391 681 2445 nulli
706 2391 1017 2461 contingit,
1040 2395 1145 2445 etc
1169 2390 1315 2444 nulli
1339 2407 1373 2444 a
1395 2388 1610 2460 poterit
1634 2388 1846 2456 inesse,

175 2499 209 2535 a
230 2487 442 2535 autem
468 2480 626 2536 omni
654 2482 683 2535 ὁ
709 2480 877 2534 inest.
904 2479 1092 2542 Quare
1115 2479 1258 2534 nulli
1285 2494 1483 2533 eorum
1511 2494 1635 2548 quae
1660 2480 1799 2531 sunt
1821 2476 1849 2530 b

175 2572 481 2643 contingit
501 2588 546 2639 ε,
573 2572 635 2626 fit
654 2571 809 2627 enim
836 2572 1025 2644 prima
1045 2571 1252 2642 ﬁgura.
1277 2574 1533 2624 Rursum
1566 2585 1680 2623 non
1712 2583 1849 2637 ergo

175 2679 382 2734 neque
409 2662 440 2715 b
468 2661 581 2733 ipsi
603 2678 650 2729 ο,
682 2662 1038 2717 convertitur
1056 2660 1213 2716 enim
1240 2659 1533 2714 similiter.
1560 2658 1621 2713 Si
1653 2662 1850 2711 autem

173 2748 572 2820 prmdlcativa
594 2749 913 2819 propositio
935 2752 1024 2803 est
1055 2747 1406 2815 necessaria,
1427 2763 1541 2801 non
1576 2746 1698 2799 erit.
1716 2761 1849 2799 con-

174 2838 380 2893 clusio
405 2836 759 2903 necessaria,
782 2836 924 2891 insit
945 2835 1102 2891 enim
1120 2853 1153 2890 a
1169 2835 1327 2890 omni
1347 2836 1375 2888 b
1397 2852 1463 2889 ex
1480 2835 1848 2898 necessitate,

166 2944 200 2982 c
225 2934 440 2981 autem
470 2924 615 2979 nulli
648 2925 792 2980 insit
812 2929 1067 2991 tantum,
1092 2940 1373 2980 conversa
1388 2940 1524 2994 ergo
1544 2921 1849 2993 privativa,

168 3020 242 3072 ﬁt
279 3016 483 3087 prima
507 3016 714 3086 ﬁgura.
739 3015 1053 3071 Ostensum
1082 3020 1172 3070 est
1191 3020 1387 3069 autem
1410 3014 1467 3068 in
1492 3012 1681 3084 prima
1702 3026 1849 3082 quo-
1961 3007 2195 3073 mativa,
2230 3007 2558 3062 necessaria
2589 3013 2787 3063 autem
2826 3010 3133 3080 privativa,
3167 3014 3439 3083 quoniam
3476 3031 3612 3085 ergo

167 3108 344 3163 niam
377 3119 515 3159 cum
548 3120 662 3160 non
696 3108 785 3159 est
814 3104 1145 3159 necessaria
1178 3119 1307 3174 quae
1339 3102 1409 3157 ad
1444 3102 1727 3171 majorem
1761 3103 1851 3153 est
1893 3171 1921 3174 ω
1961 3098 2316 3153 convertitur
2332 3098 2701 3165 afﬁrmativa,
2723 3099 3131 3168 eritcalicuib,
3155 3108 3395 3158 aautem
3428 3105 3614 3160 nullic

176 3193 512 3268 privativa,
545 3208 649 3247 nec
677 3192 973 3248 conclusio
1004 3192 1114 3247 erit
1144 3171 1493 3257 necessaria,
1519 3190 1713 3261 fquare
1745 3203 1849 3242 nec
1880 3171 1923 3237 Ο
1963 3204 2029 3243 ex
2053 3186 2419 3253 necessitate,
2440 3202 2628 3258 neque
2658 3204 2691 3242 a
2713 3187 2887 3243 alicui
2914 3190 2943 3243 Ι)
2964 3188 3138 3244 inerit
3160 3208 3227 3245 ex
3246 3195 3616 3265 necessitate,

175 3286 243 3339 in
282 3282 387 3336 bis
410 3281 521 3335 erit
549 3297 615 3335 ex
636 3280 1003 3347 necessitate,
1027 3279 1294 3350 Amplius
1325 3282 1517 3333 autem
1539 3278 1586 3332 si
1614 3274 1849 3331 conclu-
1962 3293 2097 3331 nam
2120 3277 2148 3331 b
2170 3276 2280 3330 sub
2300 3292 2329 3329 ο
2349 3279 2457 3331 est.
2483 3274 2543 3330 Si
2559 3280 2755 3331 autem
2774 3278 3147 3347 praedicativa
3169 3280 3247 3334 sit
3265 3283 3617 3349 necessaria,

174 3375 275 3428 sio
309 3378 403 3426 est
430 3370 781 3439 necessaria,
814 3369 1025 3424 accidit
1058 3368 1281 3423 calicui
1313 3384 1347 3422 a
1389 3383 1502 3421 non
1562 3366 1755 3420 inesse
1784 3380 1853 3421 ex
1963 3382 2078 3419 non
2093 3364 2512 3419 eritconclusio
2530 3365 3621 3439 necessaria.Sitenimbcprzedicativa

180 3460 579 3524 necessitate,
613 3459 662 3514 si
693 3459 850 3514 enim
883 3460 912 3512 b
940 3457 1085 3513 nulli
1114 3474 1143 3513 ε
1172 3456 1327 3512 inest
1357 3473 1425 3511 ex
1482 3453 1852 3518 necessitate,
1961 3460 2017 3510 et
2048 3454 2403 3523 necessaria,
2427 3471 2459 3508 οι
2489 3459 2728 3509 cautem
2748 3455 3031 3527 privativa
3047 3464 3104 3512 et
3132 3475 3245 3513 non
3272 3462 3621 3529 necessario,

172 3566 389 3621 neque
412 3546 608 3602 cnulli
633 3548 661 3601 δ
683 3547 860 3602 inerit
876 3564 941 3602 ex
961 3545 1332 3611 necessitate,
1364 3544 1595 3598 bautem
1629 3541 1856 3598 alicuia
1965 3544 2246 3615 quoniam
2280 3559 2416 3614 ergo
2448 3545 2805 3599 convertitur
2823 3545 3198 3612 afﬁrmativa,
3220 3548 3391 3603 inerit
3407 3551 3623 3605 etcali-

173 3654 445 3695 necesse
475 3642 565 3692 est
594 3635 808 3702 inesse,
836 3634 1127 3706 siquidem
1152 3636 1258 3688 eta
1278 3632 1438 3688 omni
1464 3632 1493 3687 b
1514 3649 1582 3687 ex
1608 3629 1857 3686 necessi-
1966 3631 2062 3687 cui
2096 3632 2124 3686 b
2157 3648 2225 3686 ex
2256 3632 2623 3687 necessitate.
2648 3632 2838 3695 Quare
2858 3634 2961 3688 sia
2994 3636 3229 3704 quidem
3258 3637 3619 3693 nullieorum

173 3734 311 3783 tate
348 3728 563 3791 inerat,
597 3741 780 3797 quare
808 3741 837 3780 ο
861 3740 1098 3779 necesse
1128 3726 1217 3778 est
1243 3721 1417 3776 alicui
1449 3737 1611 3776 anon
1643 3720 1856 3786 inesse,
1970 3739 2096 3792 quae
2121 3726 2258 3776 sunt
2277 3737 2306 3775 ε
2327 3720 2735 3785 inest,cautem
2760 3720 2931 3776 alicui
2957 3740 3158 3778 eorum
3184 3729 3503 3796 quaesuntb
3525 3733 3619 3783 eta

171 3818 292 3873 sed
328 3813 479 3870 nihil
500 3815 772 3885 prohibet
798 3831 831 3868 a
863 3811 1208 3883 hujusmodi
1228 3810 1513 3881 accipere,
1539 3810 1631 3864 cui
1655 3810 1813 3864 omni
1835 3825 1863 3863 ο
1972 3810 2360 3865 alicuieorum
2386 3825 2512 3879 quaa
2536 3814 2677 3864 sunt
2698 3812 2727 3864 b
2747 3827 2862 3865 non
2888 3812 3182 3880 inerit,sed
3211 3833 3321 3869 non
3339 3834 3406 3871 ex
3430 3835 3623 3872 neces-

168 3906 505 3974 contingat
522 3902 1015 3972 inesse.Amplius
1037 3905 1093 3955 et
1115 3899 1166 3955 si
1187 3898 1468 3954 terminos
1486 3901 1769 3969 ponentes
1790 3896 1867 3951 sit
1973 3897 2490 3954 sitate.0stensum
2514 3902 2605 3953 est
2635 3898 2793 3953 enim
2827 3900 2883 3953 in
2918 3901 3107 3971 prima
3136 3902 3322 3975 figura
3344 3907 3621 3976 quoniam

170 3992 532 4058 ostendere,
562 3989 848 4062 quoniam
878 3986 1177 4043 conclusio
1237 4002 1348 4041 non
1401 3995 1486 4040 est
1544 3983 1869 4040 necessaria
1976 3988 2257 4060 privativa
2278 3986 2676 4057 propositione
2702 3989 3054 4055 necessaria,
3075 4008 3177 4045 nec
3200 3992 3499 4048 conclusio
3518 3994 3629 4049 erit

175 4079 577 4150 simpliciter.
602 4078 671 4132 Et
689 4078 780 4132 bis
804 4076 1213 4141 existentibus,
1240 4072 1638 4129 necessarium
1663 4078 1727 4128 ut
1743 4072 1869 4128 sita
1977 4074 2328 4131 necessaria.
2352 4074 2621 4145 Amplius
2638 4080 2829 4130 autem
2848 4082 2903 4130 et
2918 4094 3019 4147 per
3040 4080 3320 4134 terminos
3343 4081 3419 4135 sit
3439 4083 3628 4135 mani-

176 4169 452 4232 animal,
487 4168 517 4222 b
549 4182 683 4221 vero
716 4166 915 4232 homo,
949 4182 977 4221 c
1000 4170 1195 4220 autem
1239 4163 1461 4232 album,
1496 4168 1552 4216 et
1602 4161 1871 4217 similiter
1981 4167 2221 4233 festum,
2254 4163 2332 4219 sit
2362 4164 2516 4218 enim
2549 4163 2838 4233 equidem
2868 4165 3085 4219 bonum
3114 4166 3168 4219 in
3194 4183 3306 4237 quo
3343 4169 3627 4236 banimal,

190 4256 655 4331 propositiones
687 4259 933 4327 sumptae
959 4255 1097 4320 sint,
1130 4253 1421 4324 contingit
1449 4251 1604 4307 enim
1652 4250 1871 4306 animal
1982 4271 2009 4310 c
2030 4258 2224 4308 autem
2258 4268 2466 4323 equus,
2500 4268 2637 4323 ergo
2671 4252 2889 4306 bonum
2914 4254 3151 4323 quidem
3178 4256 3462 4327 contingit
3485 4258 3633 4313 nulli

174 4346 357 4405 nulli
396 4346 530 4402 albo
564 4347 780 4415 inesse,
809 4360 923 4400 non
959 4344 1130 4398 inerit
1159 4358 1296 4414 ergo
1329 4357 1433 4396 nec
1486 4340 1660 4395 homo
1721 4339 1871 4394 nulli
1984 4360 2131 4411 equo
2157 4343 2374 4407 inesse,
2405 4340 2624 4395 animal
2656 4357 2791 4394 vero
2826 4357 3062 4397 necesse
3127 4348 3216 4398 est
3272 4346 3429 4399 omni
3483 4364 3632 4417 equo

178 4438 371 4501 albo,
406 4435 508 4491 sed
543 4451 659 4489 non
691 4450 762 4490 ex
784 4433 1154 4489 necessitate.
1184 4430 1479 4501 Contingit
1498 4429 1655 4485 enim
1678 4428 1873 4483 bomi-
1986 4434 2202 4498 inesse,
2229 4431 2330 4485 sed
2366 4447 2480 4485 non
2502 4445 2739 4484 necesse
2760 4434 2851 4485 est
2874 4430 3109 4503 aliquod
3135 4433 3351 4490 animal
3375 4453 3489 4490 non
3508 4452 3638 4492 esse

175 4540 353 4583 nem
376 4524 503 4579 ﬁeri
526 4522 752 4593 album,
777 4539 893 4578 non
919 4527 1112 4578 tamen
1127 4522 1311 4576 donec
1334 4518 1555 4575 animal
1578 4516 1723 4572 nulli
1747 4517 1878 4572 albo
1913 4532 1958 4596 ι)
1990 4521 2232 4585 bonum,
2268 4518 2556 4588 siquidem
2590 4517 2874 4589 contingit
2905 4535 3077 4575 omne
3107 4538 3237 4577 esse
3258 4523 3499 4579 bonum.
3522 4532 3641 4580 Aut

174 4618 257 4672 in
274 4614 594 4685 sit,quare
616 4630 750 4668 cum
771 4612 893 4667 haec
916 4611 1054 4681 sint,
1078 4609 1410 4666 necessaria
1431 4609 1542 4663 erit
1563 4606 1885 4673 conclusio,
1999 4608 2177 4664 sinon
2194 4606 2303 4662 hoc
2320 4606 2621 4678 possibile,
2645 4608 2748 4662 sed
2772 4607 3038 4680 vigilare,
3061 4610 3145 4666 vel
3168 4612 3419 4668 dormire
3444 4615 3643 4669 termi-

172 4702 582 4773 simpliciter
602 4706 801 4758 autem
822 4717 934 4756 non
960 4696 1598 4756 necessaria.Similiter
1618 4702 1810 4751 autem
1828 4712 1891 4751 se
2004 4714 2142 4752 num
2168 4695 2524 4767 ponendum.
2546 4695 2728 4751 Omne
2744 4698 2899 4750 enim
2922 4698 3137 4753 animal
3158 4703 3534 4774 susceptibile
3557 4709 3647 4759 est

176 4792 613 4849 babebitetin
637 4786 1735 4861 particularibussyllogismis,quando
1759 4786 1881 4856 pri-
1998 4787 2229 4841 horum.
2263 4786 2319 4838 Si
2355 4784 2534 4855 igitur
2560 4784 2795 4839 termini
2829 4787 3232 4845 universaliter
3279 4792 3348 4845 ad
3386 4793 3644 4848 medium

174 4881 409 4941 vativa
442 4881 685 4952 quidem
718 4879 1063 4951 propositio,
1096 4883 1153 4934 et
1184 4876 1533 4933 universalis
1581 4875 1774 4945 fuerit,
1829 4880 1888 4930 et
1999 4875 2139 4940 sint,
2160 4873 2381 4928 dictum
2404 4878 2493 4929 est
2514 4875 2750 4938 quando
2780 4875 2889 4929 erit
2910 4876 3208 4933 conclusio
3232 4882 3652 4937 necessaria.Si

180 4971 584 5038 necessaria,
619 4975 677 5025 et
720 4969 1021 5026 conclusio
1078 4967 1191 5024 erit
1244 4964 1593 5022 necessaria.
1643 4966 1887 5028 Quando
2002 4971 2197 5020 autem
2222 4962 2316 5017 hic
2341 4962 2580 5033 quidem
2606 4962 2978 5030 universalis,
3004 4966 3098 5022 ille
3118 4985 3251 5022 vero
3276 4970 3651 5041 particularis

184 5065 427 5120 autem
455 5059 831 5131 praedicativa
849 5055 1197 5114 universalis
1218 5056 1395 5111 fuerit
1415 5054 1890 5125 necessaria,pri-
2006 5052 2414 5126 przedicativus
2433 5056 2696 5122 uterque,
2721 5055 2957 5124 quando
2988 5056 3333 5114 universalis
3358 5060 3529 5115 fuerit
3553 5076 3652 5114 ne-

182 5147 425 5205 vativa
456 5165 590 5203 vero
624 5146 1001 5219 particularis
1051 5163 1167 5201 non
1220 5143 1571 5211 necessaria,
1619 5160 1734 5198 non
1786 5142 1897 5199 erit
2007 5141 2320 5208 cessarius,
2355 5145 2411 5197 et
2438 5141 2735 5197 conclusio
2767 5143 2878 5198 erit
2900 5148 3249 5202 necessaria.
3274 5154 3652 5204 Demonstra-

181 5257 283 5296 co
300 5236 534 5293 nclusio
557 5236 908 5293 necessaria.
943 5235 1030 5290 Sit
1052 5235 1207 5290 enim
1234 5233 1491 5305 primum
1527 5233 1899 5304 privativa,et
2008 5232 2088 5285 tio
2112 5234 2307 5285 autem
2330 5230 2528 5284 eadem
2553 5246 2677 5298 quae
2702 5230 3255 5301 prius,convertitur
3274 5238 3431 5291 enim
3450 5242 3507 5292 et
3530 5255 3655 5307 par-

190 5325 591 5385 universalis
614 5325 969 5391 necessaria,
994 5328 1050 5379 et
1070 5324 1146 5379 ab
1169 5324 1406 5395 quidem
1434 5321 1578 5377 nulli
1596 5323 1900 5394 contingat
2012 5318 2276 5375 ticularis
2308 5318 2676 5374 afﬁrmativa.
2710 5320 2765 5374 Si
2797 5338 2932 5394 ergo
2966 5340 3202 5380 necesse
3231 5330 3318 5380 est
3348 5327 3377 5381 b
3435 5328 3593 5382 omni
3626 5343 3654 5381 ο

198 5420 464 5479 inesse,
484 5432 513 5470 ε
536 5420 732 5471 autem
757 5414 933 5469 alicui
956 5413 1121 5481 insit,
1144 5413 1422 5484 quoniam
1449 5428 1586 5482 ergo
1611 5414 1899 5466 converti-
2013 5410 2226 5477 inesse,
2258 5423 2295 5462 a
2325 5412 2521 5462 autem
2554 5410 2664 5464 sub
2697 5425 2724 5463 ο
2753 5416 2862 5475 est,
2897 5428 3131 5468 necesse
3187 5421 3273 5469 est
3335 5416 3363 5469 b
3421 5416 3593 5471 alicui
3624 5433 3660 5469 α

202 5515 350 5564 tur
377 5505 680 5574 privativa,
705 5509 762 5559 et
792 5505 823 5559 b
844 5502 989 5559 nulli
1012 5520 1048 5557 α
1077 5502 1375 5573 continget
1404 5500 1617 5567 inesse,
1646 5518 1682 5556 α
1704 5508 1902 5556 autem
2017 5497 2293 5553 inesse.Si
2326 5501 2519 5552 autem
2554 5497 2583 5551 b
2613 5498 2787 5553 alicui
2814 5517 2869 5565 a,
2901 5507 2958 5556 et
2984 5519 3024 5555 α
3054 5502 3227 5557 alicui
3261 5505 3290 5558 ὁ
3319 5504 3512 5559 inesse
3557 5522 3659 5559 ne-

191 5592 465 5653 alicuic
485 5592 663 5661 inest,
689 5608 868 5662 quare
891 5606 959 5646 ex
979 5589 1326 5646 necessitate
1349 5586 1523 5643 alicui
1552 5603 1755 5643 eorum
1778 5604 1905 5659 quis
2019 5586 2364 5653 cessarium,
2399 5587 2757 5643 convertitur
2784 5590 2963 5645 enim.
2998 5590 3280 5648 Similiter
3306 5600 3501 5648 autem
3533 5598 3588 5649 et
3610 5594 3661 5650 si

522 5710 795 5775 Panos.
844 5707 1047 5769 LXIV.
3297 5710 3369 5767 21
