4070 6170
520 330 621 386 671

1790 335 1913 388 ΔΝ.
1955 330 2152 386 ΜΑΝι

2263 330 2371 382 κν.
2414 330 2654 384 ΒΟΒἹἸΙ
3756 337 3841 390 672

519 455 701 512 dia.Si
734 460 927 511 autem
962 456 1136 510 alicui
1168 473 1281 511 non
1315 457 1627 527 inesse,cui
1658 457 1897 529 quidem
1931 457 2157 527 oportet
2187 454 2235 519 Α
2267 454 2521 524 gendum
2554 470 2917 526 quaecunque
2947 455 3222 510 omnibus
3268 460 3602 527 sequuntur,
3639 475 3696 514 eo
3720 465 3836 531 quod

520 562 632 600 non
671 546 1014 615 inesse,quze
1034 545 1430 616 consequitur:
1466 547 1614 617 quod
1654 563 1786 601 vero
1809 563 1921 600 non
1945 544 2155 608 inesse,

520 652 647 707 quae
681 651 793 688 non
815 634 1089 702 possibile
1109 639 1191 688 est
1218 634 1299 687 illi
1321 635 1534 692 inesse.
1556 635 1611 689 Si
1636 636 1790 689 enim
1816 633 2035 705 aliquid
2062 631 2155 685 ho.

514 742 642 778 rum
677 723 753 776 sit
779 723 956 789 idem,
991 739 1226 778 necesse
1257 728 1346 778 est
1375 723 1548 779 alicui
1582 742 1694 780 non
1715 725 1926 779 inesse.
1969 719 2155 792 Magis

508 816 702 867 autem
731 812 975 867 fortasse
1004 812 1114 867 erit
1156 812 1263 882 sic,
1302 814 1764 885 unumquodque
1797 828 1998 867 eorum
2028 827 2153 881 quas

503 902 655 956 dicta
684 906 822 955 sunt
845 901 1247 958 manifestum.
1270 902 1397 957 Sint
1418 902 1574 957 enim
1596 901 1903 973 sequentia
1921 900 2153 970 quidem

509 1009 563 1057 a,
598 991 652 1043 in
688 990 904 1060 quibus
936 991 986 1059 b,
1019 1006 1149 1060 quae
1176 996 1368 1046 autem
1395 992 1586 1061 ipsum
1616 991 1898 1062 sequitur,
1942 989 1998 1043 in
2024 988 2156 1059 qui—

512 1081 645 1139 bus,
677 1096 859 1150 c,qua:
891 1085 1082 1134 autem
1116 1096 1230 1133 non
1263 1081 1611 1151 contingunt
1635 1080 1684 1134 ei
1710 1078 1987 1145 inesse,in
2020 1075 2152 1147 qui-

510 1172 641 1236 bus,
668 1172 706 1224 d
736 1186 971 1225 rursum
995 1175 1187 1225 autem
1213 1170 1322 1241 ipsi
1345 1186 1375 1225 ε
1406 1187 1529 1240 ι]οω
1569 1171 1802 1241 quidem
1838 1170 2060 1235 insunt,
2092 1166 2151 1220 in

513 1262 729 1331 quibus
758 1266 803 1331 χ’,
837 1278 962 1331 quas
993 1268 1188 1315 autem
1220 1261 1418 1331 ipsum
1452 1262 1737 1329 sequitur,
1771 1260 1829 1314 in
1853 1260 2065 1332 quibus
2096 1277 2149 1329 g,

506 1367 631 1421 qua:
663 1354 860 1404 autem
890 1366 1002 1404 non
1025 1349 1373 1421 contingunt
1394 1349 1582 1405 eidem
1606 1349 1819 1416 inesse,
1844 1348 1903 1403 in
1935 1348 2151 1419 quibus

506 1439 560 1493 h.
596 1439 653 1492 Si
688 1456 823 1510 ergo
846 1439 1033 1494 eidem
1068 1438 1286 1510 aliquid
1331 1455 1534 1494 eorum
1565 1456 1690 1509 quis
1723 1442 1862 1493 sunt
1892 1454 1939 1507 c,
1974 1437 2151 1491 alicui

506 1546 710 1584 eorum
744 1546 869 1599 quas
893 1534 1031 1584 sunt
1048 1529 1095 1601 f,
1120 1544 1357 1584 necesse
1378 1534 1468 1584 est
1497 1530 1707 1584 aomni
1738 1545 1767 1585 e
1785 1529 1993 1596 inesse,
2018 1543 2150 1580 nam

510 1620 799 1690 fquidem
850 1618 1009 1672 omni
1034 1634 1081 1686 δ,
1114 1634 1160 1684 c,
1191 1623 1385 1672 autem
1434 1619 1590 1673 omni
1619 1635 1673 1687 a,
1706 1634 1886 1690 quare
1934 1614 2092 1671 omni
2125 1631 2155 1670 ε

510 1710 683 1763 inest.
715 1707 770 1761 Si
802 1712 995 1762 autem
1027 1723 1057 1762 c
1112 1712 1167 1761 et
1199 1725 1231 1777 g
1287 1707 1465 1774 idem,
1514 1724 1749 1763 necesse
1791 1715 1878 1762 est
1920 1704 2095 1760 alicui
2125 1720 2154 1759 ε

2269 542 2471 597 nullus
2496 545 2588 597 ﬁat
2611 544 2990 615 syllogismus
3010 562 3077 599 ex
3097 545 3400 614 ipsis,nam
3425 552 3726 603 construere
3742 550 3839 620 qui-

2269 632 2398 687 dem
2419 650 2531 687 non
2557 635 2792 689 omnino
2814 640 2937 689 erat
2958 651 3025 689 ex
3047 635 3657 705 sequentibus,privare
3690 644 3839 695 autem

2268 739 2382 778 non
2406 724 2693 795 contingit
2714 740 2818 795 per
2837 740 2905 778 ea
2926 740 3048 795 qua:
3072 724 3347 780 omnibus
3367 731 3688 795 sequuntur,
3708 744 3842 797 opor-

2266 818 2347 870 tet
2378 813 2514 870 huic
2546 814 2782 886 quidem
2813 812 3027 883 inesse,
3060 812 3145 868 illi
3170 830 3299 868 vero
3332 831 3442 869 non
3475 815 3669 871 inesse.
3698 818 3843 871 Mani-

2264 910 2482 968 festum
2507 910 2702 960 autem
2726 904 3002 976 quoniam
3029 908 3086 958 et
3112 903 3235 959 alia:
3258 904 3723 962 considerationes
3744 923 3841 979 quae

2262 996 2586 1053 secundum
2622 994 2954 1058 electiones,
2988 992 3223 1049 inutiles
3259 994 3331 1048 ad
3364 995 3673 1050 faciendum
3702 996 3842 1067 syllo-

2262 1087 2536 1156 gismum.
2573 1084 2643 1140 Ut
2673 1085 2719 1139 si
2751 1083 3061 1155 sequentia
3080 1088 3397 1155 utrumque
3420 1085 3608 1139 eadem
3630 1085 3748 1151 sint,
3767 1092 3844 1140 aut

2262 1192 2389 1248 qua:
2419 1175 2687 1246 sequitur
2716 1192 2770 1241 α,
2799 1180 2853 1229 et
2884 1190 3009 1245 quae
3043 1190 3157 1228 non
3191 1173 3477 1245 contingit
3503 1191 3531 1230 e
3559 1175 3743 1243 inesse,
3768 1183 3845 1231 aut

2262 1285 2496 1327 rursum
2514 1280 2879 1338 quaecunque
2898 1280 3009 1319 non
3038 1263 3316 1335 possibile
3333 1268 3420 1319 est
3441 1265 3656 1335 utrique
3672 1266 3842 1319 inesse.

2262 1378 2376 1416 non
2410 1358 2562 1414 enim
2584 1357 2649 1410 ﬁt
2670 1354 3046 1427 syllogismus
3069 1371 3168 1425 per
3188 1354 3333 1409 hmo.
3358 1355 3499 1411 Nam
3526 1355 3570 1409 si
3593 1354 3841 1426 sequentia

2262 1453 2403 1506 sunt
2431 1446 2655 1513 eadem,
2682 1449 2747 1498 ut
2770 1445 2799 1499 ιι
2829 1448 2885 1499 et
2912 1446 2959 1514 Γ,
2994 1443 3186 1497 media
3210 1443 3274 1498 ﬁt
3296 1443 3480 1515 ﬁgura
3503 1444 3840 1515 praedicativas

2262 1538 2485 1594 habens
2517 1541 2797 1605 utrasque
2823 1531 3270 1605 propositiones.
3294 1533 3351 1586 Si
3372 1538 3557 1588 autem
3575 1550 3634 1587 ea
3647 1549 3752 1603 quas
3771 1548 3842 1586 se-

2262 1626 2484 1699 quitur,
2516 1642 2571 1691 a,
2608 1631 2658 1678 et
2692 1640 2820 1694 qua:
2846 1638 2958 1676 non
2991 1622 3278 1692 contingit
3306 1638 3355 1690 ε,
3388 1627 3453 1676 ut
3478 1638 3524 1689 c,
3555 1620 3674 1686 eth,
3698 1621 3842 1691 prima

2261 1717 2370 1772 erit
2402 1716 2589 1786 ﬁgura
2621 1711 2959 1784 privativam
2980 1711 3204 1765 habens
3224 1710 3659 1782 prapositionem
3681 1710 3740 1764 ad
3761 1709 3841 1763 mi-

510 1798 705 1852 incsse
736 1814 789 1860 α,
825 1813 954 1851 nam
988 1796 1041 1850 id
1093 1798 1247 1867 (100d
1275 1800 1363 1851 est
1393 1813 1421 1851 ϐ
1466 1814 1520 1863 α,
1556 1814 1687 1851 VBPO
1720 1797 1871 1868 QUOd
1924 1800 2013 1850 est
2040 1812 2071 1865 9
2101 1810 2149 1860 ϐ,
2185 1823 2231 1887 Β
2264 1822 2459 1862 norem
2482 1801 2931 1860 extremitatem.
2957 1800 3230 1856 Siautem
3255 1816 3607 1871 quaecunque
3625 1816 3718 1854 non
3738 1815 3841 1852 con-

507 1904 676 1941 omne
707 1887 756 1940 ei
790 1887 1076 1957 sequitur.
1102 1886 1374 1941 Siautem
1391 1888 1492 1960 fet
1522 1886 1697 1941 dsint
1723 1888 1901 1954 idem,
1937 1885 2082 1940 nulli
2123 1903 2152 1941 e

506 1976 679 2030 inerit
708 1992 773 2029 ex
807 1974 1038 2048 proprio
1069 1974 1429 2047 syllogismo,
1486 1976 1765 2047 quoniam
1823 1975 1978 2030 enim
2013 1991 2152 2029 con~

503 2065 748 2119 vertitur
774 2064 1079 2136 privativa,
1127 2068 1184 2118 et
1210 2068 1233 2134 /
1264 2067 1315 2119 ei
1364 2066 1518 2135 quod
1551 2068 1641 2119 est
1670 2066 1707 2120 ά
1752 2065 1931 2131 idem,
1966 2062 2158 2133 nulli]

503 2154 678 2208 inerit
708 2171 762 2220 α,
794 2157 819 2224 f
865 2158 1061 2208 autem
1094 2153 1255 2207 omni
1313 2170 1360 2209 ε.
1391 2158 1619 2209 Rursus
1660 2154 1707 2209 si
1742 2153 1770 2207 b
1818 2158 1873 2208 et
1916 2152 1950 2206 h
1980 2151 2154 2218 idem,

504 2243 647 2298 nulli
681 2260 709 2298 ε
743 2243 917 2297 inerit
948 2260 999 2307 a,
1036 2259 1170 2297 nam
1206 2242 1235 2296 b
1265 2260 1299 2297 α
1330 2242 1566 2314 quidem
1589 2242 1770 2311 omni,
1793 2243 1841 2297 ei
1877 2246 2070 2297 autem
2097 2243 2153 2295 in

511 2352 625 2405 quo
657 2352 685 2388 ι’
716 2332 861 2387 nulli
893 2332 1083 2387 inerit.
1107 2333 1264 2387 Idem
1289 2332 1445 2387 enim
1464 2338 1587 2387 erat
1604 2333 1653 2388 ei
1686 2337 1837 2402 quod
1873 2337 1961 2386 est
1985 2331 2041 2397 h,
2087 2332 2153 2399 b;

507 2427 542 2480 Ιι
574 2430 766 2479 autem
800 2421 949 2477 nulli
970 2438 999 2477 e
1025 2422 1229 2476 inerat.
1250 2421 1309 2476 Si
1343 2427 1537 2477 autem
1558 2440 1592 2490 g
1622 2427 1677 2477 et
1698 2422 1733 2476 ά
1759 2422 1935 2488 idem,
1967 2438 2022 2483 a,
2047 2420 2155 2475 ali-

508 2515 600 2570 cui
631 2531 662 2568 e
711 2530 823 2568 non
859 2511 1053 2579 inerit,
1078 2528 1213 2566 nam
1249 2512 1301 2566 ei
1333 2512 1486 2582 quod
1540 2515 1630 2566 est
1658 2529 1690 2582 9
1732 2529 1845 2566 non
1896 2511 2070 2566 inerit
2098 2529 2153 2577 a,

506 2603 779 2676 quoniam
813 2618 1000 2670 neque
1021 2601 1073 2666 ά,
1105 2618 1138 2671 9
1170 2606 1359 2656 autem
1382 2601 1492 2656 sub
1518 2617 1547 2656 ε
1577 2607 1689 2668 est,
1723 2617 1903 2673 quare
1934 2601 2107 2656 alicui
2129 2618 2158 2655 ε

504 2712 617 2749 non
654 2692 844 2747 inerit.
870 2691 929 2746 Si
950 2695 1143 2746 autem
1167 2707 1199 2761 9
1231 2694 1289 2745 et
1310 2691 1340 2744 b
1364 2689 1540 2757 idem,
1562 2706 1878 2745 conversus
1909 2689 2017 2745 erit
2038 2690 2158 2762 syl-

502 2784 813 2854 logismus,
844 2798 977 2836 nam
1009 2798 1041 2851 g
1074 2780 1251 2835 inerit
1279 2780 1438 2835 omni
1471 2796 1525 2843 a,
1558 2796 1693 2834 nam
1728 2782 1757 2833 b
1806 2780 1856 2835 ei
1883 2781 2033 2851 quod
2066 2785 2157 2835 est

506 2892 561 2941 a,
595 2889 622 2927 e
654 2877 847 2926 autem
872 2871 922 2925 ei
974 2871 1129 2940 quod
1166 2874 1257 2924 est
1284 2869 1337 2933 ὁ,
1369 2868 1523 2924 idem
1555 2870 1711 2924 enim
1761 2873 1885 2924 erat
1914 2868 1966 2924 ei
1998 2869 2150 2940 quod

501 2966 589 3018 est
614 2980 666 3032 g,
700 2980 732 3015 a
763 2964 957 3016 autem
975 2959 1026 3014 ei
1072 2959 1221 3027 quod
1246 2962 1336 3014 est
1364 2975 1410 3027 ε,
1436 2959 1593 3013 omni
1622 2959 1858 3029 quidem
1892 2976 2005 3013 non
2052 2975 2156 3014 ne-

507 3052 829 3107 cessarium
859 3054 949 3105 est
979 3049 1193 3113 inesse,
1225 3049 1615 3105 alicuiautem
1646 3052 2067 3119 necessarium,
2089 3068 2154 3106 eo

502 3142 657 3213 quod
684 3144 1055 3194 convertatur
1077 3138 1404 3194 universale
1428 3139 1856 3207 praedicativum
1881 3140 1939 3194 in
1971 3140 2144 3211 parti-
2184 3174 2228 3243 α

504 3228 1099 3285 culare.Manifestum
1117 3244 1253 3300 ergo
1269 3229 1545 3299 quoniam
1562 3228 1633 3282 ad
1650 3230 1918 3300 praedicta
1935 3233 2152 3302 perspi-

503 3320 777 3373 ciendum
798 3318 1071 3387 utrinque
1092 3319 1147 3372 in
1184 3335 1538 3389 unaquaque
1561 3320 2015 3390 quzestione,per
2035 3321 2156 3376 haec

502 3408 659 3462 enim
694 3421 898 3460 omnes
931 3404 1279 3476 syllogismi.
1304 3406 1540 3477 Oportet
1588 3412 1783 3463 autem
1819 3413 1876 3463 et
1906 3424 2153 3480 sequen-

501 3495 736 3563 tium,et
758 3493 976 3564 quibus
1009 3494 1277 3564 sequitur
1297 3494 1694 3563 singulum,ad
1723 3496 1911 3566 prima
1940 3504 1998 3550 et
2021 3497 2153 3551 uni-

500 3582 749 3639 versalia
780 3582 1034 3637 maxime
1058 3582 1368 3654 inspicere,
1403 3588 1469 3637 ut
1498 3600 1526 3638 ε
1548 3585 1781 3653 quidem
1821 3585 2008 3656 magis
2031 3586 2101 3639 ad
2124 3586 2155 3640 k

501 3675 725 3743 [quam
760 3671 827 3723 ad
861 3674 887 3740 Ι
919 3670 1132 3736 solum,
1156 3686 1189 3724 a
1222 3674 1415 3724 autem
1449 3672 1515 3724 ad
1545 3670 1628 3725 kc
1658 3673 1847 3743 magis
1887 3689 2058 3742 quam
2082 3674 2153 3727 ad

504 3779 531 3816 ο
561 3762 772 3814 solum.
808 3758 866 3814 Si
898 3759 1053 3814 enim
1074 3759 1126 3813 ei
1157 3760 1311 3831 quod
1346 3764 1435 3813 est
1467 3759 1720 3829 kfinest
1748 3778 1804 3828 α,
1838 3766 1893 3814 et
1923 3760 1973 3815 ei
1998 3763 2152 3833 quod

504 3854 591 3903 est
612 3849 810 3917 [inest
841 3853 897 3903 et
929 3848 1040 3919 ipsi
1073 3865 1122 3916 ε,
1155 3849 1202 3903 si
1233 3865 1364 3903 vero
1386 3850 1630 3905 hoc‘non
1654 3849 1921 3920 sequitur
1943 3868 1995 3918 α,
2029 3866 2157 3919 pos-

501 3938 673 3995 sibile
703 3944 791 3992 est
824 3937 878 3992 id
915 3938 1069 4008 quod
1105 3941 1193 3992 est
1221 3938 1453 4009 fsequi.
1487 3937 1770 3993 Similiter
1796 3944 1991 3994 autem
2018 3945 2074 3994 et
2095 3940 2154 3993 in

505 4027 721 4100 quibus
751 4026 901 4081 idem
937 4027 1224 4097 sequitur,
1250 4027 1771 4093 considerandum,
1796 4044 1931 4083 nam
1952 4028 2001 4083 si
2034 4028 2151 4100 pri-

503 4118 634 4186 mis,
670 4120 725 4173 et
754 4116 829 4172 iis
862 4131 991 4188 quae
1024 4116 1135 4170 sub
1176 4115 1325 4188 ipsis
1349 4122 1508 4182 sunt,
1542 4118 1841 4187 sequitur;
1874 4118 1924 4173 si
1956 4123 2151 4174 autem

502 4225 612 4262 nou
644 4207 756 4275 his,
793 4211 850 4261 et
880 4207 954 4261 iis
989 4222 1118 4277 quas
1141 4206 1248 4260 sub
1270 4206 1416 4277 ipsis
1447 4210 1607 4272 sunt,
1634 4205 1931 4276 possibile.
1958 4206 2150 4263 Palam

502 4302 698 4352 autern
731 4297 1001 4367 quoniam
1026 4313 1127 4367 per
1155 4301 1272 4350 tres
1293 4295 1575 4351 terminos
1620 4302 1677 4351 et
1706 4296 1854 4351 duas
1890 4297 2151 4368 proposi-

500 4387 689 4440 tiones
723 4386 1133 4452 consideratio,
1168 4393 1219 4439 et
1253 4402 1353 4456 per
1384 4384 1687 4457 praedictas
1728 4385 1947 4456 ﬁguras
1977 4385 2153 4455 syllo-

501 4475 673 4547 gismi
691 4480 1289 4544 omnes,monstratur
1303 4476 1460 4531 enim
1491 4477 1651 4531 omni
1666 4477 1897 4547 quidem
1913 4491 1942 4530 e
1958 4476 2150 4532 inesse

2265 1897 2503 1965 tingunt
2536 1892 2789 1962 utrique,
2823 1899 2881 1944 ut
2913 1890 2947 1943 d
2978 1895 3036 1945 et
3064 1892 3119 1956 h,
3154 1890 3456 1959 privativa
3490 1896 3717 1959 utraeque
3738 1903 3839 1958 pro-

2267 1984 2587 2055 positiones
2617 1984 2791 2037 erunt
2817 1979 2907 2034 vel
2934 1979 2990 2034 in
3026 1980 3219 2050 prima
3246 1979 3451 2051 ﬁgura,
3484 1978 3564 2033 vel
3594 1977 3646 2032 in
3675 1976 3840 2042 media,

2265 2073 2346 2129 sic
2370 2077 2563 2127 autem
2589 2069 2745 2125 nullo
2771 2070 2940 2123 modo
2954 2068 3065 2123 erit
3087 2066 3671 2139 syllogismus.Palam
3692 2069 3841 2119 autem

2264 2168 2321 2218 et
2353 2178 2481 2233 quas
2514 2160 2737 2223 eadem,
2765 2158 3120 2213 sumendum
3146 2158 3471 2212 secundum
3497 2153 3840 2211 consideratio-

2266 2268 2418 2317 nem,
2453 2254 2509 2305 et
2552 2265 2666 2303 non
2702 2264 2829 2318 quas
2878 2247 3109 2301 diversa
3152 2247 3241 2301 vel
3292 2246 3594 2313 contraria,
3638 2244 3841 2315 primum

2264 2340 2501 2412 quidem
2536 2336 2813 2408 quoniam
2840 2334 3011 2389 medii
3045 2335 3260 2405 gratia,
3306 2334 3602 2407 inspectio,
3634 2332 3839 2387 medium

2263 2434 2457 2484 autem
2509 2442 2624 2480 non
2669 2424 2986 2489 diversum,
3031 2423 3132 2478 sed
3182 2423 3339 2477 idem
3389 2425 3601 2492 Oportet
3639 2433 3843 2475 sumere.

2268 2517 2480 2573 Deinde
2510 2515 2647 2570 etin
2680 2513 2898 2585 quibus
2929 2511 3139 2567 accidit
3170 2511 3299 2569 ﬁeri
3329 2510 3703 2584 syllogismum
3722 2504 3839 2578 quod

2263 2608 2574 2662 sumentur
2590 2601 2902 2667 contraria,
2922 2604 3024 2655 aut
3048 2616 3161 2656 non
3185 2600 3575 2671 contingentis
3597 2597 3758 2652 eidem
3776 2596 3842 2647 in-

2262 2711 2412 2759 esse,
2445 2694 2503 2747 in
2538 2691 2851 2763 praedictos
2880 2689 3078 2745 omnia
3109 2690 3470 2745 reducuntur
3498 2687 3697 2743 modos.
3724 2687 3781 2738 Ut
3805 2682 3841 2736 si

2264 2786 2295 2840 b
2325 2788 2381 2840 et
2407 2788 2436 2853 /
2462 2782 2581 2838 sint
2611 2779 2921 2847 contraria,
2956 2783 3058 2835 aut
3080 2795 3195 2834 non
3228 2778 3566 2849 contingant
3594 2776 3750 2831 eidem
3776 2771 3843 2825 in-

2263 2890 2411 2940 esse,
2446 2872 2557 2927 erit
2586 2871 2743 2926 enim
2776 2869 2869 2925 his
2905 2867 3161 2940 sumptis
3192 2868 3586 2941 syllogismus,
3618 2862 3840 2935 quoniam

2263 2963 2411 3019 nulli
2444 2977 2473 3017 θ
2502 2961 2675 3024 inest,
2710 2976 2764 3026 a,
2794 2958 2893 3013 sed
2946 2974 3060 3012 non
3094 2973 3163 3012 ex
3195 2957 3369 3028 ipsis,
3395 2958 3489 3012 sed
3536 2971 3597 3010 ex
3622 2951 3841 3024 pradicto

2266 3053 2460 3118 modo,
2493 3065 2630 3104 nam
2664 3048 2693 3101 b
2724 3065 2760 3102 a
2790 3046 3027 3117 quidem
3051 3046 3238 3112 omni,
3271 3062 3301 3101 e
3322 3049 3513 3100 autem
3536 3040 3664 3098 nulli
3689 3036 3840 3100 inerit,

2267 3157 2447 3215 quare
2478 3153 2713 3195 necesse
2764 3141 2851 3192 est
2884 3137 2912 3190 b
2951 3135 3107 3190 idem
3154 3150 3285 3191 esse
3332 3134 3501 3190 alicui
3530 3146 3707 3187 eorum
3747 3138 3842 3196 que

2267 3235 2407 3287 sunt
2438 3229 2494 3283 h.
2531 3230 2790 3283 Rursum
2823 3226 2871 3281 si
2899 3226 2928 3279 b
2948 3229 3004 3280 et
3030 3242 3062 3297 g
3082 3240 3197 3280 non
3221 3225 3451 3296 possint
3473 3224 3647 3279 eidem
3663 3218 3841 3278 adesse,

2263 3321 2372 3377 erit
2403 3318 2679 3388 quoniam
2739 3314 2914 3370 alicui
2946 3332 2978 3368 ε
3030 3330 3145 3369 non
3209 3313 3387 3370 inerit
3414 3331 3467 3379 a,
3524 3326 3646 3366 nam
3699 3311 3744 3361 et
3781 3302 3842 3357 sic

2266 3409 2461 3465 media
2490 3407 2600 3462 erit
2630 3406 2836 3477 ﬁgura,
2889 3420 3026 3459 nam
3062 3403 3092 3457 b
3119 3420 3153 3458 α
3194 3405 3435 3474 quidem
3476 3399 3643 3467 omni,
3669 3414 3714 3467 g,
3741 3406 3841 3477 vero

2264 3498 2410 3553 nulli
2442 3497 2642 3562 inerit,
2681 3476 2862 3566 quare
2911 3508 3147 3548 necesse
3195 3498 3291 3549 est
3316 3510 3349 3564 9
3382 3493 3526 3547 idem
3572 3503 3683 3544 esse
3706 3476 3840 3538 alicui

2263 3603 2463 3643 eorum
2494 3602 2620 3656 quae
2643 3582 2838 3646 sunt,d
2862 3598 2994 3637 nam
3022 3599 3133 3636 non
3158 3583 3493 3653 contingere
3521 3597 3549 3650 9
3571 3582 3621 3632 et
3648 3576 3673 3628 Ι)
3693 3571 3838 3627 eidem

2263 3676 2455 3732 inesse
2488 3673 2636 3729 nihil
2661 3672 2874 3739 differt,
2909 3676 3013 3726 aut
3039 3688 3071 3741 g
3097 3670 3277 3725 alicui
3307 3672 3340 3725 ά
3363 3671 3507 3725 idem
3527 3682 3659 3730 esse,
3687 3656 3841 3717 omnia

2264 3767 2419 3821 enim
2453 3768 2690 3834 sumpta
2721 3768 2871 3817 sunt
2902 3761 2962 3815 in
2985 3760 3040 3828 ά,
3075 3777 3202 3832 qua:
3236 3778 3352 3816 non
3392 3757 3751 3826 contingunta
3776 3746 3844 3800 in—

2262 3871 2411 3910 esse.
2448 3852 2819 3909 Manifestum
2851 3866 2988 3920 ergo
3014 3850 3295 3921 quoniam
3318 3846 3531 3904 existis
3552 3842 3757 3916 quidem
3775 3834 3841 3888 in-

2265 3940 2666 4012 spectionibus
2689 3938 2890 3993 nullus
2914 3938 2979 3991 iit
3003 3935 3404 4008 syllogismus,
3434 3940 3489 3990 et
3516 3932 3610 3989 sib
3636 3934 3683 3983 et
3707 3921 3841 3994 [sint

2263 4028 2738 4098 con.traria,idem
2771 4044 2900 4082 esse
2926 4027 2956 4080 b
2979 4025 3152 4081 alicui
3180 4026 3304 4091 h,et
3321 4023 3697 4097 syllogismum
3717 4025 3841 4068 sem-

2264 4139 2367 4194 per
2396 4119 2519 4175 ﬁeri
2550 4136 2654 4191 per
2704 4119 2845 4173 haec.
2894 4116 3121 4172 Accidit
3149 4132 3289 4187 ergo
3337 4116 3419 4171 sic
3459 4102 3839 4182 inspicientibus

2262 4210 2631 4265 considerare
2660 4208 2814 4262 viam
2837 4206 3007 4262 aliam
3032 4205 3508 4273 necessariam,eo
3526 4197 3663 4271 quod
3690 4203 3839 4263 quan-

2260 4300 2452 4371 doque
2482 4298 2621 4353 latet
2640 4296 2921 4352 identitas
2950 4294 3160 4350 horum
3193 4310 3323 4365 qua:
3349 4298 3483 4349 sunt
3510 4291 3537 4344 b
3557 4286 3671 4343 eth.

2879 4438 3110 4496 CAPUT
3149 4438 3308 4496 XXX.

502 4524 1331 4636 ῖέζᾟὶιζιέἷίξ’ἐξιῗυίξᾷυέξᾷιῖ
1331 4524 1396 4619 Si
1405 4524 2148 4638 32551333352;
2178 4538 2225 4603 D
2330 4553 2402 4607 De
2430 4547 3108 4638 ενιιοςίεηιίεαεεςνιονξίδ
3128 4542 3572 4638 “impossibile,
3589 4546 3637 4593 εί
3654 4524 3839 4599 "him"

504 4656 704 4721 mitur,
740 4655 848 4709 hoc
874 4664 1066 4708 autem
1096 4654 1203 4708 erit
1226 4656 1507 4723 medium,
1539 4657 1934 4711 extremitates
1954 4668 2149 4711 autem

494 4763 528 4799 ,τ
559 4749 614 4799 et
640 4746 703 4797 ﬁt
732 4746 889 4798 enim
950 4744 1137 4814 prima
1194 4744 1401 4815 ﬁgura.
1453 4743 1636 4799 Alicui
1686 4751 1882 4801 autem
1916 4747 2149 4817 quando

496 4852 524 4890 ε
553 4834 945 4903 etgsumitur
973 4833 1152 4900 idem,
1202 4833 1306 4888 hoc
1351 4838 1549 4887 autem
1592 4839 1890 4904 postrema
1938 4836 2148 4905 ﬁgura,

504 4924 748 4979 medium
778 4923 934 4978 enim
970 4923 1033 4977 ﬁt
1060 4940 1111 4992 9.
1146 4922 1301 4977 Nulli
1332 4939 1466 4977 vero
1495 4923 1727 4993 quando
1758 4924 1791 4977 ά
1822 4928 1877 4977 et
1902 4929 1926 4993 Ῑ
1956 4925 2145 4994 idem;

500 5016 583 5067 sic
616 5019 814 5069 autem
848 5018 907 5068 et
928 5014 1120 5083 prima
1141 5012 1409 5080 ﬁgura,et
1428 5013 1654 5068 media:
1680 5014 1869 5084 prima
1890 5014 2149 5088 quidem,

498 5103 777 5175 quoniam
812 5102 956 5158 nulli
986 5102 1187 5172 [inest
1213 5121 1274 5169 a,
1318 5102 1608 5173 siquidem
1654 5105 2012 5159 convertitur
2035 5106 2150 5175 pri-

495 5193 708 5255 vativa,
739 5196 980 5263 [autem
1013 5192 1171 5247 omni
1210 5209 1260 5247 ε.
1292 5192 1483 5246 Media
1514 5197 1709 5246 autem
1746 5194 2023 5263 quoniam
2056 5195 2091 5249 ά
2118 5213 2153 5249 a

493 5282 729 5352 quidem
756 5281 923 5347 nulli,
948 5297 977 5336 ε
1008 5284 1203 5336 autem
1226 5279 1385 5335 omni
1410 5280 1580 5334 inest.
1604 5280 1789 5335 Alicui
1818 5288 2010 5338 autem
2035 5301 2150 5339 non

496 5372 711 5439 inesse,
746 5372 985 5442 quando
1010 5370 1043 5424 ά
1074 5376 1129 5425 et
1158 5388 1190 5441 g
1222 5370 1379 5424 idem
1412 5370 1607 5436 fuerit,
1631 5370 1751 5425 haac
1783 5378 1978 5428 autem
2013 5391 2151 5445 pos-

496 5468 686 5515 trema
710 5459 914 5531 ﬁgura,
942 5475 1078 5514 nam
1111 5476 1145 5514 a
1186 5459 1424 5530 quidem
1479 5458 1626 5513 nulli
1656 5476 1691 5527 g
1738 5459 1934 5532 inerit,
1964 5479 1994 5517 ε
2017 5479 2150 5518 vero

497 5550 655 5606 omni
679 5568 710 5621 9
740 5570 753 5618 ;
783 5549 1159 5605 manifestum
1196 5548 1377 5620 igitur
1406 5552 1495 5603 est
1516 5551 1789 5619 quoniam
1823 5568 1925 5623 per
1945 5554 2150 5624 praedi-

500 5645 623 5695 ctas
649 5642 865 5711 ﬁguras
890 5657 1094 5697 omnes
1124 5637 1474 5712 syllogismi.
1499 5638 1568 5694 Et
1587 5640 1860 5710 quoniam
1902 5659 2017 5698 non
2049 5643 2151 5699 eli-

2810 4622 2904 4690 qui
2933 4635 3003 4674 ex
3029 4618 3339 4690 hypothesi.

2260 4750 2473 4806 Eodem
2506 4751 2701 4802 autem
2736 4745 2905 4800 modo
2946 4760 3008 4799 se
3042 4744 3256 4798 babent
3299 4746 3356 4799 et
3393 4740 3490 4812 qui
3520 4736 3583 4793 ad
3616 4734 3835 4821 imposst:

2259 4840 2376 4895 bile
2426 4838 2727 4893 deducunt
2761 4832 3111 4905 syllogismi,
3158 4829 3483 4892 ostensivis,
3530 4838 3651 4879 nam
3686 4818 3837 4911 θιξρει

2264 4931 2411 4984 ﬁunt
2444 4943 2545 4999 per
2575 4942 2642 4980 ea
2695 4940 2823 4995 qum
2882 4926 3234 4991 sequuntur,
3282 4926 3340 4976 et
3386 4916 3590 4989 quibus
3630 4905 3837 4999 sequitur

2262 4998 2608 5086 utrumque.
2631 5014 2699 5069 Et
2722 5013 2925 5068 eadem
2952 5010 3340 5067 consideratio
3367 5008 3423 5062 in
3448 5003 3712 5086 utrisque,
3732 4998 3833 5086 naui

2262 5108 2415 5180 quod
2450 5077 2817 5160 monstratur
2844 5101 3158 5165 ostensive.
3210 5105 3266 5155 et
3296 5114 3395 5170 per
3422 5084 3743 5180 impossibile
3768 5077 3834 5180 cel

2262 5171 2625 5270 syllogizare,
2658 5198 2715 5248 et
2746 5210 2847 5264 per
2888 5191 3123 5247 eosdem
3172 5187 3468 5250 terminos,
3516 5171 3725 5270 etquofi
3758 5175 3835 5270 Ρξτ

2261 5258 2628 5357 impossibile
2646 5287 2705 5337 et
2727 5281 3035 5337 ostensive.
3060 5279 3131 5334 Ut
3153 5276 3425 5351 quoniam
3456 5291 3485 5326 α
3503 5266 3634 5357 nulli
3660 5278 3685 5316 ι
3702 5258 3832 5357 inest,

2264 5353 2514 5447 ponatur
2531 5373 2688 5429 enim
2713 5370 2883 5427 alicui
2908 5370 3125 5433 inesse,
3149 5383 3285 5439 ergo
3308 5362 3569 5436 quoniam
3600 5353 3836 5451 hymnis;

2263 5482 2297 5520 a
2328 5468 2521 5519 autem
2542 5460 2715 5516 alicui
2748 5476 2798 5527 ε,
2831 5464 2887 5515 et
2918 5460 2946 5513 b
2978 5457 3152 5513 alicui
3177 5473 3207 5511 ε
3228 5458 3374 5510 inest
3401 5468 3454 5515 a,
3475 5448 3520 5503 si
3560 5448 3697 5499 enim
3726 5448 3832 5522 nuui

2261 5571 2291 5610 e
2313 5554 2468 5608 inest
2496 5570 2549 5619 a,
2582 5567 2611 5605 ε
2644 5555 2838 5606 autem
2863 5547 3022 5603 omni
3054 5565 3109 5616 g,
3142 5544 3285 5601 nulli
3306 5560 3338 5614 9
3361 5536 3574 5595 inerita
3598 5527 3687 5619 sed
3712 5528 3833 5577 οωω

2264 5643 2472 5698 inerat.
2498 5616 2781 5697 Similiter
2798 5642 2996 5694 autem
3026 5642 3118 5693 est
3148 5637 3207 5691 in
3240 5631 3368 5690 allis
3396 5616 3833 5700 propositis,sem-

3650 5454 3697 5492 ω
3726 5423 3835 5487 nulli
