4072 6182
239 322 345 384 671'

893 328 1221 384 PRIORUM
1257 327 1829 384 ANALYTICORUM
1867 330 2337 386 ARISTOTELIS
2373 331 2979 388 INTERPRETATIO.

3537 330 3646 388 6‘78

239 454 324 509 Sit
352 452 506 508 enim
539 451 599 506 in
659 468 774 524 quo
803 471 835 506 α
883 469 1113 524 semper
1143 469 1291 521 esse,
1335 454 1395 509 in
1448 471 1562 526 quo
1613 458 1809 509 autem
1843 456 1872 508 b
1905 456 1959 522 Α
1991 451 2146 510 mine
2168 455 2400 527 exponi,
2423 468 2575 529 saepe
2600 456 2755 512 enim
2780 459 2952 511 erunt
2974 456 3268 513 orationes
3287 456 3503 529 quibus
3527 472 3645 515 non

240 541 628 613 intelligibiiis
662 541 1087 611 Aristomenes,
1121 542 1181 596 in
1214 560 1328 615 quo
1361 548 1557 598 autem
1590 560 1618 597 c
1648 543 1873 599 Aristo-

242 637 997 700 menes,verumestautem
1030 651 1061 688 a
1082 634 1271 689 inesse
1291 638 1341 703 ὁ,
1365 651 1599 706 semper
1614 634 1767 689 enim
1791 639 1879 689 est

234 718 617 793 intelligibilis
642 720 1053 788 Aristomenes,
1082 722 1181 778 sed
1212 726 1269 778 et
1291 724 1320 777 b
1353 724 1422 779 de
1443 739 1470 777 c
1492 738 1626 778 nam
1650 721 1842 778 Aristo
1862 754 1878 765 -

236 826 430 867 menes
462 819 548 866 est
581 808 965 882 iutelligibilis
1005 812 1425 881 Aristomenes,
1470 828 1501 868 a
1531 818 1727 869 autem
1763 830 1877 868 non

234 902 444 965 inestc,
476 899 877 973 corruptibilis
897 901 1155 957 estenim
1177 901 1610 971 Aristomenes;
1639 919 1751 957 non
1773 901 1875 973 igi-

233 994 329 1044 tur
361 988 537 1044 llebat
579 987 959 1061 syllogismus
1000 989 1083 1046 sic
1115 1004 1175 1047 se
1208 991 1563 1047 habentibus
1589 991 1876 1056 terminis,

234 1080 329 1135 sed
365 1079 1137 1150 oportebatuniversalitera
1166 1078 1875 1153 bsumipropositionem:

234 1170 339 1225 hoc
360 1184 495 1224 vero
522 1166 732 1224 falsum
758 1170 913 1241 quod
936 1171 1179 1242 putabat
1201 1186 1433 1227 omnem
1451 1169 1876 1243 intelligibilem

232 1258 665 1313 Aristomenem
686 1272 1079 1330 semperesse,
1101 1274 1232 1316 cum
1252 1260 1649 1315 Aristomenes
1663 1258 1738 1314 sit
1761 1272 1879 1313 cor-

235 1343 554 1420 ruptibilis.
591 1344 845 1403 Rursum
881 1349 957 1405 sit
988 1348 1047 1404 in
1071 1362 1186 1420 quo
1219 1347 1455 1421 quidem
1481 1347 1795 1414 cMicalus,
1820 1347 1876 1401 in

228 1451 337 1509 quo
363 1440 561 1492 autem
586 1438 614 1491 ὁ
634 1433 896 1492 musicus
912 1437 1597 1509 Micalus,inquoautema
1622 1452 1881 1494 corrum-

226 1526 439 1598 picras.
464 1526 680 1581 Verum
709 1530 798 1582 est
828 1541 965 1600 ergo
998 1528 1025 1582 ὸ
1049 1527 1118 1584 de
1137 1545 1166 1583 ε
1190 1527 1511 1601 praedicari,
1538 1542 1672 1583 nam
1698 1529 1877 1582 Mica-

223 1614 315 1670 lus
350 1620 445 1670 est
478 1612 737 1671 musicus
772 1613 1031 1687 Micalus,
1066 1617 1166 1673 sed
1201 1618 1258 1673 et
1286 1632 1317 1673 a
1348 1619 1419 1673 de
1453 1616 1500 1688 b,
1536 1632 1874 1688 corrumpe-

224 1709 316 1759 tur
336 1703 496 1759 enim
518 1716 648 1760 eras
676 1705 939 1761 musicus
956 1706 1220 1773 Micalus,
1254 1708 1495 1762 aautem
1530 1707 1598 1761 de
1622 1705 1875 1761 cl'alsum

223 1792 329 1848 hoc
356 1797 555 1849 autem
580 1788 735 1849 idem
758 1799 846 1849 est
871 1795 1068 1866 priori,
1094 1810 1207 1851 non
1229 1796 1379 1851 enim
1406 1812 1606 1851 verum
1635 1799 1723 1851 est
1746 1796 1875 1850 uni-

1985 550 2284 616 ponuntur
2299 546 2557 615 nomina,
2592 551 2843 618 quareet
2866 542 3223 601 diiilcileerit
3240 549 3516 603 reducere
3532 548 3647 605 hu-

1982 632 2242 702 jusmodi
2270 634 2665 707 syllogismos,
2701 634 3013 707 aliquoties
3050 642 3243 691 autem
3266 642 3317 691 et
3347 635 3462 691 talli
3495 638 3646 693 acci-

1990 723 2685 795 detprOpterhujusiuodl
2702 722 3167 796 inquisitionem,
3184 729 3241 779 ut
3258 728 3533 797 quoniam
3552 728 3649 781 im-

1987 812 2376 867 rnediatorum
2403 814 2513 868 erit
2538 812 2933 885 syllogismus;
2963 813 3038 867 sit
3061 812 3213 868 enim
3233 830 3265 867 a
3288 814 3402 869 duo
3426 815 3587 885 recti,
3614 815 3645 871 b

1987 907 2180 956 autem
2208 899 2559 975 triangulus,
2588 920 2615 956 ε
2637 916 2771 957 vero
2799 900 3162 973 mquicrurus
3191 920 3365 973 ;ergo
3404 903 3453 959 ei
3487 904 3643 975 quod

1986 994 2075 1044 est
2100 1007 2128 1044 ε
2161 991 2313 1046 inest
2345 1009 2377 1046 α
2411 997 2646 1063 propter
2671 994 2734 1060 b;
2770 992 2817 1046 ei
2852 1008 2987 1047 vero
3022 994 3173 1063 quod
3210 996 3298 1046 est
3331 993 3379 1058 Ι),
3409 1009 3521 1047 non
3547 992 3649 1049 ite-

1987 1096 2117 1134 rum
2153 1086 2387 1151 propter
2441 1080 2621 1150 aliud,
2671 1096 2771 1152 per
2804 1096 2865 1135 se
2899 1081 3053 1135 enim
3102 1080 3437 1153 triangulus
3466 1082 3644 1138 habet

1987 1167 2135 1222 duos
2171 1172 2377 1235 rectos,
2416 1183 2595 1241 quare
2629 1185 2745 1224 non
2779 1169 2890 1224 erit
2924 1168 3182 1224 medium
3218 1172 3349 1241 ejus
3383 1171 3535 1241 quod
3561 1175 3648 1225 est

1985 1272 2015 1310 a
2038 1256 2087 1323 ὸ,
2107 1273 2240 1310 cum
2264 1256 2340 1311 sit
2358 1257 2909 1312 demonstrativum.
2934 1256 3310 1313 Manifestum
3336 1260 3491 1313 enim
3510 1276 3648 1330 quo-

1986 1345 2142 1400 niam
2170 1342 2423 1401 medium
2458 1362 2569 1401 non
2604 1345 2687 1402 sic
2714 1362 2942 1419 semper
2964 1350 3052 1402 est
3076 1347 3432 1403 sumendum
3450 1354 3514 1403 ut
3536 1348 3646 1404 hoc

1986 1432 2231 1506 aliquid,
2257 1434 2355 1490 sed
2385 1434 2701 1507 aliquando
2722 1434 3069 1503 orationem,
3099 1438 3249 1507 quod
3271 1437 3485 1493 accidit
3509 1443 3559 1493 et
3586 1438 3644 1493 in

1983 1523 2282 1594 praedicto.
2318 1523 2515 1581 Inesse
2540 1529 2735 1580 autem
2782 1526 3037 1597 primum
3076 1526 3285 1595 medio,
3320 1531 3376 1583 et
3398 1524 3505 1582 hoc
3542 1544 3644 1599 po-

1983 1616 2203 1667 stremo
2229 1628 2340 1669 non
2375 1618 2603 1685 Oportet
2628 1630 2882 1683 sumere,
2915 1620 2979 1669 ut
3001 1616 3391 1686 praedicuntur
3412 1632 3646 1687 semper

1982 1703 2051 1756 ad
2076 1720 2136 1756 se
2166 1701 2418 1758 invicem
2444 1700 2739 1769 similiter,
2764 1708 2821 1758 et
2844 1703 3101 1775 primum
3129 1705 3199 1759 de
3219 1706 3431 1760 medio.
3457 1711 3511 1761 et
3535 1707 3642 1761 hoc

1983 1793 2053 1846 de
2086 1796 2401 1863 postremo,
2438 1799 2493 1848 et
2525 1794 2582 1848 in
2618 1811 2731 1848 non
2756 1794 2949 1848 inesse
2973 1794 3263 1863 similiter,
3290 1796 3390 1850 sed
3414 1795 3643 1865 quoties

221 1883 553 1951 versaliter,
588 1882 829 1940 Micalus
864 1885 1125 1941 musicus
1158 1886 1433 1956 quoniam
1468 1890 1875 1957 corrumpetur
1904 1857 1951 1921 Β
1986 1881 2202 1937 dicitur
2229 1899 2356 1938 esse
2390 1887 2446 1938 et
2491 1900 2694 1939 verum
2740 1884 2951 1949 dicere,
2984 1884 3092 1939 hoc
3144 1885 3317 1939 toties
3367 1887 3643 1942 arbitrari

222 1986 379 2029 eras.
410 1975 527 2028 Hoc
550 1980 745 2029 autem
773 1991 888 2030 non
922 1980 1159 2047 sumpto
1183 1990 1298 2031 non
1323 1981 1446 2031 erat
1468 1974 1873 2048 syllogismus.

221 2062 350 2117 llaec
390 2077 527 2134 ergo
563 2060 794 2118 fallacia
827 2063 887 2120 ﬁt
915 2063 972 2119 iu
1006 2080 1071 2120 eo
1104 2066 1257 2136 quod
1291 2081 1460 2138 pene,
1497 2070 1560 2119 ut
1592 2065 1745 2120 enim
1783 2065 1873 2119 ni-

220 2148 293 2205 hil
330 2150 618 2206 differens
670 2148 861 2207 dicere
894 2153 1002 2208 hoc
1035 2153 1170 2209 huic
1202 2154 1414 2223 inesse,
1457 2160 1556 2210 aut
1586 2152 1695 2209 hoc
1738 2152 1873 2208 huic

218 2238 385 2295 omni
420 2239 637 2311 inesse,
670 2242 1070 2300 concedimus.

786 2338 1016 2396 CAPUT
1061 2336 1307 2398 XXXVI.

695 2430 764 2485 De
792 2430 997 2488 ecthesi
1026 2432 1408 2489 term-inm'um.

283 2515 649 2588 Frequenter
697 2524 895 2575 autem
931 2523 1165 2576 mentiri
1215 2523 1422 2585 evenit,
1459 2540 1524 2578 eo
1568 2523 1722 2594 quod
1756 2539 1870 2578 non

212 2606 367 2662 bene
394 2611 765 2677 exponuntur
787 2610 1113 2665 secundum
1139 2609 1594 2683 propositionem
1612 2610 1869 2678 termini,

214 2701 276 2751 ut
305 2697 429 2752 sia
452 2696 689 2768 quidem
714 2697 792 2754 sit
814 2700 1061 2769 sanitas,
1088 2702 1117 2755 ὁ
1141 2707 1335 2757 autem
1361 2702 1665 2775 aegritudo,
1689 2719 1718 2754 ο
1739 2718 1871 2757 vero

211 2786 349 2841 hom
364 2804 421 2853 0,
439 2802 638 2842 verum
665 2793 754 2844 est
776 2789 932 2845 enim
956 2790 1146 2846 dicere
1169 2790 1443 2864 quoniam
1469 2811 1501 2847 (ι
1523 2788 1667 2847 nulli
1692 2793 1720 2845 b
1744 2809 1875 2848 con-

214 2875 399 2947 tingit
423 2875 640 2944 inesse,
670 2874 816 2933 nulli
844 2879 1002 2934 enim
1027 2881 1593 2952 aegritudinisanitas
1618 2881 1797 2951 inest;
1818 2886 1875 2937 et

213 2981 465 3021 rursum
500 2966 778 3037 quoniam
813 2966 842 3023 b
873 2969 1027 3025 inest
1048 2971 1207 3026 omni
1237 2988 1283 3039 c,
1305 2970 1497 3028 omnis
1520 2970 1676 3027 enim
1699 2971 1871 3027 homo

209 3054 629 3125 susceptibilis
643 3059 727 3111 est
744 3056 1127 3129 aegritudinis,
1150 3060 1443 3116 videbitur
1462 3078 1597 3134 ergo
1613 3058 1874 3117 accidere

214 3144 367 3199 nulli
388 3144 613 3200 homini
631 3147 970 3221 contingere
989 3149 1528 3207 sanitateminesse.
1556 3150 1741 3222 Hujus
1764 3168 1871 3207 au-

210 3238 325 3290 tem
367 3251 554 3290 causa
583 3242 672 3292 est
703 3238 856 3308 quod
891 3257 1006 3295 non
1058 3241 1203 3297 bene
1233 3246 1604 3313 exponuntur
1637 3240 1872 3297 termini

214 3324 557 3379 secundum
589 3322 970 3395 locutionem,
1004 3330 1275 3400 quoniam
1299 3328 1723 3401 transsumptis
1746 3347 1873 3402 qua;

209 3408 276 3466 iis
297 3412 790 3468 suntsecundum
810 3412 1333 3484 habitudines,non
1348 3417 1871 3491 eritsyilogismus:

213 3498 281 3555 Ut
304 3500 360 3556 si
388 3518 498 3572 pro
521 3500 770 3560 sanitate
795 3505 1031 3576 quidem
1053 3510 1301 3579 ponatur
1322 3524 1556 3576 sanum,
1581 3524 1684 3579 pro
1706 3504 1868 3579 aegri-

207 3589 423 3645 tudine
454 3597 653 3646 autem
685 3610 930 3665 egrum.
979 3613 1094 3652 non
1140 3597 1296 3653 enim
1330 3614 1528 3653 verum
1562 3601 1652 3653 est
1681 3597 1873 3652 dicere

210 3678 501 3749 quoniam
520 3696 633 3735 non
649 3683 934 3757 contingit
950 3685 1255 3757 aegrotanti
1280 3686 1471 3741 inesse
1495 3702 1705 3741 sanum
1720 3702 1868 3756 esse,

208 3766 320 3823 hoc
337 3772 543 3823 autem
570 3786 683 3825 non
707 3778 961 3844 sumpto,
978 3791 1090 3830 non
1110 3775 1583 3847 ﬁtsyllogismus,
1610 3773 1720 3830 nisi
1737 3792 1872 3829 con-

210 3856 526 3929 tingentis.
547 3855 663 3914 Hoc
678 3865 872 3916 autem
890 3880 1003 3918 non
1017 3863 1871 3935 impossibile,contingitenim

209 3944 364 3999 nulli
391 3945 624 4003 homini
651 3949 843 4006 inesse
868 3953 1203 4009 sanitatem.
1239 3954 1539 4010 Rursusin
1578 3954 1770 4009 media
1802 3955 1869 4009 ﬁ-

209 4050 364 4105 gnra
378 4035 654 4093 similiter
671 4040 1027 4097 eriti'alsum.
1043 4042 1185 4098 Nam
1211 4044 1524 4099 sanitatem
1540 4041 1871 4116 aegritudini

206 4125 459 4193 quidem
496 4125 663 4195 nulli,
709 4128 931 4185 homini
964 4148 1098 4187 vero
1129 4133 1289 4187 omni
1340 4132 1626 4204 contingit
1657 4134 1870 4202 inesse,

206 4227 402 4281 quare
435 4214 583 4269 nulli
613 4216 838 4273 homini
858 4221 1161 4292 aegritudo.
1195 4224 1255 4277 lu
1279 4222 1450 4278 tertia
1466 4226 1661 4277 autem
1684 4222 1873 4293 figura

205 4303 544 4359 secundum
565 4308 903 4379 contingere
923 4311 1133 4365 accidit
1157 4311 1391 4378 falsdm,
1414 4311 1631 4367 etenim
1649 4312 1871 4367 sanita-

204 4393 355 4458 tem,
378 4395 436 4447 et
450 4395 881 4466 aegritudinem,
911 4404 968 4455 et
985 4400 1380 4473 disciplinam,
1404 4407 1459 4457 et
1476 4401 1869 4471 ignorantiam

201 4484 257 4533 et
291 4481 546 4538 omnino
576 4487 875 4543 contraria
907 4490 1092 4544 omnii
1115 4490 1304 4545 eidem
1337 4490 1624 4561 contingit
1656 4490 1871 4561 inesse,

1904 3190 1946 3256 C

1985 1977 2210 2042 oportet
2243 1973 2575 2043 signiﬁcare
2598 1975 2653 2029 et
2674 1973 2883 2029 inesse.
2919 1969 2991 2029 Ut
3015 1976 3292 2045 quoniam
3318 1978 3639 2032 contrario-

1986 2079 2115 2118 rum
2137 2074 2253 2118 uns
2274 2068 2364 2118 est
2393 2065 2710 2135 disciplina
2734 2081 2748 2118 :
2772 2064 2850 2120 sit
2876 2064 3032 2119 enim
3053 2083 3085 2120 a
3119 2082 3298 2121 uuam
3322 2068 3640 2124 essedisci-

1986 2154 2231 2226 plinam,
2255 2155 2283 2207 b
2305 2159 2495 2210 autem
2531 2155 2823 2211 contraria
2844 2156 2957 2211 sibi
2984 2156 3256 2227 invicem,
3280 2175 3311 2211 a
3335 2175 3470 2229 ergo
3488 2159 3643 2215 inest

1986 2244 2165 2313 b,non
2181 2245 2460 2315 quoniam
2483 2245 2779 2300 contraria
2799 2262 2982 2301 unum
3004 2262 3133 2301 esse
3148 2264 3351 2303 eorum
3380 2250 3641 2321 discipli-

1984 2347 2140 2403 nam,
2175 2333 2276 2389 sed
2311 2333 2590 2405 quoniam
2619 2349 2819 2389 verum
2853 2342 2943 2390 est
2979 2333 3169 2390 dicere
3195 2336 3265 2391 de
3295 2336 3440 2408 ipsis
3460 2356 3637 2394 unam

1985 2439 2109 2478 esse
2142 2440 2345 2478 eorum
2381 2420 2786 2496 disciplinam.
2815 2424 3039 2481 Accidit
3073 2431 3266 2482 autem
3287 2430 3640 2501 quandoque

1984 2512 2242 2584 primum
2267 2513 2335 2569 de
2360 2514 2551 2569 medio
2572 2512 2710 2585 dici,
2736 2514 2993 2571 medium
3019 2520 3214 2572 autem
3240 2519 3309 2573 de
3334 2520 3499 2574 tertio
3523 2537 3639 2575 non

1986 2599 2123 2671 dici,
2159 2606 2223 2657 ut
2252 2600 2301 2657 si
2333 2600 2542 2673 sophia
2564 2610 2653 2659 est
2680 2601 3012 2675 diSCiplina,
3038 2603 3175 2661 boni
3201 2611 3393 2663 autem
3422 2613 3509 2663 est
3543 2626 3637 2664 so-

1985 2689 2120 2761 phia
2144 2686 2501 2760 :couclusio,
2526 2696 2803 2765 quoniam
2830 2694 2965 2748 boni
2990 2697 3079 2748 est
3100 2694 3427 2767 disciplina,
3446 2701 3501 2752 et
3524 2715 3639 2756 non

1984 2779 2206 2833 bonum
2266 2781 2504 2851 quidem
2533 2787 2621 2836 est
2681 2780 3011 2853 disciplina,
3048 2780 3256 2854 sephia
3309 2791 3506 2841 autem
3551 2795 3639 2844 est

1985 2866 2318 2940 disciplina.
2355 2868 2720 2941 Quandoque
2768 2876 2963 2926 autem
2995 2872 3255 2927 medium
3290 2875 3525 2945 quidem
3562 2876 3633 2933 de

1985 2959 2155 3015 tertio
2188 2956 2420 3030 dicitur,
2449 2962 2705 3033 primum
2732 2967 2924 3018 autem
2952 2963 3021 3017 de
3044 2963 3235 3018 medio
3261 2981 3375 3020 non
3396 2966 3634 3038 dicitur,

1986 3051 2049 3101 ut
2066 3048 2114 3103 si
2132 3044 3391 3121 qualisomnisestdisciplina,autcontrarii.
3408 3055 3629 3113 Bonum

1986 3140 2183 3192 autem
2217 3143 2325 3208 est,
2351 3144 2403 3192 el
2426 3141 2809 3207 contrarium,
2844 3141 3129 3211 etquale:
3164 3142 3463 3199 conclusio
3496 3145 3631 3217 qui-

1986 3226 2141 3296 dem,
2176 3226 2450 3298 quoniam
2488 3227 2620 3283 boni
2653 3234 2742 3284 est
2771 3227 3105 3303 disciplina.
3143 3231 3269 3287 Non
3316 3240 3404 3289 est
3434 3240 3631 3290 autem

1982 3319 2200 3373 bonum
2226 3316 2562 3391 disciplina,
2597 3337 2785 3392 neque
2803 3320 2998 3393 quale,
3024 3339 3214 3393 neque
3245 3326 3629 3394 contrarium,

1981 3407 2083 3461 sed
2107 3408 2370 3463 omnium
2398 3408 2875 3480 disciplina.Non
2902 3412 3432 3469 estautembonum
3454 3414 3630 3470 disci-

1983 3496 2161 3567 plina,
2214 3515 2403 3570 neque
2435 3498 2735 3555 conclusio
2786 3500 3113 3556 secundum
3148 3507 3394 3569 rectum,
3446 3522 3629 3575 neque

1982 3587 2175 3656 quale,
2193 3604 2378 3658 neque
2395 3589 2751 3643 contrarium
2767 3634 2781 3656 ,
2796 3590 2896 3645 sed
2922 3590 3140 3646 bonum
3158 3589 3298 3648 haec.
3320 3590 3421 3649 Est
3436 3600 3631 3649 autem

1983 3676 2334 3747 quandoque
2364 3693 2552 3748 neque
2579 3679 2830 3749 primum
2864 3676 2935 3734 de
2961 3680 3177 3750 medio,
3208 3697 3397 3754 neque
3424 3681 3533 3737 hoc
3559 3684 3632 3738 de

1982 3763 2173 3832 tertio,
2223 3765 2412 3836 primo
2446 3766 2515 3821 de
2546 3764 2717 3823 tertio
2768 3770 3117 3841 quandoque
3168 3769 3406 3842 quidem
3451 3773 3632 3839 dicto,

1980 3854 2334 3926 quandoque
2347 3862 2538 3912 autem
2553 3872 2665 3913 non
2681 3854 2938 3916 dicto.Ut
2951 3859 2997 3915 si
3014 3861 3184 3929 cujus
3197 3866 3283 3917 est
3297 3860 3633 3934 disciplina,

1981 3941 2158 4014 hujus
2172 3950 2480 4016 estgenus,
2505 3946 2637 4002 boni
2656 3953 2849 4004 autem
2864 3946 3309 4022 estdisciplina:
3332 3953 3632 4009 conclusio

1981 4032 2256 4103 quoniam
2289 4035 2423 4090 boni
2451 4041 2538 4091 est
2568 4053 2776 4108 genus.
2802 4039 3158 4094 Praedicatur
3177 4046 3372 4096 autern
3399 4040 3629 4098 nullum

1980 4123 2050 4178 de
2078 4123 2257 4192 nullo,
2292 4125 2343 4180 si
2376 4132 2569 4182 autem
2613 4128 2781 4197 cujus
2814 4132 2903 4183 est
2934 4128 3267 4200 disciplina,
3322 4148 3508 4201 genus
3541 4132 3631 4187 est

1982 4211 2110 4278 hoc,
2136 4212 2271 4268 boni
2293 4219 2489 4270 autem
2516 4220 2605 4271 est
2626 4216 2939 4287 disciplina
2960 4234 2978 4271 :
3003 4217 3321 4285 conclusio,
3348 4221 3626 4291 quoniam

1981 4301 2200 4357 bonum
2226 4309 2316 4358 est
2333 4320 2540 4376 genus:
2566 4322 2703 4376 ergo
2723 4307 2793 4361 de
2817 4311 3073 4361 extremo
3096 4308 3631 4380 quidemjpraadica-

1981 4394 2077 4445 tur
2106 4391 2387 4462 primum,
2441 4394 2511 4448 de
2542 4411 2602 4449 se
2634 4398 2830 4449 autem
2863 4394 3111 4451 invicem
3162 4414 3277 4451 non
3330 4399 3628 4455 dicuntur.

1982 4480 2195 4536 Eodem
2232 4486 2431 4537 autem
2464 4484 2637 4539 modo
2665 4488 2720 4538 et
2748 4500 2869 4539 nun
2904 4485 3097 4540 inesse
3130 4490 3485 4544 sumendum
3511 4507 3628 4546 non

204 4568 323 4625 sibi
364 4572 1501 4649 veroinvicemimpossibile,hocautem
1534 4557 1871 4636 confessum
1904 4557 1948 4628 D
1982 4570 2137 4625 enim
2171 4587 2405 4641 semper
2449 4573 2744 4643 Signiﬁcat
2776 4590 2892 4629 non
2927 4574 3122 4631 ίοθεεθ
3172 4574 3280 4633 hoc
3316 4579 3475 4648 δαῖον
3510 4598 3628 4636 non

197 4654 259 4711 in
315 4659 641 4731 praedictis.
674 4668 818 4721 Cum
876 4668 1033 4724 enim
1067 4669 1255 4724 eidem
1308 4668 1477 4741 plura
1522 4669 1864 4739 contingere

199 4746 430 4819 inesse,
478 4752 900 4826 contingebant
928 4760 986 4813 et
1033 4758 1144 4813 sibi
1176 4758 1449 4815 invicem.
1486 4759 1862 4816 Manifestum

199 4831 399 4905 igitur
430 4839 709 4909 quoniam
743 4842 801 4898 in
833 4844 1110 4901 omnibus
1148 4846 1237 4902 his
1272 4847 1501 4903 fallacia
1532 4848 1597 4903 fit
1628 4855 1867 4921 propter

198 4923 602 4983 terminorum
626 4932 1076 5003 expositionem,
1118 4938 1539 5007 traussumptis
1582 4940 1739 4994 enim
1770 4939 1863 4995 his

199 5026 341 5081 quas
372 5020 514 5070 sunt
542 5022 866 5078 secundum
897 5024 1294 5096 habitudines,
1346 5026 1493 5081 nihil
1526 5028 1592 5083 ﬁt
1624 5028 1859 5084 falsum.

198 5099 410 5191 Palam
443 5120 579 5178 ergo
612 5111 891 5179 quoniam
923 5116 1252 5171 secundum
1277 5116 1620 5187 hujusmodi
1652 5135 1864 5191 propo-

199 5184 458 5279 sitiones
489 5211 725 5270 semper
754 5204 910 5273 quod
958 5208 1046 5259 est
1074 5184 1403 5261 secundum
1437 5184 1724 5276 habitum,
1758 5184 1861 5279 pro

200 5276 415 5336 habitu
448 5290 805 5347 sumendum
838 5297 893 5347 et
924 5296 1262 5366 ponendum
1295 5296 1636 5355 terminum.

738 5388 969 5445 CAPUT
1003 5392 1290 5449 XXXVII.

415 5472 490 5527 De
519 5472 1120 5553 eclhe:_z'_terminorum
1148 5486 1575 5553 compositorum
1602 5489 1659 5541 et

664 5548 1013 5621 obliquorum
1058 5570 1119 5625 sy
1130 5548 1396 5625 ιιοοίζςηιί.

278 5632 405 5694 Non
439 5644 669 5712 oportet
690 5644 886 5698 autem
922 5644 1206 5702 terminos
1229 5663 1461 5721 semper
1484 5663 1742 5721 quaerere
1765 5665 1863 5705 no-

1974 4675 2101 4716 esse
2131 4659 2263 4729 hoc,
2294 4661 2403 4716 hoc
2432 4686 2446 4730 ;
2481 4664 2582 4719 sed
2628 4663 2942 4735 aliquando
2975 4681 3090 4720 non
3121 4684 3249 4722 esse
3281 4667 3389 4724 hoc
3422 4670 3626 4741 hujus,

1974 4755 2076 4808 aut
2106 4752 2213 4809 hoc
2245 4751 2402 4808 huic:
2439 4759 2502 4809 ut
2533 4755 2806 4825 quoniam
2829 4772 2944 4811 non
2980 4760 3070 4811 est
3101 4758 3375 4814 motionis
3408 4764 3629 4829 motus,

1974 4841 2482 4913 autgeneratiouis
2494 4844 2814 4913 generatio,
2833 4842 3153 4915 voluptatis
3171 4852 3365 4901 autem
3385 4852 3494 4914 est,
3512 4866 3629 4904 non

1973 4949 2109 5006 ergo
2132 4930 2401 5002 voluptas
2421 4934 2743 5002 generatio.
2773 4938 2891 4988 Aut
2921 4951 3130 4990 rursus
3163 4938 3444 5008 quoniam
3471 4939 3628 4995 risus

1972 5028 2061 5079 est
2081 5022 2339 5095 signum,
2363 5021 2517 5093 signi
2546 5027 2742 5077 autem
2769 5042 2881 5080 non
2901 5031 2992 5081 est
3014 5026 3274 5099 signum,
3305 5046 3486 5100 quare
3510 5047 3627 5085 non

1973 5118 2057 5167 est
2077 5110 2313 5182 signum
2338 5110 2494 5166 risus
2518 5129 2532 5178 ;
2559 5111 2833 5168 similiter
2848 5117 3046 5169 autem
3073 5124 3128 5169 et
3151 5116 3207 5171 in
3232 5116 3386 5186 aliis,
3410 5117 3467 5171 in
3494 5118 3623 5187 qui-

1972 5200 2080 5254 bus
2111 5197 2450 5252 intermitur
2480 5199 2871 5269 propositum,
2914 5219 2981 5257 eo
3003 5204 3157 5272 quod
3190 5202 3405 5260 dicitur
3426 5205 3622 5275 aliquo

1973 5290 2142 5345 modo
2172 5289 2244 5344 ad
2278 5288 2331 5342 id
2355 5304 2564 5360 genus.
2595 5288 2821 5347 Rursus
2844 5292 3123 5363 quoniam
3146 5296 3373 5350 occasio
3401 5312 3510 5349 non
3537 5298 3625 5349 est

1969 5382 2207 5449 tempus
2220 5380 2645 5448 opportunum,
2678 5384 2790 5435 Deo
2813 5382 2969 5436 enim
2994 5383 3219 5438 occasio
3241 5384 3481 5455 quidem
3505 5390 3617 5450 est,

1969 5472 2203 5539 tempus
2229 5470 2424 5521 autem
2451 5472 2849 5538 opportunum
2870 5487 2985 5525 non
3002 5475 3114 5539 est,
3133 5487 3198 5526 eo
3215 5474 3368 5543 quod
3388 5471 3533 5526 nihil
3550 5472 3632 5529 sit

1969 5557 2085 5611 Deo
2107 5554 2433 5610 conferens.
2464 5555 2774 5612 Terminos
2796 5559 2950 5613 enim
2978 5560 3319 5631 ponendum
3345 5562 3433 5614 est
3454 5576 3625 5614 occa-

1969 5648 2217 5715 sionem,
2240 5646 2297 5699 et
2312 5646 2549 5713 tempus
2569 5649 2989 5717 opportunum,
3009 5651 3066 5701 et
3078 5652 3282 5703 Deum.
3303 5645 3625 5716 Propositio
