4070 6170
431 300 537 356 679

432 430 631 483 autem
650 419 938 477 sumenda
952 415 1277 472 secundum
1303 407 1560 465 nominis
1574 399 2078 472 causam,simpli-
2108 403 2166 467 Α

440 515 584 570 citer
606 510 761 567 enim
787 505 1162 562 hocdicimus
1185 503 1253 556 de
1268 498 1566 566 omnibus,
1591 494 1864 566 quoniam
1880 488 2083 546 termi-

442 619 546 658 nos
561 599 797 671 quidem
815 612 1046 666 semper
1060 591 1392 663 ponendum
1410 586 1733 641 secundum
1748 578 2085 636 declinatio-

444 708 549 745 nes
574 688 901 751 nominum,
936 689 1002 738 ut
1024 682 1221 747 homo,
1250 682 1351 733 aut
1378 678 1620 738 bonum,
1651 677 1749 727 aut
1773 666 2083 730 contraria,

445 776 836 841 authominis,
853 770 1128 836 autboni,
1150 764 1709 823 autcontrariorum.
1726 756 2082 829 Propositio-

444 872 757 931 nesmutem
774 861 1123 918 sumendum
1139 855 1462 913 secundum
1480 853 1764 922 cujusque
1777 864 1971 913 casus,
1988 847 2088 898 aut

444 959 598 1013 enim
622 954 900 1027 quoniam
928 949 1062 1003 huic
1078 953 1142 1002 ut
1161 937 2006 1016 aequale,autquoniamhujus
2023 937 2087 988 ut

444 1047 711 1117 duplum,
736 1048 837 1098 aut
859 1038 1136 1112 quoniam
1161 1037 1269 1090 hoc
1295 1039 1358 1088 ut
1385 1031 1618 1094 feriens,
1642 1028 1728 1083 vel
1747 1027 2088 1089 videns,aut

447 1136 724 1208 quoniam
746 1132 841 1187 hic
864 1136 927 1185 ut
950 1129 1144 1196 homo,
1170 1121 1519 1191 animal,aut
1548 1119 1596 1175 si
1629 1116 1893 1188 quolibet
1916 1112 2086 1168 modo

444 1227 613 1281 aliter
634 1223 791 1278 cadit
809 1235 1022 1275 nomen
1046 1214 1371 1271 secundum
1396 1207 1874 1282 propositionem,
1897 1203 2088 1256 inesse

443 1320 642 1371 autem
676 1313 787 1367 hoc
818 1310 976 1373 huic,
1009 1311 1067 1362 et
1118 1319 1319 1359 verum
1354 1316 1483 1356 esse
1515 1300 1619 1354 hoc
1650 1298 1720 1351 de
1751 1295 1882 1361 hoc,
1918 1295 2085 1347 toties

442 1403 819 1465 sumendum,
858 1397 1091 1470 quoties
1113 1392 1563 1466 praedicamenta
1613 1387 1797 1440 divisa
1841 1386 1999 1449 sunt,
2033 1384 2088 1434 et

442 1493 562 1547 haec
594 1496 695 1546 aut
726 1490 921 1559 aliquo
954 1486 1150 1548 modo,
1183 1485 1283 1536 aut
1313 1476 1680 1550 simpliciter,
1701 1471 1955 1543 amplius
1987 1471 2087 1523 aut

441 1580 759 1651 simplicia,
820 1581 923 1631 aut
950 1573 1272 1644 complexa.
1324 1567 1605 1622 Similiter
1635 1569 1830 1619 autem
1886 1565 2084 1615 etnon

441 1670 654 1724 inesse.
689 1663 1196 1722 Considerandum
1221 1660 1343 1713 haec
1368 1661 1584 1725 autem,
1619 1662 1672 1709 el
1695 1649 2087 1708 determinan-

439 1759 581 1814 dum
614 1757 919 1828 optimum.

986 1919 1216 1977 CAPUT
1250 1914 1538 1972 XXXVIII.

442 2066 518 2120 De
540 2060 853 2131 anadiplosi
880 2065 930 2112 et
950 2056 1093 2139 thes;
1111 2054 1579 2139 syllogismorum,
1601 2046 1702 2102 hoc
1731 2053 1808 2100 est
1833 2042 1898 2097 de
1916 2040 2092 2112 gemi-

952 2131 1173 2182 natione
1202 2134 1252 2180 ez
1278 2131 1568 2195 positione.

520 2292 967 2364 Reduplicatum
1000 2290 1195 2343 autem
1236 2284 1293 2338 in
1337 2277 1837 2354 propositionibus
1872 2272 1941 2328 ad
1977 2271 2092 2343 pri-

446 2401 601 2439 mam
618 2381 1047 2438 extremitatem
1073 2373 1563 2447 ponendum,non
1588 2368 1660 2422 ad
1680 2362 2094 2427 medium,dico

452 2479 645 2529 autem
681 2476 744 2525 ut
768 2468 817 2523 si
845 2469 945 2522 fiat
976 2463 1375 2537 syllogismus,
1428 2456 1707 2530 quoniam
1732 2450 1978 2525 justitia
2010 2455 2100 2505 est

448 2559 764 2630 disciplina
790 2556 1069 2627 quoniam
1103 2552 1342 2616 bonum,
1373 2548 1440 2602 ad
1478 2545 1726 2617 primam
1758 2539 2095 2596 extremita-

443 2656 561 2706 tem
597 2629 958 2720 ponendum.
991 2642 1051 2698 Si
1085 2641 1241 2695 enim
1274 2656 1307 2692 a
1338 2634 1655 2704 disciplina
1692 2630 1970 2702 quoniam
1995 2629 2097 2682 bo-

446 2757 612 2805 num,
644 2737 703 2791 in
736 2751 850 2806 quo
881 2736 1075 2788 autem
1113 2730 1141 2782 b
1164 2729 1408 2794 bonum,
1441 2724 1499 2777 in
1526 2738 1640 2794 quo
1664 2724 1859 2775 autem
1889 2715 2096 2781 cjusti-

449 2829 551 2895 tia,
586 2842 722 2898 ergo
752 2804 957 2877 yerum
991 2823 1081 2875 est
1106 2835 1140 2872 a
1171 2818 1241 2870 de
1274 2816 1303 2868 b
1338 2809 1661 2885 praedicari.
1684 2809 1830 2863 Nam
1857 2804 1991 2861 boni
2015 2807 2100 2859 est

446 2892 763 2987 disciplina
779 2910 1054 2983 quoniam
1089 2902 1458 2961 bonum.Sed
1480 2906 1537 2956 et
1568 2899 1735 2963 bdec,
1770 2892 2098 2964 namjusti-

446 3006 529 3060 tia
552 2981 832 3076 quiddam
858 3001 1075 3054 bonum
1095 2999 1218 3062 est;
1243 2993 1324 3048 sic
1348 3007 1484 3062 ergo
1508 2989 1574 3043 fit
1599 2985 1897 3042 resolutio.
1920 2981 1976 3035 Si
1999 2999 2099 3036 au-

452 3100 571 3150 tem
605 3094 673 3146 ad
697 3092 726 3146 b
748 3093 1019 3159 ponatur,
1044 3082 1318 3156 quoniam
1342 3081 1587 3145 bonum,
1611 3092 1727 3129 non
1754 3072 1884 3142 erit,
1908 3087 2041 3126 nam
2064 3087 2099 3122 α

451 3183 690 3255 quidem
731 3179 800 3232 de
825 3179 852 3231 b
876 3192 1079 3233 verum
1122 3172 1258 3237 erit,
1292 3172 1320 3225 b
1358 3173 1551 3223 autem
1571 3166 1642 3220 de
1665 3181 1692 3218 ο
1719 3180 1831 3218 non
1864 3161 1974 3216 erit
2004 3177 2095 3214 ve-

449 3288 605 3335 rum,
631 3284 766 3323 nam
790 3266 1011 3320 bonum
1045 3261 1323 3333 quoniam
1345 3259 1564 3313 bonum
1591 3251 1893 3326 praedicari
1914 3250 2094 3319 deju-

449 3358 611 3414 stitia
628 3355 838 3410 falsum
858 3356 968 3419 est,
988 3356 1171 3406 etnon
1197 3343 1586 3417 intelligibile.
1601 3340 1882 3395 Similiter
1900 3342 2096 3394 autem

449 3452 504 3502 et
526 3445 575 3501 si
595 3443 832 3499 salubre
853 3440 1219 3504 ostendatur,
1243 3434 1518 3507 quoniam
1548 3428 1985 3500 disciplinatum
2010 3430 2099 3481 est

449 3536 507 3589 in
543 3550 609 3589 eo
634 3531 785 3603 quod
801 3531 1046 3591 bonum,
1071 3530 1171 3580 aut
1191 3525 1585 3585 hircocervus,
1610 3516 1924 3591 opinabilis
1953 3518 2007 3570 in
2033 3531 2097 3569 eo

451 3624 609 3697 quod
640 3621 916 3689 existens,
969 3621 1070 3671 aut
1099 3614 1274 3669 homo
1307 3609 1705 3680 corruptibilis
1756 3608 1813 3660 in
1845 3623 1910 3661 eo
1944 3604 2098 3675 quod

460 3712 765 3779 sensibile,
783 3710 843 3764 in
863 3707 1137 3763 omnibus
1153 3704 1307 3759 enim
1344 3698 1669 3773 praedicatis
1685 3698 1753 3751 ad
1774 3700 2096 3750 extremum

454 3798 975 3872 reduplicationem
1010 3793 1367 3867 ponendum.
1395 3788 1515 3844 Non
1551 3792 1642 3841 est
1668 3789 1863 3838 autem
1894 3782 2098 3836 eadem

449 3869 663 3963 positio
684 3886 1093 3947 termiuorum,
1110 3880 1344 3953 quando
1360 3875 1707 3946 simpliciter
1723 3872 1958 3944 quidem
1980 3869 2098 3941 syl-

450 3962 767 4049 logizatum
790 3973 984 4039 fuerit,
1009 3976 1064 4026 et
1086 3969 1319 4041 quando
1343 3969 1449 4020 hoc
1469 3962 1980 4034 aliquid,autquo,
2001 3962 2101 4012 aut

450 4047 765 4138 quomodo.
789 4062 925 4119 Dico
950 4064 1143 4116 autem
1169 4063 1232 4111 ut
1253 4056 1487 4127 quando
1517 4054 1734 4107 bonum
1758 4047 2099 4119 disciplina.

447 4161 573 4211 tum
608 4158 911 4211 ostensum
945 4149 1077 4213 erit,
1118 4152 1174 4202 et
1200 4145 1435 4216 quando
1482 4139 1923 4211 disciplinatum
1959 4152 2100 4207 quo-

453 4246 613 4300 niam
634 4245 875 4299 bonum.
909 4239 1015 4293 Sed
1032 4233 1381 4306 simpliciter
1398 4231 1634 4303 quidem
1660 4225 2097 4298 disciplinatum

452 4339 757 4391 ostensum
774 4327 1137 4386 estmedium
1154 4322 1489 4396 ponendum
1515 4337 1642 4387 ens,
1672 4318 1932 4374 siautem
1957 4331 2100 4385 quo-

456 4426 615 4480 niam
648 4425 891 4488 bonum,
926 4418 1065 4491 quid
1097 4434 1220 4472 ens.
1253 4414 1341 4470 Sit
1370 4413 1525 4469 enim
1557 4429 1590 4465 (ι
1622 4408 1931 4481 disciplina
1958 4423 2100 4478 quo-

1706 282 1824 334 ΑΝ.
1867 277 2088 332 MANL.
2128 274 2286 329 SEV.
2330 273 2567 329 UOETII

3734 262 3841 317 680

2761 389 2994 447 CAPUT
3036 389 3273 445 XXXIX.

2523 529 2636 582 Pro
2668 526 2865 581 debita.
2877 525 3211 580 resolutione
3229 526 3521 593 pracepta.

2274 682 2510 753 Oportet
2530 684 2722 735 autem
2740 678 2998 749 accipere
3020 693 3147 747 quis
3164 675 3320 729 idem
3344 678 3593 746 possunt
3609 672 3851 727 nomina

2202 788 2303 843 pro
2332 770 2691 835 nominibus,
2729 773 2784 822 et
2816 768 3106 821 orationes
3127 781 3226 834 pro
3253 763 3645 831 orationibus,
3670 767 3729 815 et
3752 779 3849 816 no-

2203 878 2332 916 men
2367 866 2423 915 et
2452 858 2772 914 orationem
2803 862 2859 911 et
2889 871 3122 926 semper
3152 871 3253 925 pro
3287 852 3608 907 orationem
3636 868 3850 905 nomen

2200 950 2514 1021 suscipere.
2550 947 2774 1003 facilior
2803 950 2893 1001 est
2921 944 3075 999 enim
3124 943 3502 997 terminorum
3539 940 3849 1012 expositio,

2202 1040 2325 1094 utsi
2343 1038 2424 1093 nil
2448 1038 2643 1092 difl'ert
2665 1035 2852 1091 dicere
2874 1032 3229 1105 suspicabile
3244 1030 3557 1102 opinabilis
3582 1047 3704 1084 non
3728 1046 3851 1084 esse

2199 1134 2640 1199 genus,autnon
2663 1141 2789 1180 esse
2811 1123 2964 1177 idem
2990 1121 3269 1191 quiddam
3296 1118 3679 1190 suspicabile,
3700 1119 3851 1188 quod

2199 1215 2510 1288 opinabile,
2545 1231 2681 1268 nam
2732 1213 2780 1268 si
2810 1213 2963 1266 idem
3000 1215 3087 1265 est
3120 1210 3273 1280 quod
3324 1209 3722 1279 signiﬁcatur,
3754 1224 3851 1277 pro

2198 1305 2455 1361 oratione
2498 1304 2675 1370 dicta,
2738 1298 3095 1369 suspicabile
3128 1303 3185 1352 et
3214 1295 3507 1368 opinabile
3564 1295 3853 1349 terminos

2200 1394 2555 1464 ponendum.
2582 1391 2866 1458 Quoniam
2890 1406 3019 1444 vero
3052 1404 3168 1443 non
3191 1392 3279 1441 est
3298 1385 3452 1440 idem
3486 1383 3851 1455 voluptatem

2198 1499 2323 1538 esse
2355 1484 2595 1545 bonum,
2630 1487 2685 1534 et
2714 1493 2844 1534 esse
2872 1477 3233 1547 voluptatem
3267 1475 3423 1544 quod
3458 1474 3715 1535 bonum,
3741 1488 3850 1526 non

2198 1572 2471 1628 similiter
2485 1570 2817 1642 ponendum
2837 1565 3119 1622 terminos
3146 1583 3159 1631 ;
3178 1565 3274 1619 sed
3294 1562 3445 1617 siest
3466 1560 3852 1633 syllogismus

2197 1663 2475 1732 quoniam
2507 1658 2779 1729 voluptas
2812 1656 2966 1727 quod
3003 1656 3244 1717 bonum,
3279 1652 3597 1706 terminum
3631 1666 3850 1720 ponen-

2118 1763 2165 1826 Β
2196 1752 2335 1803 dum
2370 1750 2522 1820 quod
2560 1749 2775 1801 bonum
2804 1765 2817 1812 ;
2851 1744 2899 1798 si
2932 1748 3123 1798 autem
3159 1740 3435 1811 quoniam
3470 1740 3724 1803 bonum,
3758 1738 3858 1792 bo.

2198 1856 2362 1907 num,
2386 1836 2657 1892 similiter
2680 1840 2875 1890 autem
2899 1837 2954 1887 et
2975 1833 3031 1886 in
3052 1830 3346 1885 aliis.Non
3373 1833 3679 1883 estautem
3704 1827 3854 1881 idem

2199 1945 2386 1999 neque
2417 1942 2566 1991 esse,
2598 1939 2785 1995 neque
2818 1923 3010 1977 dicere
3033 1919 3309 1992 quoniam
3336 1920 3428 1973 cui
3453 1917 3481 1971 b
3502 1917 3689 1981 inest,
3724 1915 3856 1969 huic

2197 2032 2426 2086 quoque
2457 2014 2615 2068 omni
2645 2030 2683 2067 a
2714 2013 2884 2076 inest,
2918 2015 2976 2065 et
3007 2006 3329 2075 dicere,cui
3355 2005 3515 2060 omni
3549 2007 3577 2059 b
3600 2005 3783 2070 idest,
3804 2010 3857 2059 et

2200 2124 2237 2161 α
2270 2106 2423 2159 inest
2454 2103 2636 2173 omni,
2670 2100 2813 2155 nihil
2847 2099 3003 2154 enim
3059 2096 3329 2168 prohibet
3361 2095 3389 2150 b
3430 2096 3625 2149 inesse
3659 2111 3712 2159 c,
3746 2111 3856 2148 non

2201 2200 2394 2250 autem
2428 2192 2609 2247 omni.
2645 2190 2718 2245 Ut
2750 2189 2825 2243 sit
2856 2190 2884 2242 b
2933 2187 3245 2258 pulchrum
3283 2184 3451 2255 quid,
3481 2200 3509 2238 r
3540 2189 3745 2238 autem
3779 2183 3855 2237 al-

2201 2284 2361 2343 bum,
2378 2282 2423 2335 si
2443 2276 2811 2352 igituralicui
2830 2276 2961 2331 albo
2977 2276 3130 2331 inest
3144 2272 3452 2345 pulchrum
3475 2273 3613 2344 quid
3629 2314 3643 2337 ,
3660 2288 3853 2327 verum

2201 2376 2291 2428 est
2326 2370 2516 2425 dicere
2545 2368 2820 2439 quoniam
2872 2367 3004 2420 albo
3049 2364 3204 2419 inest
3236 2363 3569 2434 pulchrum,
3604 2362 3713 2416 sed
3747 2378 3854 2415 non

2203 2460 2361 2518 omni
2404 2461 2669 2514 fortasse.
2704 2457 2759 2511 Si
2790 2472 2927 2526 ergo
2958 2472 2991 2509 α
3020 2454 3175 2508 inest
3204 2454 3256 2520 b,
3304 2469 3418 2505 non
3466 2450 3624 2505 omni
3658 2456 3850 2505 autem

2201 2552 2273 2605 de
2305 2567 2417 2621 quo
2451 2551 2480 2603 Ι)
2511 2549 2721 2618 (neque
2751 2545 2797 2600 si
2818 2544 2974 2599 omni
3006 2559 3053 2609 c,
3088 2543 3241 2597 inest
3282 2543 3331 2607 ὁ,
3368 2556 3559 2610 neque
3592 2540 3640 2593 si
3666 2539 3852 2594 solum

2203 2640 2418 2707 alicui),
2455 2655 2569 2693 non
2604 2651 2840 2691 necesse
2870 2638 2959 2689 est
2988 2634 3039 2688 ei
3072 2633 3226 2704 quod
3258 2636 3346 2686 est
3373 2647 3401 2684 c
3434 2631 3630 2685 inesse
3665 2649 3722 2693 ιι,
3748 2647 3853 2686 non

2204 2728 2342 2799 quia
2370 2744 2479 2781 non
2514 2725 2694 2791 omni,
2729 2724 2827 2777 sed
2857 2739 2961 2777 nec
2993 2722 3185 2776 inesse
3211 2721 3261 2775 ei
3286 2719 3440 2790 quod
3466 2725 3555 2773 est
3583 2735 3631 2774 ε.
3672 2718 3735 2773 Si
3759 2736 3856 2773 au-

2204 2822 2319 2871 tem
2355 2817 2423 2870 de
2443 2828 2795 2886 quocunque
2819 2811 2847 2866 b
2866 2811 3091 2865 dicatur
3108 2825 3258 2875 vere,
3285 2807 3419 2862 huic
3442 2806 3603 2861 omni
3624 2806 3779 2861 inest
3801 2823 3847 2870 a,

2207 2906 2429 2963 accidet
2457 2922 2489 2958 a
2519 2904 2590 2958 de
2617 2918 2732 2972 quo
2754 2901 2911 2956 omni
2936 2900 2964 2953 b
2997 2899 3233 2964 dicitur,
3256 2899 3326 2952 de
3356 2913 3420 2951 eo
3445 2896 3605 2950 omni
3633 2896 3770 2950 dici.
3797 2895 3851 2949 Si

2205 3001 2398 3051 autem
2430 3012 2463 3048 a
2485 2993 2703 3047 dicitur
2723 2991 2793 3045 de
2819 2988 2972 3045 omni
3007 2989 3076 3043 de
3095 3004 3206 3057 quo
3226 2987 3253 3040 b
3272 2986 3521 3049 dicatur,
3553 2984 3697 3038 nihil
3724 3000 3849 3053 pro-

2213 3084 2372 3139 hibet
2402 3082 2453 3138 ei
2485 3082 2638 3154 quod
2674 3085 2762 3135 est
2793 3095 2819 3134 c
2848 3079 3041 3133 inesse
3065 3078 3114 3143 b,
3152 3094 3262 3131 non
3278 3074 3436 3129 omni
3460 3078 3658 3128 autem
3684 3091 3740 3138 a,
3763 3076 3853 3128 aut

2214 3133 2372 3139 ~-—~-
2407 3133 2453 3138 --
2491 3133 2637 3154 Ἱππ
3101 3133 3113 3143 ,
3729 3133 3738 3138 -

2131 3133 2172 3199 Ο
2216 3173 2534 3228 noninesse
2555 3169 2892 3226 omnino.In
2910 3167 3098 3221 tribus
3128 3163 3589 3236 igiturterminis
3615 3162 3851 3216 manife—

2209 3268 2365 3319 stum
2398 3266 2488 3317 est
2514 3260 2789 3332 quoniam
2813 3258 2883 3312 de
2915 3272 3028 3327 quo
3052 3256 3080 3309 b
3103 3254 3341 3325 quidem
3369 3251 3548 3320 omni,
3576 3257 3634 3306 et
3654 3269 3693 3305 α
3716 3251 3851 3304 dici-

2208 3358 2326 3420 tur,
2362 3351 2469 3406 hoc
2502 3356 2591 3405 est
2614 3349 2684 3403 de
2706 3347 3160 3420 quibuscunque
3195 3344 3223 3397 Ι)
3247 3342 3459 3397 dicitur
3485 3342 3555 3395 de
3580 3341 3848 3395 omnibus

2210 3440 2426 3494 dicitur
2455 3444 2512 3493 et
2542 3455 2595 3504 a,
2630 3443 2687 3491 et
2718 3436 2819 3489 sib
2852 3434 3089 3505 quidem
3121 3433 3192 3486 de
3223 3430 3404 3498 omni,
3430 3434 3485 3484 et
3517 3448 3550 3484 α
3582 3428 3848 3484 similiter

2210 3529 2257 3582 si
2293 3531 2488 3582 autem
2535 3542 2648 3580 non
2682 3525 2752 3579 de
2800 3521 2984 3590 omni,
3020 3537 3133 3575 non
3182 3534 3419 3573 necesse
3448 3522 3537 3572 est
3586 3534 3621 3571 τι
3670 3517 3850 3571 inesse

2210 3617 2390 3671 omni.
2424 3616 2547 3670 Non
2580 3617 2805 3684 oportet
2836 3616 3028 3666 autem
3063 3608 3333 3664 arbitrari
3370 3612 3605 3678 propter
3631 3604 3852 3677 exposi-

2208 3706 2425 3760 tionem
2459 3704 2720 3758 accidere
2744 3700 2979 3771 aliquod
3004 3696 3440 3764 inconveniens,
3468 3711 3581 3749 non
3605 3694 3756 3750 enin.
3783 3692 3851 3745 la-

2211 3795 2488 3849 boramus
2520 3793 2576 3845 in
2602 3790 2831 3861 eoquod
2859 3787 3080 3858 aliquid
3101 3786 3176 3841 sit
3199 3786 3329 3849 hoc,
3354 3786 3452 3837 sed
3476 3784 3845 3854 quemadmo-

2211 3883 2348 3937 dum
2385 3886 2679 3953 geomcter
2696 3878 2982 3950 pedalem,
3007 3880 3062 3930 et
3086 3880 3300 3929 rectam
3336 3873 3485 3927 hanc
3510 3889 3639 3927 esse
3668 3878 3721 3926 et
3742 3872 3849 3924 sine

2208 3970 2518 4026 latitudine
2550 3969 2693 4021 dicit
2719 3983 2845 4036 quas
2877 3981 2991 4019 non
3025 3968 3132 4028 est,
3168 3962 3263 4016 sed
3299 3978 3411 4016 non
3446 3960 3528 4014 sic
3563 3960 3762 4022 utitur,
3795 3960 3849 4010 ut

2210 4060 2294 4115 eis
2326 4056 2692 4130 syllogizans.
2718 4054 2967 4109 Omnino
2990 4052 3143 4107 enim
3170 4052 3321 4121 quod
3351 4066 3462 4103 non
3484 4057 3569 4103 est
3595 4054 3657 4101 ut
3680 4052 3847 4101 totum

2210 4150 2279 4204 ad
2316 4152 2559 4219 partem,
2621 4149 2677 4198 et
2708 4143 2862 4197 aliud
2899 4141 2969 4196 ad
3030 4141 3136 4195 hoc
3162 4144 3226 4193 ut
3259 4155 3392 4209 pars
3424 4138 3493 4192 ad
3554 4142 3761 4199 totum,
3792 4142 3849 4185 Ex

2213 4238 2370 4293 nullo
2401 4234 2606 4290 talium
2642 4232 2899 4288 ostendit
2925 4232 3377 4292 demonstrator,
3405 4241 3593 4296 neque
3626 4225 3773 4279 enim
3800 4223 3851 4273 lit

2213 4327 2614 4399 syllogismus,
2666 4320 3027 4393 expositione
3058 4324 3257 4373 autem
3310 4317 3393 4370 sic
3426 4316 3671 4379 utimur,
3716 4318 3774 4366 ut
3803 4314 3851 4362 rt

2212 4416 2427 4473 sentiat
2458 4413 2559 4486 qui
2591 4413 2765 4467 discit
2793 4411 3080 4476 dicentes,
3108 4424 3220 4461 non
3250 4404 3407 4459 enim
3438 4404 3519 4459 sic
3540 4410 3606 4458 ut
3633 4403 3752 4458 sine
3774 4400 3851 4453 bis

452 4513 611 4570 niam
644 4512 783 4583 (Ιυίά
802 4527 926 4578 ens:
950 4510 1138 4578 inquo
1169 4509 1359 4561 autem
1398 4503 1569 4565 b63119,
1595 4498 1836 4571 quidﬁn
1861 4514 1975 4567 quo
1999 4512 2101 4551 all-
2137 4502 2185 4567 D
2219 4522 2332 4561 non
2366 4501 2642 4575 possibile
2674 4500 2750 4555 sit
2801 4500 3226 4561 demonstrare,
3269 4492 3765 4565 quemadmodum
3794 4503 3851 4541 ex

452 4607 572 4657 tem
606 4618 633 4655 c
666 4601 906 4666 bonum,
929 4613 1129 4651 verum
1163 4598 1399 4664 estjergo
1432 4610 1465 4645 α
1498 4592 1567 4645 de
1599 4587 2107 4660 bprzsdicari,erat

454 4692 608 4746 enim
626 4688 937 4758 disciplina
952 4684 1201 4755 alicujus
1219 4682 1392 4745 entis,
1429 4678 1706 4750 quoniam
1724 4675 1862 4747 quid
1878 4678 2107 4738 ens,est

456 4786 513 4835 et
539 4780 567 4833 b
595 4780 666 4834 de
695 4780 747 4832 c‘
778 4794 908 4831 nam
942 4776 999 4829 in
1035 4790 1148 4844 quo
1180 4790 1208 4827 ο
1239 4787 1343 4827 ens
1375 4768 1539 4840 quid,
1574 4784 1753 4837 quare
1793 4771 1850 4820 et
1893 4782 1923 4818 (ι
1955 4764 2025 4818 de
2056 4780 2102 4829 ε,

457 4868 566 4925 erit
587 4883 723 4938 ergo
752 4864 1067 4935 disciplina
1088 4860 1518 4931 boniquoniam
1535 4858 1779 4923 bonum,
1803 4857 1927 4908 erat
1948 4852 2101 4907 enim

459 4957 601 5028 quid
627 4972 754 5025 ens,
779 4953 1012 5026 proprie
1047 4947 1393 5006 substantia:
1418 4945 1678 5017 signum.
1702 4942 1760 4997 Si
1782 4946 1975 4997 autem
2001 4956 2105 4995 ens

460 5046 720 5102 medium
744 5043 1001 5115 positum
1029 5042 1125 5107 sit,
1156 5042 1213 5094 et
1242 5039 1311 5092 ad
1338 5040 1661 5091 extremum
1694 5048 1797 5087 ens
1821 5029 2104 5099 simplici-

459 5141 570 5201 ter,
603 5142 799 5190 etnon
833 5131 974 5203 quid
1009 5146 1115 5185 ens
1146 5128 1367 5182 dictum
1401 5124 1497 5190 sit,
1533 5139 1647 5176 non
1699 5120 1809 5174 erit
1840 5118 2105 5190 syllogis-

462 5240 618 5289 mus,
646 5221 926 5293 quoniam
959 5223 1045 5274 est
1068 5214 1379 5286 disciplina
1402 5213 1535 5267 boni
1561 5209 1837 5283 quoniam
1865 5210 2105 5273 bonum,

465 5313 565 5368 sed
606 5310 882 5383 quoniam
918 5323 1045 5372 ens,
1070 5310 1132 5359 ut
1162 5306 1210 5358 si
1243 5303 1323 5357 sit
1344 5303 1399 5356 in
1436 5318 1549 5372 quo
1571 5317 1610 5354 α
1640 5297 1946 5368 disciplina
1970 5314 2107 5367 quo-

468 5401 621 5457 niam
656 5416 777 5463 ens,
813 5400 871 5451 in
905 5413 1020 5466 quo
1052 5394 1080 5449 b
1106 5410 1230 5457 ens,
1269 5393 1325 5444 in
1361 5407 1476 5461 quo
1502 5405 1530 5444 c
1559 5389 1800 5443 bonum.
1836 5386 2109 5442 Manifes-

465 5496 593 5547 tum
626 5490 809 5560 igitur
841 5484 1117 5557 quoniam
1153 5482 1209 5534 in
1267 5476 1722 5552 particularibus
1756 5473 2113 5545 syllogismis

469 5580 554 5637 sic
586 5577 941 5635 sumendum
971 5571 1275 5628 terminos.

2215 4594 2431 4666 quibus
2462 4595 2551 4646 est
2582 4588 2981 4661 syllogismus.
3002 4586 3127 4641 Non
3150 4584 3326 4639 lateat
3348 4586 3542 4637 autem
3570 4598 3696 4649 nos,
3719 4594 3849 4651 quo-

2214 4684 2367 4738 niam
2398 4681 2454 4734 in
2478 4680 2678 4734 eodem
2705 4677 3067 4748 syllogismo,
3092 4692 3207 4729 non
3231 4689 3435 4728 omnes
3460 4670 3847 4726 conclusiones

2217 4786 2500 4842 pcrunam
2524 4769 2788 4822 eamdem
2810 4769 3055 4835 ﬁguram
3078 4767 3233 4826 sunt,
3256 4762 3354 4816 sed
3371 4761 3492 4815 haec
3509 4761 3743 4832 quidem
3762 4770 3848 4826 per

2214 4862 2386 4924 hanc,
2411 4858 2512 4912 illa
2549 4872 2682 4911 vero
2727 4871 2829 4926 per
2876 4853 3075 4908 aliam.
3112 4851 3306 4906 Palam
3340 4866 3477 4921 ergo
3500 4848 3771 4921 quoniam
3799 4847 3846 4896 et

2215 4949 2601 5004 resolutiones
2624 4945 2709 4999 sic
2739 4943 3093 4999 faciendum.
3120 4940 3401 5004 Quoniam
3415 4945 3611 4994 autem
3632 4954 3739 4992 non
3753 4950 3850 4989 om.

2216 5057 2288 5095 ne
2313 5036 2677 5110 propositum
2704 5032 2759 5087 in
2787 5031 2945 5088 omni
2971 5032 3180 5103 ﬁgura,
3206 5029 3305 5083 sed
3333 5010 3390 5083 in
3416 5040 3758 5099 unaquaque
3777 5021 3850 5075 di-

2215 5128 2437 5200 sposita
2459 5141 2522 5179 su
2535 5121 3002 5189 nt,manifestum
3020 5124 3109 5174 est
3125 5136 3191 5174 ex
3204 5116 3580 5173 conclusione
3602 5117 3656 5170 in
3681 5129 3784 5185 qua
3798 5109 3851 5163 ﬁ-

2217 5234 2363 5292 gura
2384 5217 2463 5271 sit
2488 5212 2892 5284 quaerendum.
2933 5210 3002 5265 Et
3028 5209 3099 5263 ad
3142 5206 3513 5262 deﬁnitiones
3546 5204 3850 5261 orationum

2220 5318 2578 5380 quaecunque
2602 5301 2673 5356 ad
2699 5317 2880 5355 unum
2909 5298 3191 5371 quiddam
3211 5298 3781 5366 suntargumentata-
3807 5288 3855 5341 ia

2219 5413 2419 5455 eorum
2445 5411 2574 5465 quae
2596 5394 2799 5448 insunt
2827 5390 3097 5458 termino,
3129 5388 3198 5443 ad
3227 5390 3377 5457 quod
3402 5387 3855 5457 argumentatum

2220 5493 2309 5543 est
2338 5484 2675 5556 ponendum
2710 5481 3052 5539 terminum.
3089 5482 3281 5532 etnon
3313 5480 3494 5530 totam
3530 5474 3855 5537 orationem,

2221 5576 2420 5632 minus
2451 5573 2609 5629 enim
2636 5569 2927 5640 contingit
2946 5564 3277 5640 perturbari
3307 5568 3544 5636 propter
3562 5556 3859 5631 longitudi-
