4072 6182
526 325 635 387 683

1800 324 1919 376 AN.
1964 321 2184 373 MANL.
2223 319 2381 379 SEV.
2424 318 2660 372 ΒΟΕΤΙΙ

3762 325 3849 376 684

529 449 903 507 resolvuntur
932 447 1129 519 ﬁgura:
1162 446 1221 501 in
1270 461 1331 501 se
1362 445 1636 515 invicem,
1696 445 2075 499 manifestum
2107 457 2176 496 ex
2206 442 2261 506 Α
2289 456 2465 510 quare
2500 442 2539 494 (Ι
2572 457 2769 495 verum
2790 445 2898 511 est,
2924 445 3032 497 eta
3065 460 3177 497 non
3216 446 3691 515 verum,quoniam
3709 454 3853 506 estli-

532 541 727 596 dictis.

1136 661 1369 717 CAPUT
1410 662 1575 718 XLII.

530 779 606 833 De
632 776 965 846 syllogismis
996 774 1257 843 inﬁnitis,
1303 779 1354 828 et
1392 773 1598 844 regulis
1646 773 2177 844 consequentiarum.

612 902 812 957 Diﬂ‘ert
841 905 1031 955 autem
1055 900 1113 954 in
1137 900 1532 953 construendo
1548 900 1635 953 vel
1659 899 2013 954 destruendo
2052 896 2181 969 opi-

532 990 681 1059 nari,
710 995 811 1045 aut
834 990 1010 1058 idem,
1044 994 1146 1043 aut
1176 989 1471 1043 diversum
1521 988 1873 1059 signiﬁcare,
1915 1004 2027 1041 non
2054 1001 2182 1040 esse

533 1082 666 1149 hoc,
692 1085 898 1135 etesse
918 1096 1031 1133 non
1058 1080 1186 1147 hoc,
1212 1084 1276 1133 ut
1296 1096 1407 1133 non
1432 1094 1561 1133 esse
1581 1079 1805 1143 album,
1825 1078 1876 1132 ei
1908 1077 2059 1147 quod
2096 1079 2184 1130 est

535 1185 664 1225 esse
696 1186 811 1224 non
833 1168 1073 1237 album;
1102 1186 1215 1222 non
1240 1168 1397 1222 enim
1420 1168 1573 1221 idem
1604 1166 2074 1237 signiﬁcant,nec
2096 1168 2185 1219 est

535 1260 768 1330 negatio
790 1260 919 1327 ejus
947 1275 1069 1329 pum
1092 1262 1180 1312 est
1204 1273 1332 1311 esse
1354 1256 1552 1310 album
1573 1272 1641 1311 ea
1659 1272 1787 1326 qua:
1812 1260 1900 1310 est
1921 1272 2045 1309 esse
2068 1271 2183 1309 non

538 1349 871 1413 album,sed
901 1364 1012 1401 non
1036 1363 1165 1402 esse
1187 1347 1406 1401 album.
1430 1346 1596 1401 Ratio
1625 1350 1821 1400 autem
1867 1344 2043 1415 hujus
2064 1344 2184 1398 haec

538 1443 623 1493 est
650 1457 663 1504 ;
690 1438 965 1492 similiter
980 1436 1135 1490 enim
1161 1452 1222 1490 se
1263 1436 1438 1489 habet
1462 1436 1738 1503 possibile
1760 1440 1851 1489 est
1885 1432 2186 1487 ambulare

540 1528 611 1582 ad
638 1525 918 1598 possibile
944 1542 1055 1580 non
1074 1524 1399 1591 ambulare,
1421 1525 1473 1578 id
1492 1541 1617 1593 quae
1633 1532 1721 1577 est
1744 1540 1872 1578 esse
1895 1522 2097 1577 album
2114 1522 2185 1575 ad

540 1632 668 1671 esse
694 1632 806 1671 non
836 1614 1059 1679 album,
1084 1619 1142 1669 et
1163 1613 1273 1668 scit
1306 1614 1523 1668 bonum
1550 1614 1618 1668 ad
1645 1612 1752 1667 scit
1771 1630 1886 1667 non
1920 1613 2139 1667 bonum
2174 1628 2186 1665 :

540 1721 675 1758 nam
693 1704 804 1759 scit
826 1704 1045 1759 bonum
1062 1703 1145 1757 vel
1161 1704 1352 1759 sciens
1374 1703 1593 1757 bonum
1619 1700 1761 1756 nihil
1777 1702 2188 1771 diﬁ'ert,neque

2290 547 2471 599 gnum
2505 530 2727 585 album.

2362 621 2559 676 Palam
2588 628 2779 676 autem
2805 623 3083 692 quoniam
3096 628 3151 678 et
3169 641 3198 677 α
3216 629 3317 679 etc
3335 625 3474 679 nulli
3494 626 3659 681 eidem
3680 628 3853 696 insunt,

2289 714 2388 768 sed
2415 714 2443 764 ὁ
2465 716 2521 767 et
2545 712 2579 765 d
2601 713 2884 785 contingit
2906 714 3093 769 eidem
3116 714 3749 771 alicuiinesse.Similiter
3771 738 3851 774 au-

2290 806 2408 855 tem
2434 801 2727 856 sehabent
2749 802 3169 873 etprivationes
3189 805 3257 858 ad
3274 804 3683 875 pragdicationes
3702 809 3854 861 eadem

2292 891 2613 961 positione:
2649 892 2897 946 sitenim
2938 910 2971 947 a
3001 892 3171 960 quale
3195 894 3250 947 in
3270 910 3455 963 quoa,
3483 911 3588 947 non
3609 895 3791 966 aquale
3814 897 3855 950 in

2291 981 2447 1051 quod
2468 980 2517 1046 Ι),
2542 980 2829 1051 ineequale
2850 981 2907 1035 in
2929 999 3042 1052 quo
3061 998 3108 1045 c,
3131 1000 3243 1037 non
3268 984 3544 1053 inaequale
3568 986 3617 1037 in
3644 985 3778 1055 quod
3811 986 3853 1038 ln

2289 1070 2560 1141 pluribus
2584 1077 2777 1125 autem
2804 1088 3050 1141 quorum
3077 1071 3169 1126 his
3193 1071 3423 1141 quidem
3451 1072 3610 1137 inest,
3636 1073 3734 1126 illis
3761 1091 3857 1129 vero

2290 1176 2406 1214 non
2432 1159 2583 1213 inest
2615 1162 2792 1229 idem,
2812 1160 3044 1232 negatio
3073 1162 3307 1231 quidem
3334 1162 3594 1216 similiter
3612 1180 3727 1217 vera
3747 1164 3861 1227 lit,ut

2291 1250 2573 1317 quoniam
2600 1267 2711 1304 non
2737 1250 3026 1305 suntallia
3055 1251 3266 1307 omnia,
3290 1260 3386 1304 aut
3409 1251 3662 1322 quoniam
3684 1269 3777 1305 non
3795 1260 3861 1307 est

2295 1337 2492 1392 album
2522 1340 3007 1410 unumquodque,
3044 1343 3145 1394 aut
3175 1340 3447 1410 quoniam
3481 1349 3559 1395 est
3582 1358 3683 1397 non
3710 1344 3862 1395 album

2298 1430 2784 1500 unumquodque,
2818 1439 2918 1483 aut
2951 1431 3227 1500 quoniam
3256 1432 3451 1484 omnia
3481 1436 3609 1484 sunt
3634 1447 3730 1485 non
3748 1432 3862 1498 allia,

2298 1516 2506 1571 falsum
2541 1523 2647 1571 est.
2683 1518 2961 1573 Similiter
3002 1524 3195 1574 autem
3227 1524 3283 1573 et
3314 1521 3441 1589 ejus
3480 1535 3599 1588 qua:
3628 1526 3704 1573 est
3736 1536 3864 1573 omne

2298 1607 2517 1661 animal
2545 1608 2765 1675 album,
2791 1625 2906 1662 non
2926 1609 3042 1662 hrrc
3092 1610 3201 1677 (est
3236 1626 3351 1663 non
3386 1608 3573 1662 album
3602 1624 3750 1662 omne
3777 1609 3864 1662 ani-

2300 1696 2439 1766 mal)
2473 1695 2726 1766 negatio,
2750 1696 2935 1750 ambae
2971 1697 3127 1751 enim
3185 1697 3364 1764 falsm,
3400 1698 3495 1751 sed
3527 1714 3709 1766 es,non
3739 1712 3867 1749 omne

540 1798 731 1863 potest
753 1792 1056 1847 ambulare
1083 1792 1171 1846 vel
1192 1796 1283 1846 est
1302 1796 1504 1860 potens
1532 1789 1832 1845 ambulare
1856 1807 1869 1857 ;
1890 1806 2071 1861 quare
2102 1793 2190 1843 est
2222 1809 2266 1874 B
2301 1786 2518 1841 animal
2554 1785 2776 1841 album.
2798 1785 3081 1849 Quoniam
3118 1791 3315 1840 autem
3354 1785 3535 1856 palam
3585 1786 3717 1855 quod
3749 1785 3865 1874 aliud

541 1882 831 1952 opposita,
877 1899 993 1936 non
1030 1886 1222 1952 potest
1274 1880 1579 1935 ambulare
1608 1885 1665 1934 et
1698 1896 1809 1934 non
1858 1884 1946 1934 est
1986 1884 2190 1949 potens

542 1971 864 2027 ambulare.
895 1972 949 2025 Si
986 1969 1165 2039 igitur
1190 1986 1303 2023 non
1340 1976 1426 2023 est
1466 1974 1671 2039 potens
1703 1967 2005 2023 ambulare
2038 1968 2189 2021 idem

546 2059 841 2129 signiﬁcat
880 2062 936 2112 et
977 2064 1067 2112 est
1114 2062 1319 2128 potens
1353 2073 1465 2110 non
1498 2055 1826 2121 ambulare,
1857 2054 1985 2126 ipsa
2017 2054 2194 2110 simul

552 2147 1012 2210 inerunteidem,
1028 2163 1161 2200 nam
1182 2146 1334 2199 idem
1354 2148 1541 2215 potest
1556 2144 1857 2199 ambulare
1872 2149 1927 2198 et
1942 2161 2053 2198 non
2070 2161 2199 2199 am-

552 2237 777 2302 bulare,
820 2241 875 2291 et
914 2235 1070 2290 idem
1108 2235 1301 2290 sciens
1334 2235 1553 2289 bonum
1601 2237 1656 2288 et
1693 2250 1805 2287 non
1833 2235 2048 2287 bonum
2083 2238 2191 2288 est.

548 2325 877 2379 Afﬁrmatio
919 2329 1111 2379 autem
1152 2329 1209 2379 et
1241 2324 1471 2393 negatio
1495 2340 1610 2377 non
1644 2322 2082 2393 suntoppositaa
2116 2322 2193 2377 ei-

548 2416 669 2467 mul
700 2414 755 2467 in
798 2414 1022 2467 eodem.
1047 2413 1551 2478 Quemadmodum
1594 2427 1731 2481 ergo
1758 2428 1873 2465 non
1908 2411 2059 2464 idem
2085 2416 2192 2475 est,

547 2518 663 2557 non
689 2502 834 2556 scire
862 2503 1083 2556 bonum
1110 2506 1165 2556 et
1187 2500 1336 2555 scire
1379 2517 1491 2554 non
1514 2500 1761 2569 bonum,
1792 2516 1897 2554 nec
1919 2517 2046 2555 esse
2078 2517 2192 2555 non

544 2590 766 2645 bonum
790 2597 845 2645 et
870 2608 980 2644 non
1005 2606 1134 2645 esse
1156 2590 1400 2657 bonum,
1420 2589 1599 2654 idem,
1635 2605 1769 2643 nam
1791 2590 2193 2659 proportione-

543 2679 717 2743 lium,
739 2681 787 2735 si
813 2680 1060 2734 alterum
1086 2680 1187 2749 sit,
1206 2684 1261 2734 et
1284 2678 1669 2743 alterum,ncc
1691 2694 1818 2733 esse
1842 2694 1957 2733 non
1974 2677 2194 2748 mquale

545 2772 601 2823 et
624 2784 739 2822 non
763 2784 892 2821 esse
928 2766 1149 2837 aequale
1192 2766 1372 2831 idem,
1402 2765 1539 2820 huic
1574 2766 1731 2821 enim
1761 2770 1914 2835 quod
1956 2772 2044 2820 est
2079 2783 2192 2820 non

544 2856 1051 2928 aequalesubjacet
1074 2855 1385 2925 aliquid,et
1406 2855 1514 2910 hoc
1538 2861 1627 2909 est
1644 2854 2041 2925 inzequaleﬁlli
2061 2872 2192 2911 vero

545 2944 786 3013 nihil,eo
801 2946 954 3015 quod
973 2944 1191 3015 aequale
1216 2944 1450 3015 quidem
1466 2942 1857 3013 velinaaquale
1884 2960 1993 2997 non
2020 2961 2193 2999 omne

542 3038 650 3100 est,
673 3034 898 3104 aequale
923 3038 1118 3088 autem
1158 3033 1247 3087 vel
1285 3050 1396 3088 non
1422 3032 1641 3104 {equale
1663 3050 1835 3087 omne
1868 3050 1881 3087 :
1913 3033 2189 3104 amplius,

541 3128 631 3178 est
654 3141 767 3178 non
795 3123 1238 3191 albumlignum
1256 3127 1313 3175 et
1343 3140 1456 3177 non
1487 3127 1575 3177 est
1597 3123 1795 3177 album
1820 3122 2045 3194 lignum
2074 3141 2185 3178 non

543 3211 717 3267 simul
745 3218 903 3279 sunt,
937 3211 983 3265 si
1010 3211 1167 3264 enim
1188 3213 1276 3263 est
1318 3208 1544 3279 lignum
1578 3227 1690 3262 non
1716 3211 1940 3278 album,
1986 3212 2184 3267 eritli-

548 3298 913 3369 gnum,quod
941 3303 1137 3352 autem
1174 3314 1290 3351 non
1327 3300 1415 3350 est
1437 3296 1633 3351 album
1661 3295 1910 3367 lignum,
1936 3316 2047 3353 non
2084 3318 2185 3355 ne-

535 3402 697 3441 cesse
719 3392 807 3440 est
831 3402 960 3441 esse
1009 3386 1276 3456 lignum:
1305 3402 1486 3455 quare
1520 3384 1891 3440 manifestum
1924 3392 2011 3441 est
2043 3406 2182 3458 quo-

536 3476 696 3529 niam
718 3492 832 3529 non
861 3480 951 3530 est
976 3474 1103 3544 ejus
1126 3474 1279 3544 quod
1306 3478 1393 3527 est
1419 3473 1661 3541 bonum,
1682 3478 1767 3528 est
1798 3492 1910 3531 non
1938 3478 2179 3547 bonum,

532 3564 764 3636 negatio
792 3583 805 3633 ;
833 3565 877 3618 si
911 3579 1046 3633 ergo
1070 3563 1139 3617 de
1163 3562 1321 3617 omni
1349 3577 1463 3616 uno
1486 3560 1572 3615 vel
1601 3562 1938 3634 afﬁrmatio,
1963 3565 2046 3618 vel
2082 3582 2178 3621 ne-

530 3654 686 3727 gatio
712 3670 869 3717 vera,
894 3652 942 3707 si
967 3668 1078 3705 non
1105 3656 1193 3707 est
1216 3650 1470 3721 negatio,
1497 3650 1687 3721 palam
1711 3654 1989 3722 quoniam
2016 3654 2177 3710 afﬁr-

531 3743 711 3797 matio
740 3742 934 3813 aliquo
956 3742 1127 3795 modo
1153 3741 1261 3794 erit
1283 3758 1295 3805 ;
1315 3739 1725 3795 afﬁrmationis
1745 3749 1939 3796 autem
1962 3744 2176 3808 omnis,

529 3830 762 3901 negatio
791 3834 899 3896 est,
925 3833 982 3884 et
1011 3830 1186 3899 huius
1206 3844 1362 3900 ergo,
1394 3846 1459 3883 ea
1488 3845 1614 3899 qua:
1656 3835 1745 3885 est
1780 3848 1895 3885 non
1918 3838 2026 3900 est,
2062 3850 2175 3888 non

528 3918 1010 3973 bonum.Habent
1028 3926 1224 3973 autem
1243 3918 1510 3973 ordinem
1534 3918 1685 3973 hunc
1703 3920 1774 3973 ad
1800 3920 2067 3989 invicem,
2102 3923 2177 3976 sit

528 4023 658 4063 esse
680 4008 921 4079 quidem
940 4008 1159 4061 bonum
1178 4006 1236 4060 in
1260 4022 1375 4077 quo
1391 4024 1446 4071 ιι,
1462 4024 1575 4062 non
1593 4024 1720 4062 esse
1739 4012 1933 4062 autem
1955 4009 2171 4065 bonum

526 4098 585 4153 in
606 4116 721 4171 quo
749 4099 799 4166 b,
820 4114 949 4153 esse
974 4101 1168 4152 autem
1200 4114 1314 4152 non
1339 4098 1559 4153 bonum
1585 4097 1642 4151 in
1667 4114 1779 4167 quo
1800 4115 1828 4151 ε
1849 4099 1958 4152 sub
1974 4099 2023 4169 Ι),
2058 4117 2171 4155 non

525 4206 655 4246 esse
677 4193 875 4245 autem
903 4205 1019 4242 non
1043 4188 1262 4243 bonum
1310 4187 1368 4241 in
1412 4204 1528 4258 quo
1568 4187 1602 4242 d
1631 4188 1741 4241 sub
1765 4206 1819 4255 α,
1853 4188 2011 4243 omni
2035 4206 2171 4261 ergo

530 4280 707 4335 inerit
742 4284 845 4334 aut
888 4296 942 4347 a,
988 4283 1090 4333 aut
1133 4278 1183 4346 b,
1209 4283 1263 4333 et
1287 4277 1433 4332 nulli
1456 4278 1667 4342 eidem,
1701 4282 1756 4332 et
1781 4278 1940 4333 omni
1991 4284 2091 4335 aut
2119 4297 2167 4352 ε,

522 4377 625 4424 aut
663 4370 720 4436 d,
758 4372 814 4424 et
856 4367 1002 4423 nulli
1048 4368 1259 4435 eidem,
1305 4371 1360 4423 et
1383 4368 1473 4423 cui
1498 4384 1526 4423 ο
1555 4369 1731 4438 inest,
1763 4383 2001 4426 necesse
2021 4375 2109 4425 est
2140 4370 2169 4425 b

521 4458 680 4512 omni
702 4457 911 4512 inesse.
942 4457 999 4511 Si
1022 4456 1176 4510 enim
1200 4473 1403 4513 verum
1422 4462 1511 4512 est
1550 4457 1740 4514 dicere
1777 4459 2051 4531 quoniam
2078 4466 2167 4516 est

2219 3171 2261 3239 C

2300 1878 2595 1945 signiﬁcat
2616 1879 2704 1931 est
2727 1893 2841 1930 non
2876 1875 3099 1942 album,
3145 1880 3203 1930 et
3226 1893 3343 1930 non
3384 1880 3469 1930 est
3499 1876 3699 1937 album,
3726 1880 3769 1928 ct
3794 1872 3866 1925 illa

2300 1968 2535 2039 quidem
2570 1967 2906 2034 afﬁrmatio,
2940 1965 3060 2020 haec
3092 1982 3224 2020 vero
3274 1966 3524 2037 negatio,
3558 1965 3865 2018 manifestum

2299 2059 2577 2129 quoniam
2595 2074 2709 2112 non
2724 2058 2973 2112 estidem
2994 2057 3205 2111 modus
3222 2056 3578 2111 monstrandi
3595 2061 3866 2124 utrumque,

2302 2154 2363 2202 ut
2384 2151 2656 2217 quoniam
2683 2145 2969 2217 quidquid
2997 2152 3084 2199 est
3106 2144 3350 2212 animal,
3374 2162 3481 2197 non
3506 2149 3588 2197 est
3606 2143 3870 2208 album,aut

2297 2236 2585 2306 contingit
2607 2253 2718 2289 non
2744 2251 2869 2289 esse
2909 2234 3128 2301 album,
3155 2238 3211 2287 et
3233 2233 3507 2304 quoniam
3531 2246 3707 2285 verum
3726 2231 3869 2282 dicere

2301 2343 2413 2381 non
2439 2325 2779 2390 album,hoc
2801 2324 2956 2378 enim
2981 2327 3069 2377 est
3091 2339 3215 2377 esse
3236 2340 3355 2376 non
3380 2320 3697 2376 album.Sed
3719 2334 3869 2372 verum

2299 2418 2535 2489 quidem
2578 2415 2788 2477 dicere,
2840 2418 2929 2469 est
2970 2414 3195 2477 album,
3232 2413 3357 2468 sive
3390 2430 3499 2467 non
3533 2411 3727 2474 album,
3757 2409 3869 2462 idem

2301 2504 2940 2561 modus.Construetive
2964 2504 3120 2557 enim
3136 2503 3319 2557 amba)
3346 2519 3445 2573 per
3475 2500 3703 2572 primam
3725 2502 3873 2550 osten-

2298 2597 2519 2649 duntur
2552 2593 2823 2663 ﬁguram,
2859 2609 2993 2645 nam
3030 2608 3224 2645 verum
3260 2591 3312 2644 ei
3348 2591 3501 2661 quod
3536 2594 3617 2643 est
3662 2584 3875 2639 similiter

2298 2683 2624 2749 ordinatur,
2655 2683 2783 2753 ejus
2810 2682 2963 2735 enim
3002 2697 3125 2751 quae
3150 2683 3257 2743 est,
3280 2696 3482 2734 verum
3509 2679 3681 2731 dicere
3703 2674 3872 2733 allium,

2298 2790 2411 2828 non
2434 2772 2579 2841 haec,
2598 2788 2798 2826 verum
2824 2770 3015 2825 dicere
3040 2786 3152 2824 non
3175 2768 3400 2837 album,
3429 2765 3753 2840 negatio,sed
3767 2763 3870 2823 har,

2300 2880 2409 2918 non
2436 2870 2523 2917 est
2541 2878 2739 2916 verum
2761 2860 2952 2915 dicere
2984 2859 3201 2915 album.
3228 2858 3279 2912 Si
3323 2859 3477 2913 enim
3521 2872 3703 2911 verum
3722 2852 3872 2909 estdi-

2297 2969 2424 3006 cere
2444 2950 2729 3023 quidquid
2744 2954 2829 3004 est
2852 2950 3025 3003 homo
3044 2948 3342 3002 musicum
3364 2951 3609 3015 esse,aut
3625 2939 3875 2997 nonmusi—

2296 3057 2429 3095 cum
2450 3040 2895 3110 esse,quidquid
2917 3044 3005 3093 est
3027 3036 3244 3092 animal
3266 3036 3614 3091 sumendum
3639 3030 3870 3086 musicum

2302 3146 2450 3198 esse,
2479 3134 2575 3183 aut
2600 3146 2713 3183 non
2741 3129 3032 3183 musicum
3057 3144 3207 3195 esse,
3252 3132 3310 3179 et
3349 3131 3640 3180 ostensum
3669 3125 3758 3174 est.
3785 3116 3875 3170 Non

2301 3236 2429 3275 esse
2444 3223 2638 3274 autem
2658 3218 2949 3272 musicum
2977 3214 3261 3287 quidquid
3285 3205 3875 3276 esthomo,destructive

2295 3312 2657 3362 monstratur
2670 3307 2990 3361 secundum
3011 3306 3198 3359 dictos
3216 3308 3334 3359 tres
3354 3295 3873 3369 modos.Simpliciter

2292 3402 2484 3451 autem
2511 3397 2746 3468 quando
2771 3397 2854 3451 sic
2870 3414 2931 3450 se
2955 3396 3171 3451 habent
3196 3413 3227 3449 a
3250 3399 3307 3448 et
3330 3395 3380 3462 Ι),
3416 3398 3478 3448 ut
3496 3391 3663 3449 simul
3689 3386 3875 3459 quidem

2290 3486 2479 3541 eidem
2511 3503 2625 3541 non
2663 3485 3025 3554 contingant,
3062 3484 3220 3537 omni
3256 3490 3454 3539 autem
3487 3483 3553 3536 de
3594 3474 3873 3534 necessitate

2290 3574 2560 3641 alterum,
2586 3580 2641 3630 et
2672 3591 2909 3629 rursum
2940 3590 2967 3627 ο
2990 3578 3044 3627 et
3074 3572 3108 3626 d
3133 3572 3431 3626 similiter.
3452 3569 3873 3642 Sequiturautcm

2288 3664 2343 3717 id
2377 3665 2529 3733 quod
2556 3668 2645 3717 est
2666 3680 2712 3731 ο,
2743 3680 2797 3730 (ι,
2818 3668 2873 3717 et
2898 3679 3010 3715 non
3036 3662 3419 3731 convertitur,
3448 3664 3503 3715 et
3529 3659 3585 3712 id
3617 3653 3754 3727 quod
3779 3646 3881 3705 cstb

2287 3758 2564 3825 sequetur
2590 3753 2647 3823 d,
2678 3758 2733 3808 et
2768 3771 2882 3808 non
2932 3753 3311 3820 convertitur,
3360 3756 3420 3806 et
3477 3768 3509 3803 α
3541 3748 3752 3819 quidem
3792 3735 3879 3793 etd

2283 3844 2631 3913 contingunt
2652 3842 2862 3911 eidem,
2898 3842 2925 3895 b
2951 3848 3147 3897 autem
3170 3845 3273 3895 etc
3299 3857 3423 3894 non
3447 3826 3879 3907 contingunt.Pri-

2283 3948 2444 3986 mum
2468 3948 2603 4002 ergo
2626 3931 2899 4003 quoniam
2926 3930 2983 3985 id
3024 3931 3177 4001 quod
3230 3934 3317 3985 est
3344 3929 3379 3981 Ι)
3403 3928 3661 4000 sequitur
3685 3924 3731 3990 d,
3770 3918 3873 3972 hinc

2282 4021 2656 4075 manifestum
2677 4021 2949 4090 quoniam
2976 4035 3175 4074 eorum
3200 4036 3327 4089 qua:
3348 4024 3530 4073 suntc
3550 4017 3582 4071 d
3602 4015 3809 4069 alterum
3825 4019 3873 4058 ex

2280 4111 2625 4165 necessitate
2650 4110 3003 4177 omniinest,
3028 4110 3121 4163 cui
3145 4112 3338 4163 autem
3372 4110 3401 4163 b
3438 4126 3549 4163 non
3575 4096 3871 4169 contingitc,

2277 4214 2343 4253 eo
2367 4198 2521 4269 quod
2546 4197 2721 4253 simul
2743 4198 2920 4252 infert
2941 4214 3003 4263 α,
3035 4214 3067 4251 a
3088 4201 3283 4251 autem
3309 4201 3365 4249 et
3391 4199 3421 4250 b
3442 4211 3554 4249 non
3577 4182 3872 4256 continguﬁt

2278 4286 2491 4353 eidem,
2522 4287 2898 4342 manifestum
2922 4286 3201 4357 quoniam
3225 4285 3257 4339 (ι
3279 4291 3561 4356 sequetur
3582 4282 3627 4335 Ι).
3662 4279 3868 4333 Rursum

2278 4378 2556 4447 quoniam
2582 4376 2633 4432 ei
2659 4377 2812 4447 quod
2841 4381 2931 4431 est
2950 4394 2984 4430 α
3008 4392 3123 4430 non
3151 4376 3511 4429 convertitur
3538 4389 3584 4435 ε,
3628 4364 3767 4423 omni
3789 4375 3868 4414 au-

2278 4470 2391 4520 tem
2417 4465 2503 4520 vel
2528 4483 2573 4535 c,
2611 4465 2697 4521 vel
2731 4465 2784 4535 d,
2831 4465 3116 4535 contingit
3145 4480 3198 4528 (ι,
3248 4468 3304 4518 et
3334 4462 3367 4516 (ί
3410 4464 3593 4517 eidem
3619 4460 3787 4512 inesse
3812 4448 3867 4535 ΜΡ

522 4563 637 4601 non
658 4547 880 4611 album,
902 4553 952 4600 et
989 4547 1267 4616 quoniam
1289 4564 1403 4602 non
1429 4551 1518 4603 est
1540 4548 1760 4620 album,
1784 4567 1982 4606 verum
2015 4551 2166 4619 ;im-
2197 4524 2245 4590 D
2280 4563 2471 4610 autem
2492 4558 2545 4609 et
2582 4570 2610 4608 ε
2632 4571 2745 4610 non
2768 4554 3073 4625 contingit,
3108 4570 3173 4609 eo
3196 4554 3350 4624 quod
3398 4546 3757 4618 consequitur
3775 4557 3800 4593 α
3825 4534 3865 4588 id

518 4636 800 4708 possibile
818 4640 907 4691 est
927 4638 1082 4691 enim
1104 4636 1281 4691 simul
1304 4654 1432 4693 esse
1462 4638 1660 4693 album
1687 4644 1744 4695 et
1764 4658 1893 4696 esse
1928 4658 2041 4695 non
2074 4641 2162 4697 al-

519 4726 792 4791 bum,aut
815 4742 942 4781 esse
962 4724 1189 4797 lignum
1213 4726 1413 4782 album
1437 4736 1491 4783 et
1521 4745 1649 4783 esse
1672 4728 1899 4799 lignum
1930 4746 2045 4783 non
2078 4731 2160 4786 al-

518 4816 661 4871 bum
681 4831 891 4885 :quare
915 4816 963 4870 si
980 4833 1093 4871 non
1114 4816 1757 4889 afﬁrmatio,etnegatio
1776 4815 2037 4872 inerit.Ei
2057 4837 2160 4874 au-

517 4908 638 4960 tem
661 4906 810 4975 quod
835 4909 925 4961 est
949 4906 997 4973 b,
1018 4923 1132 4962 non
1176 4921 1407 4977 semper
1439 4923 1488 4973 c,
1529 4907 1679 4976 quod
1723 4906 1877 4959 enim
1920 4906 2158 4964 omnino

516 5012 632 5050 non
654 4998 743 5051 est
764 4994 1013 5067 lignum,
1034 5011 1221 5067 neque
1271 4995 1498 5066 lignum
1522 4996 1633 5050 erit
1658 4992 1880 5062 album,
1914 5012 2018 5051 nec
2041 5014 2153 5055 non

514 5084 736 5141 album.
771 5086 813 5140 E
845 5102 1124 5141 converso
1174 5088 1373 5139 autem
1416 5084 1509 5139 cui
1558 5084 1709 5138 inest
1763 5100 1818 5147 a,
1847 5088 1903 5138 et
1931 5084 1965 5139 d
1996 5090 2155 5145 omni

509 5176 682 5246 inest,
707 5179 808 5230 aut
827 5176 983 5231 enim
1006 5190 1053 5244 c,
1077 5178 1180 5229 aut
1212 5175 1289 5229 d:
1323 5173 1603 5243 quoniam
1636 5175 1831 5227 autem
1872 5191 1986 5229 non
2020 5193 2151 5247 pos-

506 5270 647 5319 sunt
680 5265 853 5319 simui
894 5281 1023 5320 esse
1058 5281 1171 5319 non
1212 5262 1412 5317 album
1444 5267 1500 5318 et
1521 5278 1618 5317 ese
1640 5261 1861 5329 album,
1890 5264 1924 5319 d
1955 5266 2149 5336 inerit,

506 5368 641 5406 nam
667 5354 738 5407 de
762 5368 829 5408 eo
855 5353 1010 5424 quod
1045 5356 1134 5406 est
1174 5351 1375 5405 album
1416 5366 1618 5406 verum
1656 5354 1745 5406 est
1781 5352 1971 5409 dicere
2006 5371 2150 5425 quo-

503 5442 659 5495 niam
678 5458 794 5496 non
820 5447 907 5496 est
928 5457 1042 5494 non
1070 5439 1288 5494 album.
1318 5444 1396 5494 De
1420 5440 1453 5494 ιι
1484 5443 1679 5494 autem
1703 5457 1817 5495 non
1845 5443 2085 5501 omnino
2117 5464 2150 5502 (ι

501 5530 631 5597 erit,
666 5547 800 5585 nam
827 5530 896 5583 de
917 5545 982 5583 eo
1002 5529 1153 5598 quod
1198 5528 1436 5583 omnino
1475 5545 1588 5583 non
1639 5529 1999 5599 estlignum,
2033 5551 2147 5590 non

504 5636 705 5675 verum
738 5623 827 5674 est
859 5618 1050 5672 dicere
1107 5635 1143 5673 α
1196 5620 1475 5690 quoniam
1516 5624 1605 5674 est
1653 5618 1877 5691 lignum
1909 5622 2144 5696 album;

2272 4646 2421 4714 quod
2447 4648 2535 4699 est
2554 4660 2602 4707 ε,
2628 4643 2839 4698 accidit
2863 4644 3018 4698 enim
3040 4642 3317 4712 quiddam
3346 4625 3868 4712 impossibile.ltlani-

2270 4732 2481 4787 festum
2507 4738 2596 4787 est
2613 4747 2748 4804 ergo
2773 4732 3055 4803 quoniam
3071 4747 3174 4786 nec
3204 4730 3231 4784 ἱ)
3255 4732 3305 4785 ei
3328 4731 3483 4800 quod
3510 4725 3641 4782 estd
3669 4730 3865 4804 convet-

2272 4820 2405 4888 tiur,
2440 4838 2505 4877 eo
2546 4802 2701 4893 quod
2742 4802 3032 4891 centingit
3070 4819 3246 4873 simul
3288 4836 3343 4887 a,
3386 4818 3645 4873 dinesse.
3688 4802 3869 4866 Accidit

2267 4919 2457 4965 autem
2483 4910 2795 4982 aliquoties
2818 4912 2877 4965 in
2922 4910 3258 4979 hujusmodi
3297 4908 3675 4963 terminorum
3699 4894 3863 4954 ordine

2268 4999 2481 5068 falli,eo
2501 5003 2651 5072 quod
2679 5001 2947 5072 opposita
2971 5018 3085 5055 non
3109 5005 3423 5055 sumantur
3450 5001 3622 5062 recte,
3654 4995 3860 5061 quorum

2266 5105 2505 5145 necesse
2528 5095 2615 5145 est
2639 5091 2798 5146 omni
2833 5088 3079 5145 alterum
3115 5089 3347 5145 inesse:
3396 5093 3457 5142 ut
3499 5103 3560 5141 se
3588 5102 3617 5137 (ι
3648 5086 3699 5134 et
3727 5078 3751 5131 b
3775 5084 3863 5160 n01}

2264 5180 2613 5249 contingunt
2627 5178 2807 5233 simul
2821 5178 3276 5245 eidem,necesse
3290 5182 3379 5232 est
3402 5179 3593 5229 autem
3612 5172 3780 5225 inesse
3792 5169 3862 5253 cui

2263 5282 2379 5323 non
2403 5266 2671 5335 alterum,
2697 5267 2968 5337 alterum,
2995 5271 3050 5322 et
3073 5283 3281 5321 rursus
3307 5283 3334 5321 c
3355 5270 3410 5320 et
3440 5265 3475 5315 ιι
3497 5260 3766 5317 similiter,
3792 5261 3863 5301 CUI

2263 5360 2459 5412 autem
2485 5374 2512 5411 ο
2534 5357 2695 5412 omni
2719 5357 2990 5427 sequitur
3013 5356 3297 5421 a,accidet
3318 5354 3473 5410 enim
3492 5351 3583 5405 cui
3605 5347 3689 5413 d,b
3709 5342 3863 5436 inesse

2260 5462 2328 5501 ex
2348 5448 2717 5510 necessitate,
2764 5446 2918 5517 quod
2966 5444 3179 5500 falsum
3214 5448 3337 5512 est;
3368 5442 3412 5497 si
3447 5442 3702 5495 sumatur
3737 5437 3859 5517 smul

2262 5536 2491 5607 negatio
2516 5553 2715 5591 eorum
2752 5553 2876 5607 qua:
2908 5540 3091 5590 sunta
3123 5534 3173 5601 b,
3198 5551 3263 5589 ea
3286 5550 3408 5605 quae
3428 5537 3517 5585 est
3538 5529 3591 5581 in
3624 5512 3856 5607 quibusla

2260 5630 2318 5683 et
2341 5606 2549 5681 rursus
2572 5606 2781 5681 eorum,
2804 5641 2931 5696 quae
2955 5628 3094 5680 sunt
3121 5642 3150 5679 c
3179 5624 3232 5689 εἰ,
3265 5640 3333 5679 ea
3363 5638 3487 5693 quae
3509 5621 3595 5673 est
3612 5616 3665 5669 in
3684 5606 3861 5682 quibus
