4072 6182
208 274 312 330 685

879 276 1207 331 PRIORUM
1247 272 1812 329 ANALYTICORUM
1848 268 2317 321 ARISTOTELIS
2356 268 2960 321 INTERPRETATIO.

3515 274 3622 330 686

213 416 265 465 g.
327 401 576 451 Necesse
606 401 695 450 est
726 396 906 468 igitur
935 400 1093 453 omni
1131 399 1321 452 inesse
1347 397 1432 451 vel
1490 414 1542 465 a,
1575 395 1660 449 vel
1690 396 1736 463 f,
1763 396 1864 447 aut
1894 406 1944 468 Α
1976 394 2174 443 autem
2202 389 2455 457 falsum;
2494 407 2523 445 e
2551 390 2845 445 contrario
2861 390 3225 447 enimeratin
3255 393 3347 449 his
3368 396 3518 466 (quae
3539 398 3623 452 sic

212 486 365 539 enim
392 485 974 549 afﬁrmationem,aut
1008 486 1459 557 neg:itionem.et
1490 499 1745 549 rursum,
1772 485 1868 534 aut

215 591 262 640 c,
289 579 391 627 aut
422 592 453 639 ς]
480 591 491 639 ;
523 575 834 627 afﬁrmatio
862 574 1015 628 enim
1047 580 1101 628 et
1133 576 1382 645 negatio.
1407 573 1571 628 etcui
1604 589 1631 624 (ε
1661 570 1869 624 omnia

220 664 512 733 subjacet,
539 679 720 733 quare
752 663 890 733 cui/
919 664 1073 718 omni
1096 665 1203 717 hoc
1235 664 1387 734 quod
1414 668 1498 716 est
1521 679 1573 729 ῃ.
1610 661 1865 714 Rursum

213 752 494 825 quoniam
511 768 714 806 eorum
732 770 857 819 quae
880 760 1017 807 sunt
1036 754 1103 821 fb
1119 752 1275 808 omni
1294 753 1564 815 alterum,
1593 756 1647 803 et
1661 764 1863 803 eorum

213 859 342 913 quae
366 846 507 895 sunt
527 860 558 911 g
580 843 617 895 d
637 841 927 896 similiter.
952 841 1231 912 Sequitur
1254 847 1446 895 autem
1470 857 1502 908 g
1526 840 1578 891 id
1606 838 1759 907 quod
1776 841 1864 890 est

209 934 255 1002 f,
289 936 345 985 et
377 931 433 983 id
459 929 609 999 quod
644 935 734 984 est
764 931 797 983 d
824 930 1092 1000 sequitur
1123 930 1173 993 b,
1203 930 1310 984 hoc
1351 930 1505 983 enim
1539 927 1780 982 scimus.
1806 915 1861 979 Si

209 1036 395 1090 ergoa
430 1019 487 1071 id
507 1019 661 1089 quod
684 1023 773 1072 est
802 1036 845 1083 ο,
881 1024 935 1073 et
957 1019 1013 1072 id
1041 1020 1191 1089 quod
1210 1022 1298 1073 est
1322 1019 1355 1071 (ἰ
1378 1021 1657 1087 sequetur
1680 1017 1731 1081 Ι),
1750 1016 1857 1070 hoc

1982 498 2043 533 se
2058 480 2293 543 habent)
2315 480 2757 549 consequentia.
2778 481 2901 533 Non
2921 482 3073 534 enim
3093 483 3337 537 fortasse
3353 502 3625 541 necessa-

1981 570 2130 623 rium
2150 570 2307 622 omni
2335 570 2550 635 inesse,
2583 577 2725 622 auta
2752 580 2845 623 aut
2870 576 2917 637 /,
2951 574 3207 639 necfaut
3238 576 3266 625 Ι)
3293 592 3440 628 :non
3462 578 3620 630 enim

1979 665 2067 712 est
2101 660 2330 727 negatio
2363 662 2488 727 ejus
2521 660 2831 728 quodcsta
2856 660 2963 713 hoc
2988 664 3454 733 quodestf,nam
3489 666 3624 720 boni

1978 762 2091 799 non
2128 748 2345 799 bonum
2366 748 2763 817 negatio;non
2784 753 2978 801 autem
3013 755 3101 802 est
3134 751 3286 805 idem
3322 752 3428 805 hoc
3470 756 3625 824 quod

1974 842 2188 890 estnon
2208 839 2422 889 bonum
2457 836 2506 890 ei
2539 838 2692 907 quod
2717 844 2806 891 est
2830 840 3249 909 nequebonum
3278 858 3465 911 neque
3506 859 3621 896 non

1969 927 2229 992 bonum;
2266 926 2537 980 similiter
2569 932 2763 981 autem
2798 932 2853 981 et
2887 929 2940 981 in
2977 945 3005 982 ε
3037 930 3098 996 d,
3126 945 3261 985 nam
3282 932 3620 1001 negationes

1970 1031 2095 1084 quae
2131 1020 2382 1084 sumptae
2415 1021 2575 1080 sunt,
2606 1017 2731 1070 dum
2766 1021 2925 1071 sunt.

1422 1206 1746 1292 LIBER
1808 1204 2422 1296 SECUNDUS.

758 1402 988 1459 CAPUT
1022 1403 1328 1460 PRIMUM.

280 1484 343 1539 In
381 1486 526 1556 quot
556 1499 691 1553 ergo
727 1484 951 1554 ﬁguris,
986 1489 1042 1538 et
1076 1502 1175 1555 per
1203 1484 1429 1555 quales,
1460 1488 1516 1538 et
1549 1488 1691 1554 quot
1736 1499 1863 1553 pro-

210 1572 567 1645 positiones,
602 1578 658 1625 et
689 1574 945 1642 quando,
980 1574 1348 1644 etquoniodo
1372 1572 1433 1627 lit
1465 1572 1862 1643 syllogismus,

208 1660 473 1732 amplius
491 1666 684 1714 autem
709 1662 778 1714 ad
802 1677 926 1731 quae
944 1660 1792 1731 perspiciendumconstruenti
1811 1662 1867 1712 et

1977 1401 2130 1471 quod
2148 1402 2255 1454 sub
2273 1399 2648 1455 conclusione
2662 1406 2751 1455 est
2771 1419 2885 1456 non
2928 1404 3059 1469 erit,
3079 1405 3322 1461 alterius
3344 1424 3477 1462 vero
3494 1409 3625 1475 erit,

1977 1507 2179 1544 verum
2200 1508 2310 1544 non
2329 1508 2429 1561 per
2446 1492 2883 1563 syllogismum,
2906 1512 2970 1548 eo
2997 1498 3151 1565 quod
3177 1499 3314 1552 etin
3336 1499 3626 1555 universa-

1976 1581 2132 1636 libus
2165 1598 2231 1637 ex
2259 1581 2726 1637 indemonstrata
2758 1585 3153 1654 prollositione
3187 1605 3310 1658 quae
3349 1594 3488 1644 sunt
3517 1593 3623 1645 sub

1978 1671 2170 1724 medio
2194 1670 2692 1739 ostendebantur;
2728 1688 2907 1741 quare
2945 1690 3131 1744 neque
3166 1676 3254 1731 hic
3287 1678 3417 1743 erit,
3451 1678 3537 1733 vel
3567 1684 3622 1733 et

205 1750 565 1814 destruenti,
599 1755 654 1804 et
688 1751 981 1821 quomodo
1001 1756 1264 1821 oporteat
1295 1766 1553 1821 quaerere
1570 1750 1637 1803 de
1664 1764 1864 1819 propo-
1898 1778 1941 1841 Β
1977 1760 2034 1814 in
2069 1760 2202 1813 mis,

204 1841 324 1894 sito
358 1838 683 1893 secundum
734 1856 1033 1909 unamque
1092 1846 1301 1906 artem,
1353 1840 1609 1910 amplius
1667 1844 1864 1892 autem

204 1945 312 1999 per
338 1944 522 1997 quam
550 1927 697 1979 viam
715 1928 1254 1996 sumemus,qumin
1272 1926 1522 1998 singulis
1556 1925 1865 1995 suntprin-

201 2020 366 2088 cipia
393 2018 519 2086 jam
543 2018 1054 2087 pertransivimus.
1086 2017 1370 2080 Quoniam
1400 2023 1594 2072 autem
1622 2016 1719 2069 alii
1748 2012 1867 2087 qui-

201 2107 338 2160 dem
360 2106 842 2176 syllogismorum
863 2106 1392 2173 suntuniversales,
1409 2106 1505 2159 alii
1528 2122 1659 2160 vero
1683 2105 1864 2176 parti-

198 2195 480 2251 culares:
515 2196 876 2250 universales
912 2196 1149 2265 quidem
1183 2212 1387 2250 omnes
1422 2212 1654 2266 semper
1699 2196 1867 2266 plura

199 2284 1032 2357 syllogizant,particularium
1048 2292 1237 2339 autem
1257 2285 1609 2355 przedicativi
1631 2284 1865 2354 quidem

199 2373 407 2444 plura,
442 2372 696 2443 negativi
728 2390 861 2429 vero
880 2374 1313 2429 conclusionem
1338 2375 1537 2429 solam.
1564 2374 1708 2427 Nam
1742 2372 1865 2426 aliae

196 2463 451 2533 quidem
484 2462 921 2533 propositiones
952 2468 1389 2526 convertuntur,
1426 2462 1707 2533 privativa
1734 2477 1865 2515 vero

199 2568 323 2605 non
356 2552 739 2607 convertitur.
775 2550 1083 2606 Conclusio
1116 2568 1246 2605 vero
1294 2550 1517 2621 aliquid
1558 2551 1629 2603 de
1670 2549 1865 2618 aliquo

191 2646 310 2704 est,
333 2656 525 2710 quare
557 2640 909 2710 aliiquidem
927 2641 1254 2711 syllogismi
1291 2639 1860 2711 plurasyllogizant:

191 2735 259 2783 ut.
296 2730 348 2783 si
386 2746 418 2783 α
452 2736 757 2783 ostensum
794 2730 869 2783 sit
898 2732 1057 2784 omni
1090 2736 1189 2783 aut
1219 2730 1389 2784 alicui
1426 2730 1453 2781 Ι)
1490 2730 1798 2795 inessc,~et
1837 2728 1864 2780 b

191 2820 380 2874 alicui
417 2837 451 2873 α
480 2820 873 2874 necessarium
897 2820 1282 2889 estinesse,et
1314 2819 1523 2873 sinulli
1558 2819 1863 2882 binessea,

193 2916 249 2963 et
271 2912 304 2961 Ι)
337 2908 489 2961 nulli
510 2925 562 2976 α,
585 2909 898 2964 bocautem
917 2910 1075 2964 aliud
1097 2914 1185 2964 est
1219 2926 1252 2962 θ.
1287 2909 1495 2978 priore.
1533 2909 1590 2962 Si
1616 2912 1809 2961 autem
1832 2925 1865 2961 α

192 3000 385 3054 alicui
416 3000 446 3051 Ι)
482 3015 597 3052 non
636 2998 795 3061 insit,
820 3015 933 3052 non
962 3015 1195 3053 necesse
1225 3003 1315 3053 est
1348 3003 1403 3054 ct
1430 3000 1459 3051 Ι)
1488 2996 1707 3051 alicuia
1752 3014 1863 3051 non

189 3088 449 3156 inesse;
487 3088 779 3158 contingit
800 3088 955 3143 enim
990 3090 1151 3143 omni
1210 3105 1244 3143 α
1277 3090 1487 3143 inesse.
1540 3087 1668 3142 Haec
1726 3103 1863 3158 ergo

195 3178 555 3235 communis
577 3180 844 3233 omnium
861 3195 1041 3233 causa
1066 3178 1485 3233 universalium
1518 3184 1575 3233 et
1603 3176 1863 3248 particu-

193 3271 448 3325 lar-ium.
467 3268 777 3323 Estautem
807 3270 877 3323 de
896 3269 1355 3339 universalibus,
1377 3274 1433 3324 et
1469 3268 1634 3323 aliter
1649 3268 1861 3335 dicere,

190 3374 599 3432 quaecumque
613 3360 768 3411 enim
792 3361 1013 3413 autsub
1030 3360 1221 3413 medio
1244 3364 1347 3412 aut
1367 3360 1474 3411 sub
1490 3356 1865 3411 conclusione

190 3456 362 3508 sunt.
404 3447 671 3503 omnium
688 3448 964 3503 eritidem
982 3448 1385 3519 syllogismus,
1420 3447 1467 3500 si
1491 3446 1591 3500 illa
1625 3446 1861 3516 quidem

188 3542 247 3595 in
296 3538 527 3603 medio,
558 3538 677 3593 haec
707 3554 841 3592 vero
874 3538 931 3592 in
965 3538 1343 3593 conclusione
1377 3542 1691 3607 ponantur,
1728 3539 1791 3588 ut
1814 3533 1863 3587 si

185 3648 221 3684 a
245 3632 275 3684 Ι)
298 3627 616 3683 conclusio
648 3644 747 3697 per
768 3645 814 3694 ν,
842 3644 1201 3698 quaecunque
1221 3628 1489 3682 subbaut
1511 3626 1621 3680 sub
1651 3642 1677 3679 ε
1704 3628 1865 3693 sunt,

186 3734 447 3773 necesse
479 3723 569 3771 est
602 3717 672 3771 de
704 3717 980 3772 omnibus
1010 3718 1192 3785 dicia,
1214 3716 1395 3771 namd
1428 3716 1474 3771 si
1497 3716 1554 3769 in
1589 3720 1707 3771 toto
1742 3718 1866 3777 b,et

188 3809 320 3863 bin
357 3825 419 3871 η,
454 3811 513 3860 et
540 3804 575 3860 d
605 3806 713 3860 erit
744 3807 803 3861 in
837 3823 888 3859 a.
925 3806 1178 3861 Rursum
1216 3806 1310 3861 sie
1338 3805 1395 3859 in
1422 3810 1541 3859 toto
1574 3821 1619 3871 ι’,
1654 3808 1709 3859 et
1757 3803 1863 3857 cin

188 3902 312 3954 toto
350 3914 415 3959 α,
460 3900 517 3949 et
548 3912 576 3950 e
604 3896 659 3949 in
692 3901 806 3950 toto
838 3896 1018 3950 aerit.
1055 3895 1544 3949 Similiterautem
1579 3899 1633 3949 et
1666 3895 1710 3947 si
1751 3892 1867 3963 pri-

182 3985 944 4056 vativnssitsyllogismus.
978 3986 1035 4039 ln
1074 3985 1330 4039 secunda
1361 3990 1460 4037 aut
1494 3986 1680 4051 ﬁgura
1712 3982 1863 4051 quod

186 4079 306 4132 sub
345 4075 737 4130 conclusione
760 4076 889 4143 erit,
925 4074 1117 4130 solum
1142 4077 1250 4128 erit
1278 4074 1646 4145 syllogizare.
1668 4078 1733 4126 ut
1765 4071 1867 4126 sia

192 4167 352 4220 insit
393 4163 541 4217 nulli
576 4165 625 4224 Ι),
651 4168 706 4217 et
736 4163 894 4218 omni
925 4180 973 4228 ε,
1006 4163 1305 4217 conclusio
1347 4164 1623 4233 quoniam
1654 4160 1796 4215 nulli
1837 4175 1867 4215 c

194 4256 362 4308 inest
403 4252 472 4317 b;
509 4252 555 4305 si
582 4257 774 4305 autem
800 4252 833 4305 ά
867 4254 975 4306 sub
1000 4269 1028 4304 (τ
1048 4257 1156 4318 est,
1192 4252 1562 4306 manifestum
1588 4249 1864 4320 quoniam

198 4363 328 4399 non
355 4342 577 4396 inestei
605 4342 652 4410 Ι),
672 4342 743 4396 iis
760 4347 952 4396 autem
977 4358 1104 4411 qua:
1127 4349 1265 4395 sunt
1326 4342 1434 4397 sub
1461 4340 1805 4410 a,quoniam
1841 4337 1869 4391 Ι)

201 4451 332 4488 non
363 4432 540 4499 inest,
571 4448 683 4485 non
710 4432 901 4501 palam
920 4438 1009 4487 est
1033 4431 1651 4502 persyllogismum,ct
1682 4428 1727 4483 si
1754 4444 1866 4482 non

2629 1848 2855 1904 CAPUT
2894 1854 2961 1906 II.

2043 1935 2194 2004 Quod
2222 1952 2290 1990 ea:
2318 1935 2475 2005 falsis
2508 1938 2563 1991 in
2619 1940 2805 2007 prima
2828 1940 3005 2008 ﬁgura.
3064 1958 3253 1996 verum
3285 1943 3620 2013 colligatur.

2045 2026 2141 2079 Est
2162 2042 2298 2096 ergo
2330 2026 2411 2079 sic
2428 2043 2489 2080 se
2509 2026 2741 2095 habere,
2767 2034 2826 2082 ut
2858 2031 3141 2085 verzesiut
3186 2036 3620 2104 propositiones

1972 2132 2070 2187 per
2092 2133 2237 2187 quas
2253 2117 2316 2169 lit
2338 2114 2716 2187 syllogismus
2741 2135 2753 2184 ;
2780 2122 2866 2172 est
2890 2125 3083 2173 autem
3102 2126 3163 2174 ut
3184 2120 3365 2188 falsas,
3388 2130 3620 2178 estvero

1974 2211 2036 2259 ut
2066 2205 2187 2259 haec
2207 2204 2439 2275 quidem
2456 2206 2731 2271 vera,illa
2761 2213 2959 2262 autem
2997 2208 3162 2277 falsa,
3196 2212 3499 2267 conclusio
3522 2231 3623 2268 au-

1972 2300 2088 2349 tem
2105 2300 2204 2349 aut
2226 2312 2378 2360 vera,
2405 2300 2506 2348 aut
2524 2294 2749 2350 falsaex
2770 2298 3133 2353 necessitate.
3180 2299 3257 2354 Ex
3280 2301 3433 2356 veris
3468 2319 3603 2373 ergo

1973 2404 2087 2441 non
2119 2390 2205 2440 est
2225 2385 2439 2439 lalsum
2468 2384 2919 2457 syllogizare,ex
2942 2388 3106 2444 falsis
3140 2397 3335 2445 autem
3385 2409 3610 2461 verum,

1974 2481 2173 2530 tamen
2202 2491 2317 2529 non
2335 2480 2568 2546 propter
2598 2476 2880 2545 quid,sed
2908 2479 3066 2549 quia,
3104 2496 3234 2533 nam
3262 2480 3391 2551 ejus
3414 2482 3615 2552 quiest

1972 2564 2358 2634 propterquid
2393 2580 2505 2617 non
2534 2570 2705 2619 estex
2726 2564 2889 2619 falsis
2914 2568 3322 2638 syllogismus,
3342 2572 3413 2624 ob
3441 2587 3617 2640 quam

1973 2659 2167 2707 autem
2201 2669 2441 2707 causam
2471 2653 2922 2723 insequentibus
2938 2657 3185 2710 dicetur.
3206 2658 3467 2713 Primum
3486 2676 3618 2723 ergo

1980 2742 2259 2812 quoniam
2293 2757 2362 2794 ex
2391 2742 2541 2794 veris
2576 2758 2686 2795 non
2724 2742 3002 2811 possibile
3021 2744 3231 2798 falsum
3282 2746 3619 2817 syllogizare

1974 2831 2107 2884 hinc
2140 2830 2542 2883 manifestum.
2578 2829 2634 2883 Si
2669 2830 2823 2884 enim
2858 2848 2992 2885 cum
3025 2838 3111 2885 est
3142 2850 3196 2901 a,
3249 2851 3484 2889 necesse
3533 2839 3621 2889 est

1971 2935 2097 2973 esse
2131 2914 2244 2983 Ι),έὶ
2278 2934 2393 2971 non
2426 2922 2515 2971 est
2548 2920 2598 2983 b,
2623 2934 2860 2973 necesse
2893 2928 2981 2973 est
3011 2938 3045 2975 a
3076 2938 3189 2974 non
3216 2939 3344 2977 esse
3371 2949 3385 2991 ;
3408 2925 3455 2977 si
3482 2940 3618 2994 ergo

1971 3024 2171 3062 verum
2196 3011 2285 3062 est
2315 3023 2620 3073 a,necesse
2642 3012 2806 3061 estet
2838 3009 2865 3062 Ι)
2888 3026 3087 3064 verum
3117 3018 3375 3077 esse,aut
3400 3013 3624 3067 accidet

1972 3098 2129 3153 idem
2158 3098 2335 3153 simul
2369 3103 2423 3152 et
2445 3115 2573 3152 esse
2601 3104 2786 3153 etnon
2804 3116 2953 3168 esse,
2990 3101 3097 3155 hoc
3130 3104 3617 3175 autemimpossi-

1978 3187 2110 3242 bile.
2142 3188 2266 3241 Non
2300 3191 2496 3240 autem
2514 3187 2795 3256 quoniam
2812 3189 3101 3257 ponitura
3126 3193 3611 3260 unusterminus,

1978 3277 2323 3345 accipiatur,
2350 3274 2687 3343 contingere
2721 3292 2835 3329 uno
2869 3275 3064 3347 aliquo
3097 3280 3400 3348 existente,
3435 3298 3502 3335 ex
3524 3300 3621 3337 ne-

1976 3364 2245 3419 cessitate
2278 3363 2496 3423 aliquid
2535 3365 2818 3429 accidere,
2866 3383 2979 3419 non
3021 3368 3173 3421 enim
3236 3375 3442 3439 potest.
3478 3372 3621 3426 Nam

1976 3455 2127 3525 quod
2156 3453 2366 3507 accidit
2396 3469 2463 3506 ex
2497 3454 2839 3507 necessitate
2872 3454 3169 3510 conclusio
3202 3464 3311 3523 est,
3346 3475 3447 3528 per
3489 3478 3618 3528 quae

1974 3547 2165 3598 autem
2183 3542 2245 3595 ﬁt
2269 3543 2339 3595 ad
2364 3541 2677 3595 minimum
2700 3547 2816 3597 tres
2846 3549 2985 3598 sunt
3006 3546 3263 3613 termini,
3285 3547 3398 3601 duo
3417 3553 3616 3602 autem

1976 3630 2282 3686 intervalla
2313 3636 2372 3683 et
2403 3630 2849 3701 propositiones.
2886 3632 2944 3685 Si
2978 3651 3113 3704 ergo
3137 3652 3337 3689 verum
3399 3642 3489 3691 est
3525 3637 3619 3691 cui

1977 3722 2136 3776 omni
2170 3722 2317 3774 inest
2353 3720 2380 3773 Ι)
2412 3724 2466 3772 et
2492 3737 2543 3788 a,
2596 3720 2687 3774 cui
2723 3726 2917 3775 autem
2949 3739 2975 3776 c
2998 3729 3055 3777 et
3086 3724 3136 3787 Ι),
3168 3724 3262 3778 cui
3304 3742 3352 3789 c,
3386 3742 3622 3781 necesse

1977 3816 2066 3866 est
2096 3829 2128 3864 a
2160 3811 2374 3875 inesse,
2411 3815 2465 3863 et
2498 3826 2612 3862 non
2639 3814 2823 3878 potest
2854 3811 2959 3866 hoc
2995 3812 3196 3867 falsum
3228 3831 3375 3883 esse,
3438 3814 3620 3869 simul

1977 3900 2133 3953 enim
2157 3898 2266 3953 erit
2290 3898 2444 3950 idem
2463 3902 2518 3950 et
2549 3914 2661 3951 non
2691 3898 2893 3963 inerit;
2916 3916 3047 3965 ergo
3078 3918 3109 3953 α
3139 3906 3428 3965 utunum,
3458 3904 3613 3973 posi—

1978 3993 2103 4041 tum
2123 3996 2210 4040 est
2226 3987 2368 4039 duas
2389 3986 2817 4055 propositiones
2834 3987 3116 4053 Colligere.
3136 3991 3419 4045 Similiter
3434 3998 3623 4045 autem

1980 4094 2041 4132 se
2062 4077 2237 4129 habet
2258 4080 2311 4127 et
2336 4076 2391 4126 in
2414 4074 2732 4144 privativis,
2751 4092 2859 4129 non
2879 4078 3032 4130 enim
3058 4088 3231 4131 estex
3257 4080 3406 4132 veris
3422 4087 3587 4132 osten
3603 4110 3626 4119 -

1984 4167 2118 4220 dere
2142 4164 2375 4218 falsum.
2396 4164 2473 4216 Ex
2504 4162 2872 4217 falsisautem
2892 4171 3191 4221 estverum
3246 4166 3605 4236 syllogizarc,

1981 4255 2248 4324 utrisque
2266 4251 2761 4323 propositionibus
2780 4252 3025 4317 lalsis,ct
3042 4270 3171 4319 una;
3192 4256 3294 4308 hac
3311 4262 3493 4310 autem
3514 4274 3625 4310 non

1982 4343 2260 4397 utralibet
2292 4341 2599 4410 contingit,
2636 4341 2733 4393 sed
2765 4342 3044 4409 secunda,
3079 4343 3125 4396 si
3158 4346 3395 4415 quidem
3442 4350 3623 4399 totam

1982 4448 2291 4486 sumamus
2316 4429 2543 4495 falsam,
2566 4446 2678 4482 non
2698 4433 2819 4483 tota
2842 4438 3036 4485 autem
3055 4440 3292 4505 sumpta
3310 4440 3398 4490 est
3425 4435 3625 4489 utrali-

199 4524 378 4575 inest
414 4520 443 4573 Ι)
476 4520 625 4584 quod
666 4524 753 4573 est
782 4538 831 4583 θ,
866 4520 913 4573 si
949 4525 1035 4574 cst
1066 4536 1094 4574 θ
1124 4520 1233 4574 sub
1268 4538 1319 4585 α,
1359 4520 1456 4574 sed
1492 4520 1684 4572 inesse
1737 4518 1869 4587 qui-
1902 4493 1951 4558 D
1986 4523 2098 4575 bet.
2137 4518 2451 4574 lnsitenim
2485 4535 2519 4570 α
2551 4518 2686 4571 onni
2714 4534 2766 4585 ε,
2801 4519 2849 4572 ci
2878 4527 3072 4575 autem
3102 4493 3249 4593 quod
3269 4530 3359 4578 est
3391 4526 3417 4578 Ι)
3452 4525 3621 4591 nulli,

198 4613 347 4666 dem
390 4611 421 4663 b
446 4609 593 4663 nulli
624 4628 651 4663 c
682 4626 781 4680 per
813 4609 1222 4681 syllogismum
1256 4614 1558 4663 ostensum
1602 4613 1708 4673 est,
1758 4625 1869 4663 non

196 4701 418 4756 inesse
454 4715 632 4753 veroa
665 4698 941 4770 hocquod
967 4700 1117 4764 estb,
1146 4700 1675 4753 indemonstratum
1710 4715 1872 4751 sum-

201 4798 389 4859 ptum
419 4793 528 4856 est,
554 4805 734 4858 quare
758 4805 862 4842 nec
896 4805 995 4859 per
1018 4788 1424 4861 syllogismum
1469 4786 1677 4841 accidit
1701 4788 1729 4841 Ι)
1760 4804 1873 4841 non

210 4881 275 4934 in
292 4894 495 4933 esscc.
518 4878 574 4930 ln
595 4877 1047 4949 particularibus
1063 4884 1485 4942 autem,eorum
1502 4876 1734 4946 quidem
1754 4893 1877 4946 qua:

221 4971 352 5025 sub
392 4966 763 5021 conclusione
796 4973 953 5033 sunt,
985 4984 1097 5021 non
1132 4968 1242 5021 erit
1301 4967 1717 5021 necessarium.
1753 4966 1876 5021 Non

204 5060 386 5114 enim
408 5058 470 5111 ﬁt
491 5056 888 5128 syllogismus,
907 5058 1140 5127 quando
1159 5074 1224 5111 ea
1254 5062 1492 5127 sumpta
1517 5055 1685 5109 fuerit
1701 5055 1878 5126 parti-

207 5147 474 5215 cularis,
501 5163 701 5200 eorum
722 5152 916 5200 autem
942 5164 1069 5217 quae
1095 5151 1231 5201 sunt
1254 5146 1363 5199 sub
1390 5144 1603 5208 medio,
1629 5143 1879 5198 critom-

215 5237 838 5302 nium,verumtamen
858 5252 969 5289 non
987 5252 1089 5306 per
1112 5234 1523 5305 syllogismon,
1541 5232 1664 5287 utsi
1680 5250 1814 5287 aom
1828 5232 1884 5285 ni

214 5330 279 5395 Ι),
324 5330 384 5379 et
416 5325 442 5377 b
477 5324 649 5378 alicui
680 5341 738 5380 σε
775 5342 909 5379 nam
943 5330 1071 5394 ejus
1103 5327 1256 5396 quod
1291 5324 1399 5379 sub
1430 5340 1457 5377 ε
1480 5329 1568 5378 est
1601 5323 1883 5394 positum,

1984 4628 2087 4664 nec
2107 4610 2134 4663 Ι)
2153 4608 2292 4662 insit
2311 4624 2359 4672 ες
2377 4607 2667 4678 contingit
2688 4613 2881 4663 autem
2904 4611 3103 4673 hoc,ut
3128 4612 3269 4666 nulli
3296 4613 3470 4683 lapidi
3498 4616 3623 4667 uni-

1986 4699 2123 4765 mal,
2158 4705 2212 4752 et
2244 4697 2393 4767 lapis
2452 4696 2597 4749 nulli
2650 4696 2914 4765 homini;
2977 4701 3021 4753 si
3056 4700 3236 4769 igitur
3290 4711 3564 4757 sumatur
3594 4723 3627 4758 α

1986 4787 2145 4842 omni
2180 4787 2344 4852 lr,etb
2379 4784 2536 4838 omni
2567 4801 2612 4851 ε,
2647 4803 2677 4837 (ι
2710 4786 2914 4842 omnic
2948 4788 3141 4851 inerit,
3168 4808 3348 4861 quare
3374 4794 3631 4847 exutris-

1987 4893 2099 4947 que
2132 4875 2293 4929 falsis
2329 4875 3109 4937 veraestconclusio,omnis
3138 4880 3633 4935 enimhomoani-

1989 4964 2411 5020 mal.Similitcr
2428 4968 2621 5017 autem
2642 4969 2697 5017 et
2716 4965 3447 5033 privativum:insitenimc
3470 4971 3635 5038 nulli,

1992 5071 2095 5109 nec
2125 5070 2299 5119 a,nec
2324 5053 2375 5115 Ι),
2407 5070 2438 5105 a
2461 5058 2655 5106 autem
2691 5054 2718 5105 Ι)
2741 5054 2923 5118 omni,
2958 5060 3021 5109 ut
3052 5057 3100 5111 si
3133 5058 3352 5113 eisdem
3376 5062 3641 5115 terminis

1993 5142 2244 5213 sumptis
2279 5140 2538 5194 medium
2570 5147 2820 5212 ponatur
2868 5144 3065 5215 homo,
3103 5145 3281 5216 lapidi
3328 5153 3483 5204 enim
3537 5166 3641 5203 ncc

1995 5231 2233 5296 animal,
2268 5246 2371 5283 nec
2401 5230 2575 5284 homo
2610 5230 2753 5285 nulli
2790 5232 2965 5299 inest,
2998 5234 3219 5290 homini
3246 5244 3443 5293 autem
3474 5238 3633 5293 omni

1996 5318 2252 5384 animal;
2286 5335 2462 5388 quare
2486 5318 2533 5371 si
2566 5318 2913 5390 cuiquidem
2940 5326 3097 5377 omni
3135 5324 3305 5391 inest,
3330 5344 3637 5381 sumamus

218 5431 361 5470 non
394 5413 922 5485 eritsyllogismus,
952 5416 1079 5485 ejus
1104 5414 1407 5485 veroquod
1443 5414 1547 5467 sub
1570 5413 1596 5465 Ι)
1628 5412 1758 5475 erit,
1785 5413 1887 5465 sed

224 5520 365 5561 non
403 5521 612 5575 proper
642 5522 773 5559 eum
804 5505 902 5575 qui
940 5505 1308 5576 priusf'actus
1339 5509 1423 5559 est
1458 5500 1889 5573 syllogismum.

221 5592 818 5649 Similitcrautcmet
846 5596 902 5647 in
942 5592 1311 5665 aliistiguris,
1334 5609 1465 5647 nam
1495 5592 1622 5662 ejus
1652 5591 1890 5662 quidem

1998 5408 2139 5464 nulli
2176 5410 2387 5473 inesse,
2441 5407 2532 5460 cui
2568 5424 2700 5462 vero
2731 5426 2841 5464 non
2878 5410 3051 5477 inest,
3109 5414 3267 5467 omni
3321 5415 3534 5483 inesse,
3568 5432 3639 5469 ex

2001 5498 2165 5553 falsis
2199 5496 2463 5567 utrisque
2496 5513 2629 5550 vera
2660 5499 3100 5554 eritconclusio.
3124 5502 3407 5557 Similiter
3437 5509 3633 5557 autem

2004 5586 2413 5644 ostendeturet
2444 5585 2489 5637 si
2512 5587 2568 5638 in
2595 5586 2792 5659 aliquo
2818 5595 3062 5660 utraque
3086 5590 3235 5645 falsa
3266 5597 3553 5647 sumatur.
3579 5592 3633 5645 Si
