4072 6182
489 302 595 356 687

1765 297 1883 350 AN.
1925 294 2149 351 MANL.
2187 294 2346 348 BEV.
2386 291 2623 351 ΒΟΕἸἮ

3716 296 3797 349 688

487 433 685 482 autem
710 426 891 482 altera
914 421 1345 496 ponaturfalsa,
1366 420 1807 493 primaquidem
1842 423 1962 474 tota
1992 417 2132 473 falsa
2165 418 2220 484 Α
2250 417 2463 485 inesse,
2496 434 2527 475 ε
2554 423 2754 475 autem
2774 417 2971 485 alicui,
2989 416 3527 485 etbalicuicinesse,
3553 421 3608 471 ut
3629 417 3799 471 animal

489 516 795 583 existente,
828 519 951 569 uta
975 514 1023 581 b,
1054 528 1169 567 non
1202 511 1311 565 erit
1334 510 1631 565 conclusio
1655 525 1808 575 vera,
1834 509 1863 562 b
1884 524 1912 562 ι’
1942 512 2137 562 autem

490 606 619 661 erit.
653 604 791 659 Dico
824 608 1021 658 autem
1074 606 1258 656 totam
1304 598 1514 655 falsam
1578 599 1733 669 quod
1784 596 2139 652 contrariam

485 710 653 759 verae,
679 698 743 746 ut
763 692 812 746 si
836 692 991 763 quod
1014 688 1160 745 nulli
1178 689 1527 755 inest,omni
1549 691 1853 758 sumptum
1879 690 1997 754 est;
2041 689 2142 740 aut

493 782 543 837 si
576 782 731 853 quod
757 782 937 847 omni,
974 780 1119 836 nulli
1156 780 1369 834 inesse.
1402 778 1547 833 Insit
1581 776 1737 832 enim
1768 793 1802 830 α
1837 776 1866 831 b
1900 773 2065 841 nulli,
2110 774 2139 828 b

490 874 686 925 autem
710 870 868 925 omni
895 886 924 924 ε
945 868 1023 939 ;si
1046 884 1183 939 ergo
1207 868 1234 922 b
1255 884 1286 923 ο
1306 866 1539 937 quidem
1566 864 2023 937 propositionem
2043 879 2140 917 su-

487 975 724 1014 mamus
755 975 975 1027 veram,
1008 976 1044 1014 a
1076 959 1104 1011 b
1136 962 1332 1013 autem
1367 954 1577 1010 falsam
1614 960 1814 1020 totam,
1839 958 1896 1008 et
1918 951 2075 1007 omni
2110 952 2138 1006 b

484 1048 679 1104 inesse
709 1067 762 1117 a,
798 1048 1141 1120 impossible
1172 1052 1263 1102 est
1292 1063 1328 1101 a
1367 1061 1396 1099 ε
1442 1043 1883 1100 conclusionem
1945 1055 2138 1095 veram

485 1153 635 1204 esse,
661 1137 807 1192 nulli
828 1137 984 1192 enim
1011 1137 1199 1192 inerat
1218 1154 1251 1190 a
1276 1151 1476 1190 eorum
1494 1129 2136 1204 quaesuntc,siquidem

489 1226 583 1280 cui
618 1226 647 1280 b
675 1225 843 1293 nulli,
870 1228 898 1279 ὁ
932 1230 1129 1281 autem
1164 1225 1322 1280 omni
1354 1240 1401 1280 ο.
1430 1222 1710 1278 Similiter
1739 1225 1936 1275 autem
1962 1234 2067 1273 nec
2089 1218 2139 1272 si

490 1332 524 1369 a
553 1316 710 1370 omni
745 1316 772 1369 Ι)
807 1315 981 1384 inest,
1014 1319 1071 1370 et
1101 1315 1129 1368 Ι)
1151 1313 1311 1368 omni
1340 1330 1387 1379 ε,
1418 1317 1656 1382 sumpta
1688 1309 1765 1365 sit
1795 1314 1986 1363 autem
2050 1309 2079 1361 ὁ
2113 1324 2141 1362 c

492 1404 729 1475 quidem
756 1422 889 1459 vera
921 1403 1261 1475 propositio,
1302 1418 1335 1455 a
1367 1403 1395 1455 b
1442 1405 1638 1455 autem
1692 1398 1839 1454 falsa
1887 1402 2030 1462 tota,
2083 1400 2141 1451 et

486 1493 632 1547 nulli
665 1494 757 1548 cui
795 1495 823 1547 ὁ
852 1492 1006 1547 inest
1032 1509 1093 1561 a,
1123 1490 1421 1547 conclusio
1453 1488 1601 1544 falsa
1633 1488 1762 1558 erit,
1786 1486 1947 1542 omni
1980 1485 2136 1540 enim

484 1599 515 1638 ο
545 1583 696 1637 inest
723 1600 776 1651 α,
810 1580 1105 1651 siquidem
1138 1580 1230 1635 cui
1265 1577 1469 1635 bomni
1498 1595 1527 1633 ε
1549 1583 1604 1633 et
1622 1594 1677 1647 a,
1702 1578 1730 1631 Ι)
1758 1582 1954 1631 autem
1976 1574 2136 1630 omni

482 1686 531 1724 ε.
553 1669 928 1725 Manifestum
952 1686 1088 1741 ergo
1112 1668 1388 1740 quoniam
1413 1668 1604 1740 prima
1626 1671 1750 1722 tota
1770 1670 2008 1736 sumpta
2034 1664 2138 1718 fal-

486 1776 574 1827 sa,
608 1758 730 1813 sive
768 1758 1144 1828 afﬁrmativa,
1208 1757 1327 1813 sive
1376 1757 1659 1829 privativa
1702 1756 1885 1810 altera
1939 1758 2133 1808 autem

488 1863 644 1913 vera,
672 1863 785 1901 non
812 1847 878 1901 fit
899 1864 1032 1902 vera
1057 1845 1515 1902 conclusio.Non
1540 1849 1661 1901 tota
1677 1849 1871 1899 autem
1896 1848 2139 1914 sumpta

491 1936 638 1992 falsa
663 1937 811 1991 erit:
847 1954 981 1992 nam
1015 1937 1063 1992 si
1094 1954 1125 1990 a
1147 1953 1175 1990 ε
1205 1936 1442 2006 quidem
1474 1934 1629 1991 omni
1664 1935 1838 2000 inest,
1871 1928 1900 1986 ὁ
1942 1936 2134 1987 autem

495 2026 691 2095 alicui,
727 2027 755 2081 ὁ
788 2031 981 2082 autem
1014 2027 1173 2082 omni
1202 2043 1250 2095 ο,
1286 2030 1350 2080 ut
1390 2024 1628 2090 animal,
1675 2039 1858 2095 cygno
1899 2020 2135 2093 quidem

494 2116 673 2184 omni,
708 2115 839 2171 albo
862 2121 1056 2170 autem
1090 2114 1284 2185 alicui,
1308 2114 1505 2169 album
1526 2117 1721 2168 autem
1748 2110 1906 2166 omni
1930 2126 2134 2181 cygno,

490 2205 539 2259 si
573 2210 845 2260 sumatur
873 2222 906 2259 a
938 2203 1095 2259 omni
1133 2204 1180 2270 b,
1221 2208 1277 2257 et
1309 2203 1337 2256 b
1369 2204 1529 2257 omni
1558 2219 1605 2269 ε,
1632 2219 1667 2256 a
1701 2199 1862 2255 omni
1892 2216 1921 2253 ο
1964 2198 2139 2253 inerit

487 2309 638 2363 vere,
673 2294 867 2349 omnis
889 2293 1045 2348 enim
1089 2308 1311 2363 cygnus
1343 2289 1584 2346 animal.
1627 2289 1910 2345 Similiter
1940 2292 2135 2342 autem

483 2386 540 2438 et
566 2382 616 2437 si
647 2382 929 2454 privativa
963 2382 1102 2437 sita
1134 2383 1161 2435 b
1188 2379 1496 2450 :possibile
1515 2378 1774 2434 estenim
1799 2378 1874 2432 ab
1900 2377 2135 2448 quidem

484 2472 659 2526 alicui
694 2472 907 2540 inesse,
940 2488 968 2526 c
996 2487 1129 2525 vero
1162 2469 1332 2535 nulli,
1368 2469 1400 2523 b
1432 2474 1627 2523 autem
1663 2466 1822 2522 omni
1854 2483 1903 2535 ε,
1932 2470 1995 2520 ut
2017 2465 2135 2521 ani-

482 2562 601 2616 mal
635 2560 807 2615 alicui
840 2560 991 2628 albo,
1026 2558 1144 2614 nivi
1174 2575 1306 2613 vero
1339 2557 1508 2625 nulli,
1559 2557 1756 2611 album
1796 2572 1929 2610 vero
1974 2554 2132 2609 omni

482 2649 639 2716 nivi;
675 2649 723 2704 si
757 2666 893 2721 ergo
925 2653 1194 2704 sumatur
1229 2665 1262 2702 a
1289 2647 1520 2718 quidem
1574 2646 1718 2700 nulli
1754 2647 1804 2715 b,
1857 2646 1885 2699 b
1938 2649 2132 2699 autem

484 2738 643 2794 omni
674 2755 724 2805 ε,
753 2756 786 2793 a
809 2737 951 2793 nulli
984 2755 1012 2793 ε
1036 2738 1223 2793 inerit.
1252 2737 1308 2789 Si
1329 2741 1525 2791 autem
1548 2752 1581 2790 ιι
1613 2735 1641 2790 b
1661 2734 1893 2806 quidem
1919 2749 2132 2805 propo-

484 2829 618 2884 sitio
650 2833 773 2883 tota
802 2832 1073 2883 sumatur
1100 2842 1255 2892 veru,
1292 2825 1320 2879 b
1341 2841 1369 2879 (τ
1397 2830 1594 2879 autem
1645 2829 1765 2879 tota
1808 2821 1972 2890 falsa,
2023 2822 2134 2876 erit

485 2917 867 2989 syllogismus
899 2934 1093 2986 verus,
1137 2914 1279 2969 nihil
1311 2914 1468 2970 enim
1502 2912 1772 2985 prohibet
1801 2929 1856 2979 a,
1882 2916 1938 2966 et
1969 2913 1999 2966 b
2028 2915 2131 2966 etc

480 3006 641 3060 omni
660 3005 910 3071 inesse,b
933 3010 1126 3061 autem
1152 3002 1296 3058 nnlli
1319 3008 1818 3073 c,utquaacunque
1863 3000 2128 3070 ejusdem

478 3094 708 3164 generis
728 3102 867 3149 sunt
888 3094 1113 3164 species
1136 3108 1249 3145 non
1274 3092 1645 3160 subalternze,
1665 3106 1799 3144 nam
1835 3088 2050 3143 animal
2076 3092 2132 3143 et

2250 505 2398 560 nulli
2431 506 2721 571 nivi,a1bo
2741 511 2938 562 autem
2954 505 3127 561 alicui
3149 506 3316 572 inest,
3349 510 3403 560 et
3430 503 3803 559 nixalboalicui.

2254 603 2314 658 Si
2346 621 2483 675 ergo
2503 609 2756 677 ponatur
2773 605 3038 660 medium
3058 604 3156 659 nix
3169 603 3412 675 primum
3429 601 3804 667 antemanimal,

2251 697 2309 747 et
2339 700 2610 749 sumatur
2630 712 2663 749 a
2695 694 2931 765 quidem
2964 694 3068 748 toti
3088 694 3117 747 b
3142 693 3346 759 inesse,
3376 691 3591 746 bautem
3621 690 3807 759 alicuic,

2251 798 2287 836 a
2319 782 2351 837 b
2383 786 2505 838 tota
2536 783 2703 851 falsa,
2737 784 2766 837 b
2799 799 2826 838 c
2847 787 3040 837 autem
3072 798 3225 846 vera,
3281 784 3336 835 et
3380 778 3645 835 conclusio
3693 796 3808 832 vera.

2252 880 2535 936 Similiter
2550 888 2743 936 autem
2776 885 2835 935 et
2864 896 2997 937 cum
3022 878 3302 951 privativa
3320 883 3405 934 est
3423 896 3454 931 a
3477 878 3503 932 b
3534 875 3809 947 propositio,

2252 969 2529 1041 possibile
2560 975 2649 1025 est
2679 970 2835 1025 enim
2866 987 2900 1024 a
2932 970 2961 1024 b
2980 968 3215 1040 quidem
3253 967 3355 1023 toti
3384 967 3582 1033 inesse,
3610 981 3635 1019 ο
3663 970 3811 1018 autem

2251 1058 2425 1113 alicui
2461 1076 2575 1114 non
2609 1059 2817 1125 inesse,
2855 1060 2884 1113 ὁ
2914 1076 3046 1113 vero
3078 1057 3256 1113 alicui
3284 1056 3527 1125 (inesse,
3555 1060 3613 1108 ut
3641 1051 3813 1107 animal

2249 1147 2473 1202 homini
2493 1149 2727 1218 quidem
2743 1149 2901 1203 omni
2917 1146 3296 1216 inest,album
3311 1150 3499 1201 autem
3513 1142 3717 1213 aliquod
3730 1157 3814 1194 non

2251 1245 2731 1318 sequitur,homo
2746 1264 2880 1302 vero
2903 1246 3076 1301 alicui
3109 1244 3403 1301 alboinest
3436 1260 3450 1311 ;
3476 1257 3640 1314 quare
3658 1240 3697 1294 si
3725 1256 3814 1293 me-

2250 1335 2345 1390 dio
2377 1335 2564 1406 posito
2596 1335 2832 1391 homine
2863 1340 3136 1391 sumatur
3164 1352 3201 1390 a
3232 1332 3378 1388 nulli
3397 1335 3597 1396 inesse,
3626 1334 3675 1384 et
3701 1327 3819 1381 bali-

2248 1424 2342 1480 cui
2372 1442 2418 1494 c,
2447 1426 2656 1480 veraﬁt
2673 1424 3140 1493 conclusio,cum
3155 1425 3233 1479 sit
3263 1428 3385 1479 tota
3417 1420 3595 1477 falsaa
3622 1419 3820 1489 bpropo-

2249 1515 2383 1569 aito.
2417 1519 2484 1569 Et
2538 1515 2585 1570 si
2619 1514 2679 1569 in
2711 1515 2907 1586 aliquo
2939 1515 3016 1571 sit
3058 1514 3207 1571 falsa
3263 1532 3299 1569 a
3330 1515 3358 1568 b
3418 1509 3726 1584 propositio,
3765 1509 3825 1561 bc

2247 1620 2384 1659 vera
2401 1603 2706 1673 existente,
2720 1604 3139 1661 eritconclusio
3154 1619 3310 1659 vera.
3344 1601 3495 1657 Nihil
3510 1599 3650 1655 enim
3674 1595 3825 1668 probi-

2248 1692 2347 1747 bet
2378 1711 2432 1759 a,
2455 1698 2512 1747 et
2541 1694 2592 1758 b,
2625 1699 2681 1747 et
2707 1710 2756 1761 ιε,
2798 1693 2973 1749 alicui
3006 1694 3218 1759 inesse,
3253 1694 3283 1747 b
3312 1696 3504 1747 autem
3537 1687 3692 1743 alicui
3717 1703 3757 1754 c,
3784 1692 3829 1737 ut

2168 1792 2215 1857 Β
2249 1781 3013 1853 animalalicuipulcbro,et
3045 1782 3217 1838 alicui
3240 1798 3475 1854 magno,
3502 1776 3825 1849 etpulchrum

2246 1871 2422 1925 alicui
2456 1887 2667 1942 magno
2700 1871 2888 1939 inest;
2923 1872 2972 1927 si
3004 1889 3140 1943 ergo
3173 1875 3448 1927 sumatur
3472 1886 3505 1923 α
3532 1867 3677 1923 omni
3703 1864 3829 1930 b,etb

2242 1967 2419 2023 alicui
2440 1985 2485 2036 c,
2514 1975 2570 2024 et
2589 1987 2622 2023 α
2644 1972 2674 2025 b
2704 1967 2940 2041 quidem
2957 1970 3277 2041 propositio
3294 1970 3351 2024 in
3375 1968 3563 2039 aliquo
3595 1962 3835 2025 falsaerit,

2244 2058 2273 2112 b
2303 2074 2331 2112 σ
2362 2065 2559 2115 autem
2591 2076 2747 2126 vera,
2774 2064 2831 2115 et
2861 2059 3160 2116 conclusio
3192 2077 3349 2115 vera.
3383 2056 3652 2114 Similiter
3678 2058 3832 2108 autem

2241 2151 2453 2202 etcum
2470 2148 2748 2220 privativa
2761 2154 2851 2204 est
2877 2151 2952 2204 ab
2972 2149 3318 2221 propositio,
3342 2164 3479 2203 nam
3495 2146 3658 2200 iidem
3700 2144 3836 2196 erunt

2242 2236 2501 2303 termini,
2516 2237 2853 2305 etjsimiliter
2867 2239 3039 2310 positi
3059 2239 3127 2293 ad
3148 2235 3715 2293 demonstrationem.
3729 2231 3838 2284 Ilur-

2243 2342 2375 2380 sum
2405 2326 2453 2381 si
2484 2343 2516 2381 a
2551 2327 2580 2381 b
2612 2328 2848 2398 quidem
2863 2344 3020 2395 vera,
3055 2329 3083 2383 b
3114 2344 3143 2383 c
3167 2332 3371 2384 autem
3404 2325 3569 2394 falsa,
3596 2338 3715 2378 vera
3739 2318 3839 2381 erit,

2243 2423 2562 2480 conclusio.
2592 2425 2748 2480 Nihil
2778 2426 2932 2481 enim
2952 2427 3221 2498 prohibet
3249 2426 3539 2498 aquidem
3570 2420 3667 2476 toti
3687 2420 3841 2472 inesse

2243 2512 2294 2582 b,
2325 2529 2354 2566 ε
2384 2517 2578 2569 autem
2616 2514 2811 2584 alicui,
2844 2520 2899 2570 et
2930 2516 2959 2570 b
3019 2515 3166 2570 nulli
3221 2532 3252 2570 c
3284 2516 3481 2571 inesse
3513 2529 3526 2567 :
3558 2517 3619 2566 ut
3668 2502 3843 2563 animal

2241 2618 2462 2673 cygnus
2475 2604 2712 2674 quidem
2729 2604 3081 2675 omni,nigro
3106 2609 3302 2660 autem
3318 2603 3842 2673 alicui,cygnusvero

2242 2689 2389 2743 nulli
2422 2691 2585 2762 nigro
2621 2717 2635 2760 ;
2671 2710 2849 2763 quare
2868 2694 3202 2749 sisumatur
3226 2712 3264 2749 α
3297 2693 3465 2750 omni
3499 2692 3549 2761 b,
3581 2695 3635 2745 et
3658 2681 3847 2743 balicui

2238 2795 2286 2846 ε,
2319 2796 2457 2835 vera
2484 2783 2594 2836 erit
2624 2782 2940 2851 conclusio,
2974 2801 3106 2839 cum
3140 2783 3216 2839 sit
3251 2785 3412 2839 falsa
3443 2784 3472 2836 b
3503 2799 3550 2836 ιε.
3608 2776 3847 2832 Similiter

2238 2882 2433 2933 autem
2467 2885 2523 2935 et
2554 2881 3084 2955 privativasumpta
3111 2900 3143 2937 α
3170 2883 3202 2938 b
3236 2882 3662 2955 propositione,
3694 2873 3850 2948 possi-

2240 2966 2355 3022 bile
2386 2968 2590 3025 enima
2622 2972 2650 3025 b
2672 2971 2907 3041 quidem
2943 2972 3108 3040 nulli,
3146 2988 3176 3027 c
3197 2979 3406 3028 autem
3438 2968 3613 3027 alicui
3646 2983 3747 3021 non
3778 2962 3849 3015 in-

2238 3071 2388 3124 esse,
2422 3063 2479 3112 et
2503 3059 2530 3112 b
2564 3059 2711 3114 nulli
2743 3077 2792 3127 ο,
2814 3067 2878 3116 ut
2907 3077 3094 3132 genus
3126 3078 3193 3115 ex
3227 3061 3347 3117 alio
3381 3076 3597 3133 genere
3612 3052 3852 3128 specieiet

478 3144 1107 3164 O'""""““"|‘""‘
1288 3144 1545 3146 ν
1610 3144 1645 3160 ν,

476 3181 701 3237 homini
735 3186 792 3236 et
822 3197 970 3252 equo
1002 3182 1178 3248 inest,
1209 3196 1398 3250 equus
1454 3183 1649 3233 autem
1708 3177 1853 3233 nulli
1901 3177 2120 3232 homini

2239 3144 3851 3220 accidentiejusspeciebus,namanimalquidemnumero

472 3268 663 3337 inest;
698 3270 747 3324 si
778 3285 917 3341 ergo
949 3274 1216 3324 sumatur
1247 3284 1280 3321 a
1316 3267 1534 3332 omnib,
1566 3270 1622 3321 et
1651 3267 1680 3319 ὁ
1712 3266 1871 3321 omni
1899 3282 1945 3333 c,
1990 3283 2096 3320 con

473 3355 658 3411 clusio
691 3373 827 3411 vera
858 3356 963 3423 eri,
997 3360 1121 3411 tota
1146 3355 1295 3411 falsa
1330 3355 1357 3409 ἱ)
1382 3372 1411 3409 c
1458 3353 1878 3425 pr0positione.
1950 3354 2131 3409 Simi-

472 3444 607 3501 liter
628 3450 825 3501 autem
852 3462 987 3501 cum
1015 3444 1364 3500 universalis
1388 3442 1669 3515 privativa
1690 3449 1781 3498 est
1803 3460 1841 3497 a
1867 3445 1896 3498 b
1919 3460 2126 3514 prepo-

469 3535 934 3608 sitio,[coutingit
960 3535 1118 3589 enim
1137 3552 1170 3589 a
1194 3550 1383 3604 neque
1402 3533 1450 3601 b,
1474 3549 1661 3603 neque
1687 3548 1715 3586 c
1737 3532 1884 3586 nulli
1909 3532 2124 3600 inesse,

474 3629 532 3681 et
561 3629 593 3681 b
624 3626 771 3680 nulli
802 3642 849 3693 ο,
886 3627 951 3678 ut
979 3641 1049 3679 ex
1081 3622 1193 3677 alio
1226 3638 1436 3694 genere
1468 3620 1778 3692 speciebus
1825 3621 2122 3676 diversum

473 3729 684 3783 genus,
719 3730 856 3768 nam
890 3712 1112 3767 animal
1147 3727 1252 3766 nec
1277 3710 1539 3774 musicaa,
1574 3726 1677 3765 nec
1710 3709 2012 3765 medicinae
2037 3711 2124 3765 in-

470 3810 579 3871 est,
605 3817 791 3872 neque
810 3802 1037 3856 musica
1054 3800 1379 3855 medicinae.
1400 3799 1539 3854 Sum
1554 3804 1649 3870 pta
1679 3816 1816 3871 ergo
1833 3817 1864 3854 a
1881 3800 2119 3870 quidem

470 3888 616 3943 nulli
649 3892 700 3959 b,
736 3889 768 3945 b
800 3893 995 3944 autem
1028 3888 1187 3943 omni
1219 3903 1269 3955 ο,
1304 3903 1441 3942 vera
1472 3886 1581 3942 erit
1612 3886 1935 3943 conclusio.
1975 3888 2039 3941 Et
2072 3883 2120 3942 si

466 3995 581 4034 non
615 3983 736 4034 tota
769 3978 914 4034 falsa
945 3977 1023 4033 sit
1053 3977 1085 4033 b
1116 3993 1163 4044 ε,
1199 3977 1300 4032 sed
1342 3980 1401 4030 in
1437 3976 1657 4048 aliquo,
1688 3976 1863 4032 etiam
1903 3977 1985 4031 sic
2012 3976 2121 4031 erit

474 4068 771 4124 conclusio
800 4085 953 4123 vera.
986 4065 1141 4121 Nihil
1176 4066 1333 4122 enim
1367 4066 1634 4138 prohibet
1655 4084 1710 4135 α,
1743 4070 1800 4122 et
1831 4067 1862 4121 ὁ
1885 4072 1991 4122 etc
2012 4065 2116 4121 toti

456 4157 672 4224 inesse,
697 4158 725 4213 b
744 4162 939 4213 autem
961 4156 1135 4211 alicui
1159 4173 1207 4221 ο,
1234 4162 1495 4225 utgenus
1512 4156 1730 4225 speciei
1753 4161 1806 4211 et
1847 4156 2115 4211 differen-

455 4247 570 4315 tias,
605 4264 745 4303 nam
776 4245 997 4301 animal
1029 4244 1255 4300 homini
1289 4244 1448 4299 omni
1479 4248 1537 4300 et
1587 4244 1745 4299 omni
1791 4244 2110 4316 gressibili,

450 4336 623 4390 homo
646 4340 841 4390 autem
865 4335 1041 4391 alicui
1064 4333 1383 4405 gressibili,
1416 4338 1471 4389 et
1507 4351 1623 4389 non
1655 4333 1854 4403 omni;
1897 4335 1944 4390 si
1973 4351 2109 4408 ergo

456 4424 672 4478 aomni
704 4424 754 4491 b,
789 4425 897 4479 etb
929 4424 1087 4480 omni
1141 4440 1170 4478 c
1222 4428 1517 4489 sumatur,
1564 4441 1598 4478 a
1649 4424 1863 4479 omnic
1912 4426 2106 4491 inerit,

2243 3233 2391 3289 nulli
2424 3235 2598 3303 inest,
2630 3236 2743 3293 alio
2783 3254 2918 3294 vero
2950 3256 3065 3294 non
3117 3237 3320 3309 alicui,
3387 3236 3855 3293 numerositatem

2238 3324 2386 3378 nulli
2420 3324 2550 3380 albo
2584 3346 2597 3393 ;
2632 3327 2834 3398 siergo
2854 3328 3114 3383 medium
3136 3334 3398 3399 ponatur
3416 3328 3856 3389 numerus,etsu-

2239 3417 2432 3467 matur
2460 3430 2494 3467 α
2524 3414 2759 3485 quidem
2792 3416 2939 3470 nulli
2974 3417 3062 3478 ὑφ
3094 3422 3293 3472 autem
3316 3417 3502 3474 alicui
3526 3432 3578 3486 c,
3609 3432 3638 3469 (ι
3670 3406 3857 3469 alicuic

2239 3526 2352 3565 non
2387 3510 2755 3582 inerit,quod
2790 3513 3285 3581 fuitverum,cum
3320 3534 3357 3571 α
3392 3516 3421 3570 b
3444 3514 3679 3587 quidem
3697 3510 3858 3578 sipro-

2235 3599 2444 3669 positio
2458 3616 2614 3667 vera,
2646 3601 2675 3655 ὸ
2701 3618 2730 3656 c
2759 3606 2955 3658 autem
2990 3603 3240 3659 falsa.Et
3255 3605 3305 3659 si
3341 3605 3406 3660 in
3432 3603 3629 3675 aliquo
3660 3595 3861 3656 sitlalsa

2232 3703 2265 3741 a
2298 3688 2350 3757 b,
2386 3687 2534 3744 falsa
2563 3694 2758 3744 autem
2792 3694 2848 3746 et
2878 3693 2908 3746 ὸ
2938 3708 2986 3760 c,
3018 3693 3130 3747 erit
3159 3694 3479 3749 conclusio
3521 3708 3678 3747 vera.
3732 3680 3857 3741 Nihil

2232 3775 2386 3831 enim
2422 3777 2741 3847 prohibeto
2770 3779 2943 3835 alicui
2970 3782 2998 3835 b
3022 3786 3077 3837 et
3108 3781 3285 3837 alicui
3322 3800 3353 3838 ο
3377 3784 3578 3838 inesse
3602 3775 3861 3853 utrique,b

2228 3871 2424 3921 autem
2459 3866 2605 3922 nulli
2638 3885 2686 3933 ε,
2712 3873 2776 3923 ut
2804 3869 2902 3924 sib
2935 3870 3010 3925 sit
3041 3874 3415 3929 contrarium
3449 3874 3567 3945 ipis
3593 3871 3863 3940 c,etambo

2225 3954 2547 4011 accidentia
2579 3956 2769 4012 eidem
2806 3959 3026 4031 generi,
3050 3976 3183 4015 nam
3220 3962 3454 4019 animal
3491 3961 3866 4018 alicuialboct

2225 4043 2402 4099 alicui
2435 4044 2601 4116 nigro
2635 4046 2808 4116 inest,
2851 4048 3048 4104 album
3074 4055 3272 4105 autem
3316 4053 3475 4108 nulli
3512 4054 3679 4125 nigro
3710 4052 3864 4114 inest;

2223 4139 2271 4193 si
2304 4157 2441 4212 ergo
2475 4148 2754 4200 sumatur
2776 4163 2806 4200 a
2839 4147 2996 4202 omni
3031 4149 3081 4217 b,
3114 4152 3172 4202 et
3204 4148 3233 4201 b
3264 4149 3458 4207 alicui
3487 4169 3537 4220 ε,
3601 4168 3732 4206 vera
3777 4146 3868 4203 erit

2222 4230 2540 4287 conclusio.
2567 4233 2634 4287 Et
2666 4234 3199 4308 privativaquidem
3234 4248 3499 4313 sumpta
3530 4261 3563 4297 a
3600 4243 3653 4309 ὑ,
3685 4236 3867 4296 simili-

2218 4325 2327 4377 ter.
2360 4319 2503 4379 Nam
2548 4323 2700 4379 idem
2725 4325 2983 4393 termini,
3017 4326 3368 4384 etsimiliter
3391 4328 3771 4402 ponenturad
3789 4327 3867 4380 de-

2225 4413 2727 4469 monstrationem.
2762 4417 2830 4467 Et
2859 4431 2927 4469 ex
2959 4416 3223 4487 utrisque
3254 4418 3439 4475 falsis
3473 4414 3870 4476 eritconclusio

448 4514 606 4582 quod
639 4513 875 4584 quidem
903 4518 1027 4568 erat
1058 4513 1583 4568 verum,8imi]iter
1604 4519 1799 4569 autem
1824 4532 1955 4570 cum
1982 4516 2097 4586 pri-
2132 4524 2176 4588 Ι)
2217 4518 2373 4558 vera.
2408 4502 2691 4558 Possibile
2723 4507 2812 4558 est
2836 4504 2989 4559 enim
3022 4522 3055 4559 a
3086 4506 3115 4558 b
3149 4506 3402 4577 quidem
3444 4510 3623 4578 nulli,
3655 4513 3865 4564 cautem

448 4602 639 4657 vativa
669 4606 759 4656 est
788 4618 840 4668 a,
877 4602 906 4654 b
940 4603 1288 4673 propositio,
1323 4603 1608 4674 contingit
1640 4605 1798 4658 enim
1834 4621 1867 4657 a
1898 4622 2001 4660 nec
2048 4605 2098 4674 ἱ),

448 4705 554 4743 nec
583 4706 612 4743 c
640 4689 785 4744 nulli
812 4690 1029 4756 inesse,
1066 4691 1093 4744 b
1126 4708 1257 4746 vero
1288 4690 1465 4745 alicui
1487 4708 1537 4757 ε,
1560 4695 1617 4744 at
1645 4708 1828 4761 genus
1862 4708 1929 4746 ex
1988 4693 2099 4748 alio

443 4794 651 4848 genere
674 4778 886 4851 speciei
908 4784 964 4834 et
982 4778 1487 4844 dill‘erentiaamam
1508 4778 1727 4832 animal
1743 4794 1847 4831 nec
1862 4779 2099 4849 sapien-

445 4868 538 4923 tia:
574 4869 718 4925 nulli
743 4871 915 4937 inest,
954 4887 1057 4925 nec
1089 4866 1589 4941 contemplationi,
1626 4867 1914 4938 sapientia
1962 4886 2093 4927 vero

437 4956 616 5015 alicui
666 4958 1145 5029 contemplationi
1193 4979 1206 5027 ;
1265 4960 1313 5012 si
1365 4973 1501 5028 ergo
1551 4960 1818 5010 sumatur
1856 4972 1889 5010 a
1946 4959 2095 5013 nulli

434 5046 543 5113 b,b
602 5053 797 5105 autem
846 5048 1009 5105 omni
1069 5064 1120 5115 ο,
1193 5046 1340 5102 nulli
1392 5044 1702 5109 cinerita,
1736 5043 1845 5099 hoc
1893 5051 2088 5103 autem

428 5140 547 5191 erat
565 5153 788 5193 verum.
808 5137 869 5192 In
886 5135 1344 5209 particularibus
1361 5139 1560 5189 autem
1576 5131 1934 5204 syllogismis
1949 5152 2088 5192 con-

425 5224 624 5297 tingit,
658 5226 848 5299 prima
882 5224 1286 5298 propositione
1324 5227 1444 5279 tota
1477 5220 1624 5277 falsa
1652 5224 1955 5296 existente,
2000 5226 2083 5282 al-

434 5318 561 5369 tera
590 5320 781 5371 autem
814 5331 967 5382 vera,
1004 5329 1196 5368 veram
1229 5328 1359 5368 esse
1391 5309 1857 5379 conclusionem,
1881 5320 1938 5371 et
1972 5333 2007 5370 a
2052 5319 2081 5372 ἱ)

420 5402 481 5456 in
516 5402 711 5475 aliquo
745 5403 889 5458 falsa
921 5402 1222 5469 existente,
1250 5402 1278 5456 b
1302 5419 1329 5455 ο
1358 5404 1553 5456 autem
1579 5418 1733 5471 vera,
1756 5408 1865 5458 eta
1893 5404 1922 5458 b
1948 5406 2076 5476 qui-

420 5491 556 5546 dem
588 5508 744 5560 vera,
777 5490 1119 5563 particulari
1152 5497 1346 5546 autem
1378 5488 1543 5560 falsa,
1562 5494 1618 5545 et
1646 5492 1910 5561 utrisque
1955 5496 2073 5549 exi-

420 5582 717 5635 stentibus
743 5579 1092 5635 falsis.Nihil
1109 5580 1267 5635 enim
1283 5580 1555 5652 prohibet
1572 5598 1605 5635 a
1622 5581 1649 5635 Ι)
1665 5580 1902 5653 quidem
1927 5584 2070 5640 nulli

2211 4592 2385 4647 alicui
2420 4592 2632 4656 inesse,
2659 4592 2688 4647 b
2714 4610 2847 4648 vero
2876 4593 3021 4649 nulli
3048 4612 3095 4650 c.
3130 4594 3203 4650 Ut
3223 4612 3423 4666 genus
3438 4615 3514 4655 ex
3544 4599 3662 4655 alio
3683 4610 3871 4671 genere

2210 4681 2447 4753 speciei,
2481 4686 2537 4737 et
2567 4682 2852 4737 accidenti
2877 4683 3184 4755 speciebus
3234 4685 3397 4755 ejus,
3438 4689 3669 4744 animal
3729 4686 3864 4741 enim

2209 4796 2453 4835 numero
2485 4780 2721 4851 quidem
2754 4780 2919 4851 nulli,
2941 4782 3073 4839 albo
3105 4800 3238 4839 vero
3265 4785 3460 4842 alicui
3481 4788 3667 4858 inest,
3699 4791 3752 4843 et
3777 4802 3870 4840 nu-

2208 4868 2738 4925 merusnullialbo.
2762 4871 2819 4926 Si
2852 4888 2989 4944 ergo
3023 4879 3344 4931 sumatura
3361 4879 3541 4933 omni
3579 4880 3631 4947 b,
3657 4882 3712 4933 et
3741 4872 3868 4928 bali-

2203 4958 2293 5013 cui
2324 4976 2371 5028 c,
2406 4958 2704 5015 conclusio
2736 4961 2977 5031 quidem
3024 4978 3179 5031 vera,
3233 4967 3705 5037 propositiones
3751 4978 3869 5019 vero

2200 5047 2383 5101 ambae
2418 5047 2592 5103 falsae.
2628 5049 2910 5105 Similiter
2940 5055 3139 5107 autem
3159 5057 3369 5108 etcum
3409 5055 3715 5125 privativa
3752 5056 3867 5108 esta

2199 5136 2249 5190 b.
2275 5134 2429 5190 Nihil
2465 5138 2622 5193 enim
2656 5138 2926 5209 prohibet
2951 5156 2986 5195 α
3020 5139 3047 5195 b
3079 5140 3313 5211 quidem
3351 5145 3471 5198 toti
3497 5144 3755 5215 inesse,c
3779 5158 3868 5197 au-

2194 5230 2312 5281 tem
2351 5226 2524 5282 alicui
2557 5244 2675 5284 non
2706 5229 2921 5301 inesse,
2939 5235 3198 5302 etneque
3231 5232 3442 5288 bnulli
3475 5252 3526 5303 ο,
3567 5241 3637 5292 ut
3665 5229 3870 5291 animal

2192 5331 2374 5387 cygno
2407 5317 2647 5387 quidem
2681 5318 3049 5391 omni,nigro
3081 5324 3276 5375 autem
3308 5321 3507 5379 alicui
3547 5343 3673 5382 non
3706 5323 3867 5385 inest,

2190 5430 2412 5485 cygnus
2431 5432 2565 5471 vero
2589 5416 2736 5471 nulli
2763 5417 3141 5490 nigrozquare
3164 5418 3209 5474 si
3234 5426 3534 5480 sumatur
3559 5444 3595 5481 a
3624 5424 3773 5480 nulli
3794 5420 3870 5483 b,b

2187 5508 2379 5557 autem
2410 5504 2583 5559 alicui
2614 5524 2679 5560 ca
2713 5506 2927 5562 alicuic
2958 5524 3072 5563 non
3103 5508 3276 5564 inerit
3308 5526 3323 5575 ;
3383 5527 3539 5585 ergo
3574 5509 3869 5571 conclusio

2186 5591 2423 5661 quidem
2458 5610 2614 5665 vera,
2640 5596 3068 5668 prapositiones
3095 5602 3289 5653 autem
3336 5599 3545 5660 falsae.
