4070 6170
237 258 341 312 697

886 258 1211 314 PRIORUM
1255 260 1822 317 ANALYTICORUM
1860 254 2328 312 ARISTOTELIS
2367 258 2967 313 INTERPRETATIO.

3532 260 3638 315 698

240 387 371 438 dem
393 382 422 435 ὓ
438 398 485 449 c,
504 399 575 437 ac
597 387 791 438 autem
817 382 1105 454 negativa,
1132 385 1212 438 sic
1235 385 1391 439 enim
1418 387 1594 442 fiebat
1615 384 1881 457 syllogis-
1913 386 1965 450 Α
1997 385 2232 452 sumpta
2246 380 2699 452 propositiones.
2722 381 2781 436 Si
2797 386 2993 437 autem
3015 382 3158 438 nulli
3176 384 3268 455 bd,
3285 386 3524 456 quidem
3542 404 3641 442 as-

240 489 393 527 mus.
417 472 655 535 Quando
682 471 1230 541 igiturcontrarium
1256 477 1509 529 sumitur
1527 473 1887 530 conclusioni

241 582 355 619 non
380 562 905 634 critsyllogismus,
926 581 1061 618 nam
1082 565 1128 618 si
1148 582 1179 618 α
1198 566 1371 621 alicui
1394 566 1442 635 b,
1470 568 1498 621 Ι)
1521 571 1711 621 autem
1729 564 1888 619 omni

242 670 292 719 ο,
321 670 433 706 non
462 654 523 705 fit
544 651 924 722 syllogismus
947 653 1075 722 ejus
1113 655 1265 724 quod
1296 660 1385 709 est
1406 672 1439 708 a
1463 658 1584 709 etc.
1610 655 1808 724 Neque
1841 652 1885 707 si

250 759 283 796 a
306 740 479 795 alicui
504 742 553 806 Ι),
582 740 727 795 nulli
755 747 949 795 autem
970 758 1020 808 ιτ,
1044 759 1158 797 non
1202 744 1310 797 fuit
1333 744 1462 813 ejus
1496 744 1649 814 quod
1682 747 1769 798 est
1797 760 1829 795 a
1858 743 1887 795 b

238 829 745 902 etcsyllogismus,
768 846 948 900 quare
967 848 1078 885 non
1106 832 1524 887 interimuntur
1547 831 1889 905 propositio-

241 936 366 975 nes.
393 920 635 985 Quando
658 935 791 973 vero
815 920 1172 990 oppositum,
1197 920 1657 987 interimuntur;
1682 938 1814 974 nam
1840 918 1886 975 si

242 1028 275 1064 α
302 1009 482 1074 omni,
503 1008 552 1074 Ι),
579 1008 812 1062 etomni
836 1026 883 1073 ε,
906 1025 939 1063 a
962 1009 1118 1063 omni
1142 1028 1191 1077 ο,
1217 1012 1316 1065 sed
1353 1010 1495 1065 nulli
1523 1011 1729 1065 inerat.
1754 1011 1889 1064 Rur-

237 1115 374 1152 sum
400 1100 446 1151 si
480 1114 513 1151 a
537 1096 697 1151 omni
725 1096 775 1163 ὁ,
803 1097 946 1151 nulli
972 1102 1164 1153 autem
1195 1114 1242 1163 ο,
1278 1100 1307 1152 b
1343 1099 1486 1154 nulli
1517 1116 1567 1169 ε,
1594 1100 1695 1154 sed
1731 1098 1889 1154 omni

235 1187 451 1241 inerat.
468 1185 750 1239 Similiter
771 1194 961 1239 autem
992 1192 1371 1255 monstratur,
1388 1194 1444 1242 et
1461 1188 1507 1242 si
1529 1205 1639 1243 non
1662 1188 1889 1242 univer-

242 1275 396 1329 sales
420 1276 541 1328 sint
565 1274 1027 1344 prepositiones:
1064 1276 1137 1330 sit
1168 1277 1323 1331 enim
1359 1294 1391 1330 a
1415 1294 1441 1331 ε
1471 1277 1818 1332 universalis
1837 1280 1892 1330 et

242 1362 553 1435 privativa,
571 1362 751 1416 altera
770 1368 959 1418 autem
980 1364 1417 1435 partieulariset
1441 1369 1496 1421 in
1517 1366 1892 1437 praedicativa

242 1469 379 1522 ergo
409 1452 515 1505 sia
540 1451 778 1522 quidem
795 1452 955 1507 omni
983 1454 1031 1521 b,
1060 1454 1087 1507 b
1122 1459 1316 1508 autem
1344 1455 1519 1509 alicui
1552 1472 1600 1521 ο,
1621 1472 1653 1508 (ι
1673 1454 1892 1509 alicuic

242 1541 479 1607 accidit,
503 1541 603 1595 sed
632 1540 773 1594 nulli
801 1541 1005 1595 inerat.
1056 1542 1311 1597 Rursum
1356 1544 1463 1598 sia
1492 1544 1650 1598 omni
1679 1546 1708 1597 ὁ
1740 1542 1889 1597 nulli

236 1636 438 1684 autem
471 1644 499 1683 c
548 1633 604 1682 et
637 1629 665 1682 b
699 1628 841 1683 nulli
866 1646 913 1684 ο.
942 1630 1000 1684 Si
1029 1636 1222 1685 autem
1256 1649 1291 1686 a
1322 1632 1565 1697 alicuib,
1592 1638 1648 1687 et
1670 1631 1889 1686 balicui

1997 475 2289 534 sumatur,
2305 469 2683 541 syllogismus
2697 470 2933 541 quidem
2954 472 3061 525 erit
3076 471 3230 537 falsi,
3248 491 3361 528 non
3379 476 3639 530 ostendi-

1996 563 2091 612 tur
2122 562 2313 612 autem
2352 558 2759 629 propositum;
2794 577 2929 613 nam
2958 561 3007 614 si
3042 578 3073 615 a
3106 561 3251 615 nulli
3286 563 3337 629 Ι),
3380 566 3408 617 b
3441 572 3637 620 autem

1996 647 2157 702 omni
2179 648 2239 713 d,
2264 665 2295 701 α
2320 647 2465 701 nulli
2493 648 2546 717 d,
2570 648 2677 703 hoc
2701 654 2891 703 autem
2915 650 2992 703 sit
3014 650 3400 721 impossibile,
3427 653 3639 709 falsum

1997 735 2177 805 igitur
2220 736 2741 792 estnullibinesse
2785 738 2960 801 u,sed
2997 756 3107 792 non
3153 739 3198 794 si
3236 740 3643 810 nullifalsum,

1997 824 2155 878 omni
2180 840 2404 879 verum.
2436 826 2495 880 Si
2524 830 2718 881 autem
2750 842 2831 880 ca
2854 832 3215 893 assumatur,
3237 845 3350 883 non
3382 830 3447 883 fit
3468 831 3643 902 syllo-

1996 913 2245 985 gismus,
2270 930 2374 968 nec
2394 915 2629 985 quando
2646 916 2997 985 supponitur
3012 933 3124 970 non
3143 918 3301 971 omni
3329 920 3357 971 b
3378 918 3568 974 inesse
3586 938 3639 989 a;

1996 1018 2176 1072 quare
2200 1003 2573 1057 manifestum
2599 1006 2878 1074 quoniam
2906 1006 3062 1058 omni
3094 1005 3285 1061 inesse
3310 1024 3422 1061 non
3451 1016 3639 1063 osten-

1996 1093 2156 1147 ditur
2177 1093 2234 1147 in
2261 1094 2450 1164 prima
2472 1094 2658 1163 figura
2683 1111 2782 1164 per
2806 1095 3396 1166 impossibile.Alicui
3425 1105 3641 1171 autem,

1995 1186 2052 1237 et
2074 1183 2240 1251 nulli,
2261 1188 2318 1237 et
2350 1201 2458 1238 non
2487 1183 2645 1237 omni
2665 1184 3013 1238 osienditur.
3040 1185 3420 1256 Supponatur
3438 1188 3590 1243 enim
3611 1207 3643 1243 α

1998 1270 2144 1325 nulli
2170 1271 2198 1325 b
2219 1272 2429 1339 inesse,
2450 1272 2477 1325 b
2503 1277 2694 1327 autem
2719 1278 3021 1343 sumptum
3038 1273 3085 1327 si
3112 1274 3272 1328 omni
3296 1284 3397 1329 aut
3419 1275 3593 1332 alicui
3616 1294 3645 1331 c

1995 1376 2131 1431 ergo
2157 1376 2392 1416 necesse
2424 1366 2511 1415 est
2540 1377 2577 1415 α
2606 1361 2747 1415 nulli
2775 1366 2875 1415 aut
2898 1378 3009 1416 non
3056 1364 3213 1417 omni
3238 1380 3266 1417 ε
3295 1365 3508 1433 inesse,
3536 1366 3645 1422 hoc

1994 1454 2192 1503 autem
2226 1448 2609 1520 impossibile.
2643 1451 2728 1504 Sit
2758 1452 2909 1505 enim
2945 1468 3147 1506 verum
3176 1457 3231 1507 et
3265 1454 3643 1510 manifestum

1998 1538 2277 1609 quoniam
2295 1540 2448 1593 omni
2473 1555 2500 1593 ε
2520 1540 2670 1593 inest
2687 1557 2738 1604 α,
2757 1556 2933 1609 quare
2947 1540 2995 1593 si
3016 1540 3123 1595 hoc
3140 1540 3377 1599 falsum.
3404 1560 3643 1598 necesse

1996 1634 2087 1681 est
2115 1645 2148 1681 a
2177 1626 2349 1682 alicui
2377 1630 2406 1682 b
2446 1628 2656 1683 inesse.
2691 1629 2745 1682 Si
2773 1634 2968 1683 autem
2995 1630 3065 1683 ad
3090 1647 3121 1684 α
3162 1636 3433 1686 sumatur
3457 1632 3640 1687 altera

232 1736 284 1785 ε,
318 1735 432 1773 non
455 1718 521 1771 fit
549 1718 953 1788 syllogismus.
980 1720 1179 1790 Neque
1204 1721 1250 1775 si
1275 1721 1493 1775 aalicui
1523 1722 1569 1775 ὑ.
1598 1726 1653 1775 et
1675 1722 1819 1775 nulli
1842 1739 1889 1789 (τ,
1924 1750 1968 1814 Β
2001 1716 2343 1814 propositio,
2370 1734 2479 1771 non
2505 1716 3036 1814 erit-syllogismus,
3064 1736 3251 1814 neque
3275 1721 3645 1814 quando-sub

234 1826 343 1864 nec
370 1810 476 1863 sic.
508 1811 695 1873 Quare
727 1809 826 1863 illo
860 1810 1096 1880 quidem
1134 1813 1305 1866 modo
1340 1812 1781 1881 interimuntur,
1806 1812 1889 1867 sic

234 1904 432 1953 autem
460 1915 572 1952 non
602 1898 1023 1953 interimuntur
1042 1901 1489 1971 propositiones.
1516 1901 1886 1956 Manifestum

237 1992 325 2042 est
355 2004 495 2059 ergo
530 2004 597 2041 ex
649 1988 723 2041 iis
759 2004 884 2058 quae
919 1990 1075 2043 dicta
1107 1995 1245 2044 sunt
1269 1991 1561 2060 quomodo
1610 2006 1889 2045 conversa

240 2076 621 2131 conclusione
648 2076 704 2130 in
735 2094 1089 2148 unaquaque
1116 2078 1303 2149 figura
1323 2078 1387 2133 ﬁt
1412 2078 1810 2150 syllogismus,
1835 2083 1890 2133 et

240 2168 478 2237 quando
502 2167 789 2221 contrarie
818 2167 1224 2238 prapositioni,
1249 2174 1307 2223 et
1330 2169 1561 2239 quando
1583 2170 1846 2239 opposite
1869 2185 1889 2223 :

243 2256 588 2325 etquoniam
612 2255 672 2309 in
704 2256 892 2326 prima
928 2256 1168 2327 quidem
1219 2257 1407 2327 figura
1431 2274 1531 2327 per
1553 2257 1802 2311 mediam
1837 2262 1893 2311 et

243 2350 603 2414 postremam
627 2344 775 2397 fiunt
793 2342 1138 2415 syllogismi,
1156 2349 1350 2415 etquae
1366 2346 1602 2416 quidem
1623 2346 1691 2399 ad
1712 2345 1895 2400 mino-

248 2449 369 2485 rem
395 2433 820 2486 extremitatem
849 2449 1081 2503 semper
1102 2450 1204 2504 per
1227 2434 1477 2488 mediam
1513 2434 1889 2504 interimitur,

252 2538 377 2593 quae
402 2540 535 2577 vero
563 2523 632 2575 ad
655 2524 938 2593 majorem
973 2540 1075 2593 per
1106 2529 1465 2595 postremam
1493 2542 1507 2591 ;
1541 2524 1599 2579 in
1634 2526 1896 2580 secunda

248 2618 467 2676 autem,
491 2628 592 2681 per
616 2611 861 2681 primam
890 2616 943 2666 et
983 2616 1361 2683 postremam,
1399 2630 1525 2685 qua:
1552 2613 1789 2684 quidem
1823 2614 1892 2668 ad

254 2701 543 2755 minorem
562 2701 990 2755 extremitatem
1010 2719 1237 2772 semper
1257 2719 1359 2773 per
1372 2706 1619 2775 primam
1642 2705 1895 2774 figuram

251 2806 380 2860 quae
414 2806 548 2844 vero
582 2792 649 2843 ad
699 2791 1006 2860 majorem,
1040 2807 1143 2862 per
1193 2797 1584 2861 postremam;
1618 2792 1675 2845 in
1728 2792 1899 2847 tertia

250 2896 411 2941 vero,
446 2896 548 2950 per
578 2881 823 2950 primam
874 2884 929 2935 et
958 2898 1059 2952 per
1090 2881 1365 2949 mediam,
1416 2887 1472 2936 et
1502 2899 1627 2951 quas
1660 2882 1895 2953 quidem

255 2966 331 3021 ad
359 2969 637 3034 majorem
668 2983 770 3037 per
798 2966 1043 3038 primam
1078 2985 1330 3039 semper,
1365 2986 1491 3039 quae
1516 2985 1648 3023 vero
1682 2971 1751 3024 ad
1787 2970 1901 3024 mi~

251 3071 457 3110 norem
492 3071 595 3125 per
627 3058 878 3110 mediam
913 3073 1162 3127 semper.
1197 3058 1342 3121 Quid
1376 3075 1511 3130 ergo
1543 3062 1633 3113 est
1661 3075 1899 3114 conver-

2002 1805 2362 1858 contrarium
2383 1804 2742 1860 conclusioni
2762 1806 3189 1876 supponiturut
3204 1808 3376 1862 alicui
3394 1826 3505 1863 non
3523 1808 3647 1864 ines

2004 1909 2086 1961 se;
2106 1894 2481 1948 manifestum
2497 1909 2632 1964 ergo
2648 1894 2921 1965 quoniam
2940 1897 3273 1966 oppositum
3292 1900 3534 1953 sumend
3549 1916 3646 1954 um

2003 1987 2110 2037 est.
2133 1982 2389 2036 Rursum
2412 1989 2780 2053 supponatur
2803 2000 2834 2036 a
2857 1984 3029 2037 alicui
3054 1984 3083 2038 b
3104 1984 3316 2052 inesse,
3339 1992 3644 2056 sumptum

2005 2076 2199 2125 autem
2216 2070 2293 2124 sit
2312 2086 2341 2123 ο
2361 2072 2595 2135 omnia,
2622 2088 2859 2126 necesse
2885 2076 2974 2126 est
2996 2072 3170 2140 igitur
3187 2090 3215 2128 ε
3237 2074 3409 2129 alicui
3432 2076 3461 2130 b
3488 2077 3651 2131 ines-

2004 2175 2087 2222 se,
2112 2159 2220 2213 hoc
2245 2164 2439 2213 autem
2459 2159 2535 2212 sit
2559 2159 2948 2230 impossibile,
2975 2177 3155 2231 quare
3171 2162 3382 2218 falsum
3405 2165 3642 2235 quidem

2004 2247 2375 2319 suppositum
2406 2247 2588 2314 est;si
2615 2254 2806 2303 autem
2833 2248 2936 2319 sic,
2959 2265 3161 2304 verum
3184 2252 3434 2308 estnulli
3458 2254 3651 2310 inesse

2006 2337 2289 2392 Similiter
2311 2341 2509 2391 autem
2533 2341 2590 2391 et
2610 2337 2658 2391 si
2677 2338 2964 2408 privativa
2990 2345 3227 2409 sumpta
3254 2342 3329 2395 sit
3348 2358 3375 2396 ο
3396 2361 3447 2396 a.
3470 2345 3527 2397 Si
3550 2361 3650 2398 au-

2004 2432 2119 2481 tem
2141 2427 2210 2479 ad
2237 2426 2267 2480 b
2288 2426 2615 2497 sumptasit
2636 2429 3094 2498 propositio,non
3117 2430 3226 2483 erit
3246 2430 3649 2504 syllogismus.

2007 2515 2065 2570 Si
2083 2523 2272 2571 autem
2290 2517 2647 2571 contrarium
2663 2526 3052 2588 supponatur,
3076 2517 3456 2591 syllogismus
3475 2524 3651 2577 eritet

2008 2604 2391 2675 impossibile,
2412 2622 2526 2660 non
2547 2610 2742 2661 tamen
2760 2608 3091 2662 ostenditur
3107 2610 3261 2679 quod
3283 2614 3369 2665 est
3392 2613 3653 2683 proposi-

2007 2697 2169 2747 tum:
2204 2699 2573 2765 supponatur
2603 2696 2758 2749 enim
2789 2712 2819 2748 ο
2841 2696 2999 2750 omni
3035 2697 3084 2764 b,
3106 2703 3214 2751 etc
3245 2706 3546 2768 sumptum
3571 2701 3653 2755 sit

2008 2785 2243 2847 omnia,
2268 2799 2401 2850 ergo
2426 2799 2663 2838 necesse
2678 2788 2806 2838 estc
2826 2785 2987 2839 omni
3012 2786 3039 2839 b
3066 2787 3257 2841 inesse
3285 2804 3296 2839 :
3318 2787 3426 2841 hoc
3449 2794 3644 2844 autem

2008 2870 2395 2942 impossibile,
2419 2888 2599 2941 quare
2630 2872 2843 2927 falsum
2865 2878 2955 2928 est
2982 2875 3141 2929 omni
3176 2876 3207 2930 b
3238 2876 3429 2930 inesse
3460 2895 3512 2942 a,
3547 2879 3650 2933 sed

2010 2963 2268 3015 nondum
2292 2961 2402 3015 erit
2422 2961 2842 3030 necessarium,
2863 2961 2911 3016 si
2933 2978 3046 3017 non
3070 2964 3251 3033 omni,
3275 2964 3651 3026 nulliinesse.

2008 3050 2288 3105 Similiter
2308 3056 2505 3105 autem
2527 3055 2584 3106 et
2606 3051 2711 3106 sia
2731 3052 2765 3105 d
2782 3055 2812 3106 b
2831 3053 3295 3108 sumaturaltera
3317 3056 3645 3126 proposito:

249 3149 393 3207 tere,
428 3149 484 3196 et
517 3146 807 3214 quomodo
838 3146 897 3199 in
946 3163 1298 3218 unaquaque
1345 3149 1551 3219 figura,
1583 3156 1635 3201 et
1668 3148 1801 3218 quis
1834 3150 1898 3202 ﬁt
1927 3130 1969 3195 C
2010 3156 2144 3194 nam
2169 3139 2545 3211 syllogismus
2568 3140 2805 3211 quidem
2827 3141 3003 3195 eritet
3028 3142 3650 3213 impossibile,nonin-

252 3231 631 3303 syllogismus
662 3234 1061 3290 manifestum.

897 3368 1121 3424 CAPUT
1160 3369 1253 3424 ΧΙ.

612 3469 695 3520 De
721 3465 1037 3536 syllogismo
1063 3483 1167 3538 per
1188 3467 1542 3538 impossibile.

296 3584 404 3635 Per
420 3581 781 3652 impossibile
805 3588 1000 3637 autem
1020 3584 1402 3657 syllogismus
1424 3585 1756 3641 ostenditur
1771 3585 1898 3656 qui-

249 3671 410 3736 dem,
442 3672 675 3740 quando
707 3672 1085 3727 contradictio
1119 3672 1357 3743 ponitur
1386 3674 1802 3739 conclusionis,
1839 3678 1896 3729 et

249 3761 583 3815 assumitur
611 3759 789 3815 altera
821 3761 1159 3832 propositio.
1186 3761 1273 3816 Fit
1305 3767 1498 3818 autem
1534 3763 1590 3816 in
1623 3763 1899 3818 omnibus

249 3852 482 3919 figuris,
517 3851 708 3906 simile
755 3852 911 3905 enim
944 3857 1033 3907 est
1064 3854 1450 3907 conversioni.
1482 3853 1898 3909 Verumtamen

247 3940 435 3994 differt
459 3940 517 3993 in
553 3945 783 3993 tantum
806 3942 1077 4009 quoniam
1104 3944 1462 3995 convertitur
1491 3942 1727 4012 quidem
1753 3943 1900 3998 facto

244 4030 1904 4103 syllogismo,etsumptisutriusqueprapositionibns.De—

245 4121 487 4174 ducitur
510 4124 701 4173 autem
724 4119 793 4173 ad
818 4119 1184 4190 impossibile
1206 4137 1321 4174 non
1345 4122 1613 4176 confesso
1635 4122 1901 4193 opposito

244 4210 439 4280 prius,
456 4209 555 4262 sed
581 4208 890 4262 manifesto
904 4208 1183 4278 quoniam
1198 4214 1287 4263 est
1298 4225 1519 4264 verum.
1536 4210 1793 4265 Termini
1808 4227 1901 4265 ve-

244 4314 312 4352 ro
328 4296 605 4352 similiter
620 4313 680 4351 se
696 4296 910 4350 habent
926 4296 984 4350 in
1003 4298 1333 4369 utriusque,
1348 4300 1621 4353 eteadem
1638 4299 1900 4369 sumptio

241 4393 657 4457 utrorumque,
681 4392 744 4439 ut
766 4386 815 4439 si
836 4403 870 4440 a
892 4386 1045 4440 inest
1066 4387 1224 4441 omni
1259 4388 1307 4453 b,
1339 4388 1603 4442 medium
1626 4394 1822 4443 autem
1847 4405 1893 4457 ε,

2003 3229 2297 3284 terimitur
2317 3234 2511 3283 autem
2529 3229 3074 3301 bypothesis,quare
3086 3232 3420 3302 oppositum
3441 3252 3505 3289 su
3517 3252 3649 3306 ppo-

2004 3320 2291 3374 nendum.
2313 3321 2398 3372 Ad
2417 3320 2845 3375 ostendendum
2869 3324 3065 3376 autem
3091 3338 3205 3376 non
3229 3322 3390 3377 omni
3413 3324 3649 3381 binesse

2003 3426 2064 3476 α,
2098 3409 2549 3479 supponendum
2572 3409 2731 3463 omni
2766 3409 2978 3479 inesse,
3004 3426 3137 3465 nam
3162 3410 3209 3465 si
3232 3428 3266 3466 a
3287 3413 3447 3467 omni
3477 3415 3530 3479 ὁ,
3553 3418 3652 3469 etc

2003 3497 2162 3552 omni
2194 3513 2247 3561 a,
2272 3497 2431 3551 omni
2456 3497 2484 3551 b
2507 3497 2727 3552 ineritc
2753 3513 2767 3553 :
2794 3497 2842 3552 si
2860 3514 2993 3566 ergo
3016 3500 3119 3554 hoc
3139 3499 3525 3571 impossibile,
3546 3501 3650 3557 fal-

2005 3602 2137 3641 sum
2158 3586 2309 3655 quod
2334 3586 2707 3657 suppositum
2723 3590 2814 3641 est
2839 3604 2854 3655 ;
2879 3586 3149 3643 similiter
3166 3594 3360 3643 autem
3380 3589 3497 3644 etsi
3521 3590 3591 3644 ad
3617 3590 3646 3644 b

2006 3680 2247 3745 sumpta
2275 3674 2352 3729 sit
2372 3673 2555 3729 altera
2587 3674 2927 3746 propositio.
2962 3676 3032 3731 Et
3054 3677 3101 3732 si
3128 3678 3410 3748 privativa
3432 3679 3508 3733 sit
3532 3695 3560 3733 c
3589 3697 3643 3749 a,

2006 3763 2295 3831 similiter,
2330 3779 2467 3819 nam
2499 3768 2557 3818 et
2588 3763 2671 3819 sic
2693 3764 2758 3818 ﬁt
2786 3764 3189 3837 syllogismus.
3212 3767 3269 3821 Si
3295 3771 3491 3823 autem
3519 3769 3590 3823 ad
3615 3771 3646 3823 ὁ

2007 3860 2242 3923 sumpta
2264 3852 2341 3906 sit
2368 3851 2667 3923 privativa,
2691 3852 3201 3909 nihilostenditur.
3235 3856 3295 3910 Si
3315 3861 3503 3911 autem
3530 3874 3645 3911 non

2006 3941 2186 4007 omni,
2221 3942 2321 3996 sed
2350 3941 2526 3997 alicui
2545 3942 2738 3997 inesse
2762 3949 3149 4013 supponatur,
3174 3961 3288 3998 non
3320 3946 3651 4000 ostenditur

2007 4031 2287 4102 quoniam
2322 4047 2438 4085 non
2471 4031 2652 4099 omni,
2686 4032 2785 4085 sed
2808 4032 3089 4101 quoniam
3122 4031 3307 4086 nulli:
3343 4033 3391 4086 si
3425 4034 3581 4087 enim
3615 4052 3648 4089 a

2007 4119 2181 4175 alicui
2214 4120 2265 4187 Ι),
2292 4136 2321 4174 c
2351 4124 2545 4174 autem
2578 4120 2735 4173 omni
2768 4136 2822 4184 a,
2855 4120 3029 4174 alicui
3064 4121 3097 4174 b
3131 4120 3303 4174 inerit
3331 4137 3397 4188 c;
3432 4122 3480 4175 si
3513 4138 3646 4189 ergo

2006 4210 2117 4265 hoc
2138 4209 2523 4281 impossibile,
2546 4209 2757 4263 falsum
2781 4214 2870 4263 est
2900 4210 3072 4263 alicui
3108 4211 3136 4263 b
3168 4209 3360 4266 inesse
3386 4228 3436 4277 a,
3467 4228 3648 4282 quare

2005 4316 2207 4355 verum
2228 4298 2409 4367 nulli;
2431 4299 2538 4353 hoc
2557 4303 2753 4352 autem
2772 4303 3030 4366 ostenso,
3050 4299 3645 4370 interimiturverum,

2007 4404 2140 4442 nam
2170 4405 2202 4442 a
2224 4387 2397 4442 alicui
2421 4387 2657 4458 quidem
2683 4388 2713 4440 ὸ
2733 4386 3125 4451 inerat,alicui
3146 4402 3277 4441 vero
3299 4404 3413 4443 non
3436 4389 3644 4449 inerat.

237 4478 291 4532 si
332 4475 691 4547 supponitur
719 4492 751 4529 a
788 4492 900 4530 non
928 4476 1087 4530 omni
1110 4476 1200 4530 vel
1228 4476 1371 4530 nulli
1397 4479 1426 4530 ὁ
1468 4478 1683 4545 inesse,
1705 4494 1733 4532 c
1765 4494 1894 4533 vero
1926 4484 1973 4548 Β
2008 4476 2275 4547 Amplius
2299 4481 2490 4531 autem
2513 4493 2627 4530 non
2654 4480 2773 4529 tam
2798 4480 3035 4546 propter
3058 4476 3409 4548 hypothesin
3435 4479 3646 4535 accidit

243 4566 434 4625 omni,
458 4565 613 4636 quod
642 4564 752 4618 fuit
799 4580 1022 4630 verum,
1050 4581 1251 4620 necese
1268 4570 1404 4621 esto
1434 4566 1462 4620 b
1486 4571 1587 4621 aut
1619 4566 1763 4620 nulli
1788 4571 1890 4622 aut

233 4673 353 4712 non
370 4654 524 4710 omni
543 4654 755 4720 inesse,
772 4653 881 4707 hoc
894 4658 1089 4708 autem
1108 4654 1483 4725 impossibile,
1501 4672 1679 4725 quare
1696 4656 1895 4711 falsum

233 4745 503 4817 estquod
522 4759 547 4797 s
562 4742 901 4813 uppositum
916 4748 1024 4797 est.
1047 4747 1262 4797 Verum
1279 4761 1416 4815 ergo
1438 4746 1796 4815 oppositum;
1821 4747 1898 4799 si-

236 4837 469 4891 militer
486 4838 682 4888 autem
708 4833 764 4887 in
789 4832 917 4887 aliis
943 4833 1169 4904 ﬁguris,
1196 4850 1561 4906 quiscunque
1584 4835 1738 4890 enim
1765 4852 1896 4890 con-

232 4925 574 4979 versionem
619 4922 973 4993 suscipiunt,
1007 4927 1063 4977 et
1094 4939 1197 4994 per
1226 4924 1591 4995 impossibile
1621 4923 1893 4996 syllogis-

225 5030 393 5069 mum
408 5052 420 5065 .
440 5012 591 5082 Ergo
606 5009 719 5065 alia
733 5010 965 5080 quidem
984 5013 1285 5082 praposita
1298 5013 1490 5068 omnia
1505 5015 1897 5068 ostenduntur

231 5098 800 5176 perimpossibilein
820 5099 1095 5154 omnibus
1110 5101 1337 5171 ﬁguris,
1358 5102 1686 5157 universale
1700 5108 1895 5158 autem

232 5188 681 5264 praedicativum
712 5188 769 5242 in
806 5189 1002 5243 media
1043 5198 1094 5244 et
1118 5190 1372 5245 intertia
1414 5195 1800 5259 monstratur,
1834 5193 1893 5247 in

232 5281 439 5354 prima
466 5282 662 5331 autem
698 5292 812 5331 non
848 5282 1247 5333 monstratur:
1283 5284 1649 5350 supponatur
1678 5280 1835 5335 enim
1863 5299 1897 5337 a

230 5389 358 5425 non
382 5367 546 5423 omni
574 5367 716 5420 baut
740 5366 886 5420 nulli
904 5366 1548 5433 inesse,etassumatur
1563 5368 1675 5423 alia
1694 5386 1897 5440 propo-

229 5459 399 5523 sitio,
426 5455 910 5521 utrolibetmodo,
936 5456 1057 5510 sive
1079 5474 1112 5510 a
1136 5457 1296 5511 omni
1318 5457 1471 5511 inest
1486 5457 1672 5527 c,sive
1696 5458 1895 5513 bomni

234 5550 269 5603 d
298 5554 409 5619 (sic
432 5545 590 5601 enim
615 5548 737 5599 erat
760 5544 949 5615 prima
980 5545 1189 5616 figura)
1214 5545 1297 5613 ;si
1321 5561 1456 5617 ergo
1478 5552 1847 5618 supponatur
1865 5565 1899 5602 a

236 5654 358 5692 non
375 5633 533 5690 omni
553 5633 581 5687 b
598 5633 812 5699 inesse,
826 5648 942 5689 non
958 5633 1057 5688 ﬁet
1068 5633 1445 5705 syllogismus
1460 5635 1901 5705 quomodolibet

1998 4564 2387 4636 impossibile,
2413 4565 2562 4619 falsa
2578 4563 2731 4619 enim
2768 4564 2900 4629 erit,
2922 4565 3211 4635 siquidem
3245 4582 3310 4620 ex
3344 4568 3498 4622 veris
3530 4587 3643 4624 non

2005 4662 2093 4711 est
2108 4653 2319 4709 falsum
2336 4653 2695 4726 syllogizare:
2713 4670 2868 4708 nunc
2883 4656 3651 4725 autemestvera,inestenim

2004 4762 2036 4799 a
2055 4744 2228 4800 alicui
2250 4745 2298 4813 b,
2319 4760 2499 4815 quare
2521 4760 2630 4797 non
2652 4745 3099 4814 supponendum
3125 4744 3293 4799 alicui
3312 4745 3525 4813 inesse,
3544 4749 3644 4804 sed

2006 4834 2187 4891 omni.
2218 4832 2501 4890 Similiter
2522 4837 2716 4886 autem
2741 4836 2797 4885 et
2819 4832 2865 4886 si
2892 4832 3065 4888 alicui
3102 4835 3132 4887 b
3152 4851 3263 4889 non
3297 4834 3452 4891 inest
3471 4853 3525 4906 α,
3550 4854 3644 4893 os-

2004 4924 2377 4979 tenderemus
2404 4939 2415 4976 :
2442 4922 2488 4977 si
2509 4922 2664 4975 enim
2688 4921 2845 4976 idem
2870 4927 2959 4976 est
2996 4922 3170 4977 alicui
3199 4941 3313 4979 non
3338 4924 3553 4989 inesse,
3587 4931 3643 4982 et

2005 5030 2121 5068 non
2144 5012 2540 5077 omniinesse,
2564 5009 2850 5065 eademin
2886 5010 3151 5082 utrisque
3203 5014 3644 5070 demonstratio.

2003 5101 2374 5156 Manifestum
2398 5115 2534 5171 ergo
2556 5100 2835 5169 quoniam
2861 5116 2974 5155 non
2999 5103 3375 5171 contrarium,
3408 5105 3509 5158 sed
3542 5121 3645 5175 op-

2006 5192 2259 5263 positum
2296 5188 2746 5260 supponendum
2768 5188 2825 5242 in
2850 5190 3127 5245 omnibus
3159 5191 3536 5263 syllogismis,
3562 5193 3645 5247 sic

2006 5281 2161 5336 enim
2184 5280 2579 5335 necessarium
2612 5278 2722 5333 erit
2746 5283 2802 5333 et
2821 5279 3051 5333 axioma
3070 5281 3407 5350 probabile;
3432 5300 3566 5337 nam
3593 5284 3641 5337 si

2006 5370 2076 5423 de
2108 5367 2367 5423 omnivel
2386 5367 2699 5421 afﬁrmatio
2721 5366 2807 5421 vel
2833 5368 3085 5438 negatio,
3109 5373 3342 5424 ostenso
3365 5373 3642 5441 quoniam

2008 5474 2122 5512 non
2146 5455 2399 5527 negatio,
2424 5471 2662 5511 necesse
2683 5460 2771 5510 est
2790 5456 3240 5511 affirmationem
3264 5474 3457 5512 veram
3482 5476 3636 5525 esse;

2008 5561 2238 5601 rursum
2272 5545 2320 5598 si
2352 5561 2468 5600 non
2518 5551 2734 5615 ponant
2764 5560 2959 5599 veram
2992 5560 3120 5600 esse
3168 5545 3642 5613 affirmationem,

2008 5637 2238 5691 constat
2263 5649 2460 5690 veram
2508 5648 2636 5688 esse
2668 5632 3037 5702 negationem
3070 5657 3085 5701 ;
3122 5630 3473 5687 contrariam
3504 5650 3640 5691 vero
