4072 6182
403 346 512 402 699

406 476 614 526 neutro
638 472 808 527 modo
848 471 1136 542 contingit
1158 476 1351 526 ratum
1394 473 1599 531 facere.
1637 474 1833 546 Neque
1877 475 2036 528 enim
2076 476 2129 540 Α

409 563 831 631 necessarium,
881 561 1542 629 sinullifalsum,omni
1594 583 1818 632 verum,
1864 583 2052 637 neque

410 653 707 724 probabile
755 659 816 706 ut
844 653 918 705 sit
941 653 1185 707 alterum
1214 653 1452 717 falsum,
1496 657 1770 726 quoniam
1798 657 2046 711 alterum

406 761 630 798 verum.
673 741 1050 796 Manifestum
1077 760 1212 812 ergo
1236 745 1515 812 quoniam
1557 745 1614 800 in
1650 746 1841 817 prima
1863 748 2054 819 ﬁgura

407 833 520 887 alia
543 832 779 901 quidem
825 831 1124 902 proposita
1149 833 1346 888 omnia
1385 838 1773 892 ostenduntur
1806 855 1904 909 per
1941 839 2050 892 irn-

410 919 714 990 possibile,
755 919 1081 974 universale
1105 927 1303 976 autem
1341 924 1760 981 afﬁrmativum
1800 944 1912 982 non
1955 943 2051 983 os-

416 1010 700 1064 tenditur.

1033 1089 1260 1145 CAPUT
1303 1094 1430 1148 XII.

467 1180 539 1234 De
568 1179 890 1248 syllogismo
919 1195 1018 1249 per
1051 1178 1391 1250 impossibile
1421 1183 1479 1235 in
1511 1183 1747 1238 secunda
1777 1186 1988 1257 ﬁgura.

481 1269 539 1322 In
567 1269 763 1322 media
785 1275 979 1322 autem
1010 1271 1193 1339 ﬁgura
1216 1275 1270 1324 et
1297 1273 1781 1342 postremaetboc
1801 1277 2056 1331 ostendi-

406 1367 522 1415 tur.
553 1361 976 1414 Ponaturenim
1000 1379 1036 1414 a
1062 1379 1171 1415 non
1192 1363 1344 1416 omni
1371 1365 1400 1417 b
1423 1363 1636 1431 inesse,
1659 1374 1958 1437 sumptum
1983 1370 2057 1422 sit

409 1455 603 1502 autem
631 1449 789 1502 omni
823 1465 851 1502 ε
879 1450 1121 1502 inessea
1146 1468 1158 1516 ;
1185 1467 1320 1520 ergo
1347 1451 1448 1505 sib
1476 1452 1710 1523 quidem
1759 1472 1871 1510 non
1893 1455 2054 1510 omni

409 1538 667 1603 incsta,c
687 1542 881 1591 autem
907 1539 1086 1603 omni,
1114 1555 1226 1592 non
1250 1539 1407 1594 omni
1434 1541 1462 1594 Ι)
1483 1542 1633 1596 inest
1654 1559 1703 1606 c,
1732 1543 1834 1599 hoc
1861 1555 2052 1600 autem

409 1627 794 1696 impossibile.
831 1628 918 1681 Sit
948 1629 1102 1681 enim
1128 1630 1505 1686 manifestum
1535 1633 1811 1704 quoniam
1840 1636 1998 1689 omni
2019 1637 2048 1689 ὁ

406 1715 561 1769 inest
590 1733 636 1781 ε,
673 1732 852 1785 quare
891 1715 1100 1770 falsum
1132 1719 1286 1787 quod
1315 1721 1689 1790 suppositum
1713 1729 1823 1789 est,
1849 1740 2052 1778 verum

1679 353 1796 406 AN.
1838 354 2058 404 MANL.
2101 354 2259 408 θεν.
2301 358 2538 411 ΒΟΕΤΙΙ

3702 357 3812 411 700

2761 481 2992 536 CAPUT
3034 481 3189 537 XIV.

2160 598 2271 664 Quo
2285 597 2460 668 justo,
2493 601 2544 653 et
2572 615 2693 669 qum
2725 599 2800 652 ad
2830 598 3166 741 Ζῃῆοδεὶὺὶιθ
3201 599 3345 652 iacit
3374 597 3808 663 demonstratio,

2881 688 2895 724 ι
2943 680 3120 725 erant.

2881 680 3120 725 zllcrant.

2231 841 2435 894 Ditl‘ert
2466 845 2662 896 autem
2696 857 2821 912 qua:
2854 841 2925 894 ad
2976 838 3343 911 impossibile
3383 839 3812 894 demonstratio

2160 931 2230 984 ab
2252 947 2319 985 ea
2341 947 2468 1001 quae
2496 934 2585 985 est
2607 930 2993 993 ostensiva,eo
3017 931 3173 1001 quod
3197 932 3371 1000 ponat
3392 929 3546 999 quod
3571 929 3702 982 vult
3727 929 3807 982 in-

2158 1021 2449 1086 terimere,
2474 1021 2769 1076 deducens
2791 1022 2862 1076 ad
2895 1023 3226 1075 confessum
3251 1019 3490 1087 falsum,
3515 1021 3814 1075 ostensiva

2159 1116 2353 1165 autem
2372 1109 2916 1180 incipitaconfessis
2942 1109 3335 1181 positionibus
3356 1109 3529 1163 veris.
3555 1108 3816 1162 Sumunt

2160 1215 2294 1268 ergo
2321 1204 2577 1269 utrinque
2601 1199 2749 1252 duas
2777 1198 3206 1269 pr0positiones
3230 1197 3664 1262 confessas,sed
3694 1197 3814 1250 haec

2161 1290 2392 1358 quidem
2429 1306 2496 1344 ex
2529 1287 2745 1358 quibus
2778 1293 2868 1342 est
2899 1287 3301 1360 syllogismus,
3333 1286 3437 1341 illa
3467 1303 3602 1341 vero
3635 1302 3813 1340 unam

2162 1377 2399 1448 quidem
2437 1377 2666 1443 barum,
2699 1377 2943 1431 alteram
2968 1392 3100 1432 vero
3119 1376 3652 1431 contradictionem
3677 1392 3816 1430 con-

2162 1467 2465 1522 clusionis.
2502 1468 2570 1521 Et
2603 1467 2734 1522 hinc
2768 1467 3006 1538 quidem
3051 1483 3166 1521 non
3200 1481 3439 1520 necesse
3494 1470 3584 1520 est
3616 1470 3818 1519 notam

2162 1574 2288 1612 esse
2305 1557 2962 1626 conclusionem,neque
2984 1555 3144 1626 prius
3163 1573 3235 1627 op
3250 1556 3400 1610 inari
3415 1556 3690 1624 quoniam
3707 1559 3817 1622 est,

2163 1652 2266 1702 aut
2301 1664 2412 1701 non
2447 1652 2567 1714 est;
2602 1647 2762 1700 illinc
2793 1663 2925 1701 vero
2968 1663 3204 1702 necesse
3236 1651 3347 1715 est,
3385 1645 3664 1716 quoniam
3700 1662 3812 1699 non

2162 1742 2268 1790 est.
2293 1736 2494 1791 Dill'ert
2517 1742 2712 1791 autem
2737 1734 2884 1790 nihil
2907 1736 3340 1801 al'ﬁrmativam,
3370 1735 3457 1789 vel
3483 1735 3812 1806 negativam

405 1811 638 1877 estergo
663 1806 819 1858 omni
845 1806 1058 1861 inesse.
1081 1808 1137 1862 Si
1163 1813 1357 1862 autem
1379 1811 1733 1868 contrarium
1756 1832 2048 1885 suppona-

2163 1843 2287 1880 esse
2303 1825 2758 1885 conclusionem.
2777 1826 2876 1880 sed
2895 1825 3170 1881 similiter
3183 1841 3244 1879 se
3260 1824 3505 1878 babetin
3524 1823 3813 1894 utrisque.

407 1900 522 1960 tur,
547 1895 924 1966 syllogismus
946 1898 1181 1968 quidem
1211 1899 1318 1953 erit
1341 1902 1409 1954 ad
1428 1901 1811 1973 impossibile,
1831 1923 1940 1960 non
1972 1912 2051 1961 ta-

411 2001 540 2038 men
566 1986 896 2039 ostenditur
918 1987 1070 2056 quod
1087 1991 1570 2058 pr0positumest.
1598 1993 1823 2048 Sienim
1848 2012 1882 2049 a
1906 1994 2052 2050 nulli

409 2075 457 2137 b,
482 2073 642 2128 omni
681 2081 871 2130 autem
895 2093 942 2140 ε,
965 2077 1109 2131 nulli
1138 2078 1188 2140 Ι),
1220 2096 1266 2148 c,
1292 2079 1397 2134 hoc
1423 2088 1616 2136 autem
1661 2083 2051 2155 impossibile,

407 2181 588 2235 quare
605 2165 815 2220 falsum
833 2173 940 2233 est,
969 2168 1110 2222 nulli
1133 2170 1344 2238 inesse,
1370 2174 1468 2226 sed
1486 2189 1598 2226 non
1619 2174 1668 2227 si
1690 2173 1797 2229 hoc
1817 2175 2055 2246 falsum,

406 2272 604 2310 verum
627 2258 806 2312 omni.
829 2258 1071 2322 Quando
1090 2267 1284 2315 autem
1313 2261 1488 2317 alicui
1515 2265 1543 2317 ὁ
1582 2265 1737 2320 inest
1758 2283 1811 2332 a,
1835 2284 2056 2338 suppo-

413 2356 589 2403 natur
620 2367 651 2402 a
675 2349 821 2403 nulli
848 2351 876 2403 ὁ
910 2351 1120 2417 inesse,
1153 2368 1181 2406 ε
1213 2359 1405 2407 autem
1437 2357 1596 2410 omni
1626 2357 1791 2426 insit,
1828 2375 2067 2414 necesse

405 2446 494 2493 est
515 2455 692 2510 ergoc
715 2438 856 2492 nulli
883 2441 911 2494 b
931 2440 1142 2508 inesse,
1159 2458 1338 2510 quare
1357 2443 1403 2498 si
1424 2443 1532 2499 hoc
1550 2444 1939 2516 impossibile,
1955 2463 2060 2502 ne—

407 2545 568 2584 cesse
592 2536 679 2584 est
709 2548 742 2584 a
767 2530 940 2584 alicui
969 2532 997 2584 Ι)
1023 2532 1231 2587 inesse.
1259 2534 1316 2587 Si
1341 2540 1534 2590 autem
1560 2545 1931 2607 supponatur
1953 2538 2060 2593 ali-

408 2619 638 2672 cuinon
658 2636 806 2685 esse,
827 2621 1027 2674 eadem
1050 2627 1219 2676 erunt
1243 2640 1369 2693 quae
1391 2625 1446 2677 in
1471 2625 1661 2695 prima
1682 2628 1884 2696 ﬁgura.
1908 2627 2058 2682 Rur-

412 2724 544 2760 sum
569 2713 939 2778 supponatur
962 2709 1181 2764 aalicui
1209 2713 1237 2764 ὁ
1262 2712 1517 2780 inesse,c
1538 2721 1735 2770 autem
1757 2715 1902 2770 nulli
1920 2718 2059 2772 insit

409 2813 646 2850 necesse
669 2801 758 2851 est
781 2797 998 2866 igiturc
1015 2799 1184 2852 alicui
1204 2802 1232 2854 b
1256 2818 1367 2856 non
1387 2802 1579 2858 inesse
1608 2823 1622 2861 τ
1646 2806 1744 2858 sed
1762 2807 2056 2860 omniine-

416 2892 523 2953 rat,
549 2903 726 2957 quare
752 2887 963 2942 falsum
988 2891 1140 2958 quod
1160 2895 1537 2961 suppositum
1563 2898 1674 2961 est,
1698 2894 1843 2949 nulli
1869 2912 2005 2966 ergo
2025 2896 2054 2949 b

409 2975 599 3030 inerat
619 2994 672 3031 a.
694 2978 936 3041 Quando
959 2983 1154 3033 autem
1196 2997 1309 3034 non
1335 2981 1492 3035 omni
1518 2985 1548 3037 ὁ
1571 2983 1725 3038 inest
1750 3001 1805 3048 τι,
1834 3002 2058 3056 suppo-

411 3070 584 3118 natur
606 3066 766 3120 omni
794 3067 1021 3121 inesse:
1058 3084 1086 3122 c
1108 3073 1301 3123 autem
1334 3069 1501 3141 nulli,
1551 3089 1787 3127 necesse
1811 3081 2054 3142 estergo

402 3171 430 3206 ε
453 3154 600 3208 nulli
623 3157 650 3208 (λ
676 3156 1012 3219 inesse,hoc
1031 3164 1223 3211 autem
1249 3159 1831 3233 impossibile,quare
1851 3181 2048 3218 verum

404 3253 624 3297 estnon
651 3245 809 3297 omni
841 3246 1048 3302 inesse.
1075 3248 1443 3302 Manifestum
1465 3266 1602 3320 ergo
1627 3252 1906 3322 quoniam
1926 3270 2057 3308 om-

412 3347 514 3386 nes
548 3332 867 3403 syllogismi
897 3334 1045 3389 ﬁunt
1080 3354 1181 3405 per
1214 3339 1467 3393 mediam
1496 3341 1770 3411 ﬁguram.

1014 3425 1247 3481 CAPUT
1289 3429 1445 3483 XIII.

511 3501 584 3554 De
613 3503 918 3556 astensione
943 3520 1042 3574 per
1072 3504 1413 3575 impossibile
1446 3507 1502 3562 in
1538 3512 1710 3566 tertia
1738 3510 1946 3583 ﬁgura.

480 3591 760 3646 Similiter
791 3603 982 3648 autem
1012 3601 1070 3649 et
1102 3613 1202 3666 per
1238 3597 1525 3655 ultimam.
1557 3601 1817 3657 Ponatur
1846 3605 1998 3658 enim
2024 3621 2057 3659 a

405 3680 577 3734 alicui
607 3684 634 3735 ί)
662 3699 773 3738 non
798 3685 1010 3752 inesse,
1043 3702 1072 3740 c
1100 3694 1296 3742 autem
1326 3691 1484 3743 omni
1521 3691 1569 3754 Ι),
1597 3708 1734 3763 ergo
1765 3713 1800 3747 α
1824 3693 1996 3748 alicui
2031 3711 2058 3749 c

408 3787 519 3822 non
539 3770 742 3837 inerit;
765 3772 812 3825 si
828 3789 962 3843 ergo
984 3774 1091 3829 hoc
1106 3775 1496 3854 impossibile,
1519 3780 1728 3835 falsum
1751 3782 1921 3837 alicui
1942 3800 2055 3838 non

413 3875 603 3926 nesse,
649 3877 829 3930 quare
862 3879 1063 3918 verum
1096 3872 1186 3920 est
1217 3868 1400 3921 omni.
1433 3870 1490 3922 Si
1519 3885 1653 3924 vero
1686 3878 2056 3942 supponatur

404 3949 546 4002 nulli
569 3949 781 4013 inesse,
797 3952 1176 4024 syllogismus
1193 3958 1429 4028 quidem
1445 3961 1575 4025 erit,
1594 3960 2055 4032 etimpossibile,

403 4055 516 4092 non
543 4041 799 4095 ostendit
831 4048 1027 4098 autem
1063 4047 1218 4115 quod
1253 4049 1774 4118 propositum-est;
1812 4051 1860 4105 si
1895 4051 2050 4106 enim

403 4134 758 4187 contrarium
785 4143 1174 4206 supponatur,
1195 4141 1393 4192 eadem
1421 4147 1739 4212 eruntquae
1765 4142 1821 4195 in
1848 4142 2050 4210 priori-

401 4218 530 4273 bus.
563 4221 670 4274 Sed
698 4223 766 4275 ad
803 4225 1232 4280 ostendendum
1265 4226 1438 4282 alicui
1476 4229 1690 4294 inesse,
1723 4231 1926 4283 eadem
1947 4247 2050 4285 su-

400 4311 610 4364 menda
632 4317 719 4365 est
739 4313 1096 4382 hypotbesis,
1121 4333 1253 4370 nam
1275 4317 1322 4369 si
1355 4335 1390 4371 α
1413 4317 1555 4371 nulli
1593 4318 1647 4384 ὸ,
1678 4325 1917 4374 cautem
1943 4319 2052 4375 ali-

401 4400 490 4453 cui
515 4402 563 4467 b,
595 4417 627 4453 a
661 4419 771 4454 non
800 4405 957 4458 omni
983 4421 1030 4459 c:
1053 4405 1100 4459 si
1124 4423 1260 4477 ergo
1290 4407 1398 4461 hoc
1419 4408 1657 4474 falsum,
1686 4427 1887 4465 verum
1913 4417 2050 4466 esta

400 4486 616 4540 alicuib
641 4489 854 4546 inesse.
880 4494 1120 4556 Quando
1145 4500 1339 4550 autem
1367 4497 1510 4552 nulli
1539 4500 1566 4552 ὺ
1591 4499 1744 4555 inest
1763 4517 1819 4568 a,
1839 4517 2048 4571 suppo-

399 4580 574 4659 natur
605 4575 782 4630 alicui
815 4577 1028 4650 inesse,
1055 4589 1359 4653 sumptum
1389 4586 1678 4643 sitautem
1711 4590 1993 4644 etcomni
2017 4591 2047 4643 b

396 4666 589 4720 inesse
621 4683 775 4734 ergo,
810 4686 1047 4726 necesse
1075 4680 1163 4728 est
1185 4693 1219 4730 ιι
1242 4677 1465 4733 alicuic
1505 4682 1730 4747 inesse;
1766 4684 1865 4736 sed
1902 4680 2046 4736 nulli

397 4755 606 4820 inerat,
641 4773 817 4825 quare
851 4759 1061 4816 falsum
1097 4769 1186 4818 est
1219 4764 1392 4820 alicui
1422 4768 1450 4822 b
1479 4769 1666 4823 inesse
1689 4787 1741 4822 a.
1770 4769 1828 4822 Si
1853 4780 2040 4822 autem

395 4853 765 4916 supponatur
788 4856 947 4904 omni
969 4853 996 4906 ί)
1015 4857 1205 4910 inesse
1225 4874 1283 4923 a,
1306 4874 1419 4912 non
1441 4859 1772 4912 ostenditur
1792 4858 2046 4926 proposi-

393 4938 518 4987 tum
548 4951 560 4988 :
591 4937 689 4989 sed
717 4939 785 4991 ad
817 4943 1242 4998 ostendendum
1272 4963 1385 4999 non
1413 4946 1571 5000 omni
1598 4947 1811 5009 inesse,
1839 4945 2041 5000 eadem

395 5025 681 5080 sumenda
715 5025 1082 5098 hypothesis,
1118 5050 1252 5087 nam
1286 5035 1333 5087 si
1367 5053 1405 5087 α
1431 5035 1589 5088 omni
1645 5035 1694 5099 ὁ,
1727 5045 1785 5087 et
1813 5049 1841 5086 ε
1871 5033 2045 5088 alicui

397 5114 446 5178 ι),
479 5133 508 5167 (ι
535 5115 685 5169 inest
725 5117 904 5172 alicui
935 5135 962 5173 c
996 5137 1010 5186 ;
1047 5119 1154 5175 hoc
1187 5126 1377 5176 autem
1429 5139 1540 5176 non
1575 5122 1706 5190 fuit,
1741 5138 1921 5192 quare
1946 5122 2051 5178 fal-

394 5221 524 5256 sum
561 5211 650 5258 est
684 5207 841 5260 omni
868 5206 1085 5271 inesse,
1117 5210 1162 5262 si
1198 5215 1391 5264 autem
1417 5209 1523 5274 sic,
1548 5227 1746 5265 verum
1777 5228 1888 5265 non
1922 5227 2045 5266 om-

394 5293 473 5346 ni.
577 5299 772 5347 autem
807 5303 1178 5366 supponatur
1207 5297 1380 5352 alicui
1409 5300 1618 5365 inesse,
1650 5303 1850 5355 eadem
1877 5306 2048 5356 erunt

393 5398 519 5448 qua)
551 5387 604 5433 et
628 5381 685 5434 in
721 5382 790 5435 iis
829 5400 954 5453 quae
981 5385 1143 5454 prius
1175 5386 1333 5440 dicta
1363 5391 1518 5442 sunt.
1543 5390 1916 5444 Manifestum
1951 5407 2044 5444 er-

392 5486 464 5538 go
499 5471 776 5540 quoniam
807 5471 864 5525 in
885 5474 1153 5527 omnibus
1179 5475 1662 5546 perimpossibile
1684 5477 2040 5549 syllogismis

389 5556 722 5626 oppositum
791 5564 1265 5631 supponendum.
1320 5565 1515 5620 Palam
1554 5573 1761 5632 autem
1796 5573 1851 5622 et
1898 5584 2040 5638 quo-

393 5646 551 5699 niam
585 5645 646 5699 in
687 5647 879 5702 inedia
912 5649 1102 5720 ﬁgura
1131 5654 1467 5709 ostenditur
1491 5656 1925 5726 quodammodo
1956 5659 2044 5712 at-

395 5735 526 5786 ﬁrm
540 5733 787 5800 ativum,
815 5740 872 5788 et
903 5737 958 5791 in
991 5743 1295 5807 postrema
1327 5743 1671 5800 universale.

2172 1916 2377 1970 Omnis
2407 1915 2560 1970 enim
2599 1932 2725 1985 quae
2758 1917 3050 1970 ostensive
3081 1914 3471 1979 concluditur,
3498 1920 3556 1968 et
3575 1930 3677 1985 per
3699 1915 3810 1966 im-

2171 2004 2450 2077 possibile
2466 2005 2902 2074 monstrabitur,
2917 2011 2973 2061 et
2986 2022 3112 2076 quas
3127 2021 3228 2076 per
3243 2005 3317 2058 im
3330 2003 3611 2075 possibile
3624 2010 3817 2058 osten-

2170 2095 2312 2162 sive,
2349 2101 2403 2149 et
2438 2113 2536 2165 per
2567 2096 2800 2150 eosdem
2829 2094 3132 2161 terminos,
3162 2111 3272 2149 non
3293 2103 3486 2148 autem
3512 2093 3570 2147 in
3595 2093 3815 2147 eisdem

2172 2183 2398 2253 ﬁguris.
2424 2184 2569 2238 Nam
2592 2185 2828 2255 quando
2853 2199 2954 2255 per
2976 2184 3340 2255 impossibile
3361 2182 3822 2254 syllogismusﬁt

2170 2273 2227 2326 in
2264 2274 2452 2342 prima
2479 2273 2687 2343 ﬁgura,
2711 2274 2864 2344 quod
2897 2290 3094 2327 verum
3128 2279 3218 2328 est
3247 2273 3306 2327 in
3336 2272 3529 2326 media
3558 2273 3691 2334 erit,
3718 2275 3819 2325 aut

2169 2363 2230 2419 in
2259 2368 2577 2434 postrema,
2613 2363 2960 2433 privativum
2994 2363 3232 2434 quidem
3270 2363 3324 2417 in
3359 2363 3571 2427 media,
3606 2361 3817 2432 praedi-

2170 2455 2430 2510 cativum
2463 2461 2656 2508 autem
2690 2453 2748 2507 in
2784 2459 3098 2524 postrema.
3133 2454 3377 2519 Quando
3405 2458 3604 2507 autem
3637 2451 3821 2523 syllo—

2169 2543 2398 2613 gismus
2431 2543 2489 2596 in
2525 2543 2713 2598 media
2747 2542 2828 2607 ﬁt,
2862 2545 3013 2614 quod
3045 2559 3248 2598 verum
3281 2548 3369 2598 est
3398 2541 3508 2596 erit
3540 2543 3598 2596 in
3633 2542 3824 2612 prima

2171 2632 2720 2703 ﬁgurainomnibus
2746 2630 3515 2703 propositionibus,quando
3539 2635 3737 2685 autem
3760 2628 3826 2686 in

2170 2728 2467 2792 postrema
2484 2721 2882 2794 syllogismus,
2903 2723 3056 2792 quod
3081 2738 3281 2776 verum
3307 2728 3392 2776 est
3415 2721 3524 2775 erit
3547 2720 3604 2773 in
3631 2719 3828 2790 prima

2170 2818 2227 2866 et
2259 2811 2317 2865 in
2343 2811 2919 2874 media.at'ﬁrmativa
2949 2810 3185 2881 quidem
3214 2811 3274 2865 in
3299 2813 3506 2880 prima,
3533 2809 3829 2880 privativa

2169 2906 2365 2954 autem
2399 2900 2458 2953 in
2492 2901 2704 2954 media.
2739 2899 2824 2954 Sit
2847 2899 3002 2954 enim
3023 2905 3326 2954 ostensum
3357 2916 3389 2952 a
3415 2898 3559 2952 nulli
3579 2903 3680 2952 aut
3708 2914 3826 2952 non

2169 2990 2325 3045 omni
2345 2990 2373 3044 Ι)
2393 3007 2493 3060 per
2508 2990 2756 3059 primam
2775 2989 3047 3059 ﬁguram,
3067 3005 3202 3059 ergo
3224 2988 3566 3060 bypotbesis
3581 2987 3826 3058 quidem

2167 3084 2293 3134 erat
2315 3078 2490 3134 alicui
2514 3078 2545 3133 ὁ
2573 3078 2768 3132 inesse
2790 3095 2842 3146 a,
2869 3095 2896 3133 ο
2923 3083 3120 3132 autem
3143 3078 3488 3132 sumebatur
3507 3094 3544 3131 α
3579 3077 3824 3146 quidem

2176 3168 2334 3222 omni
2360 3167 2578 3233 inesse,
2603 3167 2630 3221 Ι)
2662 3172 2856 3221 autem
2888 3166 3033 3221 nulli
3061 3167 3142 3220 sic
3167 3168 3324 3221 enim
3351 3166 3522 3220 ﬁebat
3551 3165 3830 3236 syllogis-

2171 3275 2304 3312 mus
2335 3258 2403 3311 ad
2429 3255 2816 3326 impossibile.
2844 3260 2961 3309 Hoc
2987 3261 3180 3310 autem
3207 3255 3398 3310 media
3419 3256 3630 3325 ﬁgura,
3659 3255 3760 3308 sic
3790 3271 3826 3308 a

2164 3347 2405 3416 quidem
2425 3346 2864 3410 omni,bautem
2891 3345 3058 3410 nulli,
3087 3345 3260 3410 inest,
3287 3350 3344 3399 et
3366 3344 3829 3398 manifestumex

2161 3435 2254 3488 his
2286 3435 2568 3505 quoniam
2605 3435 2632 3486 ὁ
2668 3432 2814 3486 nulli
2846 3433 2998 3487 inest
3035 3449 3090 3488 a.
3133 3432 3414 3487 Similiter
3442 3438 3637 3486 autem
3681 3438 3738 3485 et
3765 3433 3818 3487 si

2164 3541 2277 3576 non
2298 3521 2458 3576 omni
2476 3527 2777 3576 ostensum
2812 3520 2890 3576 sit
2918 3521 3129 3586 inesse,
3156 3537 3290 3575 nam
3315 3519 3657 3591 hypothesis
3680 3520 3820 3590 qui-

2162 3613 2294 3666 dem
2319 3617 2409 3666 est
2433 3610 2590 3665 omni
2613 3611 2641 3664 b
2663 3627 2697 3664 a
2723 3611 2935 3674 inesse,
2959 3626 2988 3664 c
3009 3615 3202 3664 autem
3229 3612 3578 3664 sumebatur
3613 3627 3646 3663 a
3677 3609 3815 3678 qui-

2163 3701 2294 3755 dem
2329 3700 2511 3764 omni,
2563 3700 2591 3752 b
2624 3704 2816 3754 autem
2865 3715 2980 3753 non
3017 3699 3199 3762 omni,
3244 3705 3299 3752 et
3330 3699 3377 3752 si
3422 3698 3706 3769 privativa
3740 3698 3826 3752 sit

2163 3794 2401 3860 sumpta
2429 3805 2457 3844 c
2507 3806 2557 3842 a.
2586 3787 3086 3843 similiteretenim
3105 3787 3190 3842 sic
3215 3788 3346 3842 ﬁtin
3380 3786 3573 3842 media
3599 3788 3819 3857 ﬁgura.

2163 3879 2416 3933 Rursum
2449 3877 2525 3932 sit
2557 3884 2860 3932 ostensum
2895 3876 3067 3930 alicui
3101 3876 3130 3930 ὁ
3161 3876 3350 3931 inesse
3379 3893 3434 3943 a,
3467 3892 3600 3943 ergo
3633 3875 3824 3946 hypo-

2161 3967 2346 4022 tliesis
2374 3966 2612 4037 quidem
2644 3971 2735 4020 est
2759 3964 2903 4019 nulli
2938 3965 3152 4027 inesse,
3188 3965 3217 4018 b
3242 3970 3438 4018 autem
3463 3965 3821 4018 sumebatur

2159 4055 2316 4111 Omni
2349 4071 2377 4110 c
2401 4054 2616 4121 inesse,
2649 4059 2707 4108 et
2737 4071 2771 4108 a
2801 4053 2890 4108 vel
2926 4052 3085 4107 omni
3125 4051 3209 4106 vel
3242 4052 3419 4108 alicui
3452 4070 3500 4114 ε,
3534 4053 3616 4106 sic
3653 4053 3820 4107 enim

2160 4145 2270 4198 erit
2304 4141 2685 4215 impossibile.
2713 4143 2828 4197 Iloe
2857 4147 3050 4196 autem
3076 4146 3368 4212 postrema
3391 4141 3601 4212 ﬁgura,
3635 4141 3684 4196 si
3709 4159 3739 4194 (ι
3759 4146 3819 4197 et

2160 4235 2188 4287 li
2221 4233 2376 4288 omni
2411 4249 2456 4296 τ’,
2491 4239 2545 4285 et
2579 4231 2957 4285 manifestum
2993 4248 3060 4285 ex
3092 4231 3184 4284 bis
3216 4229 3355 4300 quia
3386 4247 3627 4285 necesse
3659 4237 3750 4284 est
3785 4248 3820 4286 α

2157 4321 2328 4378 alicui
2358 4323 2386 4374 ὁ
2403 4321 2616 4385 inesse,
2644 4319 2918 4375 similiter
2940 4325 3133 4374 autem
3150 4325 3208 4373 et
3230 4321 3276 4372 si
3302 4318 3475 4373 alicui
3499 4327 3822 4375 csumatur

2158 4411 2395 4466 inesseb
2421 4409 2582 4469 vela.
2618 4409 2876 4463 Rursum
2895 4409 2950 4462 in
2971 4409 3164 4463 media
3192 4409 3381 4478 ﬁgura
3409 4413 3724 4462 ostensum
3745 4409 3822 4464 sit

2155 4518 2187 4554 a
2229 4499 2386 4554 omni
2417 4500 2445 4552 ὁ
2479 4498 2692 4566 inesse,
2727 4514 2865 4567 ergo
2896 4496 3240 4568 hypothesis
3263 4497 3501 4567 quidem
3528 4498 3662 4565 fuit,
3701 4515 3821 4553 non

2156 4589 2312 4644 omni
2351 4588 2380 4642 b
2410 4588 2601 4642 inesse
2628 4603 2681 4652 a,
2717 4591 3014 4654 sumptum
3049 4591 3139 4640 est
3160 4591 3352 4640 autem
3379 4585 3591 4640 aomni
3637 4603 3689 4650 c,
3717 4593 3824 4642 etc

2157 4679 2314 4733 omni
2340 4678 2390 4744 b,
2421 4677 2503 4732 sic
2525 4677 2679 4731 enim
2703 4678 2814 4730 erit
2839 4674 3202 4745 impossibile
3229 4692 3243 4740 ;
3266 4674 3375 4728 hoc
3399 4678 3594 4728 autem
3618 4676 3822 4745 prima

2157 4768 2366 4837 ﬁgura,
2389 4767 2435 4822 si
2462 4783 2493 4819 ιι
2517 4765 2677 4820 omni
2719 4780 2768 4830 c,
2789 4770 2904 4819 etc
2932 4765 3086 4818 omni
3111 4765 3161 4817 ὁ.
3203 4762 3490 4818 Similiter
3521 4770 3725 4819 autem
3761 4772 3827 4820 et

2158 4856 2206 4908 si
2225 4859 2530 4909 ostensum
2549 4853 2622 4907 sit
2639 4851 2812 4907 alicui
2831 4853 3044 4919 inesse,
3064 4869 3197 4906 nam
3219 4851 3559 4921 hapothesis
3575 4852 3821 4922 quidem

2156 4942 2290 5007 fuit,
2316 4942 2460 4996 nulli
2487 4943 2516 4995 b
2540 4942 2732 4996 inesse
2761 4958 2814 5007 a,
2837 4947 3140 5010 sumptum
3161 4945 3249 4994 est
3282 4944 3478 4994 autem
3507 4957 3540 4993 a
3564 4942 3734 4994 omni
3765 4957 3819 5006 ο,

2154 5035 2267 5086 etc
2299 5030 2472 5084 alicui
2511 5030 2561 5084 b.
2605 5030 2666 5083 Si
2697 5035 2890 5084 autem
2926 5029 3243 5100 privativus
3277 5031 3341 5083 ﬁt
3396 5028 3818 5100 syllogismus,

2156 5118 2500 5191 hypothesis
2531 5119 2767 5189 quidem
2802 5136 2835 5172 a
2866 5117 3041 5173 alicui
3075 5119 3104 5172 b
3141 5119 3354 5181 inesse,
3388 5126 3700 5188 sumptum
3735 5125 3824 5174 est

2156 5213 2352 5262 autem
2379 5224 2412 5261 a
2436 5206 2579 5261 nulli
2612 5223 2659 5275 ε,
2685 5213 2740 5262 et
2768 5224 2796 5261 ο
2817 5207 2971 5261 omni
2999 5208 3047 5276 b,
3081 5223 3260 5278 quare
3292 5207 3354 5260 ﬁt
3383 5207 3575 5276 prima
3597 5208 3817 5276 figura,

2155 5296 2224 5351 Et
2255 5297 2302 5350 si
2339 5313 2450 5350 non
2487 5295 2838 5351 universalis
2866 5296 2944 5349 sit
2976 5295 3374 5367 syllogismus,
3398 5295 3498 5348 sed
3519 5311 3554 5348 a
3584 5294 3762 5350 alicui
3785 5296 3816 5348 ὁ

2156 5390 2459 5440 ostensum
2494 5385 2568 5438 sit
2587 5401 2693 5438 nrn
2728 5383 2941 5448 inesse,
2967 5384 3243 5438 similiter
3270 5401 3285 5437 :
3311 5400 3442 5438 nam
3466 5383 3813 5454 hypotbesis

2153 5475 2393 5545 quidem
2426 5473 2584 5528 omni
2606 5477 2636 5527 ὁ
2661 5476 2851 5528 inesse
2873 5491 2928 5540 α,
2953 5479 3254 5542 sumptum
3285 5478 3372 5526 est
3389 5477 3585 5525 autem
3609 5489 3639 5525 α
3661 5471 3809 5534 nulli

2153 5580 2200 5630 c,
2235 5569 2349 5617 etc
2381 5561 2559 5617 alicui
2593 5563 2644 5628 Ι),
2678 5563 2763 5617 sic
2795 5563 2948 5616 enim
2989 5562 3177 5633 prima
3212 5562 3417 5631 ﬁgura.
3454 5559 3712 5614 Rursum
3745 5561 3804 5611 in

2153 5653 2325 5709 tertia
2357 5653 2545 5723 ﬁgura
2578 5658 2881 5707 ostensum
2917 5651 3257 5706 sitainesse
3275 5649 3430 5706 omni
3466 5650 3517 5717 b,
3543 5665 3678 5720 ergo
3701 5649 3803 5718 by-

2157 5741 2423 5813 pothesis
2438 5741 2677 5812 quidem
2694 5741 2806 5796 fuit
2819 5757 2933 5796 non
2953 5740 3110 5796 omni
3140 5741 3168 5795 b
3201 5740 3394 5796 inesse
3412 5755 3474 5806 a,
3498 5743 3801 5808 sumptum
