4072 6182
245 260 351 314 721

835 262 1344 318 POSTERIORUM
1384 262 1953 318 ANALYTICORUM
1992 259 2454 314 ARISTOTELIS
2491 258 3098 312 INTERPRETATIO.

3565 259 3673 314 722

245 385 408 439 niam
461 388 518 438 et
558 385 857 442 conclusio
906 392 1037 455 est;
1085 405 1194 442 non
1244 387 1628 443 universalem
1678 391 1897 452 autem,
1933 387 1982 451 Α
2016 383 2229 455 quoad]
2279 387 2474 436 autem
2504 382 2812 451 principia,
2865 380 3098 451 quidem
3135 384 3249 448 [an.
3293 382 3562 452 quzedam
3613 385 3660 451 ‘1]

238 474 394 544 quod
426 474 532 528 hoc
559 474 797 544 quidem
843 477 949 530 erit
973 521 986 544 ,
1013 476 1118 529 hoc
1165 482 1357 531 autem
1387 493 1499 530 non
1533 477 1642 530 erit
1674 494 1741 530 ex
1773 475 1907 546 qui-

245 565 358 616 bus
391 568 502 631 est,
539 581 719 634 quare
744 581 854 619 non
880 570 967 618 est
989 565 1326 636 syllogizare
1351 565 1776 627 universaliter,
1802 565 1901 619 sed

244 652 532 722 quoniam
557 670 710 707 nunc
733 658 837 708 est.
862 654 1143 708 Similiter
1165 672 1226 708 sc
1250 655 1424 708 habet
1450 656 1518 708 de
1538 654 1900 720 definitione,

243 742 527 813 quoniam
544 741 780 811 quidem
795 743 1160 796 estdeﬁnitio
1179 748 1279 797 aut
1299 742 1652 814 principium
1669 744 1900 797 demon-

241 829 574 893 strationis,
597 834 696 882 aut
721 830 1141 884 demonstratio
1166 830 1452 900 positione
1475 832 1769 895 differens,
1799 835 1901 885 aut

231 917 538 972 conclusio
570 918 839 988 quadam
876 919 1422 974 demonstrationis.
1454 921 1664 974 Eorum
1700 924 1896 974 autem

230 1025 358 1078 qum
394 1024 548 1078 saepe
583 1008 753 1073 fiunt,
800 1013 939 1062 sunt
969 1008 1503 1064 demonstrationes
1553 1015 1608 1063 et
1640 1009 1896 1063 scientiae

227 1102 319 1164 (ut
355 1096 509 1151 lunae
536 1097 842 1165 defectus),
865 1097 1242 1152 manifestum
1269 1103 1357 1152 est
1382 1099 1659 1169 quoniam
1686 1115 1895 1152 secun-

231 1187 376 1240 dum
412 1186 571 1255 quod
611 1185 950 1254 hujusmodi
974 1193 1135 1252 sunt,
1171 1204 1404 1258 semper
1427 1192 1590 1254 sunt,
1620 1189 1678 1241 in
1715 1205 1897 1258 quan-

228 1281 357 1330 tum
394 1281 590 1330 autem
627 1293 738 1330 non
763 1293 996 1347 semper
1017 1279 1338 1332 secundum
1367 1283 1590 1348 partem
1624 1283 1780 1334 sunt.
1803 1279 1895 1333 Si—

224 1370 331 1419 cut
362 1369 560 1419 autem
594 1365 860 1419 defectus
892 1370 1002 1431 est,
1041 1365 1316 1420 similiter
1348 1371 1402 1420 et
1435 1367 1490 1420 in
1526 1367 1676 1421 aliis.

306 1454 597 1517 Quoniam
620 1458 812 1508 autem
832 1455 1205 1508 manifestum
1222 1461 1308 1510 est
1323 1457 1472 1526 quod
1489 1457 1893 1511 demonstrare

231 1543 706 1613 unumquodque
727 1559 842 1597 non
867 1548 974 1609 est,
1001 1545 1096 1598 sed
1125 1550 1227 1598 aut
1258 1561 1325 1598 ex
1352 1562 1704 1616 unoquoque
1728 1546 1888 1614 prin-

221 1633 522 1702 cipiorum
539 1632 586 1685 si
603 1631 657 1684 i'i
675 1633 826 1700 quod
848 1632 1716 1689 demonstratursitsecundum
1734 1637 1884 1703 quod

2018 491 2252 530 necesse
2275 478 2362 527 est
2381 472 2665 542 accipere,
2690 471 2801 525 alia
2818 489 2949 525 vero
2973 473 3407 528 demonstrare:
3434 478 3496 526 ut
3525 474 3667 542 quid

2018 563 2361 624 unitas,aut
2389 560 2530 631 quid
2558 565 2801 627 rectum,
2850 565 2906 613 et
2947 561 3087 630 quid
3135 560 3491 631 triangulus,
3543 579 3671 617 esse

2014 657 2127 706 tem
2153 651 2433 706 unitatem
2457 651 2738 721 accipere,
2755 659 2809 704 et
2828 649 3312 718 magnitudinem,
3331 652 3513 706 altera
3529 668 3661 708 vero

2016 746 2361 796 monstrare.
2378 746 2522 794 Sunt
2537 740 2951 811 autemquibus
2968 742 3284 794 utunturin
3303 742 3668 796 demonstra-

2011 832 2144 885 tivis
2175 831 2463 897 scientiis,
2491 829 2604 882 alia
2636 830 2874 899 quidem
2911 830 3142 899 propria
3186 830 3658 902 uniuscujusque

2013 919 2290 987 scientiae,
2328 919 2440 972 alia
2471 935 2602 972 vero
2636 917 2988 973 communis.
3033 919 3382 973 Communia
3405 935 3537 974 vero
3567 935 3658 974 se-

2011 1010 2268 1062 cundum
2287 1007 2639 1079 analogiam,
2666 1008 2938 1076 quoniam
2963 1008 3101 1062 utile
3121 1013 3208 1062 est
3226 1013 3659 1079 quantumcun-

2013 1115 2124 1168 que
2141 1107 2228 1153 est
2251 1100 2306 1152 in
2331 1115 2394 1152 eo
2415 1099 2585 1168 (quod
2612 1099 2825 1151 estsub
2866 1098 3130 1166 scientia)
3155 1114 3384 1168 genere.
3417 1099 3658 1168 Propria

2008 1187 2296 1259 principia
2326 1186 2587 1256 quidem,
2624 1190 2684 1238 ut
2705 1185 2917 1239 lineam
2953 1201 3083 1239 esse
3115 1186 3429 1254 ejusmodi,
3455 1192 3512 1241 et
3535 1202 3658 1241 rec-

2006 1285 2157 1332 tum.
2185 1276 2534 1331 Communia
2555 1281 2775 1341 autem,
2804 1275 3150 1346 ut,a2qualia
3173 1277 3244 1329 ab
3265 1278 3593 1347 aequalibus
3608 1280 3658 1336 si

2007 1369 2260 1436 auferas,
2285 1367 2440 1437 quod
2465 1365 2709 1436 aequalia
2737 1365 2956 1435 reliqua
2989 1370 3146 1420 sunt.
3166 1365 3534 1423 Sufﬁcientes
3553 1387 3654 1425 au-

2004 1463 2115 1512 tem
2141 1458 2607 1527 unumquodque
2630 1456 2862 1524 horum,
2897 1461 3424 1528 quantumcunque
3456 1458 3513 1513 in
3547 1476 3652 1531 ge-

2003 1564 2138 1602 nere
2170 1551 2275 1601 est.
2312 1547 2468 1600 Idem
2492 1545 2648 1600 enim
2673 1543 2862 1612 faciet,
2897 1544 3003 1599 etsi
3029 1562 3140 1599 non
3161 1547 3231 1600 de
3254 1548 3530 1603 omnibus
3553 1566 3653 1604 ac-

2001 1637 2200 1708 cipiat,
2215 1636 2388 1690 sedin
2407 1633 2914 1705 magnitudinibus
2947 1633 3512 1702 solum,aritmelicze
3545 1655 3648 1693 au-

227 1721 505 1788 estillud,
524 1737 636 1774 non
654 1725 855 1775 autem
885 1729 971 1776 est
991 1723 1135 1777 scire
1155 1723 1257 1777 hoc
1272 1723 1534 1794 quidem,
1569 1723 1617 1778 si
1640 1740 1708 1778 ex
1741 1724 1889 1778 veris
1917 1761 1965 1825 B
2001 1732 2115 1781 tem
2142 1726 2197 1780 in
2225 1725 2508 1779 numeris.
2534 1726 2888 1778 Suntautem
2907 1722 3143 1794 propria
3165 1725 3423 1793 quidem,
3449 1731 3504 1780 et
3523 1743 3649 1797 quas

227 1816 283 1864 et
301 1809 874 1864 indemonstralibus
900 1816 1281 1876 monstretur,
1303 1817 1359 1866 et
1379 1812 1759 1866 immediatis.
1785 1813 1887 1867 Est

221 1900 384 1953 enim
413 1899 497 1953 sic
522 1903 852 1954 monstrare
868 1899 1256 1971 sicutBryson
1283 1901 1771 1971 tetragonismon:
1795 1917 1884 1955 se-

225 1988 492 2042 cundum
519 2004 833 2042 commune
853 1987 1010 2042 enim
1045 1994 1381 2044 monstrant
1401 1989 1654 2044 rationes
1677 1990 1883 2060 hujus-

225 2077 383 2131 modi
415 2077 570 2147 quod
590 2076 827 2131 etalteri
845 2077 1022 2142 inest,
1049 2078 1203 2131 unde
1221 2083 1275 2132 et
1295 2079 1352 2132 in
1377 2079 1505 2132 aliis
1530 2079 1884 2134 conveniunt

224 2166 315 2220 hae
352 2167 610 2220 rationes
647 2182 758 2220 non
794 2167 1126 2237 congeneis.
1164 2167 1288 2220 Non
1323 2167 1524 2237 itaque
1555 2169 1882 2222 secundum

223 2255 372 2308 illud
391 2254 524 2315 scit,
541 2255 640 2309 sed
661 2255 985 2308 secundum
1003 2255 1298 2321 accidens,
1316 2273 1431 2310 non
1446 2256 1600 2310 enim
1616 2258 1884 2312 convenit

227 2344 659 2398 demonstratio
689 2348 744 2397 et
776 2344 831 2397 in
867 2343 1023 2397 aliud
1059 2362 1260 2414 genus.
1296 2345 1762 2416 Unumquodque
1785 2364 1881 2401 au-

221 2439 344 2487 tem
362 2433 584 2488 scimus
608 2450 721 2487 non
740 2434 1064 2487 secundum
1081 2435 1374 2502 accidens,
1397 2451 1530 2489 cum
1556 2437 1880 2491 secundum

222 2521 373 2575 illud
410 2523 840 2592 cognoscimus,
862 2523 1185 2577 secundum
1205 2524 1359 2591 quod
1381 2527 1468 2578 est
1488 2540 1554 2577 ex
1579 2524 1882 2595 principiis

227 2612 392 2666 illius
418 2611 476 2664 in
502 2615 788 2681 quantum
813 2610 957 2664 illud
984 2617 1091 2676 est,
1116 2611 1880 2684 utduobusrectisasquales

221 2702 463 2765 habere,
489 2701 580 2754 cui
604 2699 748 2754 inest
784 2715 885 2770 per
913 2716 973 2754 se
998 2702 1152 2771 quod
1178 2701 1396 2755 dictum
1422 2706 1532 2771 est,
1559 2720 1626 2757 ex
1653 2705 1874 2777 princi-

217 2791 333 2861 piis
367 2788 552 2843 illius.
579 2790 766 2852 Quare
795 2787 843 2841 si
873 2805 973 2858 per
993 2805 1054 2842 se
1078 2793 1132 2844 et
1177 2788 1323 2844 illud
1367 2791 1520 2846 inest
1554 2792 1644 2846 cui
1694 2792 1868 2860 inest,

222 2894 470 2933 necesse
498 2883 587 2931 est
613 2877 874 2931 medium
903 2879 959 2931 in
993 2879 1194 2932 eadem
1231 2879 1603 2948 proximitate
1627 2896 1754 2934 esse
1778 2898 1797 2941 ,'
1831 2882 1879 2935 si

220 2983 357 3023 vero
385 2981 503 3020 non
531 2965 629 3030 sit,
665 2965 768 3019 sed
797 2964 1310 3020 sicutharmonica
1333 2968 1879 3037 perarithmeticam

218 3054 571 3124 hujusmodi
591 3058 786 3108 autem
805 3055 1491 3126 demonstraturquidem
1509 3056 1802 3123 similiter,
1819 3075 1880 3114 se

1999 1815 2370 1886 accipiuntur
2389 1830 2538 1877 esse,
2563 1815 2852 1882 circa-qum
2877 1812 3122 1866 scientia
3144 1812 3506 1883 speculatur,
3523 1832 3648 1885 quas

1995 1909 2134 1962 sunt
2150 1921 2250 1975 per
2263 1902 2801 1971 se,utarithmetica
2825 1901 3102 1966 unitates,
3119 1903 3438 1972 geometria
3451 1909 3646 1960 autem

1994 1993 2455 2066 signaetlineas,
2483 1992 2602 2046 haec
2625 1990 2783 2046 enim
2805 1990 3120 2060 recipiunt,
3144 2008 3272 2046 esse
3291 1991 3467 2047 ethoc
3493 2009 3642 2060 esse,

1995 2084 2203 2139 horum
2228 2087 2416 2136 autem
2455 2080 2759 2150 passiones
2791 2095 2892 2149 per
2922 2095 2999 2133 se.
3035 2079 3182 2141 Quid
3217 2080 3456 2150 quidem
3493 2099 3644 2136 una-

1991 2190 2156 2243 quaeq
2169 2189 2236 2226 ue
2253 2167 2892 2241 signiﬁcet,accipiunt,
2918 2167 3358 2223 utarithmetica
3381 2171 3642 2240 quidem,

1991 2262 2131 2331 quid
2160 2278 2280 2332 par,
2305 2264 2406 2313 aut
2427 2259 2637 2328 impar,
2661 2261 2763 2312 aut
2783 2258 3129 2327 quadratus,
3154 2262 3256 2311 aut
3287 2259 3642 2330 cubus,geo-

1992 2351 2202 2404 metria
2232 2365 2360 2404 vero
2403 2348 2542 2419 quid
2568 2345 2924 2413 irrationale,
2951 2351 3052 2400 aut
3094 2346 3330 2415 inﬂecti,
3366 2355 3468 2403 aut
3502 2366 3645 2404 con-

1993 2455 2244 2504 currere,
2270 2438 2424 2508 quod
2451 2441 2648 2491 autem
2672 2436 2810 2503 sint,
2828 2435 3239 2490 demonstrant
3263 2453 3364 2507 per
3382 2454 3645 2494 commu-

1991 2530 2109 2595 nia,
2143 2533 2198 2582 et
2229 2545 2296 2582 ex
2325 2527 2514 2598 iisque
2545 2527 3046 2588 demonstrantur,
3067 2526 3449 2598 etastrologia
3471 2527 3644 2582 simi-

1989 2619 2140 2673 liter.
2175 2617 2378 2672 Omnis
2405 2615 2560 2670 enim
2593 2615 3056 2669 demonstrativa
3079 2615 3323 2669 scientia
3354 2617 3508 2670 circa
3532 2617 3645 2671 tria

1988 2711 2096 2773 est,
2127 2721 2492 2778 quaecunque
2522 2721 2650 2759 esse
2667 2710 2980 2775 ponuntur.
3009 2703 3138 2758 Haec
3160 2710 3356 2758 autem
3383 2711 3519 2759 sunt
3538 2721 3634 2777 ge~

1990 2814 2122 2861 nus,
2156 2796 2326 2864 cujus
2351 2810 2452 2864 per
2472 2809 2532 2847 se
2555 2792 2896 2864 passionum
2920 2791 3278 2861 speculativa
3299 2796 3406 2859 est,
3431 2797 3488 2847 et
3509 2809 3636 2863 qua:

1988 2900 2114 2940 com
2128 2883 2618 2938 munesdicunlur
2638 2880 2972 2952 dignitates,
2995 2896 3064 2934 ex
3081 2880 3295 2949 quibus
3313 2881 3522 2950 primis
3538 2883 3637 2937 de-

1989 2976 2343 3034 monstrant,
2358 2975 2414 3026 et
2428 2971 2663 3025 tertium
2683 2969 3002 3040 passiones,
3019 2985 3268 3038 quarum
3289 2970 3432 3040 quid
3452 2971 3637 3041 signi-

1989 3064 2118 3118 ficet
2150 3077 2503 3131 unaquaque
2535 3059 2763 3129 accipit.
2816 3057 3108 3120 Quasdam
3140 3062 3335 3112 tamen
3360 3059 3637 3116 scientias

208 3147 522 3199 ditferunt.
556 3142 696 3196 Nam
725 3144 924 3213 ipsum
952 3144 1186 3214 quidem
1219 3145 1356 3214 quia
1378 3145 1618 3201 alterius
1638 3147 1873 3217 quidem
1905 3129 1948 3191 (ἶ
1990 3153 2136 3208 nihil
2157 3129 2428 3224 prohibet
2459 3151 2720 3219 quaedam
2755 3164 2956 3202 eorum
2986 3148 3320 3218 despicere:
3359 3155 3422 3203 ut
3448 3166 3637 3221 genus

211 3233 483 3289 scientia
510 3235 618 3296 est,
644 3232 975 3302 subjectum
997 3232 1150 3287 enim
1178 3250 1364 3305 genus
1379 3234 1624 3290 alterum
1645 3240 1752 3304 est,
1777 3240 1875 3292 sed

212 3327 465 3395 propter
487 3321 652 3390 quid,
687 3325 772 3374 est
802 3321 1144 3390 superioris,
1171 3323 1337 3391 cujus
1363 3340 1466 3394 per
1488 3341 1549 3379 se
1574 3324 1876 3395 passiones

209 3418 384 3467 sunt.
423 3411 611 3473 Quare
629 3426 697 3464 ex
728 3408 820 3463 his
841 3410 1219 3464 manifestum
1245 3417 1334 3466 est
1356 3413 1510 3475 quod
1549 3430 1661 3467 non
1686 3415 1758 3468 sit
1784 3415 1875 3470 de.

207 3504 554 3554 monstrare
571 3500 1035 3569 unumquodque
1049 3499 1414 3569 simpliciter,
1436 3501 1787 3572 aliterquam
1808 3519 1876 3558 ex

214 3588 486 3660 prOpriis
515 3587 984 3658 uniuscujusque
1007 3589 1333 3659 principiis,
1359 3591 1459 3644 sed
1486 3591 1693 3644 horum
1721 3592 1875 3663 prin-

204 3677 372 3748 cipia
399 3676 623 3730 habent
652 3693 984 3731 commune.
1021 3677 1078 3732 Si
1113 3683 1306 3732 autem
1343 3680 1720 3734 manifestum
1743 3680 1874 3748 hoc,

203 3765 604 3822 manifestum
631 3771 686 3819 et
709 3767 984 3836 quoniam
1007 3783 1118 3820 non
1149 3774 1232 3821 est
1252 3769 1720 3840 uniuscujusque
1741 3787 1874 3841 pro-

201 3856 340 3928 pria
364 3853 656 3925 principia
671 3855 1096 3910 demonstrare.
1125 3856 1472 3912 Eruntenim
1491 3857 1588 3912 illa
1607 3860 1873 3915 omnium

205 3943 535 4016 principia,
587 3948 642 3997 et
674 3944 918 3999 scientia
958 3962 1160 4000 eorum
1209 3945 1450 4000 domina
1499 3950 1786 4014 omnium,
1820 3953 1876 4003 et

206 4051 481 4104 namque
513 4034 623 4088 scit
656 4035 842 4105 magis
876 4053 942 4090 ex
974 4037 1335 4106 sperioribus
1359 4038 1553 4092 causis
1577 4039 1788 4108 sciens,
1807 4057 1872 4095 ex

205 4124 519 4197 prioribus
546 4123 698 4178 enim
713 4124 844 4190 scit,
865 4141 998 4180 cum
1022 4142 1136 4179 non
1159 4127 1494 4182 excausatis
1513 4129 1658 4182 sciat
1679 4128 1873 4183 causis

206 4228 403 4285 quare
433 4212 480 4266 si
518 4212 703 4282 magis
736 4213 869 4277 scit,
904 4218 959 4267 et
1007 4213 1254 4268 maxime
1286 4219 1339 4269 et
1372 4215 1615 4270 scientia
1646 4216 1745 4270 illa
1767 4217 1876 4272 erit

203 4308 262 4356 et
288 4300 509 4371 magis,
535 4305 589 4354 et
613 4301 880 4356 maxime.
924 4303 1031 4356 Sed
1060 4303 1482 4357 demonstratio
1508 4321 1618 4359 non
1645 4306 1874 4360 covenit

204 4392 265 4445 in
307 4389 473 4444 aliud
513 4405 698 4460 genus
725 4389 892 4444 aliter
915 4407 1113 4462 quam,
1147 4396 1210 4446 ut
1242 4393 1463 4446 dictum
1499 4399 1606 4460 est,
1641 4410 1875 4464 geome-

1987 3260 2099 3298 non
2125 3257 2454 3313 supponere
2478 3255 2624 3306 esse,
2647 3238 2692 3292 si
2719 3237 2794 3292 sit
2817 3237 3194 3292 manifestum
3217 3239 3497 3308 quoniam
3521 3245 3632 3310 est,

1986 3349 2098 3386 non
2133 3331 2286 3385 enim
2320 3328 2590 3383 similiter
2613 3327 2991 3381 manifestum
3023 3327 3408 3396 estquoniam
3435 3345 3637 3384 nume-

1986 3437 2087 3474 rus
2118 3419 2216 3484 sit,
2248 3422 2304 3472 et
2347 3417 2502 3488 quod
2536 3415 2817 3477 calidum;
2851 3418 2908 3468 et
2947 3415 3246 3485 frigidum,
3300 3419 3356 3468 et
3406 3417 3635 3486 passio-

1984 3528 2085 3566 nes
2121 3526 2232 3564 non
2267 3512 2356 3563 est
2386 3507 2641 3577 recipere
2663 3505 2802 3576 quid
2837 3505 3192 3576 signiﬁcent,
3227 3509 3275 3560 si
3295 3505 3414 3559 sint
3437 3507 3629 3560 mani-

1985 3600 2160 3667 festae,
2181 3597 2330 3652 sicut
2363 3612 2550 3667 neque
2578 3595 2915 3649 communia
2939 3610 3050 3647 non
3089 3593 3294 3664 recipit
3324 3594 3424 3664 qui
3444 3595 3628 3665 signi-

1983 3689 2158 3742 ficent
2190 3687 2342 3757 quod
2375 3691 2464 3740 est
2492 3684 2739 3754 aequalia
2775 3684 2845 3737 ab
2867 3682 3196 3752 azqualibus
3225 3683 3456 3737 demere
3487 3700 3631 3754 quo-

1985 3778 2143 3831 niam
2180 3781 2378 3829 notum
2415 3778 2523 3827 est.
2558 3773 2668 3827 Sed
2706 3771 2850 3826 nihil
2885 3773 3078 3826 minus
3113 3775 3322 3826 natura
3363 3772 3474 3826 tria
3505 3772 3628 3828 haec

1983 3867 2122 3932 sint,
2157 3865 2308 3919 circa
2338 3863 2492 3934 quod
2526 3863 2907 3926 demonstrat,
2941 3866 2997 3915 et
3018 3877 3143 3931 quae
3163 3862 3546 3930 demonstrat,
3571 3867 3629 3917 et

1982 3974 2048 4010 ex
2081 3955 2296 4026 quibus
2350 3955 2472 4008 Non
2502 3957 2592 4009 est
2622 3952 2973 4023 suppositio,
2994 3967 3181 4022 neque
3210 3953 3432 4023 petitio,
3464 3953 3619 4023 quod

1985 4059 2222 4098 necesse
2249 4048 2306 4096 et
2338 4046 2575 4112 propter
2605 4040 2864 4111 seipsum
2902 4056 3054 4107 esse,
3087 4043 3142 4093 et
3172 4039 3353 4094 videri
3388 4056 3621 4094 necesse

1981 4137 2106 4186 est:
2144 4148 2258 4186 non
2287 4130 2442 4185 enim
2477 4131 2546 4186 ad
2579 4130 2833 4184 exterius
2868 4128 3190 4184 orationem
3249 4129 3624 4183 demonstra-

1985 4220 2084 4287 tio,
2106 4219 2205 4271 sed
2240 4219 2309 4272 ad
2351 4234 2475 4272 eam
2511 4233 2633 4286 quae
2666 4221 2753 4270 est
2784 4217 2842 4269 in
2874 4214 3093 4281 anima,
3124 4215 3402 4284 quoniam
3435 4230 3625 4285 neque

1981 4306 2376 4378 syllogismus.
2414 4305 2657 4375 Semper
2703 4304 2858 4358 enim
2891 4309 2981 4358 est
3021 4303 3237 4357 instare
3269 4303 3339 4357 ad
3372 4303 3626 4358 exterius

1980 4397 2329 4461 orationem,
2363 4395 2464 4449 sed
2503 4394 2572 4448 ad
2616 4392 2860 4448 interius
2905 4393 3225 4447 orationem
3260 4409 3372 4446 non
3407 4408 3624 4462 smper.

203 4481 373 4534 tricae
411 4480 468 4532 in
505 4479 1493 4553 machinativas,autperspectivas,
1518 4483 1873 4538 etarithme-
1904 4487 1950 4549 D
1982 4488 2349 4554 Quaecunque
2367 4483 2753 4553 ergoquidem
2777 4481 3259 4537 demonstrabilia
3280 4481 3632 4552 esseaccipit

205 4571 345 4624 ticze
383 4569 443 4621 in
487 4567 877 4624 harmonicas.
911 4570 1155 4625 Difficile
1187 4578 1378 4626 autem
1414 4577 1503 4626 est
1537 4589 1707 4628 nosse
1731 4573 1776 4626 si
1808 4590 1877 4628 ex

204 4657 691 4728 uniuscujusque
746 4658 1058 4729 principiis
1111 4659 1356 4727 scimus,
1407 4665 1507 4715 aut
1549 4679 1684 4729 non,
1719 4663 1871 4731 quod

205 4747 460 4818 quidem
499 4753 583 4799 est
646 4747 816 4812 scire,
875 4746 1190 4817 Opinamur
1221 4755 1415 4804 autem
1451 4750 1579 4818 hoc,
1614 4750 1663 4805 si
1696 4752 1872 4806 habe-

207 4850 346 4888 mus
371 4848 442 4885 ex
466 4832 619 4886 veris
641 4831 938 4902 aliquibus
959 4833 1366 4906 syllogismum
1393 4842 1448 4891 et
1471 4839 1678 4908 primis
1699 4840 1870 4907 scire;

206 4923 319 4977 sed
358 4921 469 4975 hoc
504 4937 617 4975 non
652 4928 760 4989 est,
784 4923 882 4976 sed
911 4939 1206 4993 congenea
1237 4931 1466 4996 oportet
1497 4943 1624 4982 esse
1645 4927 1872 4998 primis.

845 5083 1078 5139 CAPUT
1109 5085 1255 5140 VIII.

214 5181 294 5234 De
323 5180 625 5252 principiis
657 5191 774 5238 tum
807 5188 954 5254 vagis
978 5187 1612 5261 communibusque,lum
1630 5191 1874 5261 propriis

875 5273 940 5310 ac
972 5258 1234 5312 addictis.

296 5367 438 5422 Dico
520 5376 714 5425 autem
772 5373 1056 5443 principia
1103 5373 1161 5428 in
1221 5392 1578 5448 unoquoque
1643 5394 1874 5449 genere,

218 5457 329 5512 illa
391 5474 520 5528 qua;
581 5462 862 5531 quoniam
912 5462 1029 5516 sint
1105 5480 1218 5518 non
1267 5467 1554 5538 contingit
1601 5468 1878 5522 demons-

221 5549 560 5613 trare.Quid
599 5551 833 5621 quidem
885 5551 1065 5622 igitur
1111 5553 1446 5625 signiﬁcent
1495 5562 1549 5612 et
1583 5557 1772 5628 prima
1823 5561 1879 5612 et

225 5652 357 5704 quae
421 5643 561 5692 sunt
610 5654 679 5693 ex
754 5641 982 5710 primis,
1035 5641 1443 5712 accipiendum
1507 5665 1520 5713 ;
1580 5645 1734 5716 quod
1791 5645 1875 5715 [F.

1983 4575 2107 4644 ipse
2133 4590 2243 4627 non
2269 4574 2703 4634 demonstrans,
2731 4571 2846 4624 haec
2871 4571 2917 4625 si
2943 4571 3178 4641 quidem
3205 4587 3330 4640 quae
3356 4571 3628 4624 videntur

1983 4663 2248 4734 accipiat,
2285 4662 2498 4716 dicenti
2533 4661 2883 4732 suppositio,
2917 4667 2972 4715 et
3004 4676 3117 4714 non
3152 4665 3241 4714 est
3273 4659 3623 4731 simpliciter

1985 4753 2332 4824 suppositio,
2374 4752 2476 4807 sed
2518 4750 2684 4805 illum
2731 4749 2944 4816 solum,
2989 4751 3035 4804 si
3061 4765 3192 4804 vero
3237 4765 3421 4820 neque
3452 4750 3630 4804 unius

1984 4842 2294 4914 opinionis,
2329 4847 2429 4896 aut
2451 4840 2744 4896 contraria
2773 4844 2883 4904 est,
2907 4839 3171 4909 accipiat,
3199 4839 3352 4893 idem
3380 4839 3538 4907 petit.
3564 4842 3636 4893 Et

1984 4934 2042 4988 in
2066 4932 2172 4986 hoc
2198 4932 2390 4986 differt
2416 4930 2768 5002 suppositio,
2812 4933 2867 4982 et
2890 4929 3113 4999 petitio,
3140 4933 3230 4982 est
3250 4928 3404 4982 enim
3433 4927 3632 4999 petitio

1987 5021 2043 5076 in
2077 5021 2435 5075 contrarium
2469 5018 2748 5073 discentis
2781 5017 3064 5088 opinioni,
3099 5022 3200 5071 aut
3232 5017 3630 5086 quodcunque

1986 5110 2200 5180 aliquis
2215 5107 2673 5164 demonstrabile
2691 5124 2822 5160 cum
2843 5105 3217 5177 sit,accipiat,
3233 5111 3288 5160 et
3303 5110 3500 5160 utatur
3519 5120 3632 5159 non

1986 5197 2686 5254 demonstrans.Termini
2701 5197 3005 5267 igiturnon
3022 5196 3632 5267 suntsuppositiones,

1988 5287 2132 5342 nihil
2148 5289 2302 5343 enim
2319 5305 2449 5342 esse
2467 5291 2568 5341 aut
2583 5303 2688 5342 nos
2701 5301 2830 5340 esse
2845 5285 3070 5351 dicunt,
3093 5286 3191 5340 sed
3211 5285 3265 5338 ir.
3285 5283 3638 5355 propositio-

1987 5377 2161 5432 nibus
2177 5382 2316 5431 sunt
2329 5373 3096 5446 suppositiones.Terminos
3113 5371 3637 5442 solumintelligere

1987 5466 2358 5536 oportet,hoc
2379 5471 2573 5520 autem
2602 5481 2716 5518 non
2733 5466 2822 5517 est
2846 5462 3194 5533 suppositio,
3221 5463 3336 5516 nisi
3357 5465 3413 5515 et
3434 5459 3634 5514 audire

1988 5556 2203 5627 aliquis
2226 5555 2691 5627 suppositionem
2713 5569 2840 5607 esse
2861 5551 3036 5617 dicat,
3060 5551 3159 5606 sed
3185 5551 3635 5622 quibuscunque

1992 5644 2379 5701 existentibus
2401 5643 2460 5698 in
2483 5658 2548 5698 eo
2565 5641 2718 5712 quod
2739 5639 2837 5694 illa
2854 5642 3014 5708 sunt,
3030 5636 3422 5693 ﬁtconclusio.
3440 5633 3640 5704 Neque
