4072 6182
449 255 558 310 723

1729 245 1845 300 AN.
1887 244 2107 297 MANL.

2227 244 2304 295 IV.
2346 243 2583 297 BOETII
3697 247 3783 304 724

458 388 651 438 autem
682 381 977 451 geometra
1009 374 1153 429 falsa
1184 372 1488 443 supponit,
1539 368 1691 423 sicut
1722 370 1962 440 quidam
2015 369 2096 422 af-
2132 370 2177 433 Α
2217 368 2432 438 quibus
2473 367 2828 439 geometrica
2853 370 2959 432 est,
2986 370 3089 421 aut
3119 368 3266 437 quod
3294 384 3356 422 ex
3409 368 3604 423 eisdem
3629 388 3788 427 mons-

462 473 701 526 ﬁrmant
733 470 985 522 dicentes
1017 464 1168 534 quod
1196 470 1421 532 Oportet
1451 477 1561 513 non
1602 458 1745 513 falso
1780 463 1842 511 ut
1876 474 2109 527 geome-

461 567 638 625 tram,
676 556 903 611 mentiri
954 558 1147 606 autem
1184 552 1470 605 dicentem
1522 547 1735 603 lineam
1772 564 1900 602 esse
1935 546 2110 600 unius

464 649 651 722 pedis,
685 662 810 715 quae
832 659 946 696 non
974 644 1061 694 est
1093 640 1269 693 unius
1294 638 1461 709 pedis
1496 642 1595 691 aut
1628 642 1842 691 rectam
1869 635 2107 698 lineam,

466 754 581 790 non
616 738 830 788 rectam
866 730 1234 793 existentem,
1267 728 1364 781 sed
1400 731 1699 797 geometra
1732 724 1875 777 nihil
1901 740 2110 779 secun~

466 826 603 877 dum
638 822 789 875 hanc
817 819 1027 873 lineam
1058 816 1376 881 concludit,
1400 832 1573 883 quam
1603 815 1727 885 ipse
1760 814 1975 882 posuit,
2011 812 2109 866 sed

466 930 591 983 qua:
616 927 716 981 per
740 909 886 962 hanc
911 907 1320 961 ostenduntur.
1354 904 1639 973 Amplius.
1672 903 1877 956 Petitio
1901 908 1954 955 ct
1974 920 2113 973 sup-

466 1000 677 1073 positio
730 997 943 1057 omnis,
978 1000 1077 1049 aut
1111 994 1264 1048 sicut
1302 999 1495 1046 torum
1539 997 1648 1059 est,
1683 998 1783 1045 aut
1832 992 1891 1045 in
1928 998 2111 1061 parte,

466 1088 701 1144 termini
723 1091 915 1141 autem
945 1090 1215 1138 neutrum
1238 1084 1466 1136 horum.
1492 1082 1721 1151 Species
1745 1082 1979 1150 quidem
2006 1082 2114 1151 igi-

466 1184 562 1231 tur
594 1192 742 1241 esse,
775 1180 876 1229 aut
910 1190 1090 1228 unum
1120 1172 1335 1241 aliquid
1372 1175 1532 1225 extra
1565 1169 1742 1223 multa
1776 1186 1889 1223 non
1925 1187 2116 1224 ncces-

469 1283 531 1321 se
563 1270 823 1326 estesse,
860 1263 909 1316 si
934 1260 1357 1316 demonstratio
1388 1259 1522 1321 erit,
1553 1276 1679 1312 esse
1712 1263 1903 1311 tamen
1931 1276 2114 1313 urum

472 1357 540 1409 de
576 1354 778 1409 multis
807 1367 1011 1405 verum
1042 1350 1254 1415 dicere,
1282 1364 1518 1401 necesse
1549 1352 1656 1400 est.
1684 1347 1803 1400 Non
1828 1348 1981 1401 enim
2010 1348 2119 1401 erit

468 1442 797 1499 universale
830 1442 940 1495 nisi
977 1440 1083 1493 hoc
1134 1438 1227 1491 sit.
1261 1437 1319 1490 Si
1352 1453 1483 1490 vero
1528 1434 1851 1489 universale
1883 1452 1994 1489 non
2022 1436 2119 1502 sit,

473 1535 730 1588 medium
767 1549 879 1586 non
909 1531 1037 1595 erit,
1064 1545 1245 1599 quare
1279 1542 1465 1597 neque.
1489 1527 1927 1587 demonstratio,
1961 1542 2121 1597 opor-

2222 463 2407 511 tratur
2434 457 2788 527 geometriae,
2825 462 2885 511 ut
2915 456 3189 517 visibilia.
3215 457 3475 513 similiter
3490 464 3659 514 autem
3687 461 3793 517 etin

2222 546 2370 601 aliis.
2405 548 2467 600 Et
2499 549 2567 602 de
2601 548 2674 601 iis
2698 548 2933 618 quidem
2980 553 3037 602 et
3070 548 3345 601 rationem
3383 550 3673 618 ponendam
3698 567 3797 606 esse

2222 652 2289 689 ex
2346 636 2717 706 geometricis
2770 635 3074 707 principiis
3106 642 3161 689 et
3210 636 3676 705 conclusionibus,
3722 641 3797 693 sed

2224 724 2643 795 principiorum
2671 724 2955 779 rationem
2984 742 3096 779 non
3127 726 3446 795 ponendam
3478 742 3593 781 esse
3620 744 3803 794 geome-

2222 819 2327 867 trae
2356 815 2677 868 secundum
2712 815 2867 884 quod
2899 818 2986 868 est
3012 815 3350 885 geometria,
3376 814 3626 868 similiter
3649 822 3801 871 autem

2224 906 2280 955 et
2309 902 2367 954 in
2402 902 2534 955 aliis
2567 902 2849 956 scientiis.
2884 901 3083 971 Neque
3116 918 3287 956 omne
3319 908 3404 956 est
3430 903 3612 973 utique
3641 921 3807 958 unum-

2227 1008 2519 1063 quemque
2552 992 2827 1047 scientem
2881 992 3383 1063 interrogandum,
3427 1009 3598 1063 neque
3642 1012 3806 1048 secun-

2226 1085 2361 1133 dum
2396 1097 2569 1134 omne
2627 1081 3050 1152 interrogatum
3111 1098 3239 1136 esse
3298 1084 3729 1153 respondendum
3756 1086 3809 1137 de

2228 1186 2606 1240 unoquoque,
2639 1171 2736 1224 sed
2765 1187 2888 1241 qua:
2922 1175 3061 1224 sunt
3094 1172 3413 1225 secundum
3448 1172 3809 1226 scientiamde-

2228 1261 2558 1314 terminata.
2587 1259 2645 1313 Si
2679 1266 2869 1313 autem
2896 1260 3153 1331 disputet
3173 1278 3303 1314 cum
3327 1269 3622 1327 geometra,
3648 1277 3810 1315 secun-

2233 1350 2371 1401 dum
2398 1349 2551 1419 quod
2582 1353 2664 1403 est
2686 1354 3000 1419 geometra,
3030 1350 3112 1403 sic
3135 1349 3505 1403 manifestum
3529 1355 3608 1403 est
3629 1351 3754 1419 quod
3774 1356 3814 1403 et

2233 1437 2400 1505 bene,
2432 1437 2481 1490 si
2512 1453 2580 1490 ex
2611 1437 2682 1490 iis
2706 1436 2926 1507 aliquid
2952 1438 3334 1503 demonstret,
3364 1439 3411 1493 si
3435 1454 3557 1492 vere
3576 1454 3700 1505 non,
3726 1454 3813 1492 non

2235 1526 2400 1591 bene,
2435 1526 2811 1579 manifestum
2846 1531 3038 1579 autem
3064 1532 3153 1579 est
3184 1527 3337 1596 quod
3372 1542 3486 1580 non
3519 1527 3692 1595 arguit
3717 1544 3816 1595 geo-

472 1629 557 1677 tet
588 1624 787 1692 itaque
820 1619 1040 1690 aliquid
1081 1633 1280 1683 unum,
1313 1622 1369 1670 et
1400 1616 1552 1669 idem
1597 1616 1667 1669 de
1700 1616 1966 1685 pluribus
1998 1631 2123 1670 esse
2235 1618 2505 1679 metram,
2528 1614 2628 1667 sed
2654 1620 2753 1668 aut
2774 1614 3095 1669 secundum
3120 1615 3604 1677 accidens.Quare
3622 1615 3819 1668 nonuti-

474 1728 590 1766 non
621 1710 1010 1779 zequivocum.
1062 1706 1184 1761 Non
1219 1705 1558 1776 contingere
1607 1710 1799 1759 autem
1854 1704 2009 1758 idem
2045 1704 2123 1759 si-
2156 1738 2203 1802 Β
2237 1718 2348 1773 que
2366 1704 2476 1758 erit
2507 1720 2619 1757 non
2640 1704 3009 1773 geometricis
3036 1704 3817 1775 degeometriadisputandum

476 1800 598 1854 mul
632 1800 949 1862 afﬁrmare,
999 1802 1053 1851 et
1085 1812 1316 1866 negare,
1365 1810 1554 1865 neque
1602 1811 1718 1847 una
1769 1794 1974 1863 recipit
2023 1796 2125 1848 σθ-
2156 1791 2201 1802 ”’
2236 1791 2437 1845 latebit
2458 1792 2612 1845 enim
2648 1808 2816 1861 prave
2849 1792 3180 1863 disputans,
3207 1793 3480 1847 similiter
3508 1798 3682 1847 autem
3712 1797 3755 1846 et
3781 1794 3822 1844 in

480 1886 850 1954 monstratio,
884 1886 981 1940 sed
1018 1890 1119 1939 aut
1150 1886 1197 1939 si
1233 1884 1492 1954 indigeat
1523 1888 1850 1937 monstrare
1890 1881 2125 1937 conclu-
2237 1878 2368 1934 aliis
2400 1896 2461 1935 se
2492 1897 2553 1934 se
2580 1880 2754 1935 habet
2778 1880 3058 1935 scientiis.
3083 1881 3367 1944 Quoniam
3403 1886 3537 1937 sunt
3565 1880 3825 1953 geometri-

484 1978 705 2033 sionem
732 1977 839 2041 sic,
860 1974 1191 2030 ostenditur
1212 1978 1405 2028 autem
1424 1972 1846 2043 accipientibus
1870 1974 2125 2043 primum
2237 1984 2317 2023 cm
2349 1970 2854 2039 interrogationes,
2878 1986 3072 2025 nonne
3097 1975 3234 2025 sunt
3266 1977 3323 2025 et
3344 1988 3452 2026 non
3478 1968 3828 2042 geometriae?

483 2069 552 2120 de
582 2067 772 2120 medio
806 2065 957 2135 quod
1007 2079 1229 2127 verum,
1269 2078 1478 2133 negare
1525 2066 1720 2115 autem
1757 2078 1868 2115 non
1904 2077 2127 2127 verum,
2238 2058 2305 2113 Et
2335 2075 2460 2128 quae
2490 2063 2629 2112 sunt
2660 2060 2983 2113 secundum
3040 2076 3520 2131 unamquamque
3551 2059 3825 2121 scientiam,

481 2156 739 2211 medium
796 2159 985 2209 autem
1024 2152 1170 2205 nihil
1202 2152 1396 2205 differt
1426 2167 1574 2217 esse,
1608 2156 1663 2205 et
1708 2168 1819 2204 non
1854 2154 1943 2205 est
1972 2151 2126 2205 acci-
2238 2152 2293 2202 et
2325 2164 2451 2218 quae
2484 2148 2809 2202 secundum
2868 2147 3264 2218 ignorantiam
3303 2148 3491 2219 qualis
3539 2147 3831 2219 geometrica

481 2262 638 2315 pere,
671 2242 941 2297 similiter
973 2246 1165 2295 autem
1217 2246 1273 2293 et
1299 2240 1560 2305 tertium,
1594 2239 1641 2293 si
1673 2240 1827 2293 enim
1862 2240 2127 2311 assigne-
2240 2236 2370 2290 est?
2398 2237 2465 2290 Et
2513 2241 2710 2290 utrum
2745 2236 2846 2306 qui
2900 2237 3225 2291 secundum
3276 2238 3649 2306 ignorantiam
3695 2236 3831 2306 syllo-

476 2339 572 2387 tur
596 2334 665 2386 de
699 2332 893 2402 aliquo
917 2330 1234 2391 hominem,
1267 2344 1469 2382 verum
1499 2329 1819 2394 estdicere,
1855 2334 1911 2382 et
1941 2329 1987 2382 si
2014 2346 2127 2382 non
2239 2325 2488 2395 gismus,
2519 2325 2617 2396 qui
2649 2329 2738 2379 est
2768 2342 2834 2379 ex
2866 2326 3147 2396 oppositis
3180 2326 3575 2399 syllogismus,
3607 2344 3671 2380 an
3700 2343 3830 2396 para-

476 2422 802 2487 hominem,
836 2436 1055 2483 verum,
1088 2419 1184 2473 sed
1232 2417 1281 2471 si
1322 2417 1505 2472 solum
1560 2418 1857 2472 hominem
1912 2418 2129 2472 animal
2240 2413 2573 2485 logismus?
2623 2414 2957 2469 Secundum
2994 2416 3381 2485 geometriam
3431 2421 3636 2479 autem,
3676 2419 3832 2467 autex

478 2526 628 2576 esse,
662 2526 856 2574 omne,
884 2526 997 2563 non
1034 2506 1253 2562 animal
1304 2510 1501 2561 autem
1531 2523 1667 2561 non.
1697 2506 1815 2559 Erit
1845 2507 2001 2561 enim
2034 2524 2129 2560 ve-
2239 2502 2352 2556 alia
2385 2507 2505 2556 arte
2530 2506 2589 2556 ut
2625 2502 2870 2573 musica,
2902 2508 2989 2557 est
3023 2503 3409 2575 interrogatio
3429 2522 3539 2559 non
3570 2502 3831 2575 geometri-

478 2615 607 2653 rum
643 2598 833 2653 dicere
864 2596 1125 2662 Calliam,
1160 2596 1277 2650 sive
1310 2612 1423 2649 non
1455 2594 1695 2649 Calliam
1728 2611 1855 2649 esse
1889 2595 2125 2662 animal,
2238 2607 2326 2658 ca,
2361 2593 2429 2645 de
2456 2593 2811 2661 geometrica
2843 2597 3060 2661 autem,
3096 2598 3157 2647 ut
3189 2594 3260 2647 ad
3298 2595 3540 2648 invicem
3576 2590 3831 2663 parallelas

486 2704 599 2741 non
634 2685 1085 2749 animalautem,
1112 2702 1250 2739 non.
1284 2685 1471 2739 Causa
1494 2689 1685 2738 autem
1722 2688 1809 2737 est
1840 2685 1991 2753 quod
2018 2684 2131 2754 pri-
2237 2696 2580 2735 concurrere
2627 2682 2875 2751 cpinari,
2930 2682 3281 2753 geometrica
3310 2683 3717 2753 quodammodo
3752 2690 3835 2744 eet,

486 2792 648 2830 mum
676 2793 789 2829 non
822 2774 1008 2829 solum
1043 2774 1113 2828 de
1146 2774 1337 2827 medio
1369 2773 1709 2838 dicitur,sed
1740 2774 1808 2825 de
1837 2772 1969 2838 alio,
1996 2790 2130 2843 pro-
2238 2776 2294 2826 et
2326 2786 2437 2823 non
2473 2770 2827 2839 geometrica
2855 2770 2966 2824 alio
3000 2771 3195 2837 modo,
3234 2772 3551 2843 dUpliciter
3579 2771 3720 2825 enim
3754 2768 3834 2821 hoc

477 2871 607 2935 pter
639 2866 694 2918 id
733 2866 885 2935 quod
920 2865 990 2918 de
1020 2863 1307 2934 pluribus,
1344 2879 1521 2933 quare
1571 2877 1759 2931 neque
1790 2862 1837 2914 si
1872 2863 2126 2916 medium
2238 2865 2326 2913 est
2357 2859 2509 2913 sicut
2539 2858 2855 2924 arithmon,
2888 2858 3130 2913 alterum
3162 2861 3404 2929 quidem
3441 2878 3550 2915 non
3582 2856 3835 2931 geometri-

482 2959 538 3008 et
568 2954 719 3007 idem
738 2959 845 3021 est,
870 2959 927 3007 et
948 2969 1063 3007 non
1094 2953 1272 3020 idem,
1302 2952 1371 3005 ad
1394 2950 1827 3005 conclusionem
1853 2950 1994 3003 nihil
2017 2951 2128 3004 dif-
2240 2964 2373 3002 cum
2406 2953 2495 3001 est
2526 2947 2582 3001 in
2609 2963 2721 3001 non
2756 2947 3043 3013 habendo,
3074 2948 3320 3003 alterum
3354 2968 3484 3005 vero
3508 2952 3563 3004 in
3587 2964 3737 3020 prave
3757 2947 3839 2999 ha-

476 3040 609 3095 fert.
647 3044 965 3096 Commune
999 3045 1195 3095 autem
1247 3041 1561 3105 afﬁrmare,
1596 3045 1697 3093 aut
1737 3055 1969 3110 negare,
2003 3056 2128 3109 qum
2175 3108 2186 3110 μ
2241 3037 2453 3103 bendo,
2487 3043 2544 3091 et
2593 3036 2928 3107 ignorantia
2973 3038 3093 3091 haec
3124 3054 3251 3107 quae
3298 3045 3393 3094 est
3416 3056 3481 3094 ex
3512 3041 3635 3110 ejus
3664 3034 3839 3109 princi-

481 3131 655 3183 estad
683 3130 1045 3199 impossibile
1067 3128 1507 3194 demonstratio,
1549 3128 1779 3198 accipit,
1806 3134 1860 3181 et
1886 3129 1991 3182 hoc
2027 3144 2126 3181 ne-
2159 3108 2201 3173 (Ζ
2241 3123 2371 3194 piis,
2408 3124 2697 3178 contraria
2720 3129 2827 3179 est.
2853 3124 2915 3178 In
2939 3125 3219 3179 doctrinis
3242 3130 3443 3182 autem
3479 3144 3585 3181 non
3610 3130 3689 3180 est
3708 3122 3839 3177 simi-

480 3234 590 3286 que
605 3216 1396 3286 semper,universaliter,sed
1416 3222 1702 3286 quantum
1721 3216 2020 3271 sufﬁciens
2039 3220 2128 3270 est
2238 3212 2373 3266 liter
2407 3211 2855 3282 paralogismus,
2881 3214 3017 3281 quia
3048 3215 3305 3268 medium
3327 3232 3452 3269 sem
3466 3233 3564 3287 per
3587 3210 3839 3283 estdupli-

476 3306 984 3359 sufﬁciensautem
1003 3311 1088 3358 est
1124 3306 1177 3358 in
1196 3322 1407 3375 genere
1434 3306 1588 3359 :dico
1604 3312 1797 3359 autem
1816 3307 1868 3358 in
1896 3322 2124 3376 genere,
2239 3303 2403 3371 citer,
2437 3302 2646 3357 etenim
2681 3303 2752 3357 de
2774 3302 2880 3357 hoc
2912 3304 3095 3370 omni,
3119 3310 3174 3359 et
3207 3305 3310 3359 hoc
3336 3307 3547 3361 iterum
3569 3307 3633 3360 de
3653 3304 3749 3358 alio
3769 3301 3837 3353 di-

478 3397 541 3445 ut
572 3393 725 3446 circa
785 3395 937 3462 quod
993 3409 1179 3463 genus
1213 3395 1746 3449 demonstrationes
1804 3395 1934 3461 fert,
1975 3396 2128 3449 sicut
2239 3391 2410 3459 citur,
2442 3392 2618 3457 omni,
2672 3393 2825 3462 quod
2862 3400 3055 3447 autem
3094 3395 3472 3465 praedicatur,
3530 3412 3635 3449 non
3668 3392 3843 3446 dicitur

475 3480 695 3535 dictum
721 3486 809 3535 est
832 3482 1014 3551 prius.
1036 3484 1697 3537 Communicantautem
1723 3500 1925 3537 omnes
1947 3485 2128 3538 scien-
2239 3498 2429 3537 omne.
2465 3482 2595 3537 Haec
2627 3487 2818 3536 autem
2855 3488 2993 3536 sunt
3017 3489 3080 3537 ut
3112 3489 3202 3538 est
3231 3485 3433 3540 videre
3459 3486 3512 3539 in
3549 3484 3840 3545 intellectu;

481 3570 572 3623 tia;
611 3572 933 3624 secundum
970 3572 1333 3625 communia.
1373 3571 1721 3625 Communia
1751 3577 1944 3626 autem
1977 3573 2126 3641 dico,
2238 3571 2414 3624 sedin
2441 3570 2981 3640 orationibuslatet,
3006 3578 3198 3627 utrum
3222 3576 3418 3629 omnis
3439 3571 3843 3636 circulusﬁgura

477 3660 693 3729 quibus
728 3665 972 3713 utuntur
1003 3665 1283 3729 tanquam
1314 3676 1380 3713 ex
1401 3660 1483 3712 eis
1507 3662 1997 3730 demonstrantes,
2026 3664 2124 3717 sed
2238 3661 2334 3727 sit,
2359 3662 2405 3715 si
2427 3662 2951 3726 scribaturautem,
2973 3663 3353 3718 manifestum
3383 3666 3642 3729 est.Quid
3660 3668 3840 3719 autem,

480 3765 592 3803 non
625 3766 693 3802 ex
725 3749 939 3818 quibus
986 3750 1418 3817 demonstrant,
1458 3765 1645 3819 neque
1699 3752 1850 3819 quod
1885 3753 2129 3805 demon-
2238 3752 2430 3804 sintne
2462 3751 2725 3804 carmina
2746 3751 3048 3805 circulus?
3072 3755 3453 3809 manifestum
3473 3754 3729 3825 quoniam
3752 3764 3839 3803 non

478 3842 686 3890 strant.
719 3838 788 3890 Et
818 3836 1122 3892 dialectica
1150 3838 1383 3907 quidem
1425 3838 1494 3892 de
1526 3840 1822 3905 omnibus,
1855 3845 1910 3893 et
1942 3840 1989 3894 si
2022 3842 2126 3894 ali-
2235 3843 2391 3893 sunt.
2418 3839 2537 3892 Non
2563 3845 2789 3909 oportet
2812 3845 3001 3895 autem
3028 3841 3372 3896 instantiam
3400 3844 3457 3897 in
3500 3846 3683 3915 ipsum
3730 3841 3847 3892 ferre

478 3941 593 3994 qua
625 3925 1031 3980 universaliter
1082 3931 1263 3980 tentet
1298 3934 1628 3982 monstrare
1675 3929 2031 3995 communia,
2066 3935 2128 3983 ut
2238 3927 2283 3981 si
2306 3927 3057 3998 sitpropositioinductiva,
3084 3930 3240 3984 sicut
3272 3934 3431 3985 enim
3468 3947 3650 4003 neque
3678 3942 3847 4001 propo-

476 4015 629 4084 quod
663 4020 751 4069 est
783 4015 1079 4069 afﬁrmare
1122 4031 1297 4069 omne
1328 4020 1427 4068 aut
1465 4033 1693 4085 negare,
1721 4022 1821 4069 aut
1853 4019 2004 4087 quod
2040 4025 2129 4072 est
2238 4014 2370 4069 sitio
2393 4021 2500 4081 est,
2527 4032 2652 4087 qum
2678 4034 2789 4069 non
2828 4024 2915 4071 est
2948 4017 3002 4070 in
3040 4018 3329 4088 pluribus,
3370 4038 3481 4075 non
3514 4020 3659 4074 enim
3692 4014 3845 4070 eritin

474 4103 721 4172 aequalia
752 4103 824 4157 ab
857 4103 1183 4174 aequalibus
1204 4105 1461 4169 demere,
1496 4109 1595 4157 aut
1625 4106 1825 4159 talium
1856 4106 2128 4176 quaelibet
2238 4104 3067 4171 omnibus,exuniversalibus
3089 4112 3284 4161 autem
3304 4101 3846 4181 syllogismusmani-

474 4193 573 4246 sed
608 4192 909 4247 dialectica
942 4210 1053 4246 non
1089 4196 1179 4246 est
1209 4192 1584 4247 deﬁnitorum
1619 4195 1701 4248 sic
1734 4196 2123 4263 quorumdam
2238 4194 2451 4247 festum
2476 4199 2565 4248 est
2604 4195 2755 4264 quod
2804 4211 2991 4264 neque
3024 4194 3309 4250 instantia
3340 4207 3454 4263 est,
3488 4200 3690 4252 eazdem
3722 4192 3843 4247 enim

474 4297 663 4349 neque
685 4282 915 4351 generis
939 4280 1189 4351 alicujus
1206 4282 1407 4345 unius,
1427 4299 1539 4336 non
1565 4283 1717 4336 enim
1742 4282 2127 4351 interrogaret
2238 4287 2375 4335 sunt
2398 4284 2825 4353 propositiones
2850 4288 2905 4336 et
2929 4284 3250 4349 instantiae,
3285 4303 3464 4355 quam
3494 4287 3644 4341 enim
3668 4281 3845 4337 fertin-

475 4370 972 4423 demonstrantem
999 4377 1193 4424 autem
1232 4388 1344 4425 non
1379 4376 1467 4424 est
1491 4370 1867 4442 interrogare,
1893 4377 2128 4442 pr0pter
2238 4373 2535 4433 stantiam,
2563 4372 2681 4426 hinc
2707 4373 2803 4426 ﬁet
2832 4372 3031 4441 utique
3056 4374 3377 4444 propositio
3400 4371 3840 4430 demonstrativa.

472 4456 529 4510 id
557 4458 709 4527 quod
736 4460 1139 4527 oppositorum
1173 4474 1300 4513 esse
1324 4476 1439 4513 non
1484 4466 1773 4515 monstrat
1812 4460 1986 4515 idem.
2017 4460 2125 4515 Os-
2158 4476 2203 4541 ο
2237 4464 2335 4513 aut
2358 4461 2680 4515 dialectica.
2704 4462 3000 4532 Contingit
3026 4468 3220 4516 autem
3256 4466 3545 4533 quosdam
3572 4480 3677 4517 non
3700 4457 3845 4531 syllo-

474 4548 709 4599 tensum
733 4553 923 4599 autem
960 4552 1049 4601 est
1082 4548 1187 4602 hoc
1223 4548 1280 4601 in
1316 4548 1387 4602 iis
1418 4566 1541 4618 quas
1576 4549 1645 4603 de
1688 4548 2048 4621 syllogismo.
2233 4548 2438 4620 gistice
2470 4550 2662 4603 dicere
2695 4556 2929 4621 propter
2961 4552 3014 4604 id
3047 4553 3202 4621 quod
3249 4554 3550 4625 accipiunt
3580 4553 3845 4617 utriusque

2233 4638 2672 4707 consequentia,
2707 4644 2771 4693 ut
2800 4644 2855 4693 et
2877 4641 3119 4694 Caeneus
3144 4641 3449 4711 facitquod
3478 4641 3629 4713 ignis
3655 4640 3707 4693 in
3732 4633 3847 4690 mul-

1116 4707 1348 4762 CAPUT
1384 4709 1483 4765 ῙΧ-
2232 4726 2493 4796 tiplicata
2508 4727 2774 4797 analogia
2790 4728 2875 4796 ﬁt,
2891 4733 2947 4783 et
2968 4745 3224 4799 namque
3242 4707 3397 4801 ignis
3414 4707 3527 4786 cito
3548 4731 3846 4803 generatur,

479 4799 756 4872 Gaiusque
775 4802 1083 4873 disciplinae
1114 4808 1385 4874 proprias,
1424 4804 1971 4873 accommodatasque
2011 4822 2114 4861 esse

1056 4879 1544 4947 interrogationes.

2232 4814 2383 4868 sicut
2414 4815 2574 4881 dicit,
2608 4820 2663 4870 et
2696 4817 2815 4871 haec
2849 4822 2937 4871 est
2967 4799 3387 4888 analogiaiSic
3420 4799 3616 4875 autem
3650 4834 3751 4873 non
3779 4815 3849 4866 est

2231 4904 2602 4947 nvllnn'inmnn
2632 4906 2729 4947 and
2750 4907 3174 4947 qivolnniqcimn
3200 4908 3465 4947 nnnlnnin
3489 4884 3847 4947 αοηιιίίιπτηιιι

2231 4904 2730 4976 syllogismus,sed
2750 4908 2795 4960 si
2812 4907 3179 4962 velocissima
3199 4908 3468 4981 analogia
3488 4910 3829 4980 sequiturmu

545 4990 602 5045 Si
620 4994 815 5045 autem
834 4991 987 5047 idem
1008 4997 1096 5047 est
1119 4993 1496 5062 interrogatio
1519 4989 1973 5061 syllogistica,et
1995 5008 2121 5062 pro-

470 5080 681 5151 positio
704 5082 1209 5144 contradictionis,
1229 5080 1656 5152 propositiones
1673 5082 1863 5132 autem
1886 5086 2120 5135 suntse-

471 5172 730 5225 cundum
752 5186 1227 5240 unamquamque
1253 5169 1653 5233 scientiam,ex
1668 5166 1881 5236 quibus
1905 5178 1991 5223 est
2010 5171 2120 5241 syl-

468 5257 780 5329 logismus,
806 5261 1131 5314 secundum
1152 5272 1571 5327 unaquamque
1592 5261 1763 5309 erunt
1796 5258 1997 5329 utique
2020 5260 2116 5311 ali-

472 5364 601 5417 qua;
631 5348 1115 5420 interrogationes
1166 5344 1515 5407 scientiales,
1551 5361 1617 5397 ex
1652 5346 1863 5416 quibus
1898 5348 1994 5419 qui
2030 5354 2117 5402 est

472 5439 793 5491 secundum
831 5452 1307 5507 unamquamque
1331 5434 1601 5503 proprius
1632 5434 1693 5487 ﬁt
1716 5433 2111 5505 syllogismus.

470 5526 842 5580 Manifestum
859 5526 1218 5595 itaquequod
1243 5539 1354 5577 non
1372 5523 1560 5577 omnis
1578 5523 1951 5592 interrogatio
1975 5541 2114 5596 geo-

475 5615 718 5668 metrica
734 5614 862 5679 erit,
886 5630 1073 5683 neque
1110 5610 1495 5679 medicinalis,
1533 5611 1807 5667 similiter
1836 5616 2029 5666 atitem
2060 5620 2115 5669 et

474 5701 532 5755 "n
562 5702 711 5771 aliis,
746 5704 847 5757 sed
896 5719 963 5757 ex
993 5702 1210 5771 quibus
1241 5705 1342 5756 aut
1374 5706 1736 5758 monstratur
1784 5700 2004 5771 aliquid
2041 5703 2112 5757 de

2230 4994 2576 5064 tiplicata,et
2593 4997 2784 5063 ignem
2801 4996 3173 5052 velocissima
3188 4997 3245 5052 in
3263 5000 3584 5054 mutatione
3599 4992 3848 5063 analogia-

2230 5081 2558 5152 Aliquando
2578 5086 2815 5154 quidem
2837 5084 3015 5155 igitur
3032 5086 3373 5157 syllogizare
3392 5105 3505 5142 non
3523 5082 3851 5155 contingitex

2230 5171 2841 5243 acceptis,aliquando
2869 5191 3000 5228 vero
3031 5175 3338 5247 contingit,
3365 5177 3463 5231 sed
3497 5194 3609 5231 non
3636 5174 3850 5227 videtur.

2229 5259 2285 5313 Si
2307 5267 2499 5315 autem
2519 5269 2675 5317 esset
2708 5263 3072 5333 impossibile
3088 5282 3155 5319 ex
3196 5266 3359 5321 falsis
3377 5282 3508 5320 vero
3538 5268 3850 5319 monstrare,

2230 5349 2396 5403 facile
2414 5352 2613 5421 utique
2632 5359 2787 5406 esset
2804 5352 3110 5419 resolvere,
3138 5352 3771 5409 converterenturenfm
3800 5361 3851 5398 CX

2228 5440 2592 5494 necessitate.
2638 5440 2891 5495 Sitenim
2916 5459 2945 5495 a
2988 5458 3115 5509 ens,
3141 5442 3250 5497 hoc
3285 5450 3476 5498 autem
3504 5459 3634 5497 cum
3685 5440 3771 5501 sit,
3800 5447 3852 5485 ea

2229 5527 2433 5597 utique
2449 5535 2729 5601 suntquae
2751 5531 2880 5584 novi
2900 5531 3175 5601 quoniam
3198 5537 3335 5587 sunt
3358 5532 3479 5601 utb,
3501 5549 3567 5587 ex
3586 5531 3673 5585 his
3696 5526 3850 5595 igitur

2228 5619 2568 5673 monstrabo
2601 5619 2883 5689 quoniam
2918 5619 3061 5673 illud
3094 5626 3200 5675 est.
3224 5623 3651 5676 Convertuntur
3678 5618 3847 5671 autem

2227 5704 2417 5777 magis
2450 5722 2576 5775 qua:
2606 5712 2746 5763 sunt
2777 5706 2835 5760 in
2855 5706 3313 5781 mathematicis,
3335 5709 3613 5782 quoniam
3644 5703 3847 5761 nullum
