4070 6170
304 254 414 307 7‘25

876 256 1388 311 POSTERIORUM
1428 256 1995 310 ANALYTICORUM
2036 255 2504 307 ARISTOTELIS
2546 258 3151 313 INTERPRETATIO.

3615 259 3723 313 7'26

302 380 595 450 recipiunt
618 381 1793 451 accidens(etinhocdifi‘eruntabiisquze
1815 384 1954 434 sunt
1984 383 2034 445 Α
2066 395 2252 433 causae
2284 380 2450 435 estin
2485 382 2677 436 media
2700 383 2906 453 figura,
2938 391 3001 437 ut
3024 384 3159 439 sita
3183 384 3422 452 animal,
3450 386 3507 439 in
3542 401 3657 455 quo
3692 389 3720 440 ὁ

306 470 365 523 in
400 470 695 539 dialogis),
730 472 828 524 sed
863 471 1249 525 definitiones.
1286 473 1585 543 Augentur
1616 477 1807 524 autem
1839 485 1952 522 non

304 574 409 628 per
444 561 657 624 media,
684 559 782 613 sed
819 560 875 612 in
898 562 1275 628 assumendo,
1299 566 1413 613 uta
1438 562 1508 614 de
1540 562 1589 626 ὁ,
1614 560 1723 613 hoc
1753 562 1951 612 autem

300 650 375 699 de
408 664 457 699 ε.
492 647 628 701 item
658 648 766 702 hoc
789 648 929 715 ded,
964 655 1018 702 et
1038 649 1218 703 hocin
1251 648 1570 715 infinitum,
1606 653 1661 702 et
1694 649 1751 702 in
1774 648 1950 713 latus,

302 742 365 789 ut
398 754 429 789 α
464 738 533 789 de
565 753 610 801 ε,
647 743 701 791 et
732 737 801 791 de
822 754 870 807 θ,
921 744 984 791 ut
1012 742 1099 792 est
1128 755 1407 793 numerus
1440 743 1719 809 quantus,
1744 737 1829 790 vel
1860 737 1953 790 in-

303 826 530 879 ﬁnitus.
556 825 668 879 Hoc
692 831 885 879 autem
908 826 963 879 in
983 842 1093 894 quo
1114 826 1238 880 sita
1264 828 1949 897 numerusimparquan-

296 920 395 968 tus
431 915 487 967 in
516 931 629 984 quo
653 916 701 979 b,
728 932 1008 969 numerus
1030 916 1222 987 impar
1248 918 1303 969 in
1329 934 1442 986 quo
1474 933 1521 985 ε,
1546 922 1636 971 est
1668 922 1725 970 et
1750 916 1951 985 itaque

296 1020 329 1056 a
364 1005 437 1058 de
471 1020 516 1063 ε,
553 1009 609 1058 et
638 1009 725 1058 est
758 1021 862 1075 par
883 1010 1140 1075 quantus
1161 1022 1442 1060 numerus
1465 1006 1522 1060 in
1547 1021 1661 1076 quo
1677 1004 1823 1073 sitd,
1848 1022 1953 1076 par

296 1109 586 1147 numerus
620 1094 676 1147 in
706 1110 818 1163 quo
850 1109 911 1148 es
942 1110 989 1160 e,
1024 1099 1113 1147 est
1146 1111 1283 1164 ergo
1316 1112 1349 1149 a
1378 1096 1447 1149 de
1478 1112 1526 1149 e.

959 1183 1194 1237 CAPUT
1236 1183 1296 1238 Χ.

436 1275 507 1325 De
535 1271 1004 1326 demonstratione
1030 1281 1250 1343 propter
1278 1272 1429 1345 quid,
1462 1277 1515 1327 et
1541 1274 1690 1343 quod
1719 1280 1814 1327 est.

366 1362 473 1415 Sed
509 1362 643 1431 quia
674 1361 887 1425 differt,
922 1367 977 1415 et
998 1368 1231 1433 pr0pter
1252 1363 1390 1432 quid
1418 1362 1588 1425 scire,
1615 1362 1868 1432 primum
1889 1361 1947 1414 in

292 1450 497 1503 eadem
531 1450 793 1515 scientia,
828 1455 885 1503 et
919 1451 974 1504 in
1027 1451 1134 1504 hac
1180 1451 1516 1520 dupliciter.
1556 1450 1680 1505 Uno
1711 1451 1946 1521 quidem

294 1539 471 1592 modo
504 1541 554 1593 si
589 1556 701 1593 non
740 1556 840 1609 per
873 1540 1217 1594 immediata
1245 1540 1346 1594 fiat
1386 1540 1787 1611 syllogismus,
1831 1556 1945 1594 non

292 1629 453 1681 enim
489 1629 774 1698 accipitur
805 1630 994 1698 prima
1025 1646 1222 1693 causa,
1259 1631 1357 1684 sed
1394 1646 1518 1700 quae
1551 1634 1788 1699 propter
1806 1630 1946 1699 quid

290 1718 561 1785 scientia,
595 1725 684 1771 est
717 1720 1038 1773 secundum
1075 1720 1320 1789 primam
1344 1735 1605 1772 causam.
1630 1717 1753 1772 Alio
1779 1719 1947 1773 modo

292 1806 341 1860 si
380 1822 480 1874 per
510 1806 851 1861 immediata
874 1808 1135 1877 quidem,
1171 1810 1266 1861 sed
1290 1824 1402 1861 non
1429 1824 1531 1877 per
1561 1824 1821 1871 causam,
1846 1808 1944 1862 sed

292 1912 399 1965 per
429 1896 842 1961 convertentia,
879 1902 936 1951 et
958 1913 1061 1967 per
1082 1898 1301 1964 notius,
1327 1896 1595 1965 prohibet
1620 1897 1774 1951 enim
1800 1896 1944 1950 nihil

289 2001 455 2055 mque
504 1984 970 2055 praedicantium,
1032 1985 1227 2040 notius
1279 1985 1595 2055 aliquando
1648 2001 1779 2038 esse
1832 2001 1944 2039 non

289 2089 493 2137 causa,
528 2089 707 2143 quare
764 2090 863 2143 per
898 2075 1043 2127 hanc
1073 2075 1183 2128 erit
1213 2073 1654 2128 demonstratio.
1688 2078 1761 2129 Ut
1792 2074 1945 2142 quod

290 2178 469 2233 prope
501 2162 621 2215 sint
654 2162 920 2232 planetae,
955 2179 1057 2233 per
1088 2162 1231 2215 illud
1267 2163 1420 2232 quod
1453 2178 1565 2216 non
1597 2161 1942 2231 scintillare,

287 2252 365 2304 sit
396 2251 452 2303 in
488 2267 601 2320 quo
631 2267 659 2303 ε
690 2250 956 2320 planetae,
992 2252 1049 2303 in
1083 2266 1201 2321 quo
1250 2252 1279 2304 ὁ
1324 2265 1437 2305 non
1492 2250 1833 2315 scintillare,
1882 2250 1942 2304 in

286 2355 403 2408 quo
433 2356 465 2393 α
498 2356 677 2410 prope
708 2355 858 2404 esse,
892 2356 1091 2393 verum
1137 2339 1319 2409 igitur
1349 2344 1439 2393 est
1471 2341 1541 2393 de
1587 2356 1615 2393 (τ
1666 2340 1695 2391 b
1726 2340 1940 2409 dicere,

287 2428 535 2499 planetae
564 2428 719 2483 enim
752 2445 867 2482 non
925 2427 1269 2493 scintillant,
1315 2430 1413 2482 sed
1448 2433 1567 2483 eta
1612 2429 1680 2482 de
1732 2429 1781 2493 b,
1828 2445 1941 2483 non

283 2517 619 2571 scintillans
650 2517 801 2571 enim
835 2533 1012 2588 prope
1036 2522 1147 2573 est.
1180 2516 1297 2571 Hoc
1320 2522 1512 2571 autem
1538 2517 1823 2588 accipitur
1844 2534 1943 2588 per

284 2605 715 2671 inductionem,
750 2610 852 2659 aut
879 2623 979 2675 per
1011 2621 1275 2671 sensum,
1297 2621 1535 2659 necesse
1557 2622 1694 2675 ergo
1716 2624 1749 2661 a
1774 2607 1883 2677 ipsi
1914 2624 1943 2661 ε

283 2693 503 2757 inesse,
521 2710 699 2762 quare
718 2694 1183 2748 demonstratum
1207 2698 1297 2748 est
1322 2695 1473 2764 quod
1499 2694 1739 2764 planetae
1765 2712 1941 2766 prope

283 2786 446 2835 sunt.
484 2782 585 2835 llic
617 2798 751 2851 ergo
801 2781 1165 2853 sillogismus
1197 2799 1312 2837 non
1346 2788 1435 2836 est
1484 2789 1718 2853 propter
1774 2784 1936 2853 quid,

282 2872 383 2924 sed
442 2870 603 2941 quia,
650 2888 766 2924 non
818 2872 973 2925 enim
1027 2888 1096 2925 ex
1136 2887 1201 2925 eo
1249 2872 1401 2941 quod
1448 2888 1561 2925 non
1616 2872 1941 2927 scintillant

282 2976 469 3030 prope
500 2964 663 3025 sunt,
687 2961 786 3014 sed
821 2967 1055 3030 pronter
1085 2960 1229 3014 illud
1255 2961 1407 3031 quod
1434 2977 1610 3030 prope
1633 2966 1791 3027 sunt,
1824 2977 1937 3015 non

283 3047 639 3102 scintillant.
694 3048 979 3103 Possibile
1030 3053 1119 3103 est
1171 3054 1365 3103 autem
1395 3055 1451 3103 et
1510 3066 1612 3120 per
1661 3050 1935 3117 alterum,

281 3136 537 3191 alterum
554 3137 1084 3202 monstrare,eterit
1099 3139 1481 3208 propterquid
1500 3139 1938 3207 demonstratio,

283 3225 483 3279 utsitc
509 3225 775 3296 planetae,
792 3226 847 3279 in
867 3243 982 3295 quo
1005 3227 1033 3279 Ι)
1050 3242 1226 3296 prope
1242 3243 1390 3289 esse,
1410 3244 1569 3281 anon
1594 3227 1918 3282 scintillare

279 3314 577 3385 estigitur
610 3315 638 3368 b
670 3314 725 3367 in
758 3332 806 3379 c,
841 3315 997 3384 quod
1031 3324 1122 3369 est
1155 3332 1267 3368 non
1298 3315 1645 3379 scintillare,
1677 3333 1856 3386 quare
1886 3321 1944 3371 et

284 3404 342 3457 in
371 3420 416 3467 ιν,
453 3410 509 3457 et
540 3404 647 3457 erit
670 3408 905 3474 propter
928 3404 1065 3473 quid
1093 3404 1491 3473 syllogismus,
1518 3410 1756 3475 accepta
1785 3406 1939 3460 enim

277 3497 373 3547 est
396 3493 586 3563 prima
602 3493 1026 3546 causaJterum
1045 3493 1127 3546 sic
1143 3490 1343 3545 lunam
1366 3494 1769 3547 demonstrant
1785 3496 1935 3563 quod

281 3582 531 3651 quidem
555 3580 859 3635 circularis
889 3582 966 3635 sit
1000 3598 1098 3650 per
1128 3582 1511 3647 incrementa,
1536 3582 1581 3635 si
1604 3583 1759 3637 enim
1786 3585 1939 3653 quod

280 3681 532 3739 augetur
565 3670 647 3723 sic
684 3670 968 3724 circulare
991 3671 1226 3739 quidem
1262 3669 1337 3723 sit
1367 3675 1617 3740 augetur
1637 3678 1831 3725 autem
1858 3673 1939 3726 sic

280 3759 337 3813 lu
352 3776 424 3812 na
440 3759 812 3813 rranifestum
833 3758 1107 3829 quoniam
1125 3757 1429 3813 circularis
1445 3758 1527 3812 sic
1543 3758 1940 3830 igituripsius,

279 3847 424 3919 quia
458 3848 646 3902 factus
668 3853 756 3902 est
777 3847 1208 3918 sillogismus.e
1231 3864 1508 3902 converso
1533 3854 1725 3902 autem
1748 3850 1938 3919 posito

284 3936 681 4005 medioipsius
702 3942 939 4007 propter
960 3937 1114 4005 quod
1138 3935 1517 4006 syllogismus
1536 3938 1620 3991 fit.
1645 3937 1769 3991 Non
1783 3938 1938 3992 enim

282 4031 525 4096 propter
554 4030 869 4094 augmenta
924 4025 1111 4094 ipsius
1164 4024 1467 4079 circularis
1516 4032 1626 4094 est,
1661 4027 1758 4081 sed
1805 4026 1942 4097 quia

280 4114 592 4170 circularis
611 4120 717 4177 est,
737 4115 947 4183 accipit
965 4120 1279 4181 augmenta
1298 4114 1661 4183 hujusmodi.
1689 4116 1849 4169 Luna
1868 4116 1943 4170 sit

283 4205 339 4257 in
378 4220 490 4272 quo
513 4219 563 4265 c,
598 4204 653 4255 in
688 4219 801 4272 quo
855 4204 883 4256 b
931 4202 1011 4255 sit
1061 4208 1465 4268 augmentum,
1516 4203 1592 4256 sit
1633 4205 1693 4257 in
1745 4220 1859 4274 quo
1906 4221 1942 4257 a

282 4292 573 4348 circulare
621 4295 681 4346 In
697 4292 913 4362 quibus
928 4298 1121 4345 autem
1144 4292 1336 4345 media
1358 4308 1472 4345 non
1499 4298 1939 4360 convertuntur,

279 4392 331 4435 et
370 4387 460 4435 est
492 4381 689 4434 notius
713 4382 865 4451 quod
898 4396 1011 4433 non
1046 4384 1133 4434 est
1166 4396 1362 4441 causa,
1387 4382 1523 4449 quia
1558 4387 1938 4450 monstratur,

2065 468 2370 539 respirare,
2406 470 2463 523 in
2495 487 2608 541 quo
2639 488 2667 524 ο
2700 472 2912 542 paries,
2950 472 3006 526 in
3052 489 3165 543 quo
3200 474 3227 527 Ι)
3260 473 3497 543 quidem
3541 474 3724 545 igitur

2064 559 2222 613 omni
2239 564 2554 617 estaomne
2569 562 2725 614 enim
2742 562 3036 631 respirans
3052 568 3139 616 est
3155 563 3396 629 animal,
3414 562 3470 616 in
3485 572 3719 618 cautem

2062 649 2243 718 nullo,
2277 666 2456 721 quare
2479 666 2666 720 neque
2690 650 2718 701 ὸ
2740 649 2796 702 in
2821 665 2848 703 ε
2869 650 3029 704 nullo
3052 654 3159 717 est,
3180 668 3292 704 non
3318 650 3499 721 igitur
3523 654 3713 725 respi-

2063 744 2151 793 rat
2182 742 2394 810 paries.
2427 740 2857 809 Comparantur
2899 745 3095 793 autem
3142 739 3487 808 hujusmodi
3518 758 3707 797 causa:

2062 829 2386 883 secundum
2418 826 2816 882 excellentiam
2842 827 3036 898 dictis,
3064 828 3173 883 hoc
3196 834 3392 883 autem
3414 833 3502 882 est
3526 829 3713 898 pluri-

2063 932 2222 969 mum
2270 917 2497 970 distans
2531 916 2790 970 medium
2825 916 3036 984 dicere,
3076 918 3227 971 sicut
3256 917 3412 971 enim
3448 917 3592 971 illud
3626 924 3718 973 est

2062 1007 2212 1075 quod
2245 1005 2713 1069 Anarcharsirlis,
2750 1006 2901 1075 quod
2931 1004 2987 1058 in
3023 1005 3251 1076 Scythis
3276 1022 3391 1059 non
3414 1011 3548 1060 sunt
3573 1007 3719 1062 sibi-

2059 1094 2291 1159 latores,
2323 1110 2511 1165 neque
2530 1095 2682 1149 enim
2707 1094 2871 1148 vites.
2898 1094 3232 1148 Secundum
3257 1094 3437 1165 igitur
3453 1097 3715 1151 eamdem

2058 1184 2389 1248 scientiam,
2423 1190 2479 1237 et
2509 1185 2832 1238 secundum
2869 1184 3192 1238 mediorum
3225 1184 3601 1253 positionem,
3626 1185 3718 1241 hae

2059 1274 2401 1327 differentiae
2425 1272 2792 1343 suntipsius,
2818 1273 2956 1343 quia
2973 1273 3043 1327 ad
3060 1288 3192 1327 eum
3212 1274 3308 1342 qui
3330 1276 3715 1344 prOpterquid

2058 1367 2146 1417 est
2198 1362 2628 1433 syllogismum.
2664 1362 2787 1416 Alio
2837 1366 3032 1417 autem
3090 1362 3261 1416 modo
3314 1363 3508 1417 differt
3540 1380 3710 1435 prop-

2057 1457 2145 1505 ter
2175 1451 2312 1521 quid
2347 1452 2419 1505 ab
2443 1451 2567 1519 ipso
2600 1451 2759 1521 quia,
2785 1450 2939 1520 quod
2963 1456 3053 1504 est
3077 1467 3178 1520 per
3199 1450 3372 1504 aliam
3399 1450 3708 1505 scientiam

2059 1546 2377 1610 utrumque
2409 1541 2717 1612 speculari.
2748 1539 3097 1608 Huiusmodi
3133 1544 3328 1593 autem
3359 1544 3517 1604 sunt,
3553 1557 3708 1610 qum-

2058 1647 2290 1700 cunque
2317 1632 2403 1685 sic
2433 1648 2493 1685 se
2517 1631 2734 1685 habent
2752 1632 2819 1683 ad
2844 1630 3117 1692 invicem,
3143 1631 3297 1699 quod
3315 1629 3567 1684 alterum
3596 1630 3706 1685 sub

1978 1754 2024 1818 Β
2060 1719 2237 1774 altero
2269 1725 2376 1788 est,
2398 1728 2458 1773 ut
2491 1718 2851 1790 perspectiva
2872 1719 2941 1772 ad
2969 1718 3373 1788 geometriam,
3404 1724 3459 1773 et
3492 1717 3711 1773 machi-

2065 1807 2257 1859 nativa
2274 1809 2339 1859 ad
2357 1806 2843 1868 stereometriam,
2860 1810 2917 1858 et
2933 1804 3271 1858 harmonica
3294 1806 3363 1858 ad
3386 1804 3712 1859 arithmeti-

2060 1911 2207 1962 cam,
2256 1899 2313 1949 et
2364 1894 2706 1965 apparentia
2736 1894 2808 1948 ad
2859 1892 3260 1963 astrologiam.
3298 1893 3436 1948 Fere
3476 1894 3711 1963 quidem

2059 1983 2315 2036 univocze
2330 1988 2470 2037 sunt
2492 1983 2701 2037 barum
2727 1983 2993 2053 quaedam
3016 1980 3423 2045 scientiarum,
3443 1986 3713 2037 utastro-

2058 2071 2211 2141 logia
2236 2072 2672 2137 mathematica,
2691 2077 2748 2125 et
2765 2088 2892 2141 quas
2918 2069 3139 2124 navalis
3163 2075 3271 2137 est,
3294 2078 3347 2123 et
3370 2070 3711 2125 harmonica

2056 2158 2488 2228 mathematica,
2523 2176 2649 2230 quae
2690 2165 2777 2213 est
2828 2163 2884 2213 et
2914 2158 3237 2213 secundum
3270 2158 3561 2213 auditum.
3605 2158 3707 2213 Hic

2054 2248 2209 2302 enim
2233 2248 2451 2317 ipsum,
2480 2248 2620 2319 quia
2642 2247 3014 2302 sensibilium
3039 2252 3126 2302 est
3147 2247 3317 2313 scire,
3342 2247 3442 2302 sed
3472 2253 3709 2318 propter

2054 2336 2213 2406 quid,
2261 2337 2832 2393 matbematicorum.
2856 2336 2926 2391 Hi
2951 2336 3107 2391 enim
3141 2336 3361 2390 habent
3391 2352 3705 2391 causarum

2053 2426 2605 2493 demonstrationes,
2623 2433 2677 2481 et
2693 2429 3028 2497 frequenter
3042 2426 3309 2480 nesciunt
3325 2426 3547 2496 ipsum,
3570 2425 3707 2496 quia

2053 2517 2209 2570 sicut
2253 2518 2336 2570 illi
2376 2517 2706 2572 universale
2737 2517 3200 2585 considerantes,
3250 2532 3401 2586 saepe
3433 2516 3700 2586 quaedam

2052 2605 2443 2674 singularium
2462 2606 2733 2660 nesciunt
2746 2606 3051 2676 propterid
3068 2606 3219 2673 quod
3236 2621 3349 2659 non
3368 2604 3703 2660 intendunt.

2050 2699 2199 2748 Sunt
2217 2700 2413 2749 autem
2439 2695 2556 2749 haec
2580 2711 2968 2765 quaecumque
2986 2694 3236 2747 alterum
3261 2693 3541 2763 quiddam
3565 2697 3705 2746 sunt

2051 2785 2376 2838 secundum
2392 2784 2785 2839 substantiam
2801 2789 2857 2836 et
2871 2781 3457 2850 utunturspeciebus.
3477 2780 3700 2834 Mathe-

2050 2872 2272 2926 maticze
2288 2872 2443 2927 enim
2459 2874 2609 2927 circa
2625 2874 2847 2942 species
2863 2875 3021 2937 sunt,
3040 2888 3153 2924 non
3169 2870 3322 2924 enim
3342 2870 3411 2923 de
3436 2869 3704 2937 subjecto

2051 2961 2268 3031 aliquo,
2294 2962 2342 3014 si
2370 2962 2526 3015 enim
2559 2962 2628 3015 de
2655 2960 2852 3031 aliquo
2876 2960 3138 3028 subjecto
3167 2957 3521 3028 geometrica
3544 2965 3703 3019 sunt,

2056 3051 2156 3105 sed
2184 3067 2295 3104 non
2314 3052 2784 3105 suntsecundum
2803 3050 2955 3119 quod
2973 3048 3320 3119 geometrica
3338 3052 3496 3102 sunt.
3519 3046 3706 3100 Habet

2055 3145 2251 3192 autem
2277 3156 2337 3194 se
2359 3143 2428 3194 ad
2454 3139 2875 3211 perspectivam
2897 3138 3050 3192 sicut
3067 3138 3187 3191 haec
3205 3138 3275 3190 ad
3297 3133 3703 3206 geometriam,

2052 3233 2107 3281 et
2138 3227 2251 3282 alia
2274 3230 2345 3283 ad
2374 3228 2570 3297 istam,
2596 3234 2659 3282 ut
2680 3228 2735 3281 id
2772 3228 2927 3297 quod
2952 3230 3040 3281 est
3070 3227 3141 3279 de
3173 3226 3320 3278 iride
3341 3224 3536 3293 ipsum
3569 3223 3706 3293 qui-

2051 3316 2182 3369 dem
2208 3316 2344 3385 quia
2358 3322 2445 3371 est
2466 3317 2613 3371 scire
2631 3316 2875 3388 physici,
2892 3316 2991 3369 sed
3012 3318 3249 3384 propter
3269 3313 3410 3383 quid
3436 3328 3702 3382 perspec-

2051 3404 2174 3470 tivi,
2230 3408 2328 3457 aut
2378 3404 2746 3474 simpliciter,
2795 3409 2896 3457 aut
2928 3404 3253 3458 secundum
3301 3400 3697 3469 disciplinam.

2051 3492 2245 3547 Multae
2279 3498 2497 3560 autem,
2530 3499 2586 3547 et
2620 3510 2731 3547 non
2766 3492 2876 3547 sub
2907 3508 2969 3545 se
3006 3490 3249 3544 invicem
3292 3490 3703 3554 scientiarum,

2049 3580 2271 3635 habent
2299 3582 2403 3645 sic,
2439 3590 2500 3635 ut
2533 3581 2821 3636 medicina
2845 3582 2911 3634 ad
2938 3579 3345 3652 geometriam,
3368 3578 3521 3648 quod
3544 3577 3701 3631 enim

2047 3670 2290 3725 vulnera
2321 3670 2597 3725 cicularia
2629 3670 2857 3726 tardius
2879 3674 3188 3731 sanantur,
3211 3668 3418 3722 medici
3446 3670 3533 3720 est
3554 3666 3704 3720 scire

2051 3760 2209 3832 quia,
2245 3765 2481 3831 propter
2501 3760 2640 3830 quid
2672 3763 2869 3814 autem
2898 3761 3227 3829 geometrae.

2688 3848 2921 3903 CAPUT
2963 3848 3051 3901 XI.

2050 3938 2301 3992 Primam
2331 3938 2575 4007 ﬁguram
2596 3939 2843 3990 maxime
2863 3934 3111 3990 scientia:
3131 3950 3243 3989 esse
3273 3932 3697 3988 accomodatam.

2120 4027 2467 4096 Figurarum
2487 4031 2681 4080 autem
2704 4026 2924 4079 faciens
2940 4024 3088 4079 scire
3106 4023 3576 4093 maxime,prima
3597 4025 3706 4076 est.

2051 4116 2474 4169 Mathematicze
2487 4117 2644 4169 enim
2663 4114 3040 4169 scientiarum
3057 4128 3158 4182 per
3173 4112 3321 4165 hanc
3340 4112 3704 4164 demonstra-

2048 4205 2237 4258 tiones
2273 4206 2487 4268 i‘erunt,
2522 4210 2584 4257 ut
2616 4202 3005 4267 arithmetica,
3039 4206 3095 4254 et
3119 4198 3456 4269 geometria,
3485 4206 3537 4251 et
3576 4214 3706 4267 pcr-

2050 4294 2325 4362 spectiva,
2360 4298 2417 4347 et
2448 4294 2563 4346 fere
2593 4291 2885 4347 estdicere
2909 4306 3274 4360 quaecunque
3302 4292 3539 4358 pr0pter
3559 4287 3699 4356 quid

2050 4380 2335 4449 speculari
2352 4378 3136 4442 faciuntconsiderationem,
3158 4382 3259 4429 aut
3280 4375 3433 4430 enim
3450 4374 3710 4441 omnino,

280 4470 387 4522 sed
424 4473 481 4521 et
512 4472 747 4538 propter
768 4467 930 4537 quid,
958 4484 1069 4520 non
1105 4466 1360 4537 amplius
1384 4469 1441 4521 in
1464 4467 1679 4537 quibus
1704 4470 1934 4524 medius
1969 4458 2011 4521 D
2045 4469 2302 4522 autsicut
2323 4466 3265 4538 frequentius,etinplurimis,per
3282 4464 3432 4519 hanc
3454 4464 3702 4533 ﬁguram

280 4563 447 4612 extra
482 4558 737 4628 ponitur,
770 4556 985 4611 etenim
1018 4556 1075 4609 in
1107 4556 1199 4609 his
1233 4573 1345 4610 non
1380 4562 1613 4626 propter
1639 4557 1801 4627 quid,
1834 4560 1932 4613 sed

276 4648 475 4718 ipsius
498 4646 634 4716 quia
660 4644 1069 4707 demontratio,
1095 4662 1207 4699 non
1228 4645 1381 4699 enim
1408 4644 1623 4699 dicitur
1644 4662 1837 4701 causa.
1866 4648 1937 4702 Ut

274 4735 673 4807 prepterquid
693 4750 805 4788 non
823 4736 1071 4803 respirat
1086 4734 1297 4804 paries,
1314 4734 1581 4803 quianon
1596 4737 1935 4805 estanimal,

274 4828 327 4880 si
370 4824 523 4879 enim
561 4840 676 4878 non
708 4824 1037 4892 respirandi
1066 4840 1242 4877 causa
1273 4828 1362 4877 est
1391 4823 1523 4888 hoc,
1547 4830 1774 4894 oportet
1807 4842 1935 4881 esse

278 4913 506 4969 animal
544 4929 721 4967 causa
754 4911 1105 4981 respirandi.
1143 4911 1211 4966 Ut
1251 4911 1300 4964 si
1348 4912 1576 4981 negatio
1622 4929 1800 4967 causa
1848 4920 1936 4969 est

276 5004 474 5073 ipsius
512 5018 625 5055 non
660 5017 810 5067 esse,
858 5000 1171 5053 affirmatio
1221 5016 1399 5053 causa
1430 5004 1517 5054 est
1548 5000 1734 5071 ipsius
1782 5019 1932 5069 esse,

278 5092 437 5146 sicut
458 5091 502 5143 si
530 5092 655 5143 sine
679 5105 956 5143 mensura
979 5104 1105 5143 esse
1127 5088 1314 5142 calida
1335 5093 1391 5141 et
1408 5088 1639 5159 frigida,
1657 5096 1936 5146 causaest

280 5197 401 5234 non
437 5177 707 5245 sanandi,
739 5182 794 5232 et
826 5194 1101 5231 mensura
1133 5177 1309 5246 hujus
1332 5194 1509 5231 causa
1531 5178 1641 5232 erit
1663 5182 1931 5237 sanandi.

280 5268 474 5322 Simili
490 5272 777 5321 terautem
798 5265 912 5320 etsi
932 5266 1246 5320 affirmatio
1265 5274 1351 5319 est
1372 5281 1552 5321 causa
1575 5267 1759 5337 ipsius
1783 5286 1932 5334 esse,

280 5364 341 5411 et
375 5356 607 5424 negatio
629 5355 817 5425 ipsius
849 5371 960 5407 non
991 5371 1140 5408 esse.
1166 5356 1227 5409 In
1254 5354 1344 5407 his
1367 5360 1560 5409 autem
1585 5356 1667 5409 sic
1691 5358 1934 5413 demon-

281 5448 487 5500 stratis
520 5462 631 5498 non
666 5444 955 5511 contingit
984 5444 1137 5513 quod
1190 5444 1412 5498 dictum
1458 5450 1567 5511 est,
1609 5462 1722 5499 non
1776 5449 1931 5503 enim

282 5552 458 5591 omne
500 5534 719 5588 animal
770 5534 1037 5603 respirat.
1087 5531 1461 5603 Sillogismus
1509 5541 1702 5588 autem
1756 5535 1934 5607 hujus

2050 4558 2167 4627 (qui
2195 4562 2281 4611 est
2300 4564 2536 4627 propter
2558 4558 2723 4627 quid)
2746 4556 2812 4609 fit
2832 4555 3235 4627 syllogismus,
3255 4570 3433 4624 quare
3458 4558 3515 4606 et
3536 4568 3708 4623 prop-

2050 4652 2137 4700 ter
2168 4647 2275 4700 hoc
2310 4647 2419 4701 erit
2451 4645 2704 4700 maxime
2753 4646 2974 4699 iaciens
3007 4644 3178 4708 scire,
3227 4642 3705 4714 propriissimum

2050 4736 2201 4789 enim
2235 4735 2408 4801 scire,
2460 4740 2696 4805 propter
2744 4734 2881 4804 quid
2918 4733 3233 4804 speculari.
3278 4732 3485 4786 Postea
3516 4730 3709 4800 ipsius

2051 4825 2203 4896 quod
2230 4826 2365 4895 quid
2386 4830 2476 4879 est
2502 4824 2833 4891 scientiam,
2860 4840 2962 4893 per
2983 4823 3128 4876 hanc
3146 4822 3327 4876 solam
3348 4819 3546 4875 venari
3571 4836 3707 4890 pos-

2050 4915 2219 4969 sibile
2251 4921 2358 4968 est.
2386 4915 2445 4968 In
2470 4914 2662 4969 media
2678 4912 2831 4967 enim
2857 4913 3045 4982 figura
3072 4928 3186 4965 non
3209 4911 3273 4963 fit
3296 4910 3704 4979 pra-dicativus

2051 5004 2447 5075 syllogismus,
2473 5004 2572 5057 sed
2594 5002 2780 5073 ipsius
2799 5003 2951 5071 quod
2979 5000 3118 5071 quid
3144 5004 3235 5053 est
3257 4999 3525 5063 scientia,
3545 4996 3705 5051 sitir-

2050 5094 2323 5148 mationis
2354 5098 2458 5159 est,
2495 5093 2552 5146 in
2586 5092 2797 5146 ultima
2831 5096 3022 5145 autem
3058 5090 3122 5143 fit
3153 5088 3416 5159 quidem,
3454 5086 3554 5141 sed
3589 5100 3704 5139 non

2048 5181 2480 5246 universaliter,
2519 5182 2619 5235 sed
2656 5183 2805 5250 quod
2842 5178 2981 5250 quid
3001 5182 3111 5241 est,
3144 5175 3567 5231 universalium
3591 5176 3700 5227 est.

2049 5288 2165 5326 non
2213 5271 2369 5324 enim
2411 5271 2847 5340 quodammodo
2892 5272 2977 5322 est
3021 5266 3235 5321 animal
3284 5265 3450 5333 bipes
3501 5263 3704 5316 homo.

2050 5360 2322 5430 Amplius
2357 5359 2471 5413 haec
2502 5358 2737 5429 quidem
2761 5356 2877 5410 illis
2910 5354 3053 5409 nihil
3084 5353 3329 5423 indiget,
3363 5352 3477 5406 illa:
3508 5356 3702 5405 autem

2050 5466 2151 5520 per
2170 5450 2318 5503 hanc
2343 5449 2689 5512 densantur,
2710 5452 2763 5500 et
2778 5448 3237 5514 augmentantur
3261 5456 3566 5512 quousque
3587 5436 3700 5490 uti-

2051 5555 2164 5609 que
2197 5540 2266 5593 ad
2302 5536 2643 5592 immediate
2690 5535 2951 5603 veniant,
2988 5532 3360 5587 manifestum
3411 5530 3588 5597 igitur
3614 5526 3706 5577 est
