4072 6182
390 258 496 309 727

1654 251 1767 301 AN.
1809 245 2029 297 MANL.
2074 244 2232 294 SEV.
2275 244 2511 302 ΒΟΕΤΙΙ

3692 247 3797 302 728

380 387 537 457 quod
587 384 839 437 maxime
883 379 1119 452 propria
1169 376 1425 432 scientiae
1458 378 1544 429 est
1576 373 1768 444 prima
1817 371 2024 440 ﬁgura.
2060 368 2108 432 Α
2143 384 2271 437 quae
2298 376 2385 425 est
2417 391 2449 427 a
2478 390 2528 441 c,
2563 393 2697 430 nam
2742 393 2771 430 c
2802 377 2829 431 b
2877 375 3192 448 propositio
3227 390 3453 444 semper
3481 373 3630 427 falsa
3665 374 3798 440 erit,

380 476 539 529 Sicut
568 478 763 527 autem
798 489 830 525 a
860 486 987 524 esse
1012 468 1069 522 in
1096 469 1124 522 ὸ
1149 465 1437 534 contingit
1469 461 1932 521 indivisibiliter,
1958 457 2044 513 sic

378 570 437 620 et
468 580 580 618 non
613 578 741 617 esse
774 557 1053 631 possibile
1074 560 1196 622 est;
1232 556 1359 609 dico
1386 558 1581 608 autem
1608 547 2045 607 indivisibiliter

378 669 531 718 esse,
561 649 649 704 vel
682 665 798 703 non
831 663 956 702 esse
988 661 1054 700 eo
1088 644 1240 715 quod
1276 660 1388 697 non
1436 647 1523 697 est
1571 640 1797 712 aliquid
1831 652 2034 693 eorum

383 739 664 804 medium,
683 736 765 791 sic
780 735 934 790 enim
956 750 1068 788 non
1086 732 1195 788 erit
1209 732 1534 787 secundum
1550 729 1707 784 aliud
1727 743 1877 782 esse.
1896 726 2040 780 Cum

381 830 564 900 igitur
588 830 688 880 aut
708 842 741 879 a
766 829 867 879 aut
886 824 913 878 b
946 823 1003 876 in
1027 828 1147 877 toto
1172 822 1368 891 aliquo
1394 819 1492 885 sit,
1517 823 1619 874 aut
1640 818 1814 872 etiam
1844 816 2038 881 ambo,

386 934 500 973 non
533 916 820 986 contingit
852 914 963 967 ain
995 913 1022 965 b
1051 911 1238 983 primo
1274 927 1390 965 non
1423 925 1570 963 esse.
1609 906 1697 961 Sit
1728 906 1884 960 enim
1917 922 1950 958 a
1980 904 2037 958 in

386 1012 507 1062 toto
538 1022 584 1069 ο,
628 1004 806 1075 igitur
838 1005 886 1057 si
918 1002 948 1057 Ι)
993 1017 1107 1055 non
1142 1004 1231 1054 est
1260 999 1318 1053 in
1354 1003 1474 1052 toto
1505 1014 1533 1050 ο
1562 997 1772 1066 (potest
1819 994 1975 1049 enim
2006 1010 2040 1047 a

385 1094 623 1167 quidem
655 1108 783 1147 esse
806 1092 865 1145 in
885 1091 1137 1161 quodam
1173 1094 1317 1157 toto,
1341 1088 1441 1142 sed
1468 1088 1495 1140 b
1521 1102 1635 1140 non
1654 1101 1782 1139 esse
1804 1084 1861 1137 in
1887 1083 2036 1151 hoc),

383 1183 767 1256 syllogismus
800 1181 910 1235 erit
940 1180 1088 1250 quod
1120 1194 1235 1232 non
1269 1177 1347 1232 sit
1376 1193 1410 1230 α
1436 1176 1493 1229 in
1529 1175 1556 1228 Ι)
1592 1195 1605 1242 ;
1653 1174 1700 1228 si
1727 1173 1879 1228 enim
1914 1172 1971 1227 in
2003 1189 2038 1227 a

385 1274 623 1344 quidem
646 1269 807 1325 omni
838 1272 926 1323 est
954 1285 1002 1333 ε,
1032 1267 1090 1322 in
1124 1266 1154 1321 b
1185 1270 1381 1321 autem
1417 1264 1576 1319 nullo
1607 1262 1793 1336 est,§in
1822 1261 1983 1317 nullo
2007 1263 2036 1316 Ι)

385 1368 472 1419 881
494 1379 550 1417 α.
580 1359 863 1415 Similiter
882 1362 1076 1413 autem
1100 1356 1223 1411 etsi
1247 1355 1355 1409 bin
1380 1353 1575 1426 aliquo
1594 1359 1714 1409 toto
1751 1356 1860 1417 est,
1884 1355 1949 1406 ut
1976 1352 2033 1406 in

388 1454 437 1520 b,
471 1452 504 1504 ιι
536 1450 691 1505 enim
723 1450 781 1503 in
809 1447 965 1501 omni
1002 1447 1031 1499 b
1063 1449 1171 1512 est,
1207 1445 1319 1499 ina
1351 1448 1547 1499 autem
1573 1442 1753 1509 nullo,
1774 1443 1832 1509 ά,
1858 1457 2034 1511 quare

385 1541 488 1595 ain
505 1538 665 1594 nullo
681 1540 709 1592 b
728 1537 835 1593 erit
852 1552 951 1606 per
964 1534 1393 1607 syllogismum.
1410 1533 1626 1587 Eodem
1640 1538 1831 1585 autem
1860 1531 2031 1584 modo

387 1627 817 1685 monstrabitur
845 1630 902 1680 et
930 1626 980 1679 si
1005 1629 1251 1694 utraque
1281 1628 1339 1677 in
1376 1626 1489 1677 toto
1522 1620 1714 1691 aliquo
1746 1621 1840 1675 sit.
1865 1620 2027 1684 Quod

2155 466 2391 530 propter
2422 463 2476 517 id
2514 465 2667 535 quod
2696 482 2724 520 ο
2755 466 2812 519 in
2850 466 3008 520 nullo
3062 466 3090 519 b
3140 470 3249 525 est,
3281 464 3377 518 sed
3414 480 3541 533 qua:
3581 468 3673 517 est
3715 480 3749 516 a
3774 479 3804 515 ε

2156 554 2367 620 potest,
2399 558 2462 606 ut
2493 554 2605 608 sia
2643 560 2699 608 et
2732 555 2787 608 in
2820 572 2868 621 ο,
2916 561 2972 608 81
3014 555 3070 608 in
3125 555 3153 607 b
3202 552 3642 607 indivisibiliter
3694 558 3807 620 est,

2154 654 2286 692 cum
2312 640 2468 695 enim
2514 643 2765 713 primum
2815 644 3161 713 praedicetur
3202 642 3353 697 idem
3380 643 3449 695 de
3502 640 3808 710 pluribus,

2155 732 2427 783 neutrum
2460 730 2517 784 in
2543 736 2748 786 neutro
2780 732 2911 787 erit.
2946 731 3146 786 Diﬂ‘ert
3176 736 3369 785 autem
3404 728 3570 795 nihil,
3613 746 3814 797 neque

2153 815 2330 870 sinon
2356 817 3167 891 indivisibiliterinsit,ipsius
3194 820 3431 891 quidem
3452 833 3605 886 esse,
3624 818 3816 888 igitur

2151 907 2412 977 deceptio
2446 925 2546 979 per
2569 910 2701 975 ista,
2730 914 2786 964 et
2807 910 2891 964 sic
2922 910 2984 964 ﬁt
3007 910 3220 973 solum,
3255 925 3368 963 non
3391 909 3547 964 enim
3580 913 3713 962 erat
3746 908 3809 961 in

2150 992 2263 1047 alia
2296 996 2483 1066 ﬁgura
2512 998 2699 1067 ipsius
2721 1014 2850 1054 esse
2883 998 3277 1071 syllogismus,
3313 998 3413 1066 cui
3443 1013 3577 1052 vero
3612 996 3814 1066 ipsius

2150 1099 2264 1137 non
2304 1101 2452 1154 esse,
2486 1086 2543 1139 in
2580 1087 2767 1156 prima
2791 1088 2995 1159 ﬁgura,
3030 1093 3087 1141 et
3108 1089 3163 1142 in
3190 1086 3381 1141 media
3402 1095 3508 1149 est.
3535 1086 3813 1157 primum

2147 1171 2321 1242 igitur
2344 1174 2610 1230 dicamus
2641 1181 2781 1247 quot
2803 1177 2994 1231 modis
3018 1176 3075 1230 in
3102 1177 3291 1247 prima
3317 1177 3402 1245 ﬁt,
3425 1183 3481 1231 et
3501 1178 3815 1245 quomodo

2146 1276 2206 1315 se
2222 1261 2576 1319 habentibus
2590 1265 3111 1336 prapositionibus.
3126 1265 3821 1336 Contingitigiturutris-

2147 1367 2259 1421 que
2291 1352 2475 1421 falsis,
2508 1362 2569 1408 ut
2602 1355 2649 1409 si
2682 1372 2716 1408 α
2744 1361 2802 1409 81
2833 1355 2893 1408 in
2917 1355 2946 1408 b
2978 1360 3035 1409 et
3073 1354 3130 1407 in
3160 1371 3188 1408 ο
3220 1353 3689 1422 indivisibiliter,
3716 1354 3822 1420 sit,

2144 1440 2190 1494 si
2211 1442 2367 1496 enim
2392 1442 2714 1514 accipiatur
2732 1461 2766 1497 a
2797 1445 2854 1498 in
2878 1460 2907 1499 ο
2930 1443 3089 1498 nullo
3112 1460 3263 1509 esse,
3284 1459 3314 1498 c
3331 1449 3525 1498 autem
3549 1444 3610 1497 in
3636 1443 3821 1497 omni

2145 1531 2197 1599 ὁ,
2224 1532 2380 1586 falsa
2412 1538 2553 1587 sunt
2580 1534 3028 1604 propositiones.
3065 1533 3364 1603 Contingit
3393 1538 3588 1587 autem
3623 1538 3687 1588 et
3722 1535 3815 1589 al-

2140 1624 2265 1675 tera
2296 1621 2462 1686 falsa,
2510 1627 2567 1677 et
2597 1623 2707 1677 hac
2748 1639 3103 1695 quacunque
3151 1622 3544 1693 contingente,
3608 1628 3818 1694 potest

388 1725 584 1775 autem
620 1716 907 1786 contingit
938 1715 966 1769 b
1011 1731 1125 1768 non
1157 1729 1285 1768 esse
1316 1712 1373 1766 in
1406 1727 1520 1782 quo
1552 1715 1673 1765 toto
1718 1714 1807 1765 est
1826 1728 1879 1779 a,
1930 1713 2031 1765 aut
2068 1737 2113 1801 Β
2146 1712 2301 1766 enim
2336 1728 2464 1782 qua;
2493 1717 2582 1767 est
2610 1729 2644 1767 a
2669 1729 2697 1767 ε
2725 1728 2860 1767 vera
2882 1729 3031 1779 esse,
3066 1728 3181 1783 que
3208 1728 3342 1766 vero
3375 1712 3403 1766 b
3438 1727 3467 1766 c
3499 1712 3675 1779 falsa,
3704 1715 3819 1768 sed

389 1810 602 1864 iterum
620 1807 729 1860 ain
750 1822 864 1876 quo
882 1809 965 1858 est
991 1805 1042 1867 ὁ,
1069 1802 1444 1857 manifestum
1464 1805 1549 1856 est
1568 1816 1635 1855 ex
1654 1800 2039 1855 coordinatio-

391 1900 587 1963 nibus,
621 1909 983 1967 quaecunque
1004 1909 1120 1947 non
1142 1895 1581 1946 commutantur
1605 1890 1674 1944 ad
1698 1890 1967 1959 invicem,
1992 1890 2040 1944 si

391 1988 548 2043 enim
580 1985 726 2040 nihil
757 2000 958 2039 eorum
994 1999 1119 2053 quae
1151 1982 1270 2037 sint
1302 1981 1359 2035 in
1391 1999 1424 2035 α
1453 1997 1481 2035 c
1508 1980 1542 2034 ά
1586 1979 2038 2047 coordinatione,

393 2079 463 2132 de
486 2075 647 2130 nullo
668 2072 1231 2145 praedicatureorum
1254 2088 1379 2141 quae
1394 2077 1530 2125 sunt
1549 2070 1606 2123 in
1637 2070 1665 2123 b
1687 2069 1772 2140 ef,
1796 2073 2041 2122 aautem

391 2168 451 2221 in
494 2169 614 2219 toto
650 2180 702 2233 θ,
724 2162 806 2216 818
838 2160 1277 2215 coordinatione
1307 2159 1611 2227 existente,
1661 2157 2042 2211 manifestum

390 2257 480 2310 est
511 2253 662 2324 quod
690 2252 718 2306 b
742 2267 855 2305 non
881 2250 989 2305 erit
1010 2249 1069 2303 in
1093 2267 1147 2317 g,
1178 2252 1677 2303 commutarentur
1700 2247 1856 2300 enim
1880 2262 2044 2299 coor-

390 2342 721 2399 dinationes
736 2340 1012 2394 similiter
1024 2342 1221 2393 autem
1238 2346 1326 2391 est
1339 2337 1453 2391 etsi
1470 2336 1570 2390 bin
1587 2340 1705 2389 toto
1724 2334 1918 2405 aliquo
1932 2338 2042 2388 est.

398 2432 458 2488 Si
508 2447 641 2485 vero
675 2434 947 2484 neutrum
981 2427 1059 2482 sit
1089 2428 1147 2481 in
1180 2431 1297 2481 toto
1345 2426 1540 2495 aliquo
1590 2423 1768 2493 nullo,
1810 2440 1923 2478 non
1968 2422 2044 2476 sit

397 2527 594 2577 autem
616 2537 648 2574 a
680 2519 738 2572 in
765 2519 815 2585 ὸ,
840 2533 1078 2572 necesse
1108 2521 1197 2571 est
1217 2513 1654 2570 indivisibiliter
1676 2530 1791 2568 non
1813 2529 1940 2567 8888
1964 2512 2046 2580 ;si

395 2610 553 2667 enim
590 2608 699 2663 erit
721 2607 955 2678 aliquod
987 2605 1272 2674 medium,
1297 2619 1533 2659 necesse
1554 2606 1642 2658 est
1659 2603 1907 2657 alterum
1940 2601 2043 2657 ho-

394 2717 524 2754 rum
546 2698 605 2752 in
630 2697 888 2769 quodam
910 2699 1034 2749 toto
1057 2709 1207 2760 esse,
1233 2691 1506 2747 autenim
1526 2692 1586 2746 in
1620 2692 1811 2763 prima
1835 2692 2042 2761 ﬁgura,

395 2793 497 2845 aut
526 2789 586 2842 in
620 2785 812 2841 media
841 2786 951 2840 erit
981 2782 1381 2854 syllogismus,
1427 2782 1476 2836 si
1509 2781 1743 2851 quidem
1774 2780 1955 2851 igitur
1984 2781 2042 2833 in

396 2880 588 2951 prima
604 2878 792 2948 ﬁgura
807 2876 857 2939 ὁ,
874 2873 981 2929 erit
1006 2873 1064 2927 in
1084 2876 1205 2927 toto
1220 2872 1436 2942 aliquo,
1455 2871 1865 2926 afﬁrmativam
1887 2869 2043 2925 enim

398 2970 465 3023 ad
489 2968 597 3021 hoc
619 2968 850 3036 oportet
872 2962 994 3017 ﬁeri
1018 2961 1497 3033 propositionem.
1513 2960 1572 3015 Si
1594 2976 1725 3015 vero
1746 2960 1804 3013 in
1830 2959 2043 3023 media,

398 3053 983 3124 utrumcontingitad
1002 3051 1483 3121 utrumqueenim
1527 3049 1716 3120 posito
1758 3049 2039 3120 privativo

395 3145 505 3199 erit
533 3143 931 3215 syllogismus,
956 3157 1088 3195 cum
1118 3144 1313 3194 autem
1362 3144 1611 3209 utraque
1639 3137 1920 3209 privativa
1942 3137 2037 3204 sit,

399 3248 513 3287 non
548 3232 678 3297 erit,
716 3229 1095 3284 manifestum
1132 3228 1314 3299 igitur
1342 3232 1431 3282 est
1462 3228 1617 3298 quod
1652 3225 1941 3297 contingit
1983 3231 2041 3280 et

399 3318 555 3373 aliud
589 3318 646 3370 in
679 3315 791 3370 alio
816 3332 928 3369 non
960 3331 1088 3369 esse
1119 3313 1519 3379 indivibiliter,
1552 3317 1607 3368 et
1636 3314 1871 3383 quando
1903 3328 2038 3367 con-

400 3405 594 3475 tingit,
629 3408 685 3459 et
714 3420 828 3475 quo
852 3404 1022 3457 modo
1044 3403 1319 3457 diximus.

1032 3508 1261 3563 CAPUT
1301 3508 1421 3563 XII.

405 3606 482 3657 De
528 3597 851 3671 ignorantia
893 3601 943 3651 et
999 3598 1314 3671 syllogismo
1362 3598 1666 3667 imperitiae
1692 3612 1887 3652 eorum
1921 3613 2044 3668 qum

782 3672 960 3741 primo
990 3667 1411 3737 immediateque
1441 3671 1650 3723 insunt.

470 3759 806 3833 Ignorantia
826 3764 1019 3814 autem
1046 3774 1160 3811 non
1186 3757 1506 3812 secundum
1531 3757 1921 3828 negationem,
1941 3760 2041 3813 sed

399 3851 724 3907 secundum
740 3847 1186 3919 dispositionem
1203 3845 1375 3912 dicta,
1393 3852 1481 3901 est
1504 3847 1739 3917 quidem
1764 3864 1864 3918 per
1877 3847 2045 3920 syllo-

399 3941 650 4011 gismum
688 3938 839 3993 facta
864 3935 1294 4007 deceptio.Haec
1308 3939 1504 3989 autem
1521 3935 1579 3989 in
1606 3935 1826 4007 iis,que
1844 3938 2045 3993 insunt

398 4029 612 4101 primo,
628 4032 729 4082 aut
746 4043 860 4080 non
885 4026 1112 4094 insunt,
1129 4023 1751 4095 contingitdupliciter,
1768 4030 1867 4079 aut
1887 4026 2043 4081 enim

400 4124 489 4173 est
520 4133 650 4172 cum
676 4114 1021 4186 simpliciter
1053 4113 1300 4184 accipiat
1322 4129 1471 4183 esse,
1502 4112 1590 4168 vel
1624 4130 1736 4168 non
1770 4131 1917 4179 esse,
1944 4119 2046 4171 aut

400 4224 532 4263 cum
559 4223 657 4276 per
677 4204 1085 4277 syllogismum
1111 4202 1356 4274 accipiat
1378 4202 1737 4273 opinionem,
1759 4205 2045 4276 simplicis

400 4297 636 4368 quidem
656 4310 791 4365 ergo
809 4293 1103 4364 opinionis
1126 4290 1676 4364 simplexdeceptio,
1694 4296 1791 4347 sed
1814 4310 1939 4363 quae
1959 4299 2048 4349 est

399 4382 920 4455 persyllogismum
942 4383 1141 4451 plures
1165 4385 1322 4435 sunt.
1346 4380 1470 4435 Non
1487 4382 1563 4435 sit
1582 4382 1735 4436 enim
1762 4382 1868 4435 ain
1886 4381 2045 4436 nullo

2148 1817 2258 1872 que
2272 1807 2412 1857 esta
2434 1818 2463 1855 ο
2481 1818 2637 1867 vera,
2667 1800 2946 1872 quoniam
2968 1818 3080 1857 non
3105 1802 3164 1855 in
3190 1801 3462 1856 omnibus
3485 1818 3616 1871 quae
3642 1809 3823 1869 sunt,

2150 1890 2297 1945 inest
2327 1908 2380 1961 a,
2410 1891 2510 1945 sed
2545 1907 2670 1960 qua:
2703 1895 2793 1945 est
2821 1907 2849 1944 ε
2875 1891 2903 1944 b
2939 1891 3081 1946 falsa
3106 1907 3254 1957 esse,
3276 1890 3549 1961 quoniam
3577 1891 3827 1962 impos-

2148 1978 2316 2034 sibile
2345 1985 2433 2035 est
2466 1996 2594 2035 esse
2623 1980 2681 2033 in
2716 1980 2745 2034 b
2774 1996 2821 2049 c,
2856 1979 2910 2034 in
2947 1997 3059 2050 quo
3094 1978 3253 2035 nullo
3283 1984 3371 2035 est
3402 1996 3435 2033 α
3475 1996 3589 2033 non
3643 1982 3823 2037 enim

2147 2068 2323 2123 etiam
2358 2086 2489 2124 vera
2503 2070 2632 2139 erit,
2657 2086 2786 2140 quas
2807 2074 2895 2125 est
2914 2086 2945 2123 a
2967 2085 2995 2123 ο
3027 2069 3365 2139 prepositio,
3384 2068 3556 2123 simul
3602 2076 3819 2125 autem

2148 2162 2204 2212 et
2236 2158 2283 2212 si
2318 2159 2437 2213 sint
2467 2164 2726 2229 utraque
2758 2175 2925 2225 verae,
2959 2164 3014 2214 et
3044 2157 3340 2213 conclusio
3370 2174 3505 2213 vera
3534 2159 3672 2225 erit,
3706 2162 3819 2215 sed

2148 2246 2325 2302 etiam
2349 2265 2476 2318 quae
2502 2256 2591 2303 est
2615 2264 2642 2303 ο
2666 2248 2714 2303 b.
2738 2248 3038 2319 Contingit
3058 2265 3251 2303 veram
3274 2264 3403 2303 esse
3459 2265 3594 2302 cum
3621 2248 3828 2304 altera

2149 2336 2224 2391 sit
2259 2338 2421 2407 18188,
2458 2343 2521 2392 ut
2542 2339 2589 2393 si
2619 2340 2647 2391 b
2681 2340 2735 2392 in
2756 2355 2784 2392 c
2805 2340 2901 2408 sit,
2926 2343 2982 2392 et
3004 2339 3062 2393 in
3082 2356 3137 2403 a,
3164 2355 3402 2393 necesse
3424 2344 3511 2393 est
3533 2340 3701 2393 enim
3734 2341 3827 2394 al-

2148 2428 2336 2479 terum
2371 2428 2480 2480 sub
2512 2427 2692 2482 altero
2714 2443 2864 2496 esse,
2885 2443 3063 2497 quare
3081 2427 3128 2482 si
3156 2428 3475 2499 accipiatur
3494 2445 3528 2480 α
3557 2427 3619 2481 in
3644 2429 3827 2485 nullo

2146 2530 2173 2568 ε
2194 2530 2342 2581 8888,
2371 2514 2517 2570 18188
2533 2516 2643 2571 erit
2666 2516 3006 2587 propositio,
3033 2515 3223 2587 palam
3251 2516 3429 2587 igitur
3446 2517 3743 2587 quoniam
3770 2525 3832 2574 et

2149 2620 2281 2658 cum
2314 2602 2491 2658 altera
2525 2605 2572 2660 si
2607 2605 2774 2672 18188,
2808 2611 2866 2659 81
2897 2606 2954 2659 in
2988 2607 3278 2676 utrisque,
3310 2605 3494 2660 falsus
3527 2607 3830 2679 syllogis-

2150 2710 2280 2748 mus
2300 2693 2429 2748 erit.
2451 2696 2560 2749 Sed
2584 2695 2641 2749 in
2666 2696 2860 2750 media
2881 2695 3117 2766 quidem
3146 2696 3333 2766 ﬁgura
3354 2700 3506 2750 totas
3532 2700 3828 2767 proposi-

2148 2783 2339 2839 tiones
2362 2800 2491 2839 esse
2512 2789 2792 2856 utrasque
2812 2784 2993 2839 falsas
3016 2801 3129 2839 non
3154 2785 3454 2852 contingit,
3479 2802 3615 2840 cum
3642 2787 3821 2843 enim

2148 2872 2209 2926 in
2242 2871 2398 2927 omni
2422 2873 2450 2926 ὸ
2480 2890 2513 2927 a
2536 2873 2631 2940 811,
2668 2872 2812 2927 nihil
2843 2872 3668 2944 eritacciperequodinaltero
3692 2878 3822 2931 erit

2151 2962 2327 3027 omni,
2356 2963 2413 3016 in
2438 2961 2613 3016 altero
2634 2978 2765 3016 vero
2798 2961 2959 3017 nullo
2988 2962 3118 3031 erit,
3150 2968 3376 3029 oportet
3396 2967 3589 3017 autem
3636 2964 3733 3017 sic
3763 2965 3826 3020 in

2151 3050 2344 3105 media
2375 3052 2563 3121 ﬁgura
2594 3050 2855 3121 accipere
2879 3050 3323 3122 propositiones,
3352 3059 3405 3105 et
3426 3051 3579 3120 quod
3605 3051 3664 3105 in
3695 3051 3824 3109 hoc

2150 3139 2566 3210 quidemsit,et
2601 3141 2755 3210 quod
2808 3140 2863 3194 in
2912 3140 3022 3195 hoc
3064 3156 3177 3193 non
3229 3141 3324 3207 sit,
3359 3138 3660 3211 siquidem
3691 3144 3823 3197 erit

2148 3228 2546 3300 syllogismus,
2578 3229 2625 3284 si
2675 3229 2856 3300 igitur
2888 3229 3250 3300 accipiantur
3271 3230 3351 3283 sic
3382 3229 3559 3293 falsas,
3598 3229 3817 3299 palam

2148 3319 2303 3390 quod
2336 3318 2634 3373 contrarias
2660 3334 2690 3373 e
2722 3334 2997 3373 converso
3028 3335 3089 3374 se
3112 3318 3430 3383 habebunt,
3464 3317 3570 3373 hoc
3595 3325 3818 3377 autem

2147 3407 2509 3478 impossibile
2539 3411 2646 3462 est.
2672 3412 2735 3461 In
2755 3407 2953 3478 aliquo
2976 3412 3167 3463 autem
3192 3412 3503 3478 utramque
3524 3410 3819 3480 proposi-

2148 3496 2366 3552 tionem
2400 3496 2544 3551 nihil
2577 3497 2846 3569 prohibet
2866 3496 3073 3552 falsam
3096 3513 3241 3567 esse,
3274 3506 3336 3552 ut
3363 3496 3413 3552 si
3444 3513 3472 3551 ο
3503 3499 3557 3551 in
3581 3515 3638 3566 a,
3659 3506 3726 3553 et
3748 3500 3819 3555 in

2151 3585 2180 3639 b
2211 3584 2402 3655 aliquo
2434 3590 2557 3653 est;
2593 3586 2639 3640 si
2673 3586 2826 3640 enim
2860 3604 2894 3640 a
2923 3587 2981 3641 in
3016 3586 3174 3641 omni
3206 3587 3567 3657 caccipiatur
3588 3604 3754 3655 esse,
3786 3591 3818 3643 b

2151 3680 2343 3731 autem
2359 3676 2415 3730 in
2432 3675 2611 3743 nullo,
2632 3675 2787 3729 falsae
2819 3676 3053 3746 quidem
3074 3680 3328 3746 utrisque
3346 3678 3820 3748 propositiones,

2152 3780 2265 3818 non
2286 3768 2481 3819 tamen
2497 3768 2652 3833 totis,
2669 3764 2841 3818 sedin
2858 3764 3072 3835 aliquo,
3096 3781 3126 3819 e
3148 3782 3426 3819 converso
3476 3770 3668 3819 autem
3697 3783 3819 3837 po-

2151 3854 2261 3907 sito
2296 3854 2575 3924 privativo
2608 3852 2896 3908 similiter.
2929 3854 3184 3929 Alteram
3219 3859 3413 3908 autem
3457 3853 3696 3917 falsam,
3758 3861 3823 3911 et

2151 3943 2412 4013 qualibet
2433 3942 2739 4012 contingit,
2773 3943 2927 4012 quod
2958 3942 3112 3997 enim
3163 3946 3252 3997 est
3280 3942 3339 3996 in
3371 3959 3404 3995 α
3428 3942 3614 4007 omni,
3649 3946 3714 3996 et
3753 3945 3817 3998 in

2152 4032 2180 4087 b
2211 4034 2317 4097 881,
2344 4030 2392 4084 81
2422 4031 2599 4101 igitur
2620 4032 3052 4101 acciapiaturin
3071 4049 3102 4085 a
3124 4030 3360 4101 quidem
3385 4035 3503 4085 toto
3522 4047 3649 4085 esse
3665 4048 3719 4100 τ’,
3749 4033 3819 4087 in

2153 4114 2181 4167 b
2211 4118 2407 4166 autem
2441 4116 2559 4165 toto
2594 4128 2704 4166 non
2738 4128 2886 4178 esse,
2929 4128 3053 4181 quae
3085 4113 3321 4181 quidem
3350 4116 3484 4166 este
3514 4130 3546 4165 a
3568 4114 3681 4165 erit
3715 4129 3821 4167 ve-

2152 4220 2235 4270 ra,
2268 4202 2367 4256 sed
2400 4218 2525 4273 quae
2550 4206 2681 4256 estc
2703 4201 2731 4255 b
2757 4201 2919 4255 falsa.
2946 4205 3162 4256 Iterum
3182 4202 3334 4271 quod
3364 4201 3419 4255 in
3441 4201 3469 4254 ὸ
3501 4201 3665 4255 nullo
3690 4210 3813 4269 est,

2153 4308 2341 4363 neque
2372 4293 2429 4346 in
2460 4308 2495 4344 α
2524 4292 2684 4346 omni
2718 4294 2848 4359 erit,
2876 4292 2924 4346 81
2952 4291 3107 4345 enim
3144 4292 3201 4345 in
3233 4309 3267 4345 a
3296 4297 3404 4361 est,
3438 4298 3493 4346 81
3525 4292 3578 4345 in
3619 4294 3669 4355 ὁ,
3698 4296 3812 4349 sed

2154 4398 2265 4435 non
2289 4381 2496 4447 inerat,
2513 4380 2754 4451 siigitur
2773 4380 3111 4451 accipaturc
3126 4380 3183 4434 in
3198 4385 3318 4435 toto
3338 4381 3572 4451 quidem
3595 4398 3630 4434 η
3650 4398 3814 4449 esse,

400 4473 429 4527 b
462 4470 912 4537 indivisibiliter,
948 4485 1082 4539 ergo
1115 4468 1164 4523 si
1193 4468 1494 4539 syllogizet
1533 4487 1573 4525 α
1605 4486 1731 4525 8888
1762 4470 1821 4524 in
1847 4472 1875 4524 b
1927 4487 2048 4526 me-
2077 4465 2123 4528 D
2157 4469 2214 4523 in
2233 4472 2263 4524 ὁ
2284 4474 2480 4524 autem
2506 4468 2668 4524 nullo
2688 4470 3090 4541 quidem,quas
3114 4475 3203 4524 est
3226 4470 3254 4522 b
3277 4486 3305 4523 ο
3326 4469 3649 4540 propositio
3668 4488 3819 4526 vera

400 4560 561 4614 dium
598 4558 888 4630 accipiens
919 4574 966 4620 ο,
1000 4559 1279 4627 deceptus
1307 4558 1416 4612 erit
1462 4575 1565 4629 per
1611 4559 2039 4631 syllogismum,

399 4648 687 4718 contingit
716 4647 896 4717 igitur
925 4651 1206 4716 utrasque
1238 4647 1666 4717 propositiones
1690 4664 1818 4703 esse
1840 4649 2041 4719 falsas,

399 4736 684 4807 contingit
704 4740 899 4789 autem
920 4734 1162 4790 alteram
1188 4735 1375 4790 solum
1401 4752 1529 4790 esse
1553 4735 1782 4802 falsam,
1815 4737 1861 4789 si
1884 4738 2039 4792 enim

400 4843 587 4897 neque
608 4842 640 4879 α
672 4825 729 4879 in
761 4824 921 4880 nullo
943 4842 971 4879 ο
993 4825 1121 4891 erit,
1148 4841 1335 4896 neque
1356 4841 1385 4877 c
1402 4825 1457 4876 in
1487 4822 1647 4877 nullo
1670 4824 1698 4876 b
1721 4824 1850 4887 erit,
1872 4841 2037 4881 acce-

400 4921 497 4987 pta
527 4919 722 4969 autem
755 4918 1005 4984 utraque
1035 4929 1064 4966 e
1086 4912 1398 4978 contrario,
1426 4914 1673 4980 utraque
1692 4911 1845 4965 enim
1868 4917 2041 4968 erunt

399 5004 581 5060 falsae.
615 5003 783 5058 Potes
812 5006 1008 5057 autem
1042 5002 1123 5055 sic
1174 5017 1235 5055 se
1282 5000 1494 5054 habere
1522 5014 1551 5052 ε
1588 4999 1658 5053 ad
1690 5015 1743 5067 a,
1785 5003 1842 5053 et
1881 5001 1949 5054 ad
1986 5003 2039 5072 ὁ,

401 5095 555 5166 quod
588 5109 777 5164 neque
805 5108 833 5146 ο
864 5092 973 5146 sub
1004 5107 1036 5144 a
1063 5090 1161 5153 sit,
1196 5104 1383 5158 neque
1412 5088 1467 5140 in
1500 5086 1529 5139 ὁ
1552 5087 1957 5144 universaliter
1977 5107 1989 5157 ;
2011 5090 2040 5143 Ι)

399 5184 634 5253 quidem
661 5179 1023 5252 impossibile
1054 5181 1141 5233 est
1172 5193 1299 5230 esse
1318 5180 1373 5229 in
1397 5174 1592 5244 aliquo
1616 5180 1757 5246 toto,
1783 5178 2039 5248 primum

396 5274 552 5327 enim
585 5273 803 5326 dictum
837 5274 924 5323 est
959 5269 1017 5321 in
1048 5267 1175 5336 ipso
1206 5282 1239 5318 a
1262 5264 1291 5317 ὸ
1317 5280 1428 5317 non
1459 5280 1607 5333 esse,
1640 5282 1679 5319 a
1710 5272 1903 5321 autem
1924 5285 2039 5323 non

399 5376 660 5424 necesse,
694 5364 783 5414 est
813 5356 1089 5412 omnibus
1123 5354 1332 5418 inesse,
1357 5369 1480 5422 quas
1503 5358 1682 5408 suntc
1704 5357 2042 5412 universali-

397 5456 505 5519 ter,
523 5465 700 5519 quare
722 5452 985 5515 utraeque
1010 5443 1168 5499 falsas
1186 5447 1345 5496 sunt.
1364 5443 1470 5497 Sed
1487 5441 1732 5498 alteram
1756 5448 2042 5518 contingit

390 5554 592 5595 veram
615 5537 900 5607 accipere,
926 5550 1040 5588 non
1057 5537 1247 5587 tamen
1270 5529 1594 5601 quamlibet
1613 5535 1917 5605 contingit,
1937 5539 2039 5593 sed

2152 4564 2259 4626 est,
2298 4558 2477 4613 altera
2496 4574 2630 4612 vero
2654 4558 2818 4613 falsa.
2842 4557 3122 4612 Similiter
3143 4563 3337 4613 autem
3362 4559 3425 4612 ﬁt
3442 4562 3816 4630 transposito

2154 4649 2454 4718 privativo,
2480 4648 2634 4718 quod
2658 4647 2813 4702 enim
2836 4648 2897 4701 in
2916 4647 3074 4702 nullo
3098 4652 3186 4703 est
3204 4665 3261 4716 a,
3283 4665 3468 4718 neque
3490 4649 3550 4702 in
3584 4649 3614 4702 b
3642 4651 3812 4705 nullo

2151 4739 2261 4793 erit
2290 4738 2337 4793 si
2371 4737 2547 4807 igitur
2569 4736 2891 4807 accipiatur
2909 4737 3008 4790 cin
3034 4742 3152 4792 toto
3184 4738 3421 4808 quidem
3444 4755 3476 4792 α
3512 4756 3625 4792 non
3646 4755 3810 4808 esse,

2150 4826 2211 4880 in
2235 4826 2266 4881 ὁ
2294 4832 2489 4881 autem
2512 4841 2639 4881 esse
2660 4830 2802 4889 toto,
2834 4842 2962 4895 quae
2984 4826 3219 4896 quidem
3244 4832 3331 4881 est
3359 4844 3391 4880 a
3421 4843 3450 4881 c
3480 4831 3814 4898 pr0positio

2149 4930 2283 4968 vera
2312 4919 2423 4983 est,
2441 4912 2622 4967 altera
2639 4917 2835 4968 autem
2860 4912 3024 4968 falsa.
3044 4914 3114 4968 Et
3140 4914 3350 4969 iterum
3374 4916 3529 4985 quod
3552 4916 3612 4969 in
3637 4921 3809 4973 omni

2151 5002 2180 5055 Ι)
2211 5006 2320 5067 881,
2353 5002 2412 5057 in
2444 5001 2605 5055 nullo
2636 5003 2896 5073 accipere
2924 5018 2958 5057 a
2982 5019 3131 5067 esse,
3174 5001 3385 5057 falsum
3419 5008 3527 5065 est,
3564 5022 3816 5062 necesse

2150 5090 2304 5144 enim
2338 5091 2497 5144 estsi
2523 5089 2582 5144 in
2615 5091 2775 5145 omni
2803 5093 2853 5160 b,
2887 5091 3019 5145 etin
3044 5093 3297 5161 quodam
3319 5109 3352 5145 a
3375 5108 3523 5157 esse,
3549 5094 3594 5147 si
3623 5094 3816 5162 igitur

2152 5179 2542 5249 accipiaturin
2562 5182 2721 5234 omni
2742 5181 2978 5251 quidem
3003 5182 3031 5234 b
3055 5197 3181 5236 esse
3198 5198 3245 5249 ε,
3274 5182 3377 5235 ina
3398 5188 3591 5237 autem
3616 5184 3811 5254 nullo,

2151 5285 2277 5338 quae
2302 5268 2541 5338 quidem
2572 5274 2662 5324 est
2691 5286 2719 5324 c
2768 5272 2819 5332 b,
2862 5287 2997 5325 vera
3027 5271 3154 5338 erit,
3188 5286 3315 5340 quae
3346 5277 3538 5325 autem
3573 5281 3656 5324 est
3690 5289 3727 5325 α
3755 5290 3808 5341 c,

2152 5357 2315 5414 falsa.
2353 5358 2723 5415 Manifestum
2749 5358 2928 5430 igitur
2953 5360 3108 5429 quod
3141 5360 3408 5431 utrisque
3431 5360 3615 5425 falsis,
3641 5365 3698 5414 et
3721 5362 3809 5415 al-

2150 5454 2274 5503 tera
2300 5448 2515 5518 solum,
2546 5450 2656 5503 erit
2704 5447 3083 5519 syllogismus
3113 5448 3448 5518 deceptivus
3495 5449 3807 5505 indivisio-

2153 5536 2350 5593 nibus.
