4070 6170
202 289 331 343 729

853 413 1077 468 CAPUT
1102 412 1248 467 XIII.

207 506 295 559 De
327 503 660 575 syllogismo
692 505 995 573 imperitiae
1025 519 1215 556 eorum
1247 518 1365 572 quae
1400 502 1589 554 insunt
1619 498 1875 552 mediate.

284 596 356 647 In
381 594 454 647 iis
478 598 670 646 autem
697 610 823 661 qua:
846 608 959 646 non
986 590 1364 645 indivibiliter
1389 590 1613 653 insunt,
1640 592 1739 642 aut
1762 605 1875 641 non

200 684 589 749 insunt,cum
611 682 849 753 quidem
877 698 977 753 per
1000 683 1298 753 prOprium
1326 680 1579 734 medium
1604 678 1875 734 falsitatis

202 773 319 827 fiat
352 770 761 843 syllogismus,
797 788 910 825 non
958 770 1235 841 possibile
1267 775 1356 824 est
1388 768 1565 823 falsas
1596 772 1876 838 utrasque

208 877 355 915 esse
378 860 933 931 propositiones,sed
955 859 1145 915 solum
1173 876 1298 929 qum
1324 864 1456 912 ante
1482 860 1673 928 majus
1696 864 1873 911 extre-

201 966 409 1004 mum.
441 948 578 1003 Dico
607 954 798 1003 autem
836 950 1144 1020 pr0prium
1180 949 1464 1014 medium,
1500 966 1601 1019 per
1632 948 1784 1019 quod
1814 947 1876 1000 {it

209 1038 713 1093 contradictionie
734 1038 1115 1109 syllogismus
1138 1055 1149 1093 :
1178 1039 1254 1093 sit
1274 1040 1427 1093 enim
1447 1056 1480 1089 (ι
1502 1039 1560 1092 in
1583 1040 1611 1091 b
1632 1054 1731 1109 per
1755 1053 1872 1091 me-

197 1128 386 1181 dium
418 1144 468 1195 c,
491 1128 769 1196 quoniam
793 1127 977 1197 igitur
1003 1143 1238 1181 necesse
1261 1132 1347 1182 est
1370 1145 1495 1198 quae
1519 1132 1607 1182 est
1628 1144 1655 1181 c
1677 1129 1705 1181 b
1723 1129 1875 1181 at'lir-

205 1217 506 1270 mativam
532 1216 716 1287 accipi
739 1216 1081 1287 syllogismo
1109 1216 1281 1283 facto,
1308 1217 1685 1272 manifestum
1717 1216 1872 1287 quod

200 1321 457 1376 semper
479 1305 601 1359 haec
624 1309 714 1359 est
731 1322 883 1369 vera,
916 1323 1027 1360 non
1051 1306 1205 1360 enim
1227 1307 1603 1376 convertitur,
1620 1308 1719 1361 sed
1744 1322 1872 1376 quis

198 1400 299 1449 est
322 1412 357 1447 a
386 1395 414 1447 b
438 1394 607 1461 falsa,
642 1395 747 1448 hac
770 1394 926 1449 enim
953 1412 1251 1464 conversa,
1275 1412 1304 1451 e
1330 1395 1619 1451 contrario
1647 1397 1741 1450 fiet
1759 1394 1871 1467 syl-

196 1483 527 1552 logismus.
556 1484 843 1539 Similiter
862 1489 1058 1538 autem
1080 1490 1188 1551 est,
1205 1490 1261 1539 et
1286 1485 1333 1539 si
1353 1502 1421 1539 ex
1444 1484 1557 1539 alia
1579 1485 1872 1538 coordina-

198 1572 379 1627 tione
406 1573 733 1644 accipiatur
764 1574 1047 1641 medium,
1076 1574 1210 1639 utd,
1241 1574 1288 1628 si
1321 1578 1377 1629 et
1408 1574 1466 1628 in
1490 1579 1608 1628 toto
1632 1591 1686 1642 a,
1720 1578 1775 1627 et
1805 1574 1873 1627 de

200 1660 238 1714 b
266 1661 627 1733 praedicatur
658 1662 837 1726 omni,
872 1677 1106 1717 necesse
1136 1668 1228 1716 est
1258 1662 1418 1716 enim
1451 1663 1603 1733 (quae
1635 1661 1871 1733 quidem

194 1756 297 1805 est
328 1751 368 1804 d
396 1752 446 1821 b)
476 1750 935 1822 propositionem
962 1768 1219 1819 manere,
1247 1752 1488 1806 alteram
1515 1758 1707 1807 autem
1731 1768 1867 1806 con-
1903 1777 1946 1841 Β

194 1841 379 1893 verti.
416 1843 605 1905 Quare
639 1841 758 1895 haec
822 1842 1060 1912 quidem
1115 1858 1345 1912 semper
1374 1858 1529 1908 vera,
1581 1841 1682 1896 illa
1730 1857 1864 1894 vero

194 1945 452 2000 semper
476 1931 641 1993 falsa,
667 1936 724 1984 et
748 1931 863 1984 fere
887 1930 1225 2000 hujusmodi
1243 1931 1527 2000 deceptio,
1551 1930 1751 1985 eadem
1778 1937 1865 1985 est

197 2020 252 2073 ei
291 2036 427 2089 quae
464 2020 524 2072 {it
558 2036 662 2090 per
694 2018 993 2090 proprium
1031 2020 1312 2074 medium.
1347 2021 1401 2074 Si
1438 2036 1571 2074 vero
1604 2036 1716 2074 non
1764 2036 1865 2090 per

199 2110 521 2179 prOprium
545 2109 803 2163 medium
822 2109 921 2162 fiat
940 2108 1477 2180 syllogismus,cum
1499 2108 1735 2179 quidem
1753 2109 1863 2162 sub

197 2214 239 2251 a
264 2196 351 2251 sit
372 2197 659 2261 medium,
685 2196 741 2250 in
768 2198 795 2251 b
815 2203 1011 2251 autem
1034 2197 1195 2251 nullo
1214 2202 1863 2262 est,necesseestutras-

198 2303 321 2357 que
339 2285 518 2340 falsas
533 2288 992 2352 esse,sumendae
1007 2287 1164 2341 enim
1184 2287 1517 2342 econtrario
1532 2292 1671 2343 sunt
1686 2303 1862 2357 quam

200 2383 271 2431 ut
305 2394 373 2430 se
404 2377 659 2431 habeant
692 2377 1143 2447 propositiones,
1176 2378 1220 2431 si
1255 2378 1461 2432 debeat
1482 2377 1862 2450 syllogismus

198 2480 340 2520 esse
368 2464 484 2520 :sic
504 2470 695 2519 autem
725 2464 1272 2535 acceptis,utraaque
1301 2466 1451 2520 ﬁunt
1474 2466 1654 2532 falsae,
1673 2472 1737 2520 ut
1760 2466 1862 2521 sia

201 2554 451 2624 quidem
478 2553 534 2607 in
564 2558 683 2608 toto
715 2553 748 2606 ά
780 2559 890 2622 est,
918 2554 952 2607 d
983 2560 1176 2609 autem
1208 2554 1264 2608 in
1298 2554 1455 2609 nullo
1490 2556 1541 2621 b,
1565 2556 1862 2610 conversis

203 2644 372 2698 enim
399 2642 493 2710 iis,
520 2642 899 2715 syllogismus
922 2644 1052 2711 erit,
1077 2648 1132 2697 et
1154 2644 1581 2713 propositiones
1606 2648 1862 2714 utraeque

205 2730 400 2786 falsas.
438 2731 584 2786 Cum
608 2748 741 2786 vero
792 2749 904 2785 non
940 2732 1017 2787 sit
1064 2732 1172 2787 sub
1204 2750 1237 2786 a
1271 2732 1527 2787 medium
1562 2732 1700 2799 utd,
1734 2750 1861 2803 qua:

208 2821 456 2891 quidem
487 2824 576 2875 est
605 2838 638 2875 α
658 2822 693 2874 d
715 2838 847 2875 vera
864 2821 991 2888 erit,
1012 2838 1140 2892 quae
1166 2837 1301 2875 vero
1323 2826 1412 2876 est
1430 2821 1463 2875 d
1487 2822 1515 2875 b
1543 2822 1708 2888 falsa,
1735 2838 1862 2892 quae

212 2910 377 2964 enim
403 2914 545 2964 esta
566 2911 599 2963 ά
628 2927 761 2964 vera
792 2915 899 2980 est,
929 2911 1057 2978 quia
1087 2927 1200 2965 non
1233 2911 1343 2964 erit
1374 2911 1429 2964 in
1460 2928 1515 2975 a,
1538 2910 1592 2977 d,
1619 2927 1746 2980 qua:
1765 2926 1862 2964 ve-

208 3015 276 3054 ro
301 3004 392 3052 est
413 2998 447 3051 ά
469 2999 499 3051 b
525 2997 686 3067 falsa,
712 2998 845 3069 quia
868 2999 914 3052 si
948 3004 1103 3053 esset
1123 3016 1275 3062 vera,
1300 3004 1355 3053 et
1384 2998 1679 3053 conclusio
1710 3003 1866 3054 esset

206 3104 372 3151 vera,
406 3088 507 3141 sed
541 3087 687 3142 falsa
718 3096 855 3142 eral.
896 3088 1000 3142 Sed
1036 3104 1138 3159 per
1160 3089 1412 3143 mediam
1440 3089 1686 3158 ﬁguram
1714 3088 1863 3142 facta

214 3179 583 3248 deceptione,
628 3183 906 3249 utrasque
943 3178 1176 3249 quidem
1210 3195 1324 3232 non
1368 3178 1653 3249 contingit
1691 3177 1869 3233 falsas

215 3284 349 3324 esse
384 3266 811 3337 propositiones
836 3272 1007 3333 totas,
1028 3283 1159 3321 cum
1185 3268 1339 3321 enim
1360 3266 1434 3320 sit
1452 3267 1480 3320 b
1505 3266 1741 3337 quidem
1764 3267 1873 3321 sub

220 3374 275 3421 a,
304 3356 452 3411 nihil
476 3357 764 3427 contingit
786 3356 843 3410 in
870 3356 981 3411 hoc
1004 3356 1240 3427 quidem
1265 3355 1447 3420 omni,
1472 3356 1531 3409 in
1556 3356 1653 3411 illo
1677 3360 1874 3411 autem

219 3445 384 3501 nullo
406 3462 556 3514 esse,
582 3445 739 3499 sicut
762 3445 982 3500 dictum
1004 3450 1093 3500 est
1114 3450 1170 3499 et
1194 3445 1377 3515 prius.
1406 3444 1593 3500 Altera
1623 3462 1756 3500 vero
1780 3464 1877 3517 po-

220 3539 337 3590 test
357 3550 487 3589 esse
517 3534 685 3601 falsa,
710 3540 766 3589 et
789 3550 1154 3605 quaecunque
1173 3533 1481 3604 contingit.
1506 3534 1563 3588 Si
1587 3535 1746 3589 enim
1769 3553 1797 3589 ε
1819 3539 1876 3590 et

230 3624 288 3678 in
323 3625 371 3689 b,
407 3628 463 3677 et
493 3623 549 3676 in
583 3640 616 3676 a
647 3628 754 3691 est,
788 3624 835 3676 si
868 3623 1191 3693 accipiatur
1221 3623 1279 3677 in
1314 3640 1346 3676 a
1370 3623 1607 3694 quidem
1640 3640 1789 3691 esse,
1816 3625 1874 3679 in

231 3715 259 3767 b
279 3729 412 3767 vero
437 3728 548 3766 non
570 3728 719 3781 esse,
742 3729 871 3782 quae
895 3712 1131 3782 quidem
1160 3729 1235 3766 ac
1258 3729 1388 3766 vera
1409 3715 1537 3780 erit,
1563 3712 1747 3767 altera
1773 3731 1875 3768 au-

228 3807 341 3856 tem
365 3801 531 3855 falsa.
568 3801 712 3855 Item
748 3800 795 3854 si
829 3801 884 3853 in
920 3800 1335 3871 baccipiaturc
1355 3818 1503 3865 esse,
1538 3802 1594 3855 in
1619 3820 1652 3856 ιι
1682 3808 1875 3858 autem

231 3888 389 3945 nullo
414 3894 523 3952 est,
557 3906 683 3959 qua:
708 3889 947 3960 quidem
963 3899 1045 3943 est
1070 3906 1098 3943 ε
1118 3890 1145 3943 b
1170 3905 1301 3943 vera
1326 3891 1457 3957 erit,
1480 3889 1661 3945 altera
1679 3897 1874 3947 autem

231 3980 396 4041 falsa,
429 3978 722 4049 siquidem
744 3978 922 4049 igitur
944 3978 1265 4049 privativus
1288 3979 1365 4033 sit
1386 3980 1745 4050 deceptionis
1766 3980 1877 4051 syl-

234 4066 540 4137 logismus,
570 4067 792 4121 dictum
825 4072 913 4121 est
943 4067 1176 4136 quando
1204 4072 1261 4121 et
1292 4084 1391 4137 per
1423 4084 1551 4138 quae
1581 4069 1875 4123 eritdece-

234 4158 369 4229 ptio.
386 4156 445 4210 Si
465 4172 595 4210 vero
618 4156 695 4210 sit
718 4155 1129 4223 afﬁrmativus,
1148 4160 1291 4210 tunc
1308 4172 1440 4209 cum
1459 4158 1873 4228 perprOprium

236 4245 515 4311 medium,
548 4244 913 4315 impossibile
946 4249 1034 4299 est
1075 4250 1355 4314 utrasque
1381 4261 1509 4299 esse
1542 4246 1736 4310 falsas,
1773 4263 1873 4301 ne-

235 4349 393 4388 cesse
423 4338 513 4387 est
561 4333 717 4386 enim
751 4350 878 4404 qua:
911 4336 1001 4387 est
1031 4348 1059 4386 ε
1090 4332 1118 4385 b
1152 4348 1411 4397 manere,
1445 4332 1737 4402 siquidem
1766 4334 1875 4388 erit

237 4422 608 4492 syllogismus
632 4424 782 4477 sicut
803 4423 1023 4476 dictum
1044 4426 1199 4475 estet
1215 4422 1393 4491 prius,
1414 4438 1592 4491 quare
1613 4437 1642 4477 c
1663 4440 1698 4476 a
1720 4439 1871 4477 sem-

239 4528 335 4582 per
356 4512 463 4565 erit
496 4511 659 4577 falsa,
682 4511 802 4566 haec
828 4512 981 4566 enim
1007 4515 1095 4565 est
1121 4526 1417 4564 conversa.
1453 4510 1729 4566 Similiter
1768 4530 1871 4567 au-
1910 4493 1952 4557 Ῑ)

236 4605 350 4655 tem
375 4605 463 4655 est
484 4605 541 4655 et
562 4602 611 4653 si
639 4617 707 4654 ex
730 4600 842 4654 alia
863 4600 1230 4655 ordinatione
1252 4598 1573 4670 accipiatur
1591 4602 1873 4669 medium,

242 4690 390 4744 sicut
422 4690 645 4744 dictum
670 4695 759 4744 est
788 4697 843 4744 et
876 4690 931 4743 in
958 4689 1241 4761 privativa
1258 4689 1617 4760 deceptione,
1641 4707 1875 4746 necesse

243 4778 387 4834 enim
418 4782 508 4833 est
537 4795 663 4849 qua:
686 4779 925 4849 quidem
950 4783 1039 4833 est
1060 4777 1093 4831 ά
1125 4780 1155 4832 b
1189 4793 1441 4847 manere,
1477 4795 1601 4850 qua:
1634 4795 1766 4835 vero
1789 4785 1877 4835 est

240 4886 268 4923 a
297 4869 333 4921 ά
354 4869 709 4935 converti,et
741 4868 859 4922 haec
882 4866 1145 4938 deceptio
1172 4869 1372 4922 eadem
1396 4871 1485 4921 est
1509 4868 1706 4938 priori.
1731 4870 1874 4925 Cum

241 4974 368 5013 vero
398 4957 481 5011 sic
518 4974 631 5011 non
668 4974 768 5028 per
796 4957 1122 5028 proprium,
1158 4956 1204 5011 si
1241 4957 1476 5027 quidem
1512 4956 1585 5011 sit
1614 4957 1647 5011 tl
1678 4959 1788 5013 sub
1820 4976 1873 5027 a,

243 5048 356 5101 haec
380 5047 614 5117 quidem
651 5047 759 5101 erit
783 5063 935 5111 vera,
959 5046 1144 5101 altera
1160 5062 1289 5100 vero
1314 5046 1478 5113 falsa,
1514 5051 1701 5117 potest
1718 5049 1874 5104 enim

243 5137 347 5191 ain
382 5136 651 5207 pluribus
673 5152 824 5202 esse,
859 5152 985 5207 quae
1005 5152 1117 5190 non
1148 5140 1285 5189 sunt
1310 5136 1419 5189 sub
1441 5152 1501 5190 se
1525 5136 1795 5192 invicem.
1817 5138 1873 5192 Si

242 5242 367 5280 vero
395 5243 507 5279 non
532 5226 609 5279 sit
638 5225 671 5279 ά
695 5226 803 5279 sub
837 5242 889 5289 a,
925 5224 1047 5279 haec
1089 5224 1325 5295 quidem
1366 5241 1598 5295 semper
1630 5228 1877 5284 manife-

244 5320 389 5368 stum
418 5320 507 5369 est
537 5314 813 5385 quoniam
848 5321 937 5369 est
961 5313 1123 5377 falsa,
1158 5312 1508 5368 afﬁrmativa
1541 5331 1695 5370 enim
1726 5317 1873 5371 acci-

245 5405 449 5475 piatur.
485 5404 619 5467 Quae
654 5420 786 5458 vero
817 5408 907 5457 est
935 5402 969 5456 ά
1001 5404 1049 5472 b,
1086 5402 1371 5471 contingit
1401 5411 1454 5457 et
1484 5420 1679 5459 veram
1724 5424 1873 5474 esse,

245 5500 297 5547 et
327 5493 553 5561 falsam,
579 5492 724 5546 nihil
748 5493 903 5546 enim
940 5492 1207 5563 prohibet
1236 5499 1268 5545 α
1300 5490 1540 5561 quidem
1577 5494 1634 5547 in
1670 5494 1877 5550 nullod

245 5598 380 5647 esse,
403 5582 437 5635 d
454 5586 649 5637 autem
675 5581 734 5635 in
752 5581 975 5648 omnib,
1000 5585 1063 5635 ut
1083 5579 1299 5635 animal
1325 5580 1382 5633 in
1408 5579 1672 5649 scientia,
1689 5584 1876 5638 scien-

806 290 1315 344 POSTERIORUM
1353 284 1923 340 ANALYTICORUM
1960 282 2422 338 ARISTOTELIS
2460 280 3057 335 INTBRPRETATIO.

3521 272 3629 326 730

1902 408 1951 472 Α
1982 407 2062 461 tia
2084 411 2277 460 autem
2300 411 2365 459 ut
2385 406 2442 459 in
2468 405 2714 471 musica,
2736 419 2927 473 neque
2961 402 3163 472 utique
3188 417 3221 455 α
3281 400 3339 453 in
3393 397 3552 452 nullo
3574 397 3630 463 ἀ,

1984 512 2173 567 neque
2204 497 2237 549 d
2272 496 2327 549 in
2356 494 2515 550 nullo
2550 496 2577 548 Ι)
2604 510 2752 548 esse.
2780 493 3155 547 Manifestum
3184 490 3362 561 igitur
3384 492 3472 541 est
3494 503 3635 557 quo-

1984 587 2139 640 niam
2163 601 2291 640 cum
2310 584 2781 639 nonsitmedium
2802 581 3124 652 pr0prium,
3142 586 3199 633 et
3220 585 3358 632 utras
3386 580 3635 648 possunt

1984 674 2159 729 simul
2186 690 2313 729 esse
2340 674 2517 738 falsae,
2543 679 2595 728 et
2615 687 2979 743 quaecunque
2999 667 3301 738 contingit.
3327 669 3474 731 Quot
3496 665 3629 735 qui-

1982 764 2111 817 dem
2138 764 2317 833 igitur
2336 761 2539 827 modis,
2562 768 2613 815 et
2644 776 2882 832 parquae
2902 754 3283 828 possuntfieri
3300 755 3624 809 secundum

1982 850 2386 922 syllogismum
2413 848 2803 920 deceptiones,
2829 852 2883 901 et
2908 847 2964 900 in
2990 845 3122 899 aliis
3163 860 3285 913 qua:
3330 846 3466 895 sunt
3499 841 3625 894 sine

1982 942 2193 1001 medio.
2218 946 2274 994 et
2294 942 2350 994 in
2390 939 2460 994 iis
2498 955 2623 1009 quae
2643 943 2784 993 sunt
2806 954 2904 1008 per
2922 932 3479 989 demonstrationem
3508 946 3626 982 ma-

1980 1029 2259 1084 nifestum
2289 1033 2397 1083 est.

2613 1132 2837 1189 CAPUT
2869 1131 3010 1185 XIV.

1980 1226 2040 1280 Si
2068 1241 2259 1281 sensus
2291 1241 2325 1279 a
2354 1229 2560 1278 natura
2599 1222 2802 1292 deﬁcit,
2830 1230 2881 1275 et
2935 1217 3226 1273 scientiam
3274 1213 3630 1285 propriorum

2407 1294 2759 1350 sensibilium
2776 1294 2931 1347 illius
2948 1292 3199 1359 deﬁcere.

2050 1388 2413 1442 Manifestum
2440 1391 2529 1441 est
2550 1392 2769 1453 autem,
2794 1390 2848 1438 et
2871 1383 2920 1438 si
2940 1381 3153 1446 aliquis
3177 1393 3387 1433 sensus
3406 1375 3635 1429 defece-

1981 1478 2078 1546 rit,
2105 1493 2341 1532 necesse
2377 1482 2466 1531 est
2505 1475 2763 1546 aliquam
2808 1471 3111 1528 scientiam
3154 1468 3423 1528 deficere,
3448 1480 3625 1535 quam

1979 1566 2325 1637 impossible
2346 1570 2436 1621 est
2466 1566 2748 1635 accipere,
2782 1562 2829 1617 si
2879 1561 3111 1631 quidem
3165 1556 3469 1622 discimus,
3528 1556 3630 1606 aut

1979 1672 2082 1725 per
2126 1655 2549 1722 inductionem,
2602 1658 2704 1707 aut
2753 1668 2856 1723 per
2898 1646 3481 1703 demonstrationem.
3532 1643 3631 1695 Est

1980 1750 2174 1799 autem
2232 1742 2658 1799 demonstratio
2713 1758 2780 1795 ex
2858 1735 3311 1799 universalibus,
3365 1728 3627 1785 inductio

1978 1840 2172 1889 autem
2196 1850 2263 1888 ex
2284 1835 2355 1888 iis
2391 1850 2516 1903 quae
2539 1836 2679 1887 sunt
2703 1827 3101 1902 particularia.
3132 1818 3496 1894 Impossibile
3522 1836 3627 1872 au-

1975 1930 2090 1979 tem
2118 1930 2205 1978 est
2228 1922 2582 1977 universalia
2604 1919 2917 1992 speculari,
2936 1916 3049 1971 nisi
3073 1932 3174 1986 per
3194 1909 3620 1977 inductionem,

1977 2013 2255 2082 quoniam
2294 2017 2349 2067 et
2377 2028 2502 2081 quae
2537 2027 2605 2064 ex
2633 2007 3029 2063 abstractione
3076 2004 3375 2067 dicuntur,
3396 2002 3486 2053 est
3518 2012 3620 2067 per

1976 2101 2378 2156 inductionem
2413 2104 2549 2155 nota
2580 2100 2787 2165 facere,
2820 2096 2870 2151 si
2902 2095 3034 2166 quis
3062 2092 3189 2147 vult
3230 2095 3366 2144 nota
3414 2088 3622 2150 facere,

1976 2192 2116 2262 quia
2146 2195 2285 2245 sunt
2316 2191 2375 2244 in
2409 2203 2761 2260 unoquoque
2792 2200 3002 2256 genere
3026 2181 3320 2254 quadam,
3346 2182 3401 2232 et
3429 2175 3477 2230 si
3505 2191 3620 2229 non

1975 2280 2325 2351 separabilia
2358 2280 2478 2334 sint
2509 2277 2832 2333 secundum
2859 2275 3011 2345 quod
3037 2266 3378 2341 bujusmodi
3407 2280 3621 2319 unum-

1976 2375 2243 2443 quodque
2258 2376 2367 2426 est.
2386 2372 2485 2424 Ind
2499 2384 2665 2425 ucere
2679 2373 2873 2423 autem
2901 2382 3015 2421 non
3040 2363 3324 2418 habentes
3348 2372 3613 2421 sensum,

1974 2462 2341 2534 impossibile
2372 2465 2479 2528 est,
2514 2458 2903 2531 singularium
2934 2454 3091 2510 enim
3124 2466 3334 2507 sensus
3364 2451 3471 2514 est,
3498 2462 3613 2499 non

1974 2552 2128 2606 enim
2160 2550 2446 2621 contingit
2476 2550 2738 2620 accipere
2763 2550 3024 2618 ipsorum
3059 2540 3386 2604 scientiam,
3429 2551 3621 2606 neque

1976 2642 2131 2696 enim
2167 2646 2257 2695 est
2285 2657 2353 2695 ex
2386 2637 2817 2694 universalibus
2861 2636 2989 2690 sine
3037 2629 3394 2691 inductione,
3430 2638 3618 2694 neque

1979 2747 2079 2801 per
2110 2730 2503 2784 inductionem
2539 2732 2665 2783 sine
2698 2742 2900 2781 sensu.

2619 2833 2844 2889 CAPUT
2868 2829 2981 2886 XV.

1980 2930 2061 2982 Ex
2080 2935 2211 2997 quot
2240 2935 2289 2981 et
2311 2924 2567 2995 qualibus
2588 2931 2796 2997 constat
2818 2917 3197 2997 syllogismus,
3225 2918 3369 2997 etoan
3399 2926 3619 2965 sursum

2262 2988 2577 3051 deorsumve
2613 2998 2710 3064 ﬁat
2741 2995 2799 3047 in
2830 2988 3112 3061 inﬁnitum
3144 2988 3335 3041 abitio.

2050 3090 2150 3143 Est
2179 3090 2374 3143 autem
2406 3085 2600 3141 omnis
2630 3080 3009 3155 syllogismus
3042 3094 3145 3149 per
3177 3082 3291 3130 tres
3317 3071 3622 3139 terminos,

1983 3184 2039 3233 et
2070 3179 2306 3249 quidem
2342 3181 2671 3231 monstrare
2704 3169 3007 3243 possibilia
3038 3172 3128 3222 est
3158 3164 3438 3237 quoniam
3473 3179 3509 3216 a
3539 3164 3628 3215 est

1980 3268 2038 3323 in
2068 3285 2115 3336 ε,
2150 3272 2383 3336 pr0pter
2413 3265 2469 3319 id
2502 3263 2655 3333 quod
2689 3266 2780 3316 est
2811 3262 2869 3315 in
2902 3259 2953 3325 b,
2978 3263 3033 3313 et
3056 3256 3167 3311 hoc
3199 3256 3259 3309 in
3289 3269 3335 3307 c.
3367 3251 3476 3307 Sed
3512 3249 3627 3321 pri-

1981 3357 2207 3412 vativus
2240 3360 2328 3410 est
2358 3353 2593 3424 quidem
2626 3351 2867 3406 alteram
2903 3345 3357 3421 propositionem
3401 3340 3625 3394 habens

1982 3448 2259 3517 quoniam
2292 3449 2382 3498 est
2411 3430 2627 3511 aliquid
2662 3438 2817 3494 aliud
2849 3438 2908 3492 in
2960 3437 3094 3502 alio,
3128 3434 3369 3489 alteram
3428 3433 3624 3483 autem

1982 3534 2261 3608 quoniam
2294 3549 2408 3587 non
2440 3536 2549 3587 est.
2583 3529 2959 3586 Manifestum
2982 3526 3166 3597 igitur
3190 3526 3279 3577 est
3300 3519 3455 3591 quod
3472 3517 3626 3589 prin-

1981 3626 2151 3695 cipia,
2187 3627 2244 3678 et
2273 3619 2703 3693 suppositiones
2736 3618 2892 3671 dicta
2912 3616 3032 3670 haec
3054 3617 3213 3677 sunt,
3242 3608 3623 3679 accipientem

1980 3694 2134 3770 enim
2168 3713 2287 3767 haec
2314 3711 2421 3779 sic,
2454 3722 2691 3763 necesse
2723 3711 2812 3761 est
2842 3708 3170 3759 monstrare
3201 3705 3265 3755 ut
3296 3697 3451 3769 quod
3482 3712 3519 3750 a
3550 3694 3628 3750 sit

1981 3803 2038 3858 in
2072 3819 2101 3857 ο
2125 3819 2224 3871 per
2254 3801 2304 3867 ὁ,
2340 3800 2552 3853 iterum
2588 3802 2782 3851 autem
2819 3794 2972 3866 quod
3010 3810 3042 3847 a
3069 3790 3142 3845 sit
3172 3790 3231 3843 in
3278 3788 3305 3841 b
3338 3803 3439 3858 per
3468 3784 3626 3841 aliud

1982 3891 2263 3957 medium,
2297 3894 2352 3943 et
2385 3887 2539 3959 quod
2560 3888 2588 3941 b
2612 3886 2687 3941 sit
2715 3885 2774 3939 in
2800 3901 2829 3947 c
2849 3882 3138 3939 similiter.
3162 3878 3492 3933 Secundum
3519 3873 3630 3945 igi-

1982 3988 2079 4037 tur
2111 3981 2446 4051 opinionem
2482 3976 2985 4049 syllogizantibus,
3010 3978 3065 4028 et
3088 3971 3278 4027 solum
3304 3966 3627 4031 dialectice,

1982 4070 2356 4126 manifestum
2390 4073 2478 4122 est
2508 4067 2664 4138 quod
2696 4065 2804 4119 hoc
2854 4062 3046 4119 solum
3094 4058 3543 4119 intendendum,
3578 4053 3626 4109 si

1980 4178 2048 4216 ex
2080 4160 2297 4231 quibus
2329 4155 2620 4227 contingit
2652 4153 2903 4208 maxime
2936 4147 3341 4221 probabilibus
3371 4144 3473 4198 ﬁat
3508 4141 3627 4212 syl-

1980 4249 2282 4321 logismus.
2316 4248 2503 4309 Quare
2532 4248 2589 4298 et
2617 4242 2667 4297 si
2699 4246 2789 4296 est
2820 4239 3039 4309 aliquid
3075 4238 3129 4291 in
3158 4235 3394 4289 veritate
3423 4246 3624 4286 eorum

1980 4355 2107 4408 quae
2140 4342 2279 4391 sunt
2310 4352 2343 4389 a
2374 4336 2403 4388 b
2437 4332 2718 4399 medium,
2750 4330 2977 4383 videtur
3009 4331 3204 4381 autem
3239 4340 3352 4378 non
3376 4337 3504 4377 esse
3526 4336 3628 4391 per

1982 4429 2092 4483 hoc
2123 4426 2498 4498 syllogizans,
2534 4421 2837 4494 syllogizat
2866 4418 3185 4472 dialectice.
3221 4416 3297 4469 Ad
3331 4412 3626 4467 veritatem

1985 4522 2203 4579 autem,
2239 4532 2306 4569 ex
2335 4514 2408 4567 iis
2441 4529 2565 4583 quae
2599 4515 2739 4565 sunt
2795 4511 3023 4579 oportet
3076 4505 3399 4570 intendere,
3458 4501 3633 4555 habet

1985 4611 2177 4662 autem
2214 4622 2275 4659 se
2307 4604 2408 4658 sic.
2444 4600 2727 4667 Quoniam
2762 4604 2956 4653 autem
2989 4601 3076 4652 est
3097 4595 3249 4666 quod
3278 4593 3471 4662 ipsum
3506 4589 3632 4660 qui-

1985 4696 2113 4750 dem
2138 4694 2207 4747 de
2222 4692 2335 4746 alia
2358 4691 2725 4763 praedicatur,
2752 4705 2862 4741 non
2888 4686 3208 4741 secundum
3234 4678 3627 4737 accidens.Di-

1986 4801 2051 4839 co
2083 4788 2277 4837 autem
2310 4779 2631 4836 secundum
2667 4777 2957 4843 accidens,
2993 4780 3053 4830 ut
3085 4774 3283 4829 album
3313 4768 3629 4841 aliquando

1986 4873 2238 4929 dicimus
2266 4870 2410 4925 illud
2434 4886 2563 4925 esse
2593 4868 2914 4934 hominem,
2940 4883 3052 4921 non
3077 4862 3350 4919 similiter
3371 4862 3628 4915 dicentes

1986 4968 2040 5017 et
2061 4962 2356 5018 hominem
2385 4959 2607 5029 album,
2632 4974 2762 5013 cum
2795 4957 2951 5011 enim
2975 4971 3093 5009 non
3117 4953 3193 5008 sit
3229 4951 3502 5017 alterum,
3523 4948 3629 5003 ali-

1986 5053 2142 5123 quod
2162 5052 2362 5105 album
2388 5052 2500 5115 est,
2526 5046 2723 5101 album
2748 5050 2942 5101 autem
2984 5048 3073 5099 est
3111 5042 3304 5109 homo,
3349 5039 3631 5111 quoniam

1986 5141 2198 5197 accidit
2218 5139 2443 5194 homini
2466 5154 2596 5193 esse
2618 5136 2839 5205 album,
2867 5138 3006 5190 sunt
3030 5133 3210 5205 igitur
3230 5131 3496 5202 quaedam
3522 5128 3631 5180 bu-

1983 5229 2265 5300 jusmodi,
2296 5244 2660 5299 quaecunque
2683 5225 3009 5281 secundum
3047 5239 3107 5277 se
3131 5220 3543 5292 praedicantur.
3571 5214 3630 5269 Si

1987 5320 2213 5389 igiturc
2235 5316 2577 5386 hujusmodi
2602 5318 2754 5387 quod
2779 5315 2973 5386 ipsum
3002 5312 3237 5383 quidem
3267 5326 3381 5364 non
3418 5308 3475 5361 in
3515 5305 3627 5359 alio

1986 5406 2160 5475 sit,in
2204 5406 2313 5460 hoc
2346 5414 2540 5460 autem
2575 5405 2605 5459 [τ
2637 5406 2713 5459 sit
2737 5403 2945 5475 primo,
2970 5408 3025 5456 et
3044 5418 3155 5455 non
3196 5415 3295 5470 per
3320 5397 3476 5452 aliud
3507 5410 3629 5448 me-

1985 5497 2171 5562 dium,
2200 5495 2409 5549 iterum
2436 5511 2464 5549 e
2484 5495 2555 5549 de
2575 5494 2721 5559 dsit,
2746 5498 2800 5548 et
2822 5491 3094 5547 similiter
3116 5495 3171 5544 et
3192 5488 3299 5542 hoc
3318 5487 3374 5540 in
3401 5485 3451 5551 b,
3480 5500 3627 5536 nun-

1984 5583 2125 5654 quid
2170 5584 2351 5654 igitur
2382 5584 2489 5639 hoc
2521 5600 2758 5639 necesse
2787 5586 2875 5637 est
2910 5585 3085 5643 stare,
3127 5594 3200 5631 au
3254 5571 3533 5643 contingit
3568 5569 3626 5625 in
