4056 6176
510 268 611 324 731

1781 265 1898 316 AN.
1940 264 2161 316 MANL.
2203 264 2362 317 BEV.
2403 265 2642 318 BOETII
3727 266 3807 320 732

511 392 808 449 inﬁnitum
837 393 964 446 ire?
997 391 1062 444 Et
1093 390 1300 443 iterum
1335 387 1382 441 si
1417 387 1486 440 de
1517 403 1547 439 (ι
1573 384 1804 455 quidem
1835 383 1977 438 nihil
2011 401 2154 452 prm-
2187 387 2237 450 Α
2271 386 2424 455 quod
2459 386 2653 456 ipsum
2680 386 2917 458 quidem
2951 386 3007 440 in
3038 387 3150 440 alio
3181 385 3334 440 nullo
3389 388 3488 454 est,
3516 388 3600 441 sed
3649 388 3697 442 in
3734 389 3808 444 illo

511 484 740 538 dicatur
769 499 867 551 per
899 497 980 541 se,
1017 497 1046 532 [ι
1083 484 1276 531 autem
1317 476 1372 528 in
1400 478 1433 544 f
1480 480 1568 529 est
1627 475 1834 542 primo,
1898 473 2151 527 medium

513 581 704 630 autem
732 573 789 625 in
824 569 982 624 nullo
1018 566 1216 638 priori,
1252 571 1306 619 et
1337 573 1358 634 /
1394 566 1450 618 in
1483 583 1542 630 α,
1576 571 1632 619 et
1664 564 1771 618 hoc
1805 565 1861 618 in
1897 565 1946 628 Ι),
2004 580 2152 616 ηυῐι-

511 665 648 734 quid
684 667 736 714 et
768 660 874 713 hoc
907 665 1060 712 stare
1094 672 1328 709 necesse
1361 655 1490 708 est?
1525 670 1596 707 an
1626 659 1679 706 et
1720 653 1812 706 hic
1872 651 2156 722 contingit

505 767 563 806 in
585 749 877 803 inﬁnitum
901 745 1059 800 abire
1088 744 1330 798 ?Diii‘ert
1353 747 1546 796 autem
1572 741 1680 796 hoc
1705 758 1736 795 a
1760 740 1934 812 priori
1959 741 2151 793 intan-

506 848 653 904 tum,
673 836 950 907 quoniam
975 834 1082 888 hoc
1102 833 1332 903 quidem
1353 836 1441 886 est
1465 831 1756 901 nunquid,
1773 829 2154 900 contingitin-

507 931 813 996 capturum
839 926 906 979 ad
932 921 1271 992 huiusmodi
1289 921 1439 992 quod
1466 921 1522 973 in
1542 919 1702 974 nullo
1723 925 1812 973 est
1831 919 2032 985 altero,
2049 919 2149 972 sed

509 1016 664 1069 aliud
693 1016 746 1067 in
774 1014 893 1077 illo,
918 1014 973 1066 in
999 1028 1233 1066 sursum
1261 1011 1318 1064 in
1345 1010 1641 1063 inﬁnitum
1694 1008 1874 1075 abire,
1901 1007 2147 1061 alterum

504 1112 694 1159 autem
715 1105 1101 1173 incmptururn
1119 1102 1188 1155 ab
1204 1099 1535 1166 bujusmodi
1551 1099 1700 1167 quod
1719 1098 1909 1166 ipsum
1927 1096 2155 1166 quidem

505 1196 575 1247 dc
601 1194 733 1257 alio,
759 1194 826 1245 de
851 1193 950 1246 illo
975 1197 1169 1245 autem
1207 1187 1350 1243 nihil
1386 1188 1743 1258 praedicatur,
1785 1187 1839 1239 in
1875 1187 2148 1240 deorsum

505 1283 926 1344 intendentem,
961 1279 1009 1334 si
1033 1278 1397 1348 contingitin
1425 1276 1717 1330 inﬁnitum
1747 1277 1847 1328 ire.
1879 1274 2151 1345 Amplius

506 1373 696 1426 inedia
728 1370 995 1440 nunquid
1031 1367 1316 1431 contingit
1338 1365 1570 1420 inﬁnita
1592 1381 1720 1418 esse
1745 1364 2150 1418 determinatis

503 1460 775 1514 terminis
798 1459 824 1512 ?
853 1459 992 1514 Dico
1025 1461 1219 1511 autem
1255 1456 1386 1508 utsi
1408 1472 1441 1508 a
1466 1455 1520 1508 in
1544 1453 1683 1520 csit,
1712 1452 1966 1507 medium
1995 1453 2150 1522 ipso-

502 1567 625 1603 rum
655 1549 728 1603 sit
751 1549 799 1616 b,
827 1549 897 1602 ab
923 1547 1047 1618 ipso
1071 1551 1266 1599 autem
1294 1545 1344 1607 ί),
1369 1548 1424 1598 et
1446 1543 1516 1597 ab
1535 1561 1567 1596 a
1591 1543 1791 1608 altera,
1817 1544 1915 1596 sed
1941 1541 2150 1596 horum

503 1639 636 1706 alia,
676 1638 938 1708 nunquid
973 1642 1028 1689 et
1063 1637 1178 1688 haec
1208 1634 1267 1687 in
1302 1633 1597 1686 inﬁnitum
1631 1632 1921 1703 contingit
1945 1631 2150 1687 abire?

2267 475 2421 528 aliud
2459 481 2519 529 ut
2552 493 2597 542 ci
2631 493 2816 546 neque
2847 495 2879 530 a
2913 477 3098 546 primo
3131 476 3186 529 in
3219 476 3498 530 ultimum.
3526 477 3643 530 Dico
3660 484 3806 531 autem

2266 566 2522 635 primum
2555 567 2706 636 quod
2744 567 2934 636 ipsum
2971 566 3206 637 quidem
3240 567 3306 619 de
3349 565 3472 632 alio,
3518 566 3604 619 sed
3643 567 3700 619 de
3738 568 3809 622 illo

2266 654 2491 708 nullum
2524 655 2680 710 aliud
2713 656 2965 710 dicitur:
3010 655 3056 710 si
3095 654 3271 726 igitur
3306 655 3418 709 haec
3471 661 3638 721 erunt,
3674 659 3812 709 mani-

2263 743 2477 798 festum
2503 746 2652 814 quod
2677 749 2733 800 et
2754 743 2811 797 in
2838 745 3141 814 negatione
3164 744 3426 798 stabitur.
3447 743 3727 813 Tripliciter
3743 761 3815 798 au-

2261 838 2378 886 tem
2410 839 2766 889 monstratur
2812 852 2922 890 non
2948 850 3098 898 esse,
3124 839 3223 887 aut
3243 833 3390 888 enim
3418 834 3470 886 in
3497 849 3598 903 quo
3631 833 3812 902 quidem

2260 929 2410 987 estc,
2447 924 2474 977 ὁ
2503 923 2656 978 inest
2689 924 2870 990 omni,
2896 925 2997 979 sed
3033 924 3087 977 in
3135 939 3250 993 quo
3271 927 3358 977 est
3399 923 3426 976 b
3455 920 3604 986 nulli,
3631 921 3756 975 inest
3778 940 3815 986 α,

2260 1012 2450 1081 ipsum
2486 1013 2663 1082 igitur
2699 1014 2727 1066 Ι)
2757 1030 2804 1078 c,
2836 1019 2892 1068 et
2923 1030 3154 1083 semper
3209 1011 3446 1066 alterum
3497 1010 3717 1081 spatium
3743 1027 3815 1064 ne-

2261 1117 2419 1154 cesse
2453 1109 2538 1154 est
2574 1105 2652 1155 ire
2685 1101 2744 1155 in
2778 1103 3139 1167 immediata,
3177 1099 3588 1172 przedicativum
3609 1099 3735 1152 enim
3757 1104 3820 1152 est

2260 1187 2368 1243 hoc
2398 1191 2676 1259 spatium.
2710 1191 2820 1245 Sed
2854 1190 3098 1245 alterum
3138 1190 3502 1244 manifestum
3524 1193 3622 1253 est,
3643 1187 3766 1257 quod
3783 1187 3817 1240 si

2260 1277 2319 1331 in
2351 1277 2464 1332 alio
2499 1296 2611 1333 non
2637 1284 2726 1332 est
2758 1279 2958 1349 priori,
2983 1283 3047 1332 ut
3071 1278 3125 1332 in
3149 1279 3204 1346 εἰ,
3229 1277 3335 1332 hoc
3353 1276 3616 1346 indigebit
3637 1276 3683 1329 in
3701 1275 3820 1330 omni

2262 1367 2290 1421 ὁ
2323 1384 2473 1430 esse,
2507 1373 2562 1421 et
2592 1368 2640 1421 si
2671 1368 2884 1422 iterum
2909 1385 2942 1422 a
2965 1367 3021 1421 in
3047 1366 3159 1422 alio
3185 1367 3372 1437 priore
3395 1382 3557 1436 quam
3575 1363 3603 1418 ά
3621 1381 3713 1418 non
3737 1366 3822 1417 lue-

2261 1457 2360 1522 rit,
2396 1456 2536 1510 illud
2572 1457 2854 1527 indigebit
2886 1458 2944 1511 in
2977 1456 3377 1512 omnidesse:
3407 1471 3574 1524 quare
3603 1454 3820 1524 quoniam

2263 1545 2320 1599 in
2353 1546 2625 1600 deorsum
2658 1551 2795 1616 stat,
2827 1547 2939 1613 via,
2973 1551 3030 1600 et
3061 1562 3189 1616 quae
3220 1544 3278 1600 in
3328 1559 3555 1598 sursum
3597 1541 3762 1606 stabit,
3785 1545 3824 1593 et

2261 1636 2369 1688 erit
2399 1635 2617 1706 aliquid
2655 1635 2712 1689 in
2757 1652 2873 1706 quo
2934 1635 3122 1705 primo
3170 1651 3285 1688 non
3345 1634 3450 1688 erit
3501 1651 3552 1687 a.
3609 1628 3823 1685 ltemsib

502 1747 571 1782 an
603 1725 944 1796 impossible
976 1732 1064 1779 est
1086 1726 1111 1778 ?
1141 1729 1229 1778 est
1276 1730 1470 1777 autem
1523 1723 1632 1778 hoc
1675 1723 1910 1793 quidem
1957 1723 2146 1776 inten-
2179 1750 2224 1813 Β
2262 1724 2501 1794 quidem
2535 1725 2596 1778 in
2629 1725 2788 1780 omni
2819 1742 2878 1790 a,
2910 1725 2968 1778 in
3001 1741 3029 1778 ε
3078 1729 3274 1779 autem
3325 1722 3496 1788 nullo,
3525 1721 3632 1776 ain
3659 1737 3682 1774 c
3707 1717 3826 1772 nullo

498 1818 631 1870 dere
668 1817 817 1870 idem
851 1820 907 1869 et
939 1816 986 1868 si
1022 1813 1558 1868 demonstrationes
1589 1812 1647 1865 in
1700 1809 1998 1865 inﬁnitum
2045 1827 2144 1866 ve-

497 1907 689 1971 niunt,
721 1910 775 1959 et
805 1904 854 1959 si
888 1910 977 1958 est
999 1902 1424 1956 demonstratio
1457 1900 1648 1956 omnis
1682 1901 1788 1966 rei,
1812 1918 1882 1954 an
1905 1901 1971 1954 ad
1997 1899 2146 1953 invi-

497 2012 620 2049 cem
655 1993 1108 2048 concludantur.
1133 1991 1416 2045 Similiter
1436 1998 1630 2044 autem
1656 1989 1783 2043 dico
1806 1995 1860 2044 et
1881 1988 1939 2042 in
1966 1989 2148 2059 priva-

503 2084 630 2138 tivis
666 2082 1025 2154 syllogismis
1055 2085 1112 2135 et
1141 2080 1662 2151 pr0positionibus.
1725 2085 1788 2133 ut
1843 2077 1890 2131 si
1948 2095 1980 2132 a
2033 2095 2146 2132 non

497 2173 643 2226 inest
679 2174 706 2224 Ι)
737 2170 878 2225 nulli
914 2175 1015 2224 aut
1036 2171 1358 2238 primo,aut
1382 2173 1472 2223 est
1494 2167 1718 2237 aliquid
1743 2166 2024 2232 medium,
2053 2167 2146 2221 cui

497 2261 672 2332 priori
726 2277 839 2314 non
891 2258 1043 2313 inest
1071 2275 1124 2323 α,
1160 2264 1223 2312 ut
1255 2257 1301 2311 si
1337 2257 1408 2311 sit
1441 2275 1474 2323 g
1507 2257 1660 2327 quod
1717 2256 1876 2310 omni
1911 2256 1938 2308 ὁ
1972 2257 2145 2325 inest,

495 2356 551 2403 et
584 2351 793 2402 iterum
821 2349 927 2402 hoc
963 2364 1074 2402 non
1094 2346 1272 2402 etiam
1299 2345 1398 2399 alii
1425 2345 1622 2416 priori,
1651 2349 1714 2399 ut
1745 2344 1790 2397 si
1826 2344 1860 2397 h
1882 2349 1968 2398 est
1989 2345 2144 2414 quod

493 2439 569 2492 sit
603 2438 659 2491 in
693 2436 853 2491 omni
886 2437 934 2499 b,
971 2439 1022 2490 et
1058 2449 1310 2504 namque
1342 2433 1399 2486 in
1437 2433 1528 2486 his
1562 2435 1662 2486 aut
1699 2431 1934 2486 inﬁnita
1983 2435 2143 2496 sunt,

496 2526 552 2580 in
589 2527 805 2598 quibus
838 2541 953 2580 non
984 2529 1073 2579 est
1109 2525 1164 2577 in
1203 2523 1513 2594 prioribus,
1545 2527 1645 2576 aut
1677 2527 1887 2576 statur.
1921 2521 2030 2575 Sed
2062 2523 2144 2575 in-

498 2615 979 2671 eunvertibilibus
1009 2631 1120 2668 non
1147 2611 1421 2668 similiter
1448 2627 1508 2666 se
1533 2610 1851 2675 habet,non
1878 2609 2032 2664 enim
2057 2614 2147 2664 est

497 2705 553 2759 in
587 2721 750 2774 aeque
793 2702 1266 2773 prmdicabilibus
1299 2702 1368 2754 de
1401 2717 1512 2769 quo
1547 2701 1734 2770 primo
1768 2697 2144 2769 prmdicatur,

493 2800 593 2848 aut
627 2794 857 2856 ultimo,
893 2792 1091 2847 omnia
1121 2791 1278 2844 enim
1311 2790 1380 2844 ad
1414 2805 1610 2843 omnia
1643 2788 1726 2841 sic
1777 2787 2052 2841 similiter
2081 2803 2141 2841 se

499 2885 734 2948 habent,
761 2883 880 2937 sive
913 2886 1050 2936 sunt
1081 2879 1306 2934 inﬁnita
1337 2879 1407 2932 de
1457 2876 1584 2948 ipso
1640 2875 1970 2946 praedicata,
2024 2875 2143 2929 sive

501 2979 748 3042 utraque
781 2977 920 3025 sunt
945 2970 1214 3028 dubitate
1265 2967 1517 3031 inﬁnita,
1555 2965 1664 3019 nisi
1699 2963 1970 3019 similiter
1999 2980 2140 3018 con-

496 3062 639 3115 wrti
697 3062 1021 3130 contingat,
1064 3059 1164 3114 sed
1216 3058 1322 3112 hoc
1373 3057 1612 3127 quidem
1647 3054 1802 3109 sicut
1845 3054 2137 3119 accidens,

497 3151 640 3204 illud
673 3167 803 3205 vero
837 3150 990 3204 sicut
1022 3149 1422 3219 praedicatum.

1134 3252 1363 3307 CAPUT
1405 3251 1544 3306 XVI.

606 3344 986 3398 Determi‘natis
1015 3344 1296 3407 extremis,
1326 3357 1540 3394 summa
1573 3343 1812 3410 imoque,
1840 3339 2039 3393 media

1052 3430 1163 3468 non
1193 3429 1303 3466 esse
1335 3410 1578 3480 inﬁnita.

563 3503 847 3568 Quoniam
866 3502 1046 3571 igitur
1067 3502 1260 3555 media
1283 3518 1395 3554 non
1422 3499 1706 3562 contingit
1738 3498 1967 3552 inﬁnita
1990 3514 2140 3562 esse,

494 3596 540 3647 si
561 3595 616 3647 in
633 3609 868 3647 sursum
889 3592 1234 3645 etdeorsum
1256 3593 1409 3643 stent
1426 3589 1754 3658 praedicata,
1775 3587 2146 3642 manifestum

496 3691 602 3737 est.
643 3685 772 3736 Dico
805 3686 997 3736 autem
1054 3696 1289 3734 sursum
1343 3678 1602 3748 quidem,
1635 3679 1783 3745 quod
1819 3676 2144 3731 universale

499 3773 686 3840 magis
717 3772 1116 3832 est,«leorsum
1151 3772 1373 3828 autem,
1405 3770 1556 3836 quod
1586 3765 1936 3834 particulare
1958 3771 2062 3820 est.
2082 3765 2142 3819 Si

496 3861 649 3913 enim
669 3878 699 3913 α
735 3857 1080 3928 praedicante
1113 3859 1181 3911 de
1202 3873 1249 3922 ε,
1275 3855 1503 3908 inﬁnita
1535 3860 1673 3907 sunt
1696 3854 1908 3918 media,
1934 3855 1989 3907 in
2016 3855 2144 3922 qui-

500 3949 608 4001 bus
641 3951 728 4001 est
759 3947 810 4013 [1,
849 3947 1224 4000 manifestum
1250 3947 1339 3998 est
1370 3942 1524 4012 quod
1559 3940 1855 4011 continget
1886 3942 2140 4010 utrique,

498 4037 656 4091 utab
689 4035 807 4088 ain
861 4035 1134 4088 deorsum
1187 4031 1434 4087 alterum
1498 4030 1567 4083 de
1617 4028 1799 4082 altero
1858 4029 2145 4099 contingit

500 4125 796 4194 praedicari
846 4123 903 4178 in
931 4123 1253 4189 inﬁnitum,
1281 4124 1598 4190 antequam
1623 4118 1778 4172 enim
1804 4117 1859 4170 in
1880 4120 2142 4181 eveniat,

497 4216 730 4269 inﬁnita
763 4213 1132 4268 suntmedia.
1166 4215 1223 4265 et
1253 4209 1324 4264 ab
1355 4224 1383 4262 ο
1415 4207 1471 4261 in
1501 4223 1737 4261 sursum
1765 4207 2016 4273 inﬁnita,
2048 4225 2146 4261 an-

497 4311 733 4375 thiium
765 4303 821 4356 in
844 4320 880 4356 a
911 4303 1328 4365 veniat.Quare
1351 4296 1397 4350 si
1426 4297 1545 4350 haec
1572 4295 1962 4365 impossibilia
1983 4303 2143 4365 sunt,

496 4401 551 4447 et
579 4393 764 4463 ipsius
781 4410 813 4445 ίι
843 4396 898 4444 et
927 4407 954 4444 c
982 4387 1346 4460 impossibile
1370 4401 1500 4440 esse
1534 4384 1742 4438 media.
1767 4385 1964 4453 Neque
1987 4386 2143 4439 enim

2255 1814 2382 1868 erit.
2419 1813 2630 1868 lterum
2667 1814 2777 1868 hoc
2810 1815 2856 1868 si
2885 1818 3113 1884 oportet
3143 1817 3488 1877 monstrare,
3519 1808 3824 1865 manifestum

2254 1906 2361 1965 est,
2387 1903 2539 1972 quod
2565 1908 2665 1956 aut
2688 1920 2788 1974 per
2810 1904 3170 1974 superiorem
3196 1904 3436 1957 modum
3453 1915 3667 1956 sursum
3687 1912 3831 1950 mons-

2253 1992 2524 2056 trabitur,
2547 1997 2647 2046 aut
2671 2009 2772 2062 per
2791 1992 2968 2057 hunc,
2996 1997 3097 2047 aut
3120 1993 3386 2047 tertium.
3409 1990 3624 2044 Primus
3645 1987 3827 2057 quidem

2253 2080 2434 2150 igitur
2463 2081 2660 2136 dictus
2691 2088 2800 2148 est,
2825 2083 3122 2137 secundus
3153 2088 3353 2137 autem
3376 2077 3826 2136 demonstrabitur.

2253 2170 2345 2223 Sic
2379 2175 2577 2224 autem
2638 2171 2842 2242 utique
2899 2171 3354 2236 monstrabitur,
3411 2174 3471 2224 ut
3521 2162 3827 2239 quoddinb

2253 2260 2412 2314 omni
2444 2266 2552 2327 est,
2590 2260 2645 2314 in
2678 2276 2706 2314 ε
2735 2266 2929 2315 autem
2977 2259 3163 2327 nullo,
3196 2261 3247 2315 si
3291 2275 3520 2315 necesse
3549 2262 3630 2313 est
3655 2251 3829 2324 aliquid

2251 2365 2377 2404 esse
2409 2349 2467 2402 in
2501 2350 2551 2416 Ι),
2585 2356 2642 2403 et
2674 2349 2885 2403 iterum
2916 2349 2963 2404 si
2997 2350 3105 2405 hoc
3136 2349 3194 2404 in
3227 2366 3257 2404 c
3288 2366 3402 2404 non
3423 2349 3546 2411 erit,
3565 2345 3700 2401 aliud
3730 2357 3830 2395 vero

2251 2437 2311 2492 in
2342 2438 2375 2491 ά
2405 2442 2494 2491 est
2525 2438 2679 2508 quod
2713 2438 2770 2490 in
2803 2455 2832 2492 ο
2874 2454 2986 2492 non
3020 2444 3134 2504 est,
3194 2439 3374 2507 igitur
3429 2435 3686 2508 quoniam
3729 2445 3826 2484 esse

2252 2542 2485 2596 semper
2517 2526 2801 2596 superiori
2833 2531 2970 2592 stat,
3004 2527 3185 2581 stabit
3213 2534 3274 2582 et
3303 2543 3417 2582 non
3465 2541 3605 2580 esse.
3651 2521 3833 2576 Tertius

2253 2620 2447 2670 autem
2483 2616 2694 2672 modus
2723 2621 2836 2684 est,
2869 2615 2918 2670 si
2949 2633 2989 2670 α
3020 2616 3048 2670 b
3081 2617 3240 2671 omni
3273 2615 3478 2680 insit,c
3499 2629 3618 2668 vero
3641 2612 3689 2665 in
3710 2605 3834 2664 nullo

2253 2705 2280 2758 b
2315 2704 2412 2771 sit,
2448 2720 2562 2758 non
2596 2705 2652 2759 in
2707 2705 2864 2759 omni
2923 2721 2971 2772 ο,
3006 2705 3064 2760 in
3096 2721 3211 2775 quo
3245 2711 3338 2760 est
3365 2723 3419 2759 a.
3451 2708 3651 2759 Iterum
3681 2703 3831 2753 autem

2249 2793 2358 2848 hoc
2381 2810 2481 2864 per
2493 2793 2767 2864 superius
2790 2794 2943 2848 dicta
2964 2799 3064 2848 aut
3079 2794 3356 2851 similiter
3377 2787 3835 2849 demonstrabitur.

2253 2882 2376 2936 Illis
2409 2882 2589 2952 igitur
2620 2882 2810 2936 modis
2842 2889 3052 2937 statur.
3073 2883 3132 2937 Si
3165 2899 3296 2938 vero
3329 2883 3411 2938 sic
3435 2887 3540 2947 est,
3561 2880 3745 2934 iterum
3768 2889 3837 2927 ac-

2251 2970 2501 3039 cipietur
2533 2969 2562 3023 b
2594 2969 2650 3023 in
2684 2985 2712 3024 e
2743 2986 2892 3036 esse,
2926 2970 2984 3024 in
3019 2986 3133 3040 quo
3163 2987 3190 3025 ο
3222 2988 3342 3026 non
3376 2970 3434 3024 in
3462 2968 3611 3024 omni
3633 2961 3840 3031 e,etboo

2255 3059 2467 3112 iterum
2501 3057 2795 3113 similiter.
2828 3060 3112 3122 Quoniam
3173 3066 3376 3114 autem
3410 3056 3750 3129 suppositum
3777 3053 3842 3104 est

2253 3153 2408 3202 stare
2435 3152 2492 3201 et
2522 3147 2578 3200 in
2622 3147 2925 3214 deorsum,
2957 3148 3346 3203 manifestum
3400 3153 3488 3202 est
3535 3145 3674 3217 quod
3704 3138 3842 3196 stabit

2251 3240 2308 3291 et
2341 3236 2492 3306 quod
2528 3234 2586 3289 in
2610 3251 2638 3289 ε
2664 3252 2780 3290 non
2812 3241 2922 3292 est.
2952 3237 3333 3292 Manifestum
3365 3240 3555 3291 autem
3609 3236 3689 3288 est
3728 3244 3843 3300 quo-

2255 3325 2410 3380 niam
2437 3329 2495 3379 et
2520 3324 2568 3377 si
2596 3341 2710 3378 non
2735 3342 2850 3378 una
2872 3325 2962 3379 via
2988 3326 3477 3393 monstretur,sed
3501 3315 3845 3382 omnibuset”

2251 3414 2488 3485 quando
2521 3413 2758 3482 quidem
2785 3431 2851 3467 ex
2878 3415 3067 3484 prima
3090 3415 3298 3483 ﬁgura,
3328 3413 3635 3485 aliquando
3655 3423 3769 3464 vero
3796 3419 3846 3458 ex

2254 3503 2535 3570 secunda,
2561 3511 2659 3554 aut
2683 3519 2751 3555 ex
2773 3501 2963 3570 tertia,
2988 3503 3264 3572 quoniam
3290 3509 3352 3557 et
3374 3504 3457 3558 sic
3479 3493 3845 3563 stal»itur,ﬁni«

2253 3597 2325 3646 ta:
2340 3591 2493 3645 enim
2511 3591 2787 3646 suntvia».
2805 3591 2993 3645 Finita
3009 3597 3202 3645 autem
3228 3592 3392 3646 ﬁnite
3410 3600 3634 3661 sumpta
3652 3583 3845 3659 pluriPS.

2253 3697 2495 3735 necesse
2525 3685 2613 3733 est
2642 3679 2797 3732 ﬁniri
2826 3681 3042 3733 omnia.
3067 3681 3226 3744 Quod
3246 3682 3489 3750 quidem
3516 3675 3741 3750 igiturin
3760 3671 3848 3743 pri-

2251 3769 2484 3822 vatione
2505 3767 2556 3821 si
2589 3768 2826 3838 quidem
2852 3773 2908 3822 et
2925 3769 3116 3823 inesse
3139 3769 3364 3837 statim,
3391 3768 3742 3824 manifestum
3765 3765 3847 3816 est.

2840 3873 3082 3930 CAPUT
3112 3875 3310 3930 XVIII.

2252 3964 2653 4033 Propositionis
2682 3961 3070 4104 afﬂirmatjv/qe
3099 3963 3592 4046 medium-media
3619 3977 3717 4016 non
3764 3967 3852 4010 me

2950 4052 3006 4088 ui
3033 4045 3192 4090 uua.

2950 4038 3192 4090 inﬁnita.

2323 4123 2427 4177 Sed
2446 4123 2581 4192 quid
2598 4122 2656 4176 in
2676 4122 2790 4176 illis
2814 4123 2912 4193 qui
2939 4124 3174 4193 quidem
3192 4125 3382 4197 logica
3403 4124 3774 4196 speculantur,
3789 4114 3853 4168 sic

2255 4212 2635 4266 manifestum
2672 4214 2752 4264 tit.
2780 4212 2840 4266 In
2868 4212 2939 4266 iis
2963 4214 3197 4283 quidem
3227 4215 3410 4285 igitur
3432 4231 3552 4286 qUtE
3577 4213 3786 4283 quidem
3807 4203 3850 4257 in

2252 4317 2318 4356 eo
2346 4301 2498 4372 quod
2518 4301 2654 4370 quid
2681 4308 2770 4354 est
2790 4301 3591 4371 praedicantur,manifestum
3610 4302 3692 4354 est
3712 4294 3855 4361 :eiest

2255 4390 2409 4444 enim
2431 4391 2812 4459 deﬁnire,aut
2842 4389 2892 4443 si
2928 4396 3128 4445 notum
3163 4397 3252 4446 est
3284 4393 3443 4462 quod
3477 4390 3574 4463 qui
3607 4391 3720 4444 erat
3738 4397 3854 4442 esse,

496 4483 541 4537 si
565 4481 778 4551 aliquis
806 4480 960 4534 dicat
983 4479 1138 4549 quod
1175 4479 1291 4530 hac
1315 4475 1550 4544 quidem
1579 4490 1704 4544 quas
1735 4491 1770 4527 ιι
1805 4473 1833 4526 b
1865 4490 1891 4528 ο
1917 4475 2140 4529 contin-
2175 4477 2219 4540 D
2251 4477 2483 4532 inﬁnita
2504 4486 2697 4532 autem
2725 4496 2840 4533 non
2863 4484 2953 4544 est
2977 4481 3248 4548 transire,
3284 4497 3524 4536 necesse
3547 4485 3631 4534 est
3653 4473 3784 4530 ﬁniri
3812 4471 3854 4522 in

497 4572 694 4642 gentia
727 4573 865 4624 sunt
897 4569 964 4622 ad
1001 4567 1272 4626 invicem.
1301 4571 1366 4619 ut
1400 4571 1455 4618 et
1489 4580 1601 4617 non
1637 4563 1755 4617 sint
1787 4563 2001 4628 media,
2040 4563 2140 4618 illa

497 4678 628 4713 vero
663 4675 776 4712 non
811 4673 938 4711 esse
990 4657 1205 4726 accipe,
1260 4653 1403 4708 nihil
1465 4653 1678 4707 differt.
1739 4653 2138 4723 Quodcunque

498 4749 654 4804 enim
691 4746 913 4816 accipio
945 4761 1142 4800 eorum
1173 4761 1299 4815 quae
1334 4745 1472 4797 sunt
1505 4741 1554 4809 b,
1589 4745 1765 4794 erunt
1795 4741 1865 4792 ab
1897 4757 1950 4804 a,
1985 4747 2142 4796 autc

498 4837 731 4890 inﬁnita
765 4834 974 4889 media.
1006 4836 1090 4888 An
1129 4850 1242 4887 non
1275 4849 1308 4886 a
1339 4848 1454 4903 quo
1477 4831 1601 4898 jam
1634 4827 1823 4897 prima
1855 4829 1975 4880 sint
2006 4830 2142 4882 inti-

503 4928 624 4980 nita
655 4926 773 4979 sive
805 4926 1029 4990 statim,
1056 4924 1174 4977 sive
1199 4939 1312 4976 non
1337 4921 1558 4982 statim,
1588 4913 1732 4968 nihil
1751 4915 1942 4969 dili‘ert
1963 4915 1990 4970 Ἰ
2014 4933 2141 4988 quae

498 5015 651 5071 enim
685 5019 824 5068 sunt
857 5017 986 5085 post
1016 5012 1160 5075 haec,
1195 5009 1426 5064 inﬁnita
1457 5011 1614 5060 sunt.

1105 5115 1328 5174 CAPUT
1359 5112 1535 5169 XVII.

503 5210 899 5281 l’mposz‘tinnis
929 5207 1195 5279 negatum
1251 5204 1488 5257 mediate
1531 5199 1728 5281 media,
1761 5200 1958 5281 quibus
1986 5217 2142 5258 revo-

692 5287 845 5337 cetur
866 5282 943 5336 ad
975 5274 1388 5340 iinmedz‘atam,
1422 5290 1531 5328 non
1561 5287 1675 5326 esse
1706 5274 1950 5341 inﬁnita.

578 5371 946 5425 Manifestum
982 5379 1175 5423 autem
1209 5369 1263 5418 et
1304 5364 1360 5416 in
1399 5362 1619 5432 privata
1648 5363 2143 5420 demonstratione

500 5461 770 5525 quoniam
805 5466 1015 5524 statur,
1051 5454 1364 5526 siquidem
1396 5451 1454 5504 in
1477 5451 1846 5520 praedicativa
1867 5456 2055 5505 statur
2081 5452 2141 5506 in

506 5547 791 5616 utr-isque.
826 5546 912 5601 Sit
934 5547 1222 5600 enimnon
1245 5540 1591 5610 contingens
1617 5556 1802 5612 neque
1825 5539 1882 5593 in
1905 5557 2142 5596 sursum

504 5639 573 5688 ab
597 5636 802 5689 ultimo
826 5636 882 5689 in
906 5633 1202 5688 inﬁnitum
1229 5630 1310 5685 ire
1336 5629 1485 5701 (dico
1505 5633 1699 5683 autem
1724 5629 1779 5683 in
1805 5645 1914 5699 quo
1936 5633 2140 5696 statur,

2249 4585 2314 4623 eo
2338 4568 2491 4638 quod
2518 4568 2657 4637 quid
2691 4574 2780 4622 est
2802 4569 3136 4638 praedicata.
3159 4569 3576 4624 Universaliter
3597 4571 3771 4622 autem
3791 4557 3856 4614 sic

2251 4656 2524 4724 dicimus,
2547 4662 2636 4710 est
2674 4657 2827 4711 enim
2854 4673 2986 4712 vere
3031 4659 3224 4713 dicere
3256 4658 3458 4712 album
3491 4654 3788 4713 ambulare.
3816 4649 3858 4699 et

2254 4762 2532 4816 magnum
2550 4745 2691 4800 illud
2709 4745 2930 4810 lignum
2945 4748 3380 4812 esse,etiterum
3399 4748 3617 4818 lignum
3635 4751 3860 4812 magnum

2255 4849 2404 4903 esse,
2437 4839 2494 4889 et
2529 4834 2824 4889 hominem
2859 4836 3183 4899 ambulare,
3209 4837 3310 4892 sed
3339 4836 3583 4892 alteram
3606 4839 3688 4889 est
3708 4831 3778 4885 sic
3797 4825 3859 4880 di~

2254 4938 2407 4986 cere,
2432 4927 2534 4976 aut
2556 4920 2654 4975 illo
2684 4924 2872 4990 modo,
2895 4940 3028 4978 cum
3052 4924 3204 4978 enim
3259 4923 3459 4978 album
3508 4923 3730 4994 quidem
3759 4928 3859 4971 esse

2254 5010 2384 5064 dico
2411 5011 2565 5080 quod
2594 5011 2687 5065 cui
2713 5011 2923 5065 accidit
2961 5011 3158 5066 album
3187 5027 3337 5080 esse,
3369 5011 3595 5083 lignum
3651 5014 3749 5074 est,
3777 5002 3857 5059 sed

2255 5116 2367 5154 non
2403 5100 2557 5170 quod
2592 5101 2925 5170 subjectum
2960 5101 3149 5172 signo,
3184 5103 3384 5157 album
3419 5103 3518 5169 sit,
3563 5106 3617 5155 et
3647 5106 3860 5164 namque

2255 5205 2445 5258 neque
2473 5190 2625 5259 quod
2661 5190 2861 5244 album
2895 5196 3002 5254 est,
3038 5207 3225 5261 neque
3258 5192 3410 5261 quod
3439 5190 3669 5262 quidem
3696 5187 3860 5241 album

2256 5276 2487 5346 aliquod
2522 5283 2629 5342 est,
2655 5278 2869 5333 factum
2899 5279 3120 5349 lignum
3143 5285 3255 5346 est,
3281 5297 3461 5349 quare
3490 5296 3598 5334 non
3625 5283 3708 5332 est
3727 5274 3863 5328 aliter

2257 5381 2431 5436 quam
2456 5369 2776 5421 secundum
2795 5367 3238 5422 accidens.Cum
3255 5377 3445 5422 autem
3463 5367 3680 5438 lignum
3697 5364 3861 5418 album

2254 5469 2382 5507 esse
2415 5455 2562 5522 dico,
2589 5473 2703 5510 non
2737 5456 2890 5525 quod
2923 5455 3161 5525 aliquod
3191 5458 3439 5510 alterum
3474 5455 3776 5516 sitalbum,
3798 5444 3862 5499 illi

2255 5547 2447 5596 autem
2475 5543 2685 5599 accidit
2711 5543 2937 5614 lignum
2963 5562 3111 5611 esse,
3141 5549 3201 5597 ut
3222 5561 3352 5598 cum
3378 5545 3670 5597 musicum
3695 5541 3862 5596 album

2256 5647 2386 5687 esse
2417 5631 2566 5702 dico,
2593 5638 2731 5687 tunc
2755 5636 2907 5688 enim
2941 5632 3219 5704 quoniam
3253 5633 3429 5688 homo
3459 5637 3551 5687 est
3594 5631 3768 5694 albus,
3788 5622 3863 5680 cui
