4070 6170
201 365 317 417 749

854 366 1179 422 PRIORUM
1218 368 1777 424 ANALYTICORUM
1814 368 2285 430 ARISTOTELIS
2320 381 2924 439 ῙΝἸἙΒΡΒΕΤΔΤΙΟ.

3510 392 3620 447 750

197 489 531 587 hominem,
564 489 721 544 aliud
772 494 883 586 est.
927 492 1128 587 Postea
1162 508 1261 563 per
1295 490 1855 587 demonstrationem
1886 492 1938 559 Α
1971 500 2169 587 centes
2197 515 2266 587 ea
2289 502 2594 587 principio.
2619 505 2780 562 Sicut
2799 507 2955 563 enim
2980 512 3216 581 propter
3236 512 3377 584 quid
3405 516 3619 587 quieri-

198 576 459 631 dicimus
493 578 889 633 necessarium
920 594 1047 633 esse
1070 580 1476 634 demonstrare
1507 594 1680 633 omne
1720 578 1860 650 quia

196 670 319 729 est,
353 665 465 719 nisi
501 666 838 721 substantia
869 668 970 733 sit,
1001 685 1130 722 esse
1162 675 1355 723 autem
1381 685 1499 723 non
1529 667 1862 722 substantia

197 755 325 810 ulla
356 762 467 825 est,
502 773 615 811 non
650 760 802 811 enim
828 762 1145 829 estgenus,
1179 759 1332 828 quod
1357 763 1466 824 est,
1493 759 1859 812 demonstra-

194 846 286 899 tio
305 845 505 915 itaque
524 848 632 900 erit
656 848 795 918 quia
817 854 925 915 est,
951 848 1103 918 quod
1130 848 1367 919 quidem
1387 852 1443 902 et
1461 864 1614 902 nunc
1636 846 1860 901 faciunt

194 935 504 1002 scientias;
539 936 678 1005 quid
715 937 871 990 enim
906 937 1199 1007 signiﬁcat
1247 935 1602 1007 triangulus,
1648 933 1860 1006 accipit

192 1030 521 1094 geometra,
558 1026 696 1094 quia
727 1032 921 1079 autem
954 1031 1061 1089 est,
1096 1026 1476 1080 demonstrat.
1504 1024 1649 1090 Quid
1682 1024 1858 1094 igitur

194 1112 560 1167 monstrat-it
590 1113 898 1179 deﬁniens,
951 1115 1088 1185 quid
1122 1120 1210 1169 est
1250 1113 1623 1183 triangulus?
1667 1114 1857 1168 sciens

193 1201 403 1273 itaque
434 1201 649 1273 aliquis
680 1204 1010 1259 diﬁnitione
1041 1205 1179 1275 quid
1203 1210 1313 1271 est,
1352 1203 1402 1259 si
1433 1209 1522 1259 est
1550 1220 1666 1258 non
1689 1205 1852 1269 sciet,

187 1292 301 1345 sed
335 1290 723 1362 impossibile.
760 1292 1136 1348 Manifestum
1159 1298 1248 1348 est
1273 1297 1329 1347 et
1350 1292 1673 1347 secundum
1698 1307 1853 1345 nunc

185 1381 404 1436 modos
428 1381 831 1449 terminorum,
855 1384 1003 1453 quod
1026 1400 1137 1437 non
1164 1386 1493 1437 monstrant
1512 1381 1855 1437 definientes

188 1470 340 1542 quia
371 1474 478 1525 est.
511 1471 569 1525 Si
603 1472 760 1525 enim
794 1481 844 1525 et
876 1476 965 1526 est
994 1488 1062 1526 ex
1093 1472 1282 1527 medio
1328 1471 1560 1542 aliquod
1610 1468 1849 1540 aequale,

191 1560 305 1614 sed
332 1564 569 1630 propter
590 1560 730 1630 quid
758 1565 845 1615 est
870 1562 1022 1631 quod
1049 1561 1347 1629 deﬁnitur,
1370 1566 1427 1615 et
1452 1564 1687 1631 propter
1708 1559 1851 1631 quid

185 1653 286 1703 est
319 1648 573 1704 circulus
611 1650 911 1721 quaeritur,
946 1654 1096 1705 esset
1125 1652 1282 1705 enim
1320 1651 1518 1721 alique
1550 1654 1607 1703 et
1634 1649 1850 1704 montis

189 1738 345 1792 aenei
381 1738 571 1793 dicere
603 1742 821 1809 ipsum,
858 1756 1047 1811 neque
1094 1740 1247 1794 enim
1300 1740 1436 1809 quia
1468 1738 1743 1810 possibile
1774 1739 1852 1793 sit

1968 592 2117 643 mus,
2152 578 2434 638 habentes
2465 586 2600 656 quia
2630 592 2738 656 est,
2781 578 3105 659 aliquando
3128 578 3321 648 autem
3354 578 3623 653 et'simul

1969 669 2278 754 manifesta
2301 672 2467 739 ﬁunt,
2493 677 2592 731 sed
2616 694 2801 748 neque
2819 680 2981 749 prius
3011 688 3246 751 propter
3265 686 3403 753 quid
3430 687 3624 754 possi-

1966 745 2194 837 bileest
2224 768 2560 825 cognocere,
2586 745 2761 827 quam
2782 745 2939 830 quia,
2958 745 3334 816 manifestum
3356 745 3618 837 estquod

1965 833 2237 924 similiter
2267 846 2322 894 et
2350 844 2496 912 quod
2530 846 2671 915 quid
2698 852 2821 901 erat
2852 865 2980 903 esse
3002 866 3116 904 non
3162 851 3288 905 sine
3319 853 3457 923 quia
3481 833 3613 924 Vest;

1966 922 2327 994 impossibile
2350 936 2439 984 est
2460 932 2615 987 enim
2636 933 2781 989 scire
2800 936 2937 1005 quid
2963 941 3071 1003 est,
3088 922 3422 1009 ignorantes
3442 941 3489 995 si
3504 922 3613 998 est.

1964 1013 2081 1070 Hoc
2111 1024 2306 1073 autem
2340 1020 2389 1074 si
2417 1027 2507 1076 est
2534 1022 2849 1095 aliquando
2882 1028 3138 1097 quidem,
3162 1033 3261 1083 sed
3287 1032 3610 1088 secundum

1962 1105 2229 1160 accidens
2260 1106 2563 1173 habemus,
2598 1112 2914 1183 aliquando
2968 1132 3096 1171 vero
3142 1116 3425 1174 habentes
3470 1122 3612 1191 quid

1960 1194 2147 1263 ipsius
2180 1195 2353 1259 rei.ut
2384 1201 3013 1273 tonitruum,quoniam
3046 1221 3225 1260 sonus
3254 1208 3491 1277 quidam
3524 1214 3615 1265 est

1962 1282 2330 1353 nebularum,
2355 1291 2409 1341 et
2436 1288 2749 1359 defectum,
2777 1291 3054 1362 quoniam
3075 1293 3319 1365 privatio
3343 1298 3610 1366 quaedam

1957 1369 2633 1444 luminis,ethominem,
2651 1380 2930 1449 quoniam
2947 1381 3165 1437 animal
3187 1385 3479 1454 quoddam
3498 1390 3608 1449 est,

1959 1464 2015 1514 et
2045 1461 2328 1533 animam,
2355 1465 2505 1521 idem
2530 1467 2790 1538 seipsum
2821 1485 3080 1525 movens.
3105 1472 3214 1526 Sed
3247 1489 3613 1547 quaecunque

1959 1550 2189 1619 quidem
2206 1555 2526 1609 secundum
2546 1557 2813 1612 accidens
2829 1559 3048 1613 scimus
3063 1560 3203 1630 quia
3224 1572 3358 1616 sunt
3375 1580 3611 1620 necesse

1957 1643 2045 1693 est
2063 1638 2161 1694 illa
2180 1642 2339 1697 nullo
2361 1646 2531 1698 modo
2549 1662 2610 1700 se
2630 1645 2842 1701 habere
2868 1648 2937 1702 ad
2955 1647 3093 1718 quid
3118 1654 3227 1713 est,
3245 1652 3606 1721 nequeenim

1958 1728 2097 1797 quia
2129 1736 2266 1785 sunt
2288 1735 2529 1800 scimus,
2553 1751 2809 1806 quaerere
2830 1742 2931 1791 aut
2952 1737 3090 1805 quid
3114 1743 3223 1805 est,
3249 1756 3361 1794 non
3387 1740 3608 1796 haben-

185 1842 329 1881 esse
355 1829 505 1897 quod
533 1828 749 1882 dicitur
772 1830 1078 1900 assignant
1104 1828 1362 1897 termini,
1389 1844 1576 1899 neque
1599 1827 1753 1899 quod
1779 1826 1847 1880 il-
1881 1848 1925 1912 B
1958 1820 2047 1872 tes
2079 1820 2217 1889 quia
2246 1826 2353 1912 est,
2388 1822 2534 1912 nihil
2561 1841 2813 1894 quaerere
2845 1831 2955 1893 est,
2978 1827 3303 1882 secundum
3326 1846 3608 1900 quaecun-

186 1914 298 1970 lud
333 1922 423 1971 est
455 1918 624 1985 cujus
658 1918 861 1973 dicunt
893 1933 1020 1973 esse
1051 1916 1474 1985 deﬁnitionem,
1496 1918 1594 1972 sed
1620 1932 1849 1987 semper

180 2005 333 2061 licet
362 2006 552 2063 dicere
584 2013 640 2062 et
670 2014 907 2079 propter
929 2007 1089 2080 quid.
1114 2008 1172 2063 Si
1204 2024 1340 2079 ergo
1362 2006 1647 2064 deﬁniens
1684 2023 1851 2061 mon-

181 2096 408 2151 strabit
436 2102 539 2152 aut
567 2098 704 2168 quid
739 2104 847 2166 est,
883 2104 984 2153 aut
1014 2098 1153 2169 quid
1178 2097 1468 2167 signiﬁcat
1488 2113 1718 2164 nomen,
1742 2097 1843 2151 sed

188 2202 315 2241 non
348 2192 437 2241 est
470 2186 585 2243 ullo
619 2187 789 2242 modo
820 2189 947 2258 ejus
981 2189 1135 2258 quod
1168 2188 1309 2259 quid
1342 2191 1450 2255 est,
1484 2187 1594 2243 erit
1646 2188 1846 2257 utique

186 2275 460 2331 deﬁnitio
496 2277 639 2332 ratio
674 2276 952 2343 nominis,
986 2277 1139 2331 idem
1196 2276 1561 2348 signiﬁcans.
1595 2276 1693 2331 sed
1728 2291 1842 2331 non

182 2364 545 2420 conveniens
577 2371 685 2421 est.
721 2366 982 2420 Primum
1015 2365 1253 2436 quidem
1286 2365 1425 2435 quia
1467 2369 1525 2420 et
1554 2382 1669 2420 non
1703 2365 1842 2420 sub-

165 2456 531 2509 stantiarum
566 2460 722 2511 esset
744 2454 1026 2519 deﬁnitio,
1052 2460 1109 2509 et
1138 2472 1340 2510 eorum
1374 2472 1501 2526 quae
1528 2472 1642 2510 non
1678 2459 1837 2521 sunt,

168 2542 516 2614 signiﬁcare
547 2543 702 2598 enim
727 2548 816 2599 est
847 2549 905 2599 et
928 2561 1052 2615 quae
1074 2561 1185 2599 non
1213 2549 1369 2600 sunt.
1396 2544 1685 2613 Amplius,
1711 2560 1839 2598 om-

175 2648 288 2687 nes
322 2632 610 2688 orationes
642 2634 1000 2688 ditinitiones
1033 2638 1205 2688 erunt
1230 2659 1243 2701 ;
1270 2639 1425 2689 esset
1441 2633 1595 2689 enim
1632 2633 1837 2704 utique

173 2737 397 2775 nomen
431 2739 641 2791 ponere
664 2722 907 2777 cuilibet
936 2723 1205 2789 orationi,
1234 2722 1701 2794 quareterminis
1727 2722 1835 2777 uti-

169 2826 295 2880 que
328 2811 765 2881 disputabimus
782 2829 1008 2875 omnes,
1032 2817 1086 2866 et
1109 2812 1242 2867 Ilias
1263 2811 1525 2867 deﬁnitio
1543 2810 1670 2866 erit.
1696 2812 1833 2865 Am-

168 2898 355 2969 plius,
376 2916 563 2971 neque
582 2918 700 2955 una
717 2901 964 2955 scientia
986 2902 1316 2956 demontrat
1339 2901 1539 2971 utique
1563 2900 1701 2971 quia
1722 2900 1832 2954 hoc

167 3005 390 3044 nomen
415 2990 541 3058 ejus
565 2993 715 3061 quod
744 2991 883 3062 quid
905 2996 991 3045 est
1012 3007 1139 3045 esse
1162 2990 1436 3056 ostendit,
1457 3006 1639 3058 neque
1657 2988 1832 3059 igitur

166 3077 550 3133 deﬁnitiones
574 3079 681 3134 hoc
699 3078 1049 3150 asssignant.
1074 3080 1151 3133 Ex
1172 3080 1261 3135 his
1281 3080 1461 3151 igitur
1482 3095 1669 3149 neque
1689 3079 1828 3132 defi-

167 3167 323 3221 nitio
353 3172 409 3221 et
433 3167 809 3239 syllogismus
835 3170 985 3224 idem
1022 3170 1253 3224 videtur
1281 3186 1429 3240 esse,
1456 3184 1644 3233 neque
1666 3168 1827 3239 ejus-

170 3218 315 3310 3.1.;
347 3218 732 3326 51135.33;
746 3218 809 3313 ἐξ
836 3218 1147 3312 angnia.“
1162 3218 1641 3313 ’Ᾱὰιῖιῖἷέιιῖἐὲιῖζ
1669 3218 1822 3328 ξιξεζά
1859 3218 1901 3285 ο

170 3361 367 3415 neque
396 3344 655 3399 deﬁnitio
690 3345 834 3400 nihil
865 3347 1252 3415 demonstrat,
1287 3363 1475 3417 neque
1516 3350 1825 3413 monstrat,

174 3449 374 3504 neque
404 3434 559 3504 quod
599 3434 736 3505 quid
770 3440 879 3501 est,
914 3452 1101 3506 neque
1132 3435 1495 3503 deﬁnitione,
1521 3451 1709 3507 neque
1729 3435 1827 3491 de-

175 3523 608 3579 monstratione
640 3540 985 3596 cognoscere
1016 3530 1123 3579 est.

790 3613 1023 3669 CAPUT
1064 3613 1213 3670 VIII.

390 3702 536 3769 Quid
572 3707 670 3769 est,
712 3705 1017 3758 monstrari
1044 3720 1142 3775 per
1164 3704 1321 3758 aliud
1350 3702 1482 3775 quid
1513 3712 1612 3759 est.

246 3795 464 3847 Iterum
483 3798 680 3847 autem
704 3794 1131 3865 speculandum
1148 3794 1388 3865 estquid
1404 3810 1605 3849 eorum
1622 3794 1832 3850 dicitur

172 3881 418 3945 bene,et
449 3882 590 3950 quid
620 3899 730 3937 non
760 3884 927 3953 bene,
953 3888 1008 3939 et
1040 3884 1180 3954 quid
1207 3890 1297 3937 est
1318 3884 1605 3953 deﬁnitio,
1626 3888 1681 3938 et
1701 3884 1830 3954 ejus

170 3971 326 4041 quod
345 3971 483 4039 quid
502 3976 610 4037 est,
630 3972 892 4043 nunquid
911 3974 1168 4043 quodam
1186 3975 1355 4028 modo
1369 3974 1833 4028 estdemonstra-

170 4059 273 4125 tio,
310 4065 415 4113 aut
446 4060 730 4129 deﬁnitio,
769 4066 871 4115 aut
905 4060 1062 4115 nullo
1115 4062 1306 4115 modo.
1342 4061 1625 4127 Quoniam
1660 4060 1831 4130 (sicut

169 4148 457 4217 diximus)
487 4148 639 4204 idem
662 4155 751 4205 est
790 4150 939 4205 scire
970 4151 1123 4221 quod
1148 4150 1287 4221 quid
1311 4156 1423 4219 est,
1443 4155 1501 4204 et
1523 4150 1670 4205 scire
1693 4166 1832 4204 cau-

173 4254 301 4293 sam
329 4238 521 4307 ipsius
543 4239 591 4292 si
618 4244 725 4305 est,
748 4239 893 4294 ratio
917 4244 1109 4294 autem
1135 4239 1315 4309 hujus
1338 4244 1422 4294 est
1444 4239 1720 4310 quoniam
1744 4243 1833 4294 est

173 4328 376 4399 aliqua
408 4343 609 4397 causa,
641 4334 695 4382 et
728 4328 866 4395 haec,
901 4334 1001 4383 aut
1030 4329 1233 4384 eadem
1278 4332 1378 4382 aut
1409 4327 1523 4382 alia
1554 4332 1661 4395 est,
1695 4332 1751 4383 et
1779 4327 1830 4381 si

174 4419 376 4487 utique
391 4416 507 4471 alia
522 4422 627 4483 est,
652 4417 1249 4473 autdemonstrabilis
1267 4423 1379 4482 est,
1394 4422 1494 4472 aut
1521 4417 1831 4471 indemon-

170 4507 461 4564 strabilis.
489 4507 547 4562 Si
566 4508 743 4578 igitur
766 4513 854 4563 est
877 4508 1012 4575 alia,
1033 4510 1392 4580 etcontingit
1415 4506 1830 4577 demonstrari,

1965 1923 2077 1979 que
2101 1913 2293 1964 autem
2318 1909 2601 1967 habemus
2617 1914 2757 1984 quid
2782 1913 2947 1969 facile
2978 1920 3096 1970 est:
3122 1932 3300 1986 quare
3322 1920 3608 1990 quemad-

1962 1998 2198 2052 modum
2230 1998 2515 2055 habemus
2547 2001 2687 2072 quia
2718 2006 2827 2067 est,
2861 2003 2945 2058 sic
2968 2003 3255 2060 habemus
3277 2011 3333 2060 et
3364 2008 3433 2061 ad
3467 2008 3607 2078 quid

1959 2091 2067 2140 est.
2087 2088 2344 2152 Quorum
2366 2088 2544 2160 igitur
2567 2090 2854 2146 habemus
2882 2091 3128 2162 aliquid,
3153 2095 3309 2164 quod
3335 2095 3472 2166 quid
3496 2101 3605 2168 est,

1957 2175 2213 2245 primum
2234 2177 2471 2247 quidem
2491 2178 2569 2233 sit
2585 2180 2848 2236 defectus
2880 2181 2937 2235 in
2959 2198 3073 2253 quo
3093 2199 3148 2249 a,
3174 2182 3315 2239 luna
3339 2185 3395 2239 in
3415 2201 3529 2256 quo
3553 2202 3604 2255 c,

1954 2264 2243 2335 oppositio
2266 2270 2430 2321 terra:
2463 2266 2520 2321 in
2554 2283 2669 2339 quo
2702 2270 2746 2323 ὸ.
2769 2268 2974 2325 Utrum
3008 2271 3245 2342 quidem
3269 2274 3485 2344 deﬁcit,
3528 2292 3602 2330 an

1952 2369 2089 2421 non,
2117 2354 2145 2409 b
2167 2371 2426 2426 quaerere
2448 2358 2837 2429 est,nunquid
2861 2363 2969 2427 est,
3003 2377 3075 2415 an
3101 2377 3237 2415 non.
3262 2360 3379 2417 Hoc
3402 2368 3599 2420 autem

1951 2442 2095 2497 nihil
2128 2444 2319 2499 differt
2350 2462 2629 2517 qumrere,
2663 2464 2839 2519 quam
2872 2448 2920 2503 si
2943 2454 3031 2504 est
3062 2449 3207 2505 ratio
3238 2451 3446 2521 ipsius,
3471 2457 3526 2507 et
3548 2453 3600 2509 si

1946 2532 2165 2603 sithoc,
2180 2534 2391 2590 etillud
2408 2536 2662 2592 dicimus
2682 2554 2833 2607 esse,
2858 2543 2957 2593 aut
2976 2541 3167 2596 utrius
3180 2543 3599 2599 contradictio-

1946 2624 2037 2679 nis
2068 2630 2158 2680 est
2207 2625 2371 2693 ratio,
2408 2632 2602 2682 utrum
2637 2628 2888 2683 habendi
2921 2630 3068 2685 duos
3110 2636 3318 2698 rectos,
3351 2637 3451 2687 aut
3481 2648 3596 2688 non

1944 2712 2193 2768 habendi
2211 2714 2390 2771 ?Cum
2418 2728 2611 2771 autem
2634 2716 3002 2772 inveniamus
3017 2718 3191 2773 simul
3213 2718 3406 2785 ipsum
3433 2720 3595 2790 quia,

1943 2806 1999 2856 et
2018 2807 2250 2872 propter
2271 2805 2408 2873 quid
2438 2804 2678 2870 scimus,
2704 2805 2750 2860 si
2778 2822 2880 2877 per
2896 2807 3087 2861 media
3109 2807 3204 2875 sit,
3221 2808 3269 2862 si
3292 2824 3425 2862 vero
3452 2825 3593 2877 non,

1942 2890 2078 2962 quia
2109 2891 2351 2957 scimus,
2376 2898 2609 2963 propter
2631 2894 2767 2962 quid
2792 2899 2990 2950 autem
3015 2912 3151 2951 non.
3174 2896 3257 2950 Sit
3278 2913 3414 2968 ergo
3448 2896 3587 2953 luna

1938 2997 1989 3046 e,
2010 2980 2269 3035 defectus
2293 2998 2346 3047 a,
2374 2981 2573 3036 lunam
2599 2983 2854 3053 plenam,
2880 2985 3150 3040 umbram
3176 3001 3289 3040 non
3314 3002 3485 3056 posse
3511 2986 3596 3041 fa-

1938 3083 2088 3135 cere,
2107 3068 2267 3123 nullo
2293 3074 2555 3125 nostrum
2574 3070 2631 3125 in
2658 3072 2849 3127 medio
2873 3073 3159 3128 existente
3182 3073 3515 3142 manifesto,
3532 3073 3592 3129 in

1940 3174 2056 3230 quo
2088 3158 2138 3225 b,
2163 3157 2213 3212 si
2244 3174 2379 3230 ergo
2400 3158 2456 3212 in
2490 3175 2520 3214 c
2548 3164 2639 3215 est
2659 3160 2710 3228 b,
2734 3161 2890 3233 quod
2928 3166 3019 3217 est
3051 3179 3166 3217 non
3202 3178 3372 3233 posse
3404 3164 3593 3219 facere

1940 3247 2232 3315 umbram,
2265 3264 2399 3302 cum
2424 3248 2623 3304 nullus
2658 3255 2923 3305 nostrum
2965 3249 3022 3305 in
3055 3252 3246 3307 medio
3281 3252 3378 3317 sit,
3402 3252 3461 3307 in
3486 3252 3595 3309 hoc

1937 3337 2172 3408 quidem
2191 3354 2243 3403 a,
2270 3337 2422 3408 quod
2446 3341 2535 3392 est
2555 3338 2822 3406 deﬁcere,
2842 3338 2981 3410 quia
2996 3339 3193 3395 deﬁcit
3209 3341 3590 3397 manifestum

1936 3429 2043 3491 est,
2077 3425 2176 3480 sed
2211 3431 2448 3497 propter
2477 3426 2640 3497 quid,
2686 3428 2971 3494 nondum,
3012 3428 3114 3483 sed
3148 3428 3288 3500 quia
3326 3428 3589 3484 defectus

1938 3513 2176 3585 quidem
2210 3520 2298 3570 est
2319 3515 2553 3581 scimus,
2582 3514 2722 3587 quid
2748 3520 2941 3572 autem
2960 3521 3070 3583 est,
3092 3517 3412 3573 nescimus.
3437 3519 3583 3574 Cum

1937 3608 2133 3659 autem
2159 3606 2527 3660 manifestum
2546 3610 2638 3660 est
2654 3605 2843 3677 quiaa
2861 3606 3061 3673 incﬁt,
3086 3608 3183 3662 sed
3201 3607 3588 3678 propterquid

1937 3698 2025 3749 est
2046 3693 2074 3748 ‘I
2094 3710 2350 3765 quaerere
2372 3693 2401 3747 b
2423 3694 2663 3765 quidem
2684 3700 2795 3759 est,
2818 3700 3017 3750 utrum
3041 3695 3311 3765 objectio,
3335 3701 3437 3751 aut
3457 3712 3591 3751 con-

1937 3784 2128 3838 versio
2143 3783 2293 3837 lunae
2307 3782 2837 3838 autautexstinctio
2852 3783 3233 3851 luminis;hoc
3246 3788 3432 3839 autem
3448 3783 3593 3840 ratio

1938 3871 2184 3927 alterius
2204 3871 2459 3937 termini,
2477 3872 2611 3927 utin
2632 3872 2749 3938 his,
2769 3872 3285 3943 ipsiusa,estenim
3308 3873 3591 3942 defectus,

1937 3961 2187 4031 objectio
2211 3964 2397 4016 terrae.
2440 3961 2588 4025 Quid
2618 3965 2811 4016 autem
2839 3964 2929 4016 est
2954 3961 3290 4017 tonitruus?
3312 3962 3462 4033 ignis
3494 3979 3590 4017 ex~

1938 4049 2243 4105 stinctioin
2270 4050 2441 4105 nube.
2468 4054 2713 4121 Pr0pter
2733 4050 2873 4121 quid
2894 4055 3060 4105 tonat
3082 4055 3103 4106 ?
3127 4052 3590 4121 propterexstin-

1938 4140 2037 4212 gui
2063 4141 2254 4211 ignem
2280 4139 2336 4193 in
2358 4139 2530 4194 nube.
2558 4138 2644 4194 Sit
2667 4139 2853 4193 nubes
2874 4154 2925 4205 c,
2941 4139 3269 4193 tonitruum
3294 4158 3347 4206 α,
3367 4140 3591 4195 exstin-

1939 4228 2054 4285 ctio
2074 4229 2227 4300 ignis
2252 4229 2300 4293 b,
2326 4228 2383 4283 in
2405 4244 2434 4283 ε
2455 4228 2632 4299 igitur
2655 4228 2809 4283 nube
2834 4232 2922 4281 est
2939 4228 2988 4295 b,
3015 4228 3411 4297 exstinguitur
3430 4228 3586 4283 enim

1938 4319 1996 4373 in
2016 4318 2145 4390 ipsa
2162 4318 2336 4388 ignis,
2354 4317 2486 4372 huic
2510 4321 2703 4371 autem
2730 4315 2881 4371 inest
2901 4333 2956 4383 a,
2982 4320 3037 4371 et
3058 4320 3148 4371 est
3168 4316 3313 4371 ratio
3333 4317 3382 4382 b,
3400 4316 3587 4387 ipsius

1938 4425 1970 4462 a
2002 4406 2176 4478 primi
2208 4404 2476 4467 termini;
2501 4404 2549 4460 si
2583 4410 2776 4460 autem
2811 4405 3022 4460 iterum
3055 4404 3235 4475 hujus
3269 4404 3426 4460 aliud
3465 4422 3587 4461 me-

1938 4497 2099 4552 dium
2116 4496 2209 4559 sit,
2232 4513 2299 4550 ex
2322 4494 2565 4566 reliquis
2581 4495 2691 4549 erit
2712 4494 3061 4551 rationibus.
3087 4494 3163 4551 Ut
3182 4494 3363 4567 igitur
3382 4495 3592 4568 accipi-

170 4612 416 4653 necesse
448 4601 537 4649 est
560 4596 813 4651 mediam
838 4613 1077 4651 causam
1100 4612 1249 4663 esse,
1275 4596 1406 4651 etin
1434 4596 1622 4666 ﬁgura
1644 4594 1834 4666 prima
1866 4585 1911 4649 D
1942 4589 2041 4640 ῐυῐ·
2074 4584 2215 4656 quid
2237 4586 2421 4649 θείνει
2462 4585 2527 4638 ﬁt
2556 4588 2781 4651 notum,
2815 4583 3032 4639 diem!!!
3065 4588 3176 4640 θεῖ·
3210 4586 3395 4650 Quare
3416 4584 3592 4657 syllo-

166 4686 509 4751 monstrari;
527 4685 852 4742 universale
875 4689 1029 4741 enim
1052 4691 1110 4741 et
1130 4685 1561 4757 prmdicativum
1578 4684 1832 4755 estquod

169 4775 812 4834 demonstratur.Unus
838 4778 1075 4848 quidem
1103 4777 1314 4831 modus
1336 4792 1491 4830 nunc
1510 4773 1835 4845 exquisitas

166 4873 255 4924 est
278 4882 388 4939 per
406 4865 563 4919 aliud
579 4866 731 4934 quod
750 4867 888 4936 quid
905 4870 1097 4921 estest
1116 4870 1441 4921 monstrare
1454 4864 1662 4919 horum
1677 4862 1833 4918 enim

167 4957 329 5031 quod
359 4956 505 5027 quid
529 4961 617 5011 est
650 4972 888 5012 necesse
913 4962 1003 5011 est
1026 4956 1283 5011 medium
1315 4971 1443 5011 esse
1467 4954 1606 5026 quid
1638 4956 1745 5019 est,
1777 4957 1835 5007 et

166 5045 552 5119 prOpriorum
584 5044 905 5114 proprium.
938 5046 1123 5108 Quare
1152 5044 1259 5099 hoc
1282 5044 1518 5115 quidem
1544 5044 1837 5097 monstra-

167 5138 275 5204 bit,
317 5134 467 5188 illud
498 5150 633 5188 vero
654 5151 768 5188 non
800 5135 1172 5205 eorumquod
1208 5133 1347 5205 quid
1370 5137 1496 5188 erat
1526 5147 1653 5187 esse
1675 5130 1834 5201 ejus-

170 5229 306 5282 dem
346 5222 455 5277 rei.
489 5222 589 5277 Hic
622 5224 859 5295 quidem
882 5224 1059 5294 igitur
1090 5224 1300 5278 modus
1324 5223 1477 5293 quod
1503 5237 1614 5277 non
1637 5220 1714 5275 sit
1742 5220 1835 5274 de-

173 5313 533 5372 monstratio
559 5314 783 5368 dictum
815 5315 1099 5385 estprius,
1122 5315 1220 5370 sed
1246 5318 1335 5369 est
1356 5311 1732 5385 syllogismus
1751 5309 1837 5367 lo-

175 5408 339 5475 gicus
372 5404 564 5476 ipsius
598 5403 737 5475 quid
762 5407 869 5459 est.

814 5492 1052 5548 CAPUT
1096 5494 1191 5548 IX.

661 5584 736 5637 De
762 5582 899 5653 quid
928 5586 1027 5649 est,
1058 5588 1109 5638 et
1140 5581 1282 5655 quod
1309 5583 1407 5636 est.

250 5679 376 5743 Quo
412 5675 610 5729 autem
641 5672 812 5728 modo
845 5673 1147 5743 contingat
1177 5672 1465 5739 dicemus,
1508 5670 1717 5725 iterum
1751 5666 1836 5721 di-

1946 4674 2176 4746 gismus
2207 4672 2442 4744 quidem
2467 4671 2654 4743 ipsius
2680 4673 2833 4740 quod
2864 4673 3001 4744 quid
3027 4677 3115 4730 est
3144 4690 3258 4728 non
3293 4673 3384 4739 ﬁt,
3408 4690 3596 4745 neque

1945 4760 2365 4818 demonstratio
2380 4760 2589 4815 manit't
2601 4764 2759 4815 stum
2775 4765 2969 4817 tamen
2984 4766 3073 4817 est
3086 4778 3186 4833 per
3199 4762 3536 4834 syllogismu
3549 4779 3601 4819 m

1946 4850 2534 4916 demonstrationem,
2589 4866 2772 4921 quare
2815 4866 3003 4922 neque
3053 4851 3180 4907 sine
3228 4852 3598 4907 demonstra-

1946 4941 2101 4996 tione
2132 4948 2221 4996 est
2251 4953 2568 5010 cognocere
2617 4938 2757 5010 quid
2790 4943 2899 5007 est,
2932 4939 3102 5009 cujus
3132 4944 3224 4995 est
3253 4956 3431 4995 causa
3461 4939 3596 5007 alia,

1946 5046 2135 5101 neque
2149 5033 2238 5085 est
2268 5028 2689 5084 demonstratio
2708 5027 2920 5099 ipsius,
2939 5028 3092 5084 sicut
3113 5033 3170 5085 et
3191 5028 3247 5084 in
3267 5029 3595 5085 dubitatio-

1947 5121 2120 5177 nibus
2142 5120 2417 5174 diximus.

2605 5206 2836 5263 CAPUT
2873 5204 2938 5261 Χ.

2154 5298 2246 5353 De
2275 5294 2597 5366 deﬁnitione
2624 5294 2757 5366 quid
2784 5304 2881 5365 est,
2910 5300 2961 5351 et
2988 5298 3208 5367 propter
3235 5294 3387 5366 quid.

2017 5388 2117 5444 Est
2136 5391 2331 5442 autem
2348 5384 2738 5455 quorumdam
2755 5384 3021 5457 quaedam
3044 5401 3221 5440 causa
3242 5384 3441 5453 altera,
3458 5402 3599 5458 quo-

1947 5477 2217 5534 rumdam
2245 5478 2441 5529 autem
2468 5490 2582 5529 non
2599 5478 2911 5545 estzquare
2927 5474 3300 5529 manifestum
3321 5475 3595 5545 quoniam

1948 5581 2152 5624 eorum
2187 5580 2314 5636 qua:
2348 5561 2647 5633 suntquid
2681 5568 2789 5631 est,
2814 5560 2924 5617 alia
2955 5562 3193 5629 quidem
3232 5561 3355 5616 sine
3388 5561 3598 5623 media.

1948 5664 2014 5714 ut
2036 5653 2326 5729 principia
2349 5656 2510 5719 sunt,
2536 5669 2663 5722 quae
2698 5652 2837 5721 quia
2856 5657 2999 5707 sunt
3027 5655 3085 5705 et
3113 5667 3238 5720 quae
3265 5650 3403 5719 quid
3437 5654 3600 5717 sunt,
