4070 6170
507 358 609 410 ’751

1785 348 1906 400 ΔΝ.
1946 342 2167 397 MANL.
2209 341 2366 396 θεν.
2408 346 2645 405 ΒΟΕΤῙΙ

3736 353 3812 407 752

502 494 833 552 supponere
861 479 1104 549 Oportet.
1135 476 1237 529 aut
1267 473 1379 528 alio
1402 472 1571 527 modo
1605 470 1792 525 facere
1827 467 2153 532 manifesta,
2187 462 2242 531 Α
2271 468 2367 524 dia
2395 470 2649 529 duorum
2682 480 2971 531 rectorum
3005 475 3064 531 in
3115 492 3231 547 quo
3278 475 3332 540 b,
3382 474 3475 545 qui
3515 474 3663 530 estin
3692 486 3818 539 eemi.

502 572 655 642 quod
677 568 914 638 quidem
930 563 1335 619 arithmeticus
1358 562 1591 617 facit.Et
1614 575 1873 630 namque
1887 556 2027 629 quid
2050 560 2163 619 est,

2267 561 2485 620 circulo
2526 561 2583 617 in
2616 580 2731 635 quo
2762 582 2812 633 c,
2842 563 3030 635 ipsius
3069 582 3107 619 a
3156 563 3334 635 igitur
3365 567 3569 618 rectum
3596 580 3700 619 esse
3722 563 3767 618 in
3788 578 3821 624 ε,

501 659 784 713 unitatem
808 654 1108 726 supponit,
1140 656 1196 707 et
1226 651 1367 722 quia
1395 656 1507 716 est,
1544 650 1642 705 sed
1670 648 2013 703 habentium
2039 661 2166 699 me-

2279 653 2366 725 qui
2396 654 2568 709 estin
2600 652 2992 719 semicirculo,
3026 670 3205 709 causa
3242 657 3330 709 est
3378 653 3427 716 b,
3470 652 3567 707 hoc
3593 653 3718 707 enim
3744 653 3822 720 ipsi

499 748 995 815 diumetquorum
1012 741 1382 812 estqueedam
1400 739 1586 793 altera
1603 733 2166 808 causasubstantiaa,

498 841 555 891 et
576 834 763 906 ipsius
791 849 939 899 esse,
974 838 1062 886 est
1087 847 1187 901 per
1206 827 1779 884 demonstrationem
1808 824 1986 895 (sicut
2010 820 2166 875 dixi-

508 924 663 994 mus)
695 922 1022 987 ostendere,
1057 935 1173 973 non
1206 919 1630 973 demonstrare.
1665 912 1938 969 Definitio
1967 915 2162 965 autem

511 1012 787 1085 quoniam
807 1010 1044 1082 quidem
1068 1009 1285 1063 dicitur
1315 1006 1462 1061 ratio
1489 1005 1678 1077 ipsius
1712 1003 1865 1073 quod
1896 1000 2037 1072 quid
2057 1002 2168 1064 est,

515 1103 893 1157 manifestum
910 1097 1257 1169 etquoniam
1274 1096 1471 1168 aliqua
1501 1094 1610 1149 erit
1624 1093 1770 1148 ratio
1798 1091 1986 1163 ipsius
2013 1087 2168 1160 quod

517 1192 754 1263 quidem
786 1188 1081 1260 signiﬁcat
1113 1202 1347 1253 nomen,
1374 1188 1476 1239 aut
1508 1182 1654 1237 ratio
1678 1180 1880 1245 altera,
1933 1174 2173 1233 nomina

521 1296 775 1354 ponens:
812 1277 1032 1348 utquid
1057 1274 1350 1347 significat
1380 1273 1534 1345 quod
1562 1270 1698 1342 quid
1731 1274 1821 1325 est
1849 1267 2169 1323 secundum

517 1371 672 1442 quod
692 1366 1021 1438 triangulus
1044 1371 1153 1433 est,
1188 1364 1338 1433 quod
1365 1362 1604 1432 quidem
1632 1360 1915 1414 habentes
1939 1357 2170 1428 quiest,

517 1460 833 1531 quaerimus
862 1460 1097 1526 propter
1125 1453 1261 1522 quid
1300 1456 1408 1506 est.
1463 1448 1712 1505 Difﬁcile
1744 1452 1936 1504 autem
1968 1445 2052 1500 sic
2083 1453 2174 1503 est

514 1548 773 1617 accipere
792 1562 919 1616 quae
942 1541 1238 1597 nescimus
1262 1540 1396 1611 quia
1421 1544 1578 1604 sunt,
1604 1553 1782 1593 causa
1806 1540 2002 1591 autem
2022 1533 2175 1589 dicta

510 1642 599 1691 est
620 1638 783 1706 prius
805 1631 1193 1696 difficultatis,
1220 1630 1359 1701 quia
1377 1644 1567 1700 neque
1581 1626 1629 1683 si
1650 1631 1760 1692 est,
1782 1641 1970 1696 neque
1988 1623 2038 1679 si
2058 1638 2173 1676 non

510 1731 601 1780 est
631 1724 874 1787 scimus,
900 1721 998 1776 sed
1022 1725 1125 1775 aut
1148 1719 1255 1773 hoc
1279 1718 1603 1773 secundum
1647 1715 1940 1770 accidens.
1974 1710 2172 1768 Oratio

514 1819 711 1869 autem
733 1828 849 1865 uua
863 1814 951 1865 est
968 1808 1281 1879 dupliciter
1298 1824 1310 1861 :
1330 1809 1448 1861 haec
1462 1807 1697 1877 quidem
1734 1800 2165 1874 conjunctione,

521 1907 583 1957 ut
608 1901 780 1968 Ilias;
814 1899 926 1955 alia
956 1914 1090 1953 vero
1122 1914 1304 1951 unum
1335 1897 1406 1951 de
1437 1911 1553 1950 uno
1584 1893 1898 1950 ostendens
1935 1907 2047 1946 non
2080 1905 2169 1944 se-

521 1992 781 2046 cundum
811 1988 1099 2051 accidens,
1135 2002 1251 2040 una
1282 1986 1518 2057 quidem
1568 1984 1745 2049 igitur
1774 1980 2065 2036 terminus
2086 1980 2178 2033 est

526 2079 782 2145 termini,
799 2095 927 2149 quae
944 2077 1098 2130 dicta
1118 2074 1403 2129 est.Alius
1422 2090 1552 2128 vero
1574 2071 1859 2127 terminus
1882 2074 1971 2125 est
1991 2065 2178 2122 oratio

524 2171 936 2225 demonstrans
964 2163 1349 2236 propterquid
1372 2166 1479 2229 est,
1505 2177 1687 2233 quare
1712 2160 1869 2231 prior
1884 2156 2181 2230 significat

523 2258 778 2327 quidem,
809 2256 1172 2308 demonstrat
1202 2257 1398 2305 autem
1433 2266 1570 2304 non.
1591 2249 1724 2313 Quae
1744 2266 1876 2305 vero
1898 2244 2182 2318 posterior

523 2354 632 2415 est,
668 2346 1045 2401 manifestum
1079 2350 1135 2396 et
1167 2340 1446 2413 quoniam
1488 2340 1597 2395 erit
1646 2347 1711 2395 ut
1758 2334 2179 2395 demonstratio

523 2439 653 2505 ejus
686 2435 836 2507 quod
858 2433 995 2502 quid
1021 2436 1129 2499 est,
1158 2429 1440 2501 positione
1464 2428 1739 2484 differens
1758 2428 2179 2485 ademonstra-

521 2523 911 2580 tione.Uitl‘ert
932 2520 1088 2575 enim
1116 2520 1309 2574 dicere
1331 2523 1566 2589 propter
1587 2518 1725 2587 quid
1753 2522 1936 2583 tonat,
1959 2525 2013 2572 et
2036 2520 2179 2589 quid

527 2621 615 2671 est
633 2614 949 2673 tonitruus,
970 2610 1119 2664 dicet
1142 2608 1294 2662 enim
1320 2607 1405 2661 sic
1425 2606 1663 2679 quidem
1690 2612 1924 2676 propter
1945 2607 1997 2660 id
2022 2610 2175 2679 quod

527 2701 919 2766 exstinguitur
950 2699 1104 2769 ignis
1136 2696 1194 2750 in
1222 2696 1479 2750 nubibus
1509 2714 1521 2750 :
1548 2695 1693 2759 Quid
1718 2700 1808 2750 est
1838 2694 2135 2752 tonitruus
2159 2696 2186 2752 ?

532 2809 714 2849 sonus
736 2786 1143 2845 exstinctionis
1168 2785 1318 2858 ignis
1342 2785 1398 2839 in
1425 2784 1599 2839 nube.
1620 2786 1806 2851 Quare
1825 2785 2029 2840 eadem
2054 2801 2181 2842 ora-

530 2884 612 2938 tio
645 2880 757 2936 alio
784 2879 978 2943 modo,
1002 2880 1058 2932 et
1088 2874 1201 2930 alio
1222 2875 1457 2942 dicitur,
1481 2877 1538 2928 et
1568 2873 1652 2928 sic
1675 2873 1907 2945 quidem
1941 2875 2182 2930 demon-

533 2971 706 3027 tratio
752 2968 1051 3030 continua,
1102 2964 1186 3019 sic
1220 2967 1414 3019 autem
1449 2962 1731 3018 definitio.
1774 2962 2064 3035 Amplius,
2098 2968 2186 3019 est

534 3060 821 3117 terminus
845 3053 1113 3121 tonitrui,
1139 3069 1319 3107 sonus
1342 3052 1401 3106 in
1434 3050 1709 3118 nubibus,
1735 3050 1857 3105 haec
1877 3057 2071 3107 autem
2096 3056 2187 3108 est

532 3166 659 3220 qua:
692 3152 779 3202 est
808 3146 996 3215 ipsius
1018 3143 1159 3211 quid
1180 3148 1289 3207 est,
1316 3140 1833 3196 demonstrationis
1863 3140 2182 3208 conclusio,

2269 761 2303 798 α
2362 742 2582 814 aequale
2639 746 2747 812 est,
2800 743 2899 814 qui
2950 760 3082 798 vero
3136 747 3224 798 est
3277 759 3325 807 ο,
3376 741 3482 813 ipsi
3541 742 3583 796 b.
3638 746 3825 797 Duorum

2270 833 2426 888 enim
2463 837 2753 887 rectorum
2786 832 3096 887 dimidium
3128 837 3235 901 est,
3284 830 3555 887 existente
3599 830 3743 900 igitur
3763 829 3827 883 di-

2273 923 2453 977 midio
2484 923 2737 978 duorum
2788 926 3097 988 rectorum,
3149 938 3185 976 α
3232 920 3289 975 in
3337 936 3366 975 ο
3400 925 3507 990 θεῖ,
3556 919 3651 974 hoc
3685 925 3829 973 autem

2272 1016 2398 1067 erat
2430 1012 2487 1065 in
2519 1010 2889 1066 semicirculo
2920 1015 3147 1065 rectum
3178 1025 3331 1065 esse.
3371 1008 3483 1063 Hoc
3526 1013 3693 1062 autem
3721 1006 3833 1061 idem

2274 1105 2364 1156 est
2392 1100 2442 1153 ei
2474 1099 2629 1171 quod
2680 1100 2820 1170 quid
2871 1106 2993 1155 erat
3032 1115 3184 1167 esse,
3233 1114 3366 1154 cum
3408 1097 3510 1152 hoc
3555 1095 3837 1168 signiﬁcaret

2278 1188 2555 1255 oratione,
2608 1194 2668 1243 at
2723 1205 2856 1243 vero
2889 1194 2947 1243 et
2988 1187 3179 1259 ipsius
3224 1187 3380 1259 quod
3433 1186 3563 1257 quid
3610 1189 3713 1239 erat
3748 1198 3838 1237 esse

2274 1294 2451 1333 causa
2476 1282 2804 1332 monstrata
2824 1282 2913 1332 est
2936 1277 3145 1332 media.
3170 1281 3288 1332 Hoc
3311 1280 3498 1330 autem
3525 1281 3725 1346 propter
3741 1271 3837 1341 quid

2275 1367 2573 1423 Medorum
2609 1365 2826 1422 bellum
2862 1366 3076 1421 factum
3129 1370 3217 1420 est
3247 1363 3713 1421 Atheniensibus?
3750 1376 3841 1430 quae

2277 1474 2457 1513 causa
2478 1462 2563 1511 est
2591 1456 2839 1527 praeliari
2865 1455 3250 1510 Athenienses
3271 1454 3299 1507 ‘I
3323 1454 3591 1525 quoniam
3616 1451 3666 1504 in
3686 1449 3842 1504 Sardes

2278 1561 2412 1601 cum
2445 1544 2725 1599 Erethriis
2752 1545 3197 1611 commiserunt,
3233 1547 3466 1614 propter
3495 1540 3595 1595 hoc
3617 1537 3745 1593 enim
3764 1552 3846 1591 mo-

2279 1640 2404 1691 tum
2436 1638 2543 1689 est.
2577 1633 2839 1689 Primum
2871 1633 2919 1687 si
2952 1632 3173 1687 bellum
3207 1632 3266 1687 in
3286 1648 3401 1703 quo
3430 1648 3484 1694 a,
3508 1629 3704 1701 priores
3728 1641 3846 1680 com-

2282 1726 2578 1780 mittentes
2610 1724 2666 1777 in
2699 1722 2846 1778 alios
2870 1722 2919 1791 Ι),
2944 1721 3330 1777 Athenienses
3348 1736 3398 1788 c,
3417 1724 3503 1775 est
3532 1718 3691 1790 igitur
3708 1719 3733 1771 ὁ
3757 1714 3848 1779 inc,

2282 1814 2443 1884 prius
2462 1813 2617 1868 enim
2642 1817 2733 1867 est
2756 1808 3689 1880 committerre,Atheniensibus,a
3710 1808 3850 1858 autem

2286 1903 2345 1957 in
2368 1902 2419 1970 ὁ,
2443 1902 2884 1958 debellaverunt
2904 1900 3058 1958 enim
3086 1895 3801 1973 priusinjustos,estitaque
3814 1891 3851 1945 in

2285 1993 2314 2047 b
2334 2008 2388 2057 a,
2411 1990 2688 2046 debellari
2714 1992 2875 2062 prius
2907 1990 3277 2057 incipientes,
3300 1988 3330 2043 b
3353 1993 3544 2042 autem
3576 1986 3626 2039 in
3646 2001 3689 2049 c,
3708 1984 3798 2037 sive
3814 1980 3852 2032 in

2286 2079 2762 2147 Atheniensibus,
2797 2080 3019 2152 priores
3071 2078 3226 2134 enim
3260 2079 3617 2147 inceperunt,
3658 2070 3853 2127 medium

2283 2169 2477 2240 itaque
2509 2168 2603 2224 hic
2632 2186 2811 2224 causa
2862 2169 3116 2239 primum
3151 2183 3412 2222 movens.
3441 2166 3857 2229 Quorumcunque

2279 2275 2415 2313 vero
2431 2275 2608 2313 causa
2621 2263 2709 2312 est
2724 2259 2897 2327 cujus
2918 2256 3127 2327 gratia,
3147 2262 3212 2310 ut
3236 2253 3611 2327 propterquid
3626 2243 3858 2305 ambulat?

2283 2354 2347 2404 ut
2378 2366 2561 2405 sanus
2590 2350 2705 2403 list.
2735 2354 2973 2418 Propter
3002 2346 3141 2418 quid
3168 2346 3384 2401 domus
3408 2343 3537 2399 est?
3560 2348 3616 2396 ut
3637 2339 3860 2394 salventur

2284 2458 2442 2495 vasa.
2469 2440 2585 2495 Hoc
2608 2440 2843 2511 quidem
2865 2438 3053 2509 gratia
3072 2437 3425 2508 hujusquod
3448 2442 3535 2489 est
3556 2423 3860 2490 sanari,illud

2285 2545 2416 2584 vero
2449 2528 2634 2600 gratia
2658 2528 2835 2598 hujus
2864 2527 3015 2598 quod
3052 2530 3142 2581 est
3176 2524 3413 2591 salvari,
3451 2528 3509 2578 et
3540 2525 3746 2593 prepter
3762 2513 3861 2586 quid

2286 2622 2511 2689 oportet
2537 2622 2667 2688 post
2687 2633 2909 2672 cmnam
2934 2614 3258 2676 ambulare,
3290 2620 3347 2670 et
3370 2614 3537 2683 cujus
3558 2608 3721 2682 gratia
3744 2618 3864 2673 apor-

2290 2712 2391 2775 tet,
2426 2706 2795 2761 nihilditfert.
2822 2705 2909 2760 Sit
2930 2703 3236 2760 ambulare
3259 2709 3393 2774 post
3422 2700 3720 2765 ccenam,in
3740 2705 3867 2764 quot.

2291 2813 2405 2851 non
2432 2794 2689 2851 eminere
2720 2795 2902 2858 cibos,
2951 2795 3011 2848 in
3035 2810 3147 2863 quo
3176 2793 3226 2860 b,
3271 2791 3469 2847 sanari
3517 2790 3572 2842 in
3602 2803 3705 2858 quo
3746 2800 3786 2834 α.
3810 2779 3867 2831 Sil

2289 2884 2465 2957 igitur
2487 2884 2545 2938 in
2577 2901 2643 2939 eo
2667 2884 2820 2955 quod
2854 2888 2942 2938 est
2975 2888 3105 2955 post
3132 2898 3359 2936 cumam
3393 2879 3664 2940 ambulat,
3686 2886 3789 2927 esse
3808 2868 3865 2921 la-

2290 2990 2419 3029 cere
2447 2990 2559 3028 non
2584 2972 3022 3044 supereminere
3047 2971 3393 3040 cibosjuxta
3416 2985 3481 3024 os
3504 2957 3868 3027 ventris,ethoc

2291 3081 2419 3120 esse
2439 3080 2646 3120 sanum
2659 3107 2671 3131 ,
2695 3063 2891 3119 videtu
2904 3081 2930 3118 r
2944 3062 3099 3117 enim
3120 3061 3315 3116 inesse
3342 3058 3453 3131 ipsi
3470 3055 3745 3112 ambulare
3759 3043 3871 3120 quod

2294 3159 2384 3210 est
2408 3172 2455 3221 ι’,
2480 3153 2510 3208 b
2536 3170 2648 3208 non
2681 3154 2937 3208 eminere
2961 3151 3140 3206 cibos.
3176 3151 3236 3204 In
3273 3150 3303 3203 b
3335 3156 3529 3204 autem
3556 3163 3610 3211 a,
3643 3143 3735 3196 hoc
3759 3132 3869 3208 quod

528 3253 660 3307 quae
686 3240 881 3289 autem
905 3238 994 3288 est
1023 3232 1501 3286 immediatorum
1536 3229 1818 3295 deﬁnitio,
1854 3230 2065 3301 positio
2095 3237 2185 3286 est
2213 3201 2255 3268 Ο
2293 3201 2384 3298 ξξί
2409 3201 3323 3311 gssint-ul;{ﬁgigiﬁifossga
3338 3201 3457 3307 est,
3562 3201 3871 3303 c'quoda-sit,

522 3324 711 3394 ipsius
735 3320 873 3392 quid
898 3326 1006 3388 est,
1033 3324 1089 3373 et
1115 3318 1691 3385 indemonstrabilis;
1716 3322 1951 3388 estergo
1976 3318 2181 3373 defini-

520 3412 599 3465 tio
624 3428 738 3464 una
766 3408 1003 3480 quidem
1026 3409 1211 3461 oratio
1238 3409 1365 3477 ejus
1391 3406 1543 3476 quod
1570 3406 1710 3476 quid
1744 3410 1853 3469 est,
1874 3406 2184 3463 indemon-

521 3500 820 3566 strabilis;
848 3514 1111 3553 unavero
1126 3495 1510 3567 syllogismus
1534 3495 1721 3567 ipsius
1745 3496 1881 3566 quid
1909 3503 2017 3561 est,
2042 3514 2181 3552 casu

520 3593 796 3647 differens
830 3606 863 3643 a
897 3585 1436 3650 demonstratione;
1471 3583 1640 3638 tertia
1672 3601 1803 3639 vero
1827 3590 1915 3639 est
1947 3602 2073 3655 quae
2097 3590 2187 3641 est

527 3681 714 3752 ipsius
738 3677 877 3749 quid
906 3679 1015 3740 est,
1044 3670 1565 3727 demonstrationis
1597 3671 1918 3727 conclusio.
1939 3675 2185 3729 Manife-

535 3776 690 3825 stum
726 3767 907 3838 igitur
927 3782 995 3819 ex
1015 3761 1187 3817 dictis
1209 3766 1317 3826 est,
1338 3765 1393 3814 et
1419 3759 1669 3815 dualiter
1685 3765 1774 3815 est
1803 3761 1991 3831 ipsius
2025 3764 2181 3834 quod

535 3858 675 3929 quid
710 3862 797 3911 est
828 3850 1271 3915 demonstratio,
1297 3854 1352 3903 et
1371 3849 1664 3919 quomodo
1684 3867 1796 3904 non
1830 3855 1937 3918 est,
1962 3854 2019 3905 et
2038 3869 2181 3923 quo-

536 3965 664 4002 rum
681 3950 788 4008 est,
805 3949 858 4000 et
877 3958 1126 4015 quorum
1148 3956 1259 3993 non
1280 3944 1386 3993 est.
1410 3937 1902 4009 Ampliusautem,
1920 3940 2183 3998 definitio

536 4042 677 4107 quot
708 4036 898 4089 modis
931 4030 1166 4093 dicitur,
1192 4032 1247 4083 et
1278 4028 1532 4098 qualiter
1549 4027 1700 4098 quod
1736 4027 1877 4097 quid
1909 4033 1994 4084 est
2016 4046 2179 4085 mon-

534 4131 697 4192 strat,
727 4129 781 4178 et
813 4120 1103 4194 quomodo
1129 4134 1265 4183 non,
1320 4121 1375 4170 et
1405 4131 1653 4186 quorum
1702 4120 1810 4183 est,
1842 4121 1898 4171 et
1928 4135 2176 4187 quorum

534 4232 671 4281 non,
697 4213 890 4269 adhuc
916 4215 1110 4265 autem
1142 4211 1200 4262 et
1232 4206 1298 4260 ad
1336 4204 1858 4259 dementrationem
1884 4208 2179 4276 quomodo

530 4322 591 4360 se
623 4305 817 4368 habet,
853 4296 1231 4371 et'quomodo
1289 4294 1577 4367 contingit
1636 4295 1901 4365 ejusdem
1943 4313 2089 4366 esse,
2123 4303 2181 4355 et

527 4393 781 4463 qualiter
814 4407 929 4446 non
961 4386 1275 4457 contingit.

1170 4474 1396 4530 CAPUT
1435 4473 1535 4529 XI.

640 4571 744 4623 Per
774 4566 1049 4639 quodlibet
1081 4580 1252 4634 genus
1279 4577 1471 4619 causae
1493 4562 1860 4619 demonstrari
1876 4580 2054 4633 posse.

593 4657 878 4721 Quoniam
894 4660 1084 4708 autem
1103 4653 1247 4706 scire
1265 4652 1576 4720 opinamur
1597 4667 1726 4705 cum
1753 4653 2013 4711 sciamus
2034 4672 2171 4711 cau-

521 4764 647 4801 sam
681 4762 870 4800 causae
893 4748 1085 4797 autem
1121 4744 1375 4809 quatuor
1400 4743 1568 4793 sunt:
1602 4756 1719 4794 una
1745 4741 1975 4809 quidem
2012 4746 2167 4817 quod

521 4836 661 4907 quid
694 4839 816 4889 erat
847 4847 973 4887 esse
1019 4850 1032 4893 ς
1062 4846 1172 4883 una
1205 4845 1337 4883 vero
1361 4844 1491 4881 cum
1528 4826 1637 4881 hoc
1668 4828 1764 4894 sit,
1800 4846 2037 4885 necesse
2082 4840 2171 4890 est

518 4924 625 4979 hoc
657 4920 1024 4988 esse;altera
1054 4923 1247 4971 autem
1300 4932 1426 4987 quea
1471 4914 1693 4985 aliquid
1732 4916 1918 4986 primo
1951 4922 2164 4992 movit;

516 5018 724 5083 quarta
737 5027 869 5066 vero
884 5005 1256 5078 cujusgratia
1276 5020 1479 5059 omnes
1502 5002 1587 5057 his
1606 5020 1705 5073 per
1723 5005 1977 5062 medium
2004 5025 2165 5066 mon.

514 5106 721 5157 strant.
760 5104 823 5153 Et
852 5098 961 5152 hoc
984 5095 1135 5149 enim
1162 5093 1314 5164 quod
1352 5108 1486 5147 eum
1521 5090 1595 5145 sit
1630 5092 1756 5157 hoc,
1812 5110 2047 5152 necesse
2076 5104 2166 5157 est

512 5208 658 5255 esse,
686 5207 802 5244 una
821 5186 1054 5256 quidem
1082 5188 1319 5253 accepta
1344 5179 1741 5252 propositione
1762 5190 1999 5251 nonest,
2025 5188 2161 5245 dua.

512 5281 622 5335 bus
646 5284 840 5333 autem
868 5276 936 5330 ad
966 5274 1182 5337 minus,
1210 5271 1317 5325 hoc
1342 5273 1531 5323 autem
1558 5274 1810 5333 est,cum
1838 5290 2019 5331 unum
2042 5294 2160 5334 me.

510 5368 672 5423 dium
705 5366 981 5431 habeant,
1005 5362 1115 5416 hoc
1145 5376 1280 5431 ergo
1301 5375 1415 5413 uno
1447 5363 1704 5430 accepto,
1724 5362 2154 5423 conclusionem

511 5472 747 5512 necesse
797 5460 885 5510 est
941 5467 1089 5507 esse.
1138 5448 1509 5502 Manifestum
1561 5452 1649 5502 est
1689 5453 1883 5507 autem
1926 5459 1982 5509 et
2047 5457 2153 5527 sic,

506 5551 742 5617 propter
772 5543 913 5617 quid
972 5546 1062 5596 est
1110 5543 1302 5593 rectus
1336 5536 1394 5591 in
1444 5535 1853 5595 semicirculo?
1900 5548 2001 5599 aut
2041 5564 2154 5616 quo

505 5635 787 5691 existente
820 5637 1011 5689 rectus
1043 5634 1131 5685 est
1158 5628 1185 5683 ?
1215 5627 1303 5683 Sit
1333 5642 1467 5698 ergo
1501 5632 1695 5683 rectus
1719 5628 1778 5684 in
1802 5647 1917 5701 quo
1949 5651 2001 5701 α,

2291 3332 2445 3403 quod
2468 3336 2557 3385 est
2578 3330 2762 3400 gratia
2785 3331 2958 3399 cujus
2980 3328 3007 3383 ?
3030 3332 3059 3383 ὸ
3079 3344 3193 3382 non
3218 3326 3495 3387 eminere,
3515 3324 3618 3378 hoc
3636 3314 3871 3403 autemest

2290 3398 2441 3478 sicut
2463 3398 2623 3474 illius
2648 3398 2867 3485 ratio,aﬁ
2886 3418 3040 3473 enim
3066 3417 3150 3471 sic
3174 3416 3477 3480 reddetur,
3502 3415 3717 3483 propter
3733 3398 3871 3476 quidb

2290 3508 2839 3579 inestc?quoniam
2890 3506 2998 3561 hoc
3047 3510 3136 3561 est
3175 3504 3400 3572 sanari,
3444 3502 3549 3557 hoc
3595 3498 3673 3553 sic
3694 3494 3871 3579 habere.

2290 3598 2527 3669 Oportet
2558 3603 2754 3651 autem
2789 3602 3149 3650 commutare
3181 3593 3462 3656 rationes,
3507 3594 3563 3644 et
3591 3589 3667 3642 sic
3694 3575 3871 3649 singula

2290 3686 2479 3757 magis
2512 3686 2899 3756 apparebunt.
2933 3683 3354 3739 Generationes
3385 3686 3579 3735 autem
3609 3665 3869 3730 econtrario

2288 3772 2383 3828 hic
2403 3780 2459 3827 et
2475 3774 2531 3827 in
2552 3773 2747 3828 causis
2765 3773 3092 3827 secundum
3117 3776 3343 3825 motum
3374 3786 3387 3824 :
3406 3770 3487 3825 ibi
3509 3767 3656 3823 enim
3672 3758 3873 3818 medium

2288 3867 2518 3934 Oportet
2538 3860 2791 3933 primum
2813 3861 2958 3925 fieri,
2984 3860 3076 3914 hic
3099 3863 3297 3915 autem
3322 3859 3521 3931 ipsum
3541 3873 3568 3911 ε
3586 3859 3871 3911 extremum.

2288 3933 2563 4007 ultimum
2580 3956 2772 4005 autem
2789 3949 2978 4021 gratia
2989 3948 3181 4018 cujus.
3196 3947 3686 4019 Contingitautem
3700 3939 3821 3993 idem
3832 3933 3873 3986 et

2288 4040 2471 4113 gratia
2493 4041 2660 4109 cujus
2702 4054 2833 4095 esse
2864 4043 2920 4094 et
2953 4054 3022 4092 ex
3045 4035 3417 4103 necessitate,
3447 4042 3509 4090 ut
3545 4050 3640 4105 per
3680 4031 3869 4085 lucerna!

2288 4129 2496 4203 pellem
2530 4130 2728 4183 lumen
2757 4125 2951 4200 egredi
2977 4144 2991 4194 ;
3015 4127 3231 4181 etenim
3253 4140 3323 4180 ex
3349 4124 3683 4180 necessitate
3703 4116 3871 4182 disgre'

2286 4220 2462 4287 ditur,
2495 4219 2649 4290 quod
2680 4218 2737 4272 in
2770 4233 2946 4288 parva
2966 4220 3056 4271 est
3086 4215 3447 4287 partibilius,
3471 4219 3528 4269 et
3557 4227 3652 4280 per
3678 4204 3873 4273 majore!

2286 4324 2479 4381 poros,
2500 4309 2546 4363 si
2568 4308 2800 4379 quidem
2818 4308 3013 4362 lumen
3032 4304 3097 4359 ﬁt
3114 4303 3613 4375 disgrediendo,et
3625 4292 3870 4381 gratiaqu-

2273 4399 2469 4469 ju,sut
2491 4414 2603 4453 non
2637 4394 3241 4453 oﬁ‘endamus.Nonne
3274 4393 3456 4464 igitur
3479 4390 3527 4447 si
3558 4402 3677 4444 esse
3698 4376 3871 4439 contin-

2282 4488 2387 4559 git,
2418 4493 2472 4543 et
2506 4487 2627 4543 ﬁeri
2659 4484 2901 4557 contigit
2930 4484 2957 4537 ?
2987 4484 3143 4539 sicut
3173 4483 3221 4538 si
3254 4486 3425 4538 tonat
3453 4478 3725 4536 exstincto
3747 4470 3865 4559 igne,

2209 4568 2252 4633 Β
2284 4553 2523 4632 necesse
2553 4580 2642 4630 est
2670 4553 2847 4630 sizire
2868 4579 2925 4628 et
2955 4587 3187 4635 sonare,
3220 4562 3786 4641 et(quemadmodum
3804 4553 3872 4620 Pl"

2280 4663 3115 4738 thagoricidicunt)minarum
3144 4677 3324 4716 causa
3347 4660 3421 4715 iis
3449 4659 3545 4728 qui
3569 4656 3699 4712 sunt
3718 4649 3767 4702 in
3785 4649 3870 4738 tat:

2278 4726 2426 4821 tard,
2459 4758 2747 4826 quatenus
2778 4726 3046 4807 timeant.
3078 4749 3342 4805 Plurima
3366 4726 3564 4804 autem
3587 4726 3868 4826 hujusmctli

2277 4850 2440 4910 sunt,
2473 4849 2528 4900 et
2560 4841 2886 4898 maximein
2921 4841 3148 4912 iisquae
3180 4843 3393 4894 natura
3417 4818 3869 4912 ευὺείεῖιιῐιινειξξι

2276 4904 2687 4989 constantibus
2719 4931 2839 4986 haec
2862 4904 3103 5000 quidem
3135 4932 3369 5000 propter
3391 4925 3505 4981 hoc
3533 4925 3728 4979 natura
3755 4904 3869 5000 facit,

2274 5023 2373 5078 illa
2388 5038 2520 5078 vero
2542 5038 2610 5077 ex
2634 4998 2998 5075 necessitate.
3019 4998 3347 5073 Necessitas
3371 5019 3565 5069 autem
3584 5013 3669 5065 est
3686 4998 3866 5069 deplex,

2275 5115 2395 5169 haec
2414 5110 2650 5184 quidem
2667 5109 2991 5165 secundum
3019 5113 3291 5163 naturam
3309 5088 3865 5184 etaptitudinem,h8°

2272 5215 2402 5255 vero
2433 5177 2688 5253 iriolenta
2718 5203 2776 5254 et
2805 5204 3009 5253 contra
3044 5195 3467 5268 aptitudinem,
3498 5190 3648 5245 sicut
3675 5177 3801 5251 lapis
3819 5183 3867 5225 ex

2270 5288 2616 5345 necessitate
2646 5292 2702 5343 et
2732 5305 2973 5343 sursum
3007 5293 3063 5342 et
3093 5286 3367 5341 deorsum
3406 5283 3609 5345 fertur,
3661 5270 3748 5329 sed
3780 5272 3864 5319 ῐιοιι

2267 5384 2504 5453 Propter
2532 5380 2797 5434 eamdem
2830 5378 3265 5434 necessitatem.
3285 5374 3393 5429 Sed
3419 5372 3479 5427 in
3514 5370 3585 5424 iis
3616 5378 3731 5438 quas
3757 5350 3863 5453 anni

2265 5445 2337 5526 ab
2368 5445 2907 5540 intelligentia,alia
2943 5467 3179 5539 quidem
3205 5475 3579 5535 nequaquam
3603 5445 3863 5540 suntabO‘l

2264 5559 2417 5632 quod
2446 5538 2623 5629 perse
2644 5557 2873 5612 frustra
2888 5538 2999 5623 est,
3026 5558 3091 5610 ut
3120 5554 3331 5609 domus
3358 5561 3464 5605 aut
3486 5544 3700 5617 efﬁgies
3718 5538 3865 5632 neque

2271 5630 2333 5707 ex
2364 5646 2714 5703 necessitate
2753 5649 2912 5712 sunt,
2941 5644 3043 5701 sed
3111 5651 3341 5715 prepler
3383 5639 3515 5695 hoc.
3547 5634 3668 5691 Alia
3694 5638 3805 5682 vero
3844 5630 3868 5667 ι
