4070 6170
225 327 349 379 773

888 330 1212 385 PRIORUM
1252 330 1821 385 ANALYTICORUM
1862 327 2332 382 ARISTOTELIS
2370 325 2976 380 INTERPBETATIO.

3551 324 3657 377 774

231 448 558 520 quemdam
593 449 892 505 hominem
925 469 1039 506 non
1072 469 1202 508 esse
1234 453 1483 523 lapidem
1519 452 1893 523 respondeat,
1928 450 1979 516 Α
2007 464 2135 504 esse
2166 448 2520 520 lapidem.At
2551 447 2600 503 si
2633 447 2980 503 universalis
3006 448 3239 519 negatio
3273 447 3418 503 falsa
3450 462 3660 518 propo-

228 537 634 593 universalem
682 540 1133 596 afﬁrmationem
1190 543 1439 608 falsitas,
1477 541 1889 613 particularem

230 628 614 699 negationem
638 629 849 684 veritas
866 635 1045 695 tenet;
1071 634 1224 702 quod
1249 632 1293 687 si
1319 633 1399 687 ita
1422 649 1554 703 qnis
1591 630 1890 686 universa-

230 715 379 771 liter
409 722 591 788 neget,
618 719 817 772 nullus
848 720 1020 775 homo
1053 719 1198 792 lapis
1232 727 1338 789 est,
1374 727 1429 776 et
1465 720 1894 792 particulariter

232 806 519 873 afﬁrmet,
550 808 791 877 quidam
814 809 985 864 homo
1013 810 1160 880 lapis
1182 817 1290 878 est,
1318 811 1632 866 universali
1666 814 1894 865 constat

231 896 551 966 negatione
576 898 809 963 veritas,
844 899 1215 969 particularis
1247 901 1561 955 afﬁrmatio
1588 917 1701 954 non
1734 903 1893 955 caret

230 984 770 1057 falsitate.0uoquo
788 987 973 1059 igitur
994 990 1166 1044 modo
1192 989 1501 1060 praedicata
1522 988 1609 1043 vel
1628 989 1892 1058 subjecta

231 1074 590 1136 mutaveris,
615 1074 660 1129 si
681 1079 877 1130 tamen
902 1076 1292 1132 universalem
1322 1075 1725 1132 afﬁrmativam
1763 1092 1888 1146 par-

229 1162 475 1218 ticulari
496 1163 792 1234 negativaa,
816 1164 901 1219 vel
930 1165 1319 1221 u‘niversalem
1350 1166 1677 1235 negativam
1712 1165 1891 1236 parti-

233 1251 429 1307 culari
450 1251 811 1309 afﬁrmativaa
833 1260 1164 1309 consertam
1190 1274 1221 1309 a
1242 1255 1528 1327 singulari
1554 1255 1891 1310 considera-

232 1342 401 1396 tione
432 1341 785 1411 committas,
810 1345 858 1397 si
882 1344 1002 1397 haec
1027 1343 1176 1399 falsa
1206 1344 1365 1399 illam
1392 1361 1583 1400 veram
1615 1360 1742 1399 esse
1760 1359 1891 1397 con-

235 1430 442 1501 tingit,
476 1436 535 1485 et
560 1430 608 1485 si
642 1431 762 1486 haec
786 1449 917 1486 vera
940 1438 1029 1487 est
1057 1432 1219 1488 illam
1280 1433 1485 1488 falsam
1544 1449 1778 1488 necesse
1809 1437 1892 1487 est

233 1520 930 1593 inveniri,atqueidcirco
952 1521 1059 1577 has
1083 1523 1232 1577 inter
1254 1540 1314 1578 se
1345 1523 1647 1594 appositas
1668 1527 1724 1577 et
1753 1538 1893 1577 cou-

234 1609 615 1665 tradictorias
644 1626 1074 1681 nuncupamus.
1094 1612 1454 1667 Ethactenus
1477 1612 1713 1682 quidem
1734 1612 1890 1665 afﬁr-

234 1699 532 1754 mationes
564 1704 620 1753 et
650 1701 990 1771 negationes
1008 1702 1227 1756 aversis
1249 1700 1677 1756 intentionibus
1699 1700 1891 1756 confe-

231 1788 604 1860 rentes,quid
626 1789 681 1843 in
715 1791 798 1845 eis
822 1788 1122 1844 discordiae
1155 1807 1218 1845 ac
1251 1790 1605 1845 diversitatis
1625 1794 1778 1846 esset
1800 1806 1890 1845 os-
1924 1821 1970 1886 Β

234 1877 561 1944 tendimus;
579 1894 734 1932 nunc
749 1878 1135 1934 universalem
1151 1880 1244 1934 afﬁ
1255 1896 1337 1933 rm
1348 1879 1599 1935 ationem
1632 1880 1857 1951 particu
1870 1908 1892 1920 -

234 1965 749 2031 lariafﬁrmativas,
774 1971 831 2021 et
855 1967 1243 2023 universalem
1287 1970 1649 2037 negationem
1713 1967 1894 2038 parti-

234 2054 426 2111 culari
451 2055 729 2126 negativae
753 2056 822 2110 ad
851 2057 1113 2112 veritatis
1134 2057 1524 2130 falsitatisque
1546 2059 1894 2113 convenien-

234 2143 385 2199 tiam
420 2160 850 2215 comparemus.
885 2145 1097 2200 Harum
1151 2163 1409 2218 namque
1440 2146 1593 2203 inter
1640 2163 1703 2202 se
1736 2145 1896 2201 nulla

240 2233 541 2288 discordia
570 2239 680 2300 est,
716 2238 891 2305 atque
939 2236 1068 2289 ideo
1100 2252 1215 2290 non
1265 2237 1336 2291 de
1361 2252 1563 2291 earum
1596 2237 1892 2304 dissensu,

245 2323 348 2376 sed
384 2323 455 2377 de
486 2339 775 2378 consensu
812 2324 1008 2395 potius
1038 2325 1272 2380 videtur
1329 2342 1458 2381 esse
1491 2327 1893 2396 quarendum.

242 2412 509 2466 Primum
540 2412 721 2483 igitur
744 2414 1091 2468 universalis
1115 2416 1426 2470 afﬁrmatio
1449 2420 1505 2470 et
1528 2413 1895 2487 particularis

241 2498 562 2555 afﬁrmatio
578 2500 929 2555 subalternze
955 2503 1252 2568 dicuntur,
1272 2505 1547 2574 quoniam
1566 2504 1749 2559 altera
1763 2505 1896 2560 sub-

234 2588 396 2658 jacet
428 2589 615 2656 alteri,
648 2590 701 2644 id
730 2594 818 2645 est
840 2590 1215 2662 particularis
1240 2593 1551 2648 afﬁrmatio
1586 2593 1896 2648 universali

246 2677 627 2732 afﬁrmationi
649 2682 954 2751 supposita
973 2686 1062 2736 est
1076 2687 1251 2753 atque
1266 2683 1736 2751 subiecta,veluti
1762 2700 1897 2754 pars

243 2768 402 2821 intra
424 2769 603 2822 totius
624 2785 855 2840 semper
873 2771 1159 2825 ambitum
1183 2771 1342 2839 latet;
1378 2773 1651 2843 idemque
1675 2774 1744 2827 de
1769 2771 1897 2826 uni-

242 2855 455 2910 versali
473 2861 529 2910 et
545 2858 765 2927 particu
779 2858 882 2913 lari
902 2860 1166 2929 oegativa
1179 2860 1487 2915 dicendum
1503 2860 1904 2925 est,subalter.

246 2961 335 2998 me
356 2944 513 2999 enim
528 2951 829 3013 vocantur,
856 2949 1007 3017 quod
1029 2952 1291 3020 superior
1316 2956 1490 3020 atque
1505 2948 1753 3019 amplior
1769 2949 1900 3003 uni-

243 3032 492 3088 versalis
520 3035 749 3106 negatio
784 3037 937 3091 intra
967 3053 1027 3091 se
1051 3037 1468 3107 particularem
1529 3038 1898 3109 negationem

251 3122 477 3177 claudit
520 3129 575 3178 et
623 3125 904 3179 continet.
931 3125 1058 3180 Haec
1084 3126 1264 3199 igitur
1286 3127 1385 3181 tali
1410 3127 1635 3182 ratione
1655 3143 1899 3183 consen-

2007 543 2204 599 natur.
2237 538 2469 594 nullum
2505 538 2801 593 hominem
2831 554 2960 593 esse
2992 537 3213 593 animal
3267 555 3379 592 non
3444 537 3657 591 idcirco

2004 627 2377 698 particularis
2393 628 2649 682 eritvera
2663 627 2973 698 negatio,si
2996 626 3332 697 pronuntiet
3345 627 3589 697 quemda
3602 642 3655 679 In

2003 715 2302 770 hominem
2329 733 2443 771 non
2468 733 2595 772 esse
2611 715 2851 782 animal,
2871 721 3048 786 atque
3073 715 3201 769 ideo
3226 715 3657 770 universalibus

2000 805 2236 874 quidem
2255 804 2313 859 in
2332 805 2574 859 veritate
2610 804 3403 875 manentibus,particulares
3420 820 3657 858 necesse

2000 899 2090 948 est
2112 892 2533 948 universalium
2557 894 2888 949 consentire
2920 894 3170 958 veritati,
3197 896 3256 946 at
3280 892 3326 947 si
3359 893 3659 947 universa-

2002 981 2158 1037 libus
2184 982 2409 1038 falsitas
2431 983 2762 1047 inbwrebit,
2792 982 3176 1053 particulares
3198 987 3321 1036 tum
3344 988 3656 1047 veras,tum

2002 1073 2178 1126 etiam
2212 1070 2388 1127 falsas
2417 1089 2545 1127 esse
2580 1070 2856 1143 possibile
2911 1076 3019 1139 est,
3080 1087 3246 1125 veras
3307 1071 3547 1142 quidem
3608 1071 3659 1125 si

2001 1160 2138 1231 quid
2154 1161 2267 1216 tale
2297 1160 2642 1231 praadicetur
2664 1161 2819 1231 quod
2845 1160 3052 1215 adesse
3078 1160 3344 1228 subjecto
3378 1159 3582 1230 possit,
3606 1163 3661 1215 et

2001 1268 2034 1306 a
2064 1251 2331 1321 subjecto
2362 1252 2549 1306 valeat
2580 1249 2867 1321 separari,
2903 1249 3078 1304 falsas
3109 1265 3236 1305 esse
3268 1252 3659 1320 utrasque,af—

2002 1340 2394 1396 ﬁrmationem
2412 1340 2648 1413 quidem
2667 1339 3159 1411 particularem,si
3178 1339 3234 1393 in
3255 1356 3321 1394 eo
3338 1340 3412 1394 sit
3431 1338 3660 1394 univer-

2000 1428 2141 1484 salis
2176 1428 2323 1484 falsa
2354 1428 2669 1485 afﬁrmatio
2704 1429 2861 1499 quod
2886 1428 3152 1498 subjecto
3172 1445 3283 1483 non
3311 1433 3655 1498 potestcon-

2000 1519 2594 1589 venire.negationem
2623 1518 3115 1588 particularem,sn
3141 1517 3197 1571 in
3219 1534 3285 1572 eo
3313 1518 3660 1573 universalis

2000 1608 2231 1678 negatio
2253 1609 2568 1661 mentiatur
2586 1608 2741 1677 quod
2768 1624 2801 1661 a
2824 1606 3086 1676 subjecto
3114 1623 3224 1659 non
3255 1612 3446 1677 potest
3464 1623 3657 1677 segre-

2000 1696 2146 1767 gari,
2178 1701 2241 1750 ut
2274 1696 2463 1766 posita
2494 1696 2766 1767 superius
2798 1694 3067 1765 exempla
3093 1694 3584 1761 declarant.Quod
3611 1696 3660 1751 si

2002 1785 2072 1839 ad
2106 1785 2367 1839 veritatis
2391 1790 2447 1839 et
2465 1784 2741 1839 falsitatis
2763 1784 3245 1854 consequentiam
3274 1783 3660 1854 particulares

2004 1874 2435 1945 propositiones
2450 1873 2642 1929 locum
2659 1872 2982 1945 principem
2999 1873 3348 1938 sortiantur,
3366 1872 3661 1927 contraria

2004 1963 2088 2018 eis
2112 1962 2463 2019 universalis
2520 1962 2940 2034 propositionis
2992 1960 3217 2016 ratione
3279 1962 3661 2017 conveniunt.

2005 2051 2151 2108 Nam
2185 2052 2233 2106 si
2265 2052 2384 2107 sint
2419 2052 2597 2119 falsae,
2630 2050 3012 2121 particulares
3047 2051 3223 2106 falsas
3262 2067 3391 2105 esse
3422 2067 3661 2106 necesse

2003 2147 2111 2209 est;
2137 2143 2229 2197 sin
2257 2158 2389 2197 vero
2414 2141 2799 2213 particulares
2820 2157 2965 2195 verae
2989 2141 3126 2207 sint,
3155 2145 3278 2195 tum
3299 2140 3663 2195 universales

2003 2247 2151 2286 verse
2183 2236 2477 2296 sunt,tum
2510 2230 2681 2285 etiam
2710 2229 2889 2285 falsae.
2923 2229 3065 2283 Nam
3089 2229 3137 2283 si
3172 2228 3550 2298 particularis
3574 2230 3665 2284 af-

2005 2321 2260 2376 ﬁrmatio
2291 2325 2382 2375 est
2407 2319 2572 2387 falsa,
2599 2336 2729 2390 quae
2756 2319 2899 2373 dicit
2922 2318 3180 2389 aliquem
3205 2317 3507 2373 hominem
3536 2334 3665 2373 esse

2005 2412 2636 2483 lapidem,universalis
2657 2428 2890 2484 quoque
2909 2411 3226 2466 afﬁrmatio
3247 2411 3390 2466 falsa
3409 2416 3502 2466 est
3534 2429 3664 2483 quae

2005 2502 2520 2573 proponitomnem
2544 2501 2833 2556 hominem
2855 2500 3431 2570 esselapidem.ltem
3450 2501 3497 2555 si
3522 2518 3655 2571 par-

2004 2591 2271 2647 ticularis
2298 2597 2388 2647 est
2416 2591 2563 2646 falsa
2610 2590 2843 2661 negatio
2891 2608 3018 2661 quae
3052 2589 3307 2645 decernit
3338 2592 3656 2661 quemdam

2007 2682 2303 2737 hominem
2327 2700 2437 2737 non
2466 2698 2592 2737 esse
2616 2682 2859 2747 animal,
2884 2681 3030 2736 falsa
3048 2682 3159 2735 erit
3180 2682 3534 2736 universalis
3560 2696 3663 2735 ne-

2007 2771 2162 2842 gatio
2193 2788 2323 2841 quas
2357 2771 2585 2826 nullum
2620 2772 2917 2825 hominem
2943 2769 3158 2824 animal
3180 2786 3308 2824 esse
3330 2770 3653 2825 contendit.

2009 2866 2083 2915 At
2114 2861 2162 2914 si
2194 2859 2565 2931 particularis
2599 2860 2911 2914 afﬁrmatio
2944 2859 3029 2913 vel
3064 2860 3295 2929 negatio
3326 2875 3469 2913 veras
3494 2869 3653 2918 sunt,

2004 2951 2182 3020 idque
2208 2949 2551 3019 praedicatur
2565 2949 2719 3021 quod
2736 2965 2767 3002 a
2784 2948 3044 3015 subjecto
3060 2948 3241 3001 dividi
3266 2964 3330 3002 ac
3356 2947 3655 3019 segregari

2013 3037 2691 3108 queat,afﬁrmationem
2746 3037 3238 3107 negationemque
3295 3035 3659 3091 universales

2013 3143 2125 3181 non
2153 3126 2501 3182 estdubium
2529 3142 2700 3197 posse
2726 3124 2982 3190 mentiri,
3002 3123 3359 3195 utquoniam
3381 3140 3524 3179 vera:
3551 3125 3671 3180 sint

249 3212 429 3276 tiunt,
462 3213 509 3266 si
543 3214 696 3268 enim
741 3215 1100 3271 universales
1133 3217 1191 3270 in
1245 3217 1486 3273 veritate
1545 3219 1900 3290 prazcedant,
1931 3192 1974 3258 (ἶ
2014 3214 2540 3286 particularesquaa
2559 3212 3523 3286 proponuntquemdamhominem
3539 3229 3669 3268 esse

251 3300 644 3372 particulares
673 3319 839 3358 veras
872 3321 1000 3360 esse
1033 3321 1272 3360 necesse
1295 3312 1405 3373 est,
1442 3311 1505 3361 ut
1536 3308 1583 3361 si
1617 3307 1750 3378 quis
1772 3306 1902 3362 uni-

244 3388 905 3447 versaliteralﬁrmando
922 3399 1464 3464 proponat,omnem
1482 3394 1768 3450 hominem
1784 3396 1908 3450 ani-

251 3479 393 3545 mal,
427 3495 494 3534 ea
522 3496 651 3534 cum
669 3481 768 3547 sit,
788 3498 943 3548 vera,
970 3483 1342 3553 particularis
1362 3484 1472 3540 sibi
1491 3485 1903 3541 afﬁrmationis

251 3567 555 3624 veritatem
578 3570 853 3626 comitem
874 3572 1142 3639 trabit,ea
1166 3589 1300 3627 vero
1337 3574 1693 3645 est,quidam
1727 3574 1903 3631 homo

250 3657 469 3712 animal
494 3663 604 3713 est.
634 3659 778 3715 Nam
802 3661 849 3714 si
871 3678 1071 3716 verum
1094 3667 1428 3718 estomnem
1455 3664 1750 3718 hominem
1775 3679 1904 3719 esse

251 3747 495 3812 animal,
518 3764 719 3803 verum
746 3756 830 3804 est
848 3766 975 3805 esse
994 3750 1269 3822 aliquem;
1294 3752 1430 3807 item
1458 3750 1653 3823 siquis
1675 3754 1904 3807 univer-

255 3835 458 3892 saliter
486 3839 753 3892 enuntiet
782 3838 1011 3893 nullum
1047 3840 1339 3895 hominem
1368 3857 1496 3897 esse
1536 3841 1815 3912 lapidem,
1850 3849 1907 3897 et

257 3942 459 3980 verum
476 3926 704 3995 dixerit,
730 3928 993 3998 subjecta
1011 3929 1059 3982 ei
1085 3930 1457 4000 particularis
1482 3930 1714 4002 negatio
1744 3931 1902 3985 idem

258 4014 492 4081 retinet,
518 4031 617 4069 nec
641 4016 1039 4086 mentiturqui
1055 4018 1594 4090 dixeritquemtlam
1610 4019 1901 4076 hominem

260 4100 517 4173 lapidem
544 4120 656 4157 non
689 4120 838 4172 esse;
876 4106 955 4160 ita
978 4106 1158 4176 igitur
1180 4106 1611 4162 universalibus
1642 4110 1902 4165 afﬁrma-

257 4190 415 4244 tione
446 4207 511 4246 ac
539 4192 846 4263 negatione
879 4210 1011 4249 vera
1059 4196 1409 4264 dicentibus,
1437 4196 1807 4267 particularis
1830 4200 1909 4253 af-

259 4278 513 4334 ﬁrmatio
545 4287 602 4335 et
622 4283 852 4353 negatio
877 4299 1071 4337 veram
1100 4285 1525 4340 universalium
1550 4288 1906 4343 sententiam

256 4373 799 4439 consequuntur.At
831 4371 878 4425 si
912 4373 1270 4428 universales
1304 4373 1461 4428 falsae
1495 4375 1634 4439 sint,
1670 4392 1781 4430 non
1808 4392 1905 4431 ne-

258 4472 423 4512 cesse
453 4463 541 4512 est
574 4458 955 4529 particulares
989 4462 1410 4518 universalium
1444 4479 1733 4519 consensu
1764 4481 1909 4535 prae-

2005 3305 2260 3373 justum,
2280 3305 2669 3375 etquemdam
2695 3303 2994 3357 hominem
3018 3319 3131 3357 non
3166 3318 3294 3357 esse
3315 3301 3672 3371 justum,his

2020 3410 2085 3448 su
2098 3393 2355 3464 ppositas
2372 3392 2732 3447 universales
2750 3390 2927 3447 falsas
2949 3407 3077 3445 esse
3094 3390 3412 3445 manifestu
3426 3407 3479 3445 m
3498 3396 3674 3457 est,ut

2014 3498 2079 3536 ea
2110 3499 2237 3552 quae
2260 3481 2624 3547 dicit,omnis
2641 3480 2816 3535 homo
2833 3480 3036 3549 justus
3060 3487 3170 3544 est,
3192 3484 3248 3534 et
3279 3478 3479 3534 nullus
3502 3479 3675 3533 homo

2009 3571 2206 3640 justus
2235 3572 2421 3627 est.At
2443 3571 2489 3624 si
2514 3570 2653 3640 quid
2681 3570 2794 3624 tale
2811 3567 3127 3623 afﬁrmatio
3154 3567 3528 3639 particularis
3546 3585 3676 3639 pro-

2014 3660 2249 3715 nuntiet
2280 3675 2395 3731 quo
2426 3660 2757 3727 subjectum
2791 3674 2989 3713 carere
3022 3673 3136 3711 non
3161 3658 3367 3728 possit,
3394 3673 3527 3711 vera
3558 3657 3671 3711 erit

2014 3751 2391 3820 superposita
2420 3747 2736 3802 afﬁrmatio
2767 3745 3144 3812 universalis,
3178 3754 3240 3799 ut
3270 3761 3404 3799 cum
3457 3744 3674 3816 aliquis

2014 3838 2283 3893 enuntiat
2312 3840 2624 3909 quemdam
2648 3836 2945 3890 hominem
2966 3850 3093 3890 esse
3112 3834 3353 3899 animal,
3380 3833 3514 3887 huic
3538 3834 3670 3888 uni-

2014 3926 2257 3981 versalis
2280 3925 2594 3980 afﬁrmatio
2618 3924 2676 3979 in
2708 3924 2952 3978 veritate
2978 3922 3428 3992 consentit,quae
3445 3926 3668 3977 estom-

2016 4017 2109 4071 nis
2126 4016 2299 4071 homo
2324 4013 2539 4069 animal
2566 4018 2675 4068 est.
2698 4014 2767 4067 At
2799 4014 2843 4067 si
2872 4012 3007 4083 quid
3036 4009 3406 4082 particularis
3440 4011 3671 4081 negatio

2015 4105 2130 4160 tale
2154 4103 2621 4176 proponat,quod
2649 4102 2915 4171 subjecto
2935 4104 3185 4171 nequeat
3207 4098 3671 4165 inhaerere,veri-

2015 4198 2195 4250 tatem
2226 4192 2599 4265 particularis
2634 4189 2959 4257 negationis
3006 4186 3355 4243 universalis
3388 4187 3668 4258 negativae

2013 4284 2226 4339 veritas
2255 4296 2496 4336 necesse
2518 4284 2611 4334 est
2630 4281 3045 4347 consequatur,
3066 4281 3280 4330 utcum
3298 4274 3675 4347 aliquisdicit

2016 4372 2327 4443 quemdam
2345 4369 2643 4425 hominem
2660 4367 2912 4438 lapidem
2934 4382 3047 4420 non
3068 4369 3514 4430 esse,consonat
3538 4365 3671 4421 uni-

2015 4460 2256 4517 versalis
2290 4460 2502 4514 veritas
2535 4454 2951 4529 propositionis
2977 4471 3105 4525 qum
3128 4453 3353 4509 nullum
3374 4453 3672 4510 hominem

257 4546 394 4601 bere
428 4548 822 4615 mendacium,
856 4549 1011 4605 velut
1043 4551 1100 4605 in
1134 4551 1226 4607 his
1285 4552 1720 4609 universalibus
1771 4570 1903 4625 quae
1946 4566 1987 4629 ι)
2020 4549 2272 4619 lapidem
2298 4564 2427 4603 esse
2444 4545 2811 4618 pronuntiat:
2838 4561 2953 4615 quo
2980 4544 3042 4598 ﬁt
3092 4548 3153 4598 ut
3213 4544 3675 4614 praecedentibus

259 4642 596 4707 proponunt
618 4654 852 4694 omnem
884 4638 1179 4696 hominem
1217 4658 1344 4697 esse
1369 4644 1624 4711 justum,
1655 4641 1743 4698 vel
1777 4642 1907 4698 nul-

256 4724 379 4779 lum
415 4724 706 4782 hominem
742 4744 871 4783 esse
894 4729 1149 4798 justum,
1186 4747 1315 4802 quze
1350 4747 1483 4787 cum
1509 4749 1623 4786 una
1646 4732 1723 4787 sit
1752 4731 1909 4787 afﬁr-

261 4814 463 4879 matio,
489 4814 675 4870 altera
707 4817 954 4888 negatio,
988 4824 1245 4891 utraeque
1278 4826 1415 4875 sunt
1447 4821 1639 4889 falsae;
1679 4821 1777 4876 sed
1812 4838 1911 4877 eas

260 4905 705 4975 particularium
742 4907 965 4962 falsitas
998 4925 1111 4963 non
1144 4926 1213 4964 ex
1236 4910 1583 4964 necessitate
1606 4910 1910 4981 consequi-

263 4999 381 5058 tur,
418 5011 550 5048 nam
574 5002 629 5049 et
660 4997 973 5066 quemdam
1006 4997 1306 5053 hominem
1339 5016 1468 5053 esse
1491 5000 1747 5069 justum,
1780 5016 1907 5071 quae

263 5083 634 5153 particularis
664 5091 754 5140 est
778 5086 1080 5153 afﬁmatio,
1112 5104 1243 5142 vere
1275 5088 1407 5158 quis
1440 5089 1672 5157 dixerit,
1733 5094 1907 5159 atque

260 5172 392 5226 ideo
412 5173 573 5228 falsis
598 5174 1443 5246 universalibus,particulares
1460 5194 1622 5232 veras
1637 5194 1766 5233 esse
1788 5194 1904 5233 non

262 5279 500 5317 necesse
521 5268 627 5319 est.
653 5265 815 5329 Quod
839 5266 995 5320 enim
1020 5266 1365 5321 universalis
1409 5268 1723 5323 afﬁrmatio
1757 5267 1903 5323 falsa

263 5352 495 5405 dicatur
523 5368 757 5408 omnem
780 5353 1077 5410 hominem
1102 5372 1229 5411 esse
1253 5356 1529 5428 lapidem,
1552 5362 1707 5412 errat
1730 5356 1907 5428 parti-

262 5441 480 5496 cularis
511 5442 819 5499 afﬁrmatio
841 5461 967 5517 qua:
989 5446 1589 5518 pr0ponitquemdam
1605 5446 1903 5501 hominem

2022 4639 2260 4711 quidem
2281 4635 2711 4692 universalibus
2742 4633 2915 4699 veris,
2940 4632 3325 4705 particulares
3350 4649 3515 4688 veras
3544 4649 3676 4690 esse

2020 4743 2259 4784 necesse
2280 4726 2378 4793 sit;
2405 4722 2869 4796 praecedentibus
2893 4738 3026 4777 vero
3050 4722 3108 4776 in
3140 4721 3396 4777 falsitate
3416 4724 3673 4792 particu-

2020 4817 2265 4884 laribus,
2301 4813 2721 4870 universalium
2788 4812 3001 4867 veritas
3061 4828 3175 4866 non
3226 4811 3674 4883 subsequatur;

2022 4907 2393 4962 manentibus
2424 4920 2557 4959 vero
2592 4900 3025 4958 universalibus
3058 4900 3244 4965 falsis,
3286 4900 3676 4971 particulares

2020 4994 2389 5051 mendacium
2424 4994 2615 5048 dicere
2644 5008 2759 5046 non
2785 4990 2863 5044 sit
2896 5006 3154 5057 necesse,
3211 4989 3365 5043 sicut
3416 5007 3487 5044 ne
3543 5006 3678 5045 vera

2020 5085 2251 5158 quidem
2288 5080 2746 5155 particularibus
2779 5079 3274 5150 proponentibus,
3306 5096 3499 5133 veram
3542 5078 3673 5133 uni-

2017 5173 2334 5229 versalium
2367 5186 2601 5227 necesse
2633 5173 2722 5224 est
2752 5184 2881 5223 esse
2903 5167 3280 5223 sententiam.
3306 5168 3371 5220 Et
3403 5167 3510 5221 hoc
3537 5166 3673 5236 qui-

2018 5266 2151 5320 dem
2182 5260 2449 5333 exempla
2480 5261 2805 5315 docuerunt
2828 5274 2847 5311 :
2883 5261 2947 5311 ut
2970 5262 3164 5311 autem
3201 5256 3371 5310 ﬁrma
3396 5257 3672 5310 demons-

2015 5354 2269 5409 tratione
2300 5349 2601 5414 clarescat,
2626 5346 2788 5403 utilis
2812 5346 2882 5401 ad
2918 5344 3271 5402 evidentiam
3304 5361 3504 5400 rerum
3536 5345 3676 5399 des-

2016 5440 2222 5514 criptio
2253 5444 2638 5514 proponatur.
