  <div class='ocr_page' id='page_1' title='image "/cluster/home/n/w/nwhite01/storage/ocr_20150623/64/hvd.32044073505125/396.png"; bbox 0 0 4070 6170; ppageno 0'>
   <div class='ocr_carea' id='block_1_1' title="bbox 196 331 305 386">
    <p class='ocr_par' dir='ltr' id='par_1_1' title="bbox 196 331 305 386">
     <span class='ocr_line' id='line_1_1' title="bbox 196 331 305 386; baseline 0.018 -2"><span class='ocrx_word' id='word_1_1' title='bbox 196 331 305 386; x_wconf 88' lang='grc'>781</span> 
     </span>
    </p>
   </div>
   <div class='ocr_carea' id='block_1_2' title="bbox 1054 332 2761 395">
    <p class='ocr_par' dir='ltr' id='par_1_2' title="bbox 1054 332 2761 395">
     <span class='ocr_line' id='line_1_2' title="bbox 1054 332 2761 395; baseline 0.005 -10"><span class='ocrx_word' id='word_1_2' title='bbox 1054 332 1539 389; x_wconf 76' lang='lat' dir='ltr'>INTRODUCTIO</span> <span class='ocrx_word' id='word_1_3' title='bbox 1579 335 1676 387; x_wconf 82' lang='lat' dir='ltr'>AD</span> <span class='ocrx_word' id='word_1_4' title='bbox 1712 335 2203 393; x_wconf 79' lang='lat' dir='ltr'>BYLLOGIBMOS</span> <span class='ocrx_word' id='word_1_5' title='bbox 2238 339 2761 395; x_wconf 78' lang='lat' dir='ltr'>CATBGORICOS.</span> 
     </span>
    </p>
   </div>
   <div class='ocr_carea' id='block_1_3' title="bbox 3504 335 3612 389">
    <p class='ocr_par' dir='ltr' id='par_1_3' title="bbox 3504 335 3612 389">
     <span class='ocr_line' id='line_1_3' title="bbox 3504 335 3612 389; baseline 0.019 -2"><span class='ocrx_word' id='word_1_6' title='bbox 3504 335 3612 389; x_wconf 89' lang='lat'>782</span> 
     </span>
    </p>
   </div>
   <div class='ocr_carea' id='block_1_4' title="bbox 195 454 3613 533">
    <p class='ocr_par' dir='ltr' id='par_1_4' title="bbox 195 454 3613 533">
     <span class='ocr_line' id='line_1_4' title="bbox 195 454 3613 533; baseline 0.003 -23"><span class='ocrx_word' id='word_1_7' title='bbox 195 454 783 511; x_wconf 87' lang='lat' dir='ltr'>divinissubstantiis</span> <span class='ocrx_word' id='word_1_8' title='bbox 799 455 965 510; x_wconf 80' lang='lat' dir='ltr'>adest</span> <span class='ocrx_word' id='word_1_9' title='bbox 987 456 1628 527; x_wconf 89' lang='lat' dir='ltr'>semperjustitia,cum</span> <span class='ocrx_word' id='word_1_10' title='bbox 1648 474 1761 513; x_wconf 91' lang='lat' dir='ltr'>non</span> <span class='ocrx_word' id='word_1_11' title='bbox 1778 459 1855 513; x_wconf 89' lang='lat' dir='ltr'>sit</span> <span class='ocrx_word' id='word_1_12' title='bbox 1885 461 1933 528; x_wconf 79' lang='grc' dir='ltr'>Α</span> <span class='ocrx_word' id='word_1_13' title='bbox 1964 460 2147 533; x_wconf 85' lang='lat' dir='ltr'>igitur</span> <span class='ocrx_word' id='word_1_14' title='bbox 2177 461 2415 532; x_wconf 84' lang='lat' dir='ltr'>quidem</span> <span class='ocrx_word' id='word_1_15' title='bbox 2448 464 2506 517; x_wconf 95' lang='lat' dir='ltr'>in</span> <span class='ocrx_word' id='word_1_16' title='bbox 2566 462 3065 518; x_wconf 82' lang='lat' dir='ltr'>afﬁrmationibus</span> <span class='ocrx_word' id='word_1_17' title='bbox 3097 460 3529 518; x_wconf 90' lang='lat' dir='ltr'>universalibus</span> <span class='ocrx_word' id='word_1_18' title='bbox 3555 468 3613 519; x_wconf 89' lang='lat' dir='ltr'>et</span> 
     </span>
    </p>
   </div>
   <div class='ocr_carea' id='block_1_5' title="bbox 199 543 1858 618">
    <p class='ocr_par' dir='ltr' id='par_1_5' title="bbox 199 543 1858 618">
     <span class='ocr_line' id='line_1_5' title="bbox 199 543 1858 618; baseline 0.004 -21"><span class='ocrx_word' id='word_1_19' title='bbox 199 543 566 598; x_wconf 76' lang='lat' dir='ltr'>humanitas.</span> <span class='ocrx_word' id='word_1_20' title='bbox 603 546 673 597; x_wconf 87' lang='lat' dir='ltr'>At</span> <span class='ocrx_word' id='word_1_21' title='bbox 701 544 749 597; x_wconf 90' lang='lat' dir='ltr'>si</span> <span class='ocrx_word' id='word_1_22' title='bbox 778 543 912 615; x_wconf 89' lang='lat' dir='ltr'>quid</span> <span class='ocrx_word' id='word_1_23' title='bbox 950 545 1065 599; x_wconf 88' lang='lat' dir='ltr'>tale</span> <span class='ocrx_word' id='word_1_24' title='bbox 1110 548 1181 600; x_wconf 89' lang='lat' dir='ltr'>de</span> <span class='ocrx_word' id='word_1_25' title='bbox 1212 548 1475 615; x_wconf 83' lang='lat' dir='ltr'>subjecto</span> <span class='ocrx_word' id='word_1_26' title='bbox 1510 546 1858 618; x_wconf 58' lang='lat' dir='ltr'>praedicetur</span> 
     </span>
    </p>
   </div>
   <div class='ocr_carea' id='block_1_6' title="bbox 198 634 1857 706">
    <p class='ocr_par' dir='ltr' id='par_1_6' title="bbox 198 634 1857 706">
     <span class='ocr_line' id='line_1_6' title="bbox 198 634 1857 706; baseline 0.002 -19"><span class='ocrx_word' id='word_1_27' title='bbox 198 635 360 704; x_wconf 83' lang='lat' dir='ltr'>quod</span> <span class='ocrx_word' id='word_1_28' title='bbox 386 640 442 687; x_wconf 90' lang='lat' dir='ltr'>et</span> <span class='ocrx_word' id='word_1_29' title='bbox 472 650 704 705; x_wconf 80' lang='lat' dir='ltr'>semper</span> <span class='ocrx_word' id='word_1_30' title='bbox 737 635 787 687; x_wconf 90' lang='lat' dir='ltr'>ei</span> <span class='ocrx_word' id='word_1_31' title='bbox 848 634 1171 705; x_wconf 81' lang='lat' dir='ltr'>copuletur,</span> <span class='ocrx_word' id='word_1_32' title='bbox 1207 652 1394 706; x_wconf 87' lang='lat' dir='ltr'>neque</span> <span class='ocrx_word' id='word_1_33' title='bbox 1439 641 1631 691; x_wconf 88' lang='lat' dir='ltr'>tamen</span> <span class='ocrx_word' id='word_1_34' title='bbox 1665 638 1857 706; x_wconf 85' lang='lat' dir='ltr'>subje-</span> 
     </span>
    </p>
   </div>
   <div class='ocr_carea' id='block_1_7' title="bbox 200 724 1856 797">
    <p class='ocr_par' dir='ltr' id='par_1_7' title="bbox 200 724 1856 797">
     <span class='ocr_line' id='line_1_7' title="bbox 200 724 1856 797; baseline 0.002 -20"><span class='ocrx_word' id='word_1_35' title='bbox 200 730 365 777; x_wconf 91' lang='lat' dir='ltr'>ctum</span> <span class='ocrx_word' id='word_1_36' title='bbox 404 725 591 792; x_wconf 82' lang='lat' dir='ltr'>possit</span> <span class='ocrx_word' id='word_1_37' title='bbox 621 724 917 791; x_wconf 73' lang='lat' dir='ltr'>excedere,</span> <span class='ocrx_word' id='word_1_38' title='bbox 952 729 1011 776; x_wconf 92' lang='lat' dir='ltr'>ut</span> <span class='ocrx_word' id='word_1_39' title='bbox 1046 724 1267 778; x_wconf 87' lang='lat' dir='ltr'>risibile</span> <span class='ocrx_word' id='word_1_40' title='bbox 1301 724 1545 789; x_wconf 86' lang='lat' dir='ltr'>homini,</span> <span class='ocrx_word' id='word_1_41' title='bbox 1583 726 1856 797; x_wconf 91' lang='lat' dir='ltr'>utrinque</span> 
     </span>
    </p>
   </div>
   <div class='ocr_carea' id='block_1_8' title="bbox 197 811 1854 881">
    <p class='ocr_par' dir='ltr' id='par_1_8' title="bbox 197 811 1854 881">
     <span class='ocr_line' id='line_1_8' title="bbox 197 811 1854 881; baseline 0.001 -15"><span class='ocrx_word' id='word_1_42' title='bbox 197 813 499 867; x_wconf 78' lang='lat' dir='ltr'>sententia</span> <span class='ocrx_word' id='word_1_43' title='bbox 531 811 587 864; x_wconf 91' lang='lat' dir='ltr'>in</span> <span class='ocrx_word' id='word_1_44' title='bbox 624 812 999 881; x_wconf 80' lang='lat' dir='ltr'>signiﬁcandi</span> <span class='ocrx_word' id='word_1_45' title='bbox 1034 813 1273 868; x_wconf 78' lang='lat' dir='ltr'>veritate</span> <span class='ocrx_word' id='word_1_46' title='bbox 1314 815 1630 881; x_wconf 82' lang='lat' dir='ltr'>concurrit,</span> <span class='ocrx_word' id='word_1_47' title='bbox 1661 815 1854 870; x_wconf 91' lang='lat' dir='ltr'>omnis</span> 
     </span>
    </p>
   </div>
   <div class='ocr_carea' id='block_1_9' title="bbox 195 902 1852 967">
    <p class='ocr_par' dir='ltr' id='par_1_9' title="bbox 195 902 1852 967">
     <span class='ocr_line' id='line_1_9' title="bbox 195 902 1852 967; baseline 0.001 -11"><span class='ocrx_word' id='word_1_48' title='bbox 195 902 374 957; x_wconf 89' lang='lat' dir='ltr'>homo</span> <span class='ocrx_word' id='word_1_49' title='bbox 408 902 648 957; x_wconf 87' lang='lat' dir='ltr'>risibilis</span> <span class='ocrx_word' id='word_1_50' title='bbox 682 908 791 966; x_wconf 88' lang='lat' dir='ltr'>est,</span> <span class='ocrx_word' id='word_1_51' title='bbox 826 919 958 956; x_wconf 90' lang='lat' dir='ltr'>vera</span> <span class='ocrx_word' id='word_1_52' title='bbox 1017 907 1123 967; x_wconf 88' lang='lat' dir='ltr'>est,</span> <span class='ocrx_word' id='word_1_53' title='bbox 1160 904 1351 958; x_wconf 91' lang='lat' dir='ltr'>omnis</span> <span class='ocrx_word' id='word_1_54' title='bbox 1385 922 1494 959; x_wconf 92' lang='lat' dir='ltr'>non</span> <span class='ocrx_word' id='word_1_55' title='bbox 1532 905 1706 959; x_wconf 86' lang='lat' dir='ltr'>homo</span> <span class='ocrx_word' id='word_1_56' title='bbox 1740 921 1852 959; x_wconf 90' lang='lat' dir='ltr'>non</span> 
     </span>
    </p>
   </div>
   <div class='ocr_carea' id='block_1_10' title="bbox 196 990 1855 1064">
    <p class='ocr_par' dir='ltr' id='par_1_10' title="bbox 196 990 1855 1064">
     <span class='ocr_line' id='line_1_10' title="bbox 196 990 1855 1064; baseline 0.002 -20"><span class='ocrx_word' id='word_1_57' title='bbox 196 990 453 1045; x_wconf 84' lang='lat' dir='ltr'>risibilis</span> <span class='ocrx_word' id='word_1_58' title='bbox 485 996 596 1053; x_wconf 89' lang='lat' dir='ltr'>est,</span> <span class='ocrx_word' id='word_1_59' title='bbox 632 991 747 1044; x_wconf 62' lang='lat' dir='ltr'>haec</span> <span class='ocrx_word' id='word_1_60' title='bbox 780 991 990 1046; x_wconf 78' lang='lat' dir='ltr'>retinet</span> <span class='ocrx_word' id='word_1_61' title='bbox 1022 994 1345 1047; x_wconf 75' lang='lat' dir='ltr'>veritatem.</span> <span class='ocrx_word' id='word_1_62' title='bbox 1379 993 1524 1047; x_wconf 91' lang='lat' dir='ltr'>Nam</span> <span class='ocrx_word' id='word_1_63' title='bbox 1559 995 1699 1064; x_wconf 82' lang='lat' dir='ltr'>quia</span> <span class='ocrx_word' id='word_1_64' title='bbox 1726 994 1855 1047; x_wconf 90' lang='lat' dir='ltr'>risi-</span> 
     </span>
    </p>
   </div>
   <div class='ocr_carea' id='block_1_11' title="bbox 195 1080 1852 1149">
    <p class='ocr_par' dir='ltr' id='par_1_11' title="bbox 195 1080 1852 1149">
     <span class='ocr_line' id='line_1_11' title="bbox 195 1080 1852 1149; baseline 0.001 -15"><span class='ocrx_word' id='word_1_65' title='bbox 195 1080 318 1135; x_wconf 89' lang='lat' dir='ltr'>bile</span> <span class='ocrx_word' id='word_1_66' title='bbox 352 1080 609 1133; x_wconf 81' lang='lat' dir='ltr'>hominis</span> <span class='ocrx_word' id='word_1_67' title='bbox 643 1080 942 1149; x_wconf 91' lang='lat' dir='ltr'>proprium</span> <span class='ocrx_word' id='word_1_68' title='bbox 978 1087 1087 1146; x_wconf 90' lang='lat' dir='ltr'>est,</span> <span class='ocrx_word' id='word_1_69' title='bbox 1124 1088 1277 1135; x_wconf 87' lang='lat' dir='ltr'>recte</span> <span class='ocrx_word' id='word_1_70' title='bbox 1336 1082 1553 1135; x_wconf 91' lang='lat' dir='ltr'>dicitur</span> <span class='ocrx_word' id='word_1_71' title='bbox 1583 1099 1697 1136; x_wconf 92' lang='lat' dir='ltr'>non</span> <span class='ocrx_word' id='word_1_72' title='bbox 1723 1097 1852 1137; x_wconf 88' lang='lat' dir='ltr'>esse</span> 
     </span>
    </p>
   </div>
   <div class='ocr_carea' id='block_1_12' title="bbox 197 1168 1850 1239">
    <p class='ocr_par' dir='ltr' id='par_1_12' title="bbox 197 1168 1850 1239">
     <span class='ocr_line' id='line_1_12' title="bbox 197 1168 1850 1239; baseline 0.001 -15"><span class='ocrx_word' id='word_1_73' title='bbox 197 1168 429 1224; x_wconf 83' lang='lat' dir='ltr'>risibile</span> <span class='ocrx_word' id='word_1_74' title='bbox 454 1168 741 1239; x_wconf 86' lang='lat' dir='ltr'>quidquid</span> <span class='ocrx_word' id='word_1_75' title='bbox 769 1168 945 1222; x_wconf 91' lang='lat' dir='ltr'>homo</span> <span class='ocrx_word' id='word_1_76' title='bbox 969 1185 1080 1223; x_wconf 87' lang='lat' dir='ltr'>non</span> <span class='ocrx_word' id='word_1_77' title='bbox 1112 1171 1299 1223; x_wconf 83' lang='lat' dir='ltr'>fuerit.</span> <span class='ocrx_word' id='word_1_78' title='bbox 1326 1170 1538 1225; x_wconf 88' lang='lat' dir='ltr'>Eadem</span> <span class='ocrx_word' id='word_1_79' title='bbox 1566 1170 1850 1225; x_wconf 89' lang='lat' dir='ltr'>omniain</span> 
     </span>
    </p>
   </div>
   <div class='ocr_carea' id='block_1_13' title="bbox 198 1256 1855 1330">
    <p class='ocr_par' dir='ltr' id='par_1_13' title="bbox 198 1256 1855 1330">
     <span class='ocr_line' id='line_1_13' title="bbox 198 1256 1855 1330; baseline 0.002 -19"><span class='ocrx_word' id='word_1_80' title='bbox 198 1256 546 1329; x_wconf 83' lang='lat' dir='ltr'>particulari</span> <span class='ocrx_word' id='word_1_81' title='bbox 573 1257 880 1327; x_wconf 80' lang='lat' dir='ltr'>negatione</span> <span class='ocrx_word' id='word_1_82' title='bbox 907 1258 1407 1315; x_wconf 84' lang='lat' dir='ltr'>redduntur.Nam</span> <span class='ocrx_word' id='word_1_83' title='bbox 1426 1261 1545 1313; x_wconf 89' lang='lat' dir='ltr'>sive</span> <span class='ocrx_word' id='word_1_84' title='bbox 1568 1275 1700 1330; x_wconf 68' lang='lat' dir='ltr'>quae</span> <span class='ocrx_word' id='word_1_85' title='bbox 1716 1265 1855 1314; x_wconf 88' lang='lat' dir='ltr'>sunt</span> 
     </span>
    </p>
   </div>
   <div class='ocr_carea' id='block_1_14' title="bbox 198 1346 1853 1418">
    <p class='ocr_par' dir='ltr' id='par_1_14' title="bbox 198 1346 1853 1418">
     <span class='ocr_line' id='line_1_14' title="bbox 198 1346 1853 1418; baseline 0.001 -17"><span class='ocrx_word' id='word_1_86' title='bbox 198 1348 434 1415; x_wconf 85' lang='lat' dir='ltr'>majora</span> <span class='ocrx_word' id='word_1_87' title='bbox 459 1346 724 1413; x_wconf 89' lang='lat' dir='ltr'>subjecto</span> <span class='ocrx_word' id='word_1_88' title='bbox 745 1351 920 1415; x_wconf 90' lang='lat' dir='ltr'>atque</span> <span class='ocrx_word' id='word_1_89' title='bbox 950 1348 1023 1400; x_wconf 90' lang='lat' dir='ltr'>ab</span> <span class='ocrx_word' id='word_1_90' title='bbox 1041 1362 1108 1401; x_wconf 91' lang='lat' dir='ltr'>eo</span> <span class='ocrx_word' id='word_1_91' title='bbox 1130 1347 1434 1402; x_wconf 84' lang='lat' dir='ltr'>discedere</span> <span class='ocrx_word' id='word_1_92' title='bbox 1458 1352 1853 1418; x_wconf 87' lang='lat' dir='ltr'>nequeunt,ut</span> 
     </span>
    </p>
   </div>
   <div class='ocr_carea' id='block_1_15' title="bbox 193 1434 1851 1508">
    <p class='ocr_par' dir='ltr' id='par_1_15' title="bbox 193 1434 1851 1508">
     <span class='ocr_line' id='line_1_15' title="bbox 193 1434 1851 1508; baseline 0.001 -18"><span class='ocrx_word' id='word_1_93' title='bbox 193 1435 634 1491; x_wconf 86' lang='lat' dir='ltr'>rationabilitas</span> <span class='ocrx_word' id='word_1_94' title='bbox 652 1435 724 1489; x_wconf 91' lang='lat' dir='ltr'>ab</span> <span class='ocrx_word' id='word_1_95' title='bbox 748 1434 1097 1501; x_wconf 89' lang='lat' dir='ltr'>homine,vel</span> <span class='ocrx_word' id='word_1_96' title='bbox 1120 1452 1247 1506; x_wconf 67' lang='lat' dir='ltr'>qua:</span> <span class='ocrx_word' id='word_1_97' title='bbox 1264 1437 1851 1508; x_wconf 88' lang='lat' dir='ltr'>disceduntquidem,</span> 
     </span>
    </p>
   </div>
   <div class='ocr_carea' id='block_1_16' title="bbox 197 1524 1850 1596">
    <p class='ocr_par' dir='ltr' id='par_1_16' title="bbox 197 1524 1850 1596">
     <span class='ocr_line' id='line_1_16' title="bbox 197 1524 1850 1596; baseline 0 -16"><span class='ocrx_word' id='word_1_98' title='bbox 197 1526 304 1580; x_wconf 83' lang='lat' dir='ltr'>sed</span> <span class='ocrx_word' id='word_1_99' title='bbox 332 1529 472 1579; x_wconf 89' lang='lat' dir='ltr'>sunt</span> <span class='ocrx_word' id='word_1_100' title='bbox 497 1524 719 1593; x_wconf 82' lang='lat' dir='ltr'>majora</span> <span class='ocrx_word' id='word_1_101' title='bbox 740 1524 1027 1594; x_wconf 90' lang='lat' dir='ltr'>subjecto,</span> <span class='ocrx_word' id='word_1_102' title='bbox 1055 1529 1116 1578; x_wconf 90' lang='lat' dir='ltr'>ut</span> <span class='ocrx_word' id='word_1_103' title='bbox 1136 1527 1559 1596; x_wconf 86' lang='lat' dir='ltr'>grammaticus</span> <span class='ocrx_word' id='word_1_104' title='bbox 1591 1526 1850 1593; x_wconf 87' lang='lat' dir='ltr'>homine,</span> 
     </span>
    </p>
   </div>
   <div class='ocr_carea' id='block_1_17' title="bbox 192 1613 1850 1684">
    <p class='ocr_par' dir='ltr' id='par_1_17' title="bbox 192 1613 1850 1684">
     <span class='ocr_line' id='line_1_17' title="bbox 192 1613 1850 1684; baseline -0.001 -14"><span class='ocrx_word' id='word_1_105' title='bbox 192 1616 272 1670; x_wconf 87' lang='lat' dir='ltr'>de</span> <span class='ocrx_word' id='word_1_106' title='bbox 303 1614 569 1684; x_wconf 85' lang='lat' dir='ltr'>subjecto</span> <span class='ocrx_word' id='word_1_107' title='bbox 601 1614 1193 1683; x_wconf 63' lang='lat' dir='ltr'>przedicenturmnam</span> <span class='ocrx_word' id='word_1_108' title='bbox 1225 1630 1442 1679; x_wconf 87' lang='lat' dir='ltr'>veram,</span> <span class='ocrx_word' id='word_1_109' title='bbox 1468 1613 1710 1669; x_wconf 88' lang='lat' dir='ltr'>alteram</span> <span class='ocrx_word' id='word_1_110' title='bbox 1747 1614 1850 1670; x_wconf 83' lang='lat' dir='ltr'>fal-</span> 
     </span>
    </p>
   </div>
   <div class='ocr_carea' id='block_1_18' title="bbox 198 1702 1852 1773">
    <p class='ocr_par' dir='ltr' id='par_1_18' title="bbox 198 1702 1852 1773">
     <span class='ocr_line' id='line_1_18' title="bbox 198 1702 1852 1773; baseline -0.001 -13"><span class='ocrx_word' id='word_1_111' title='bbox 198 1721 328 1760; x_wconf 89' lang='lat' dir='ltr'>sam</span> <span class='ocrx_word' id='word_1_112' title='bbox 364 1703 759 1757; x_wconf 78' lang='lat' dir='ltr'>faciunt.Nam</span> <span class='ocrx_word' id='word_1_113' title='bbox 785 1702 886 1773; x_wconf 90' lang='lat' dir='ltr'>qui</span> <span class='ocrx_word' id='word_1_114' title='bbox 904 1703 1069 1771; x_wconf 89' lang='lat' dir='ltr'>dicit,</span> <span class='ocrx_word' id='word_1_115' title='bbox 1090 1704 1328 1772; x_wconf 89' lang='lat' dir='ltr'>quidam</span> <span class='ocrx_word' id='word_1_116' title='bbox 1353 1704 1529 1759; x_wconf 90' lang='lat' dir='ltr'>homo</span> <span class='ocrx_word' id='word_1_117' title='bbox 1554 1704 1852 1760; x_wconf 80' lang='lat' dir='ltr'>rationalis</span> 
     </span>
    </p>
   </div>
   <div class='ocr_carea' id='block_1_19' title="bbox 193 1792 1927 1887">
    <p class='ocr_par' dir='ltr' id='par_1_19' title="bbox 193 1792 1927 1887">
     <span class='ocr_line' id='line_1_19' title="bbox 193 1792 1927 1887; baseline 0 -39"><span class='ocrx_word' id='word_1_118' title='bbox 193 1811 316 1848; x_wconf 86' lang='lat' dir='ltr'>non</span> <span class='ocrx_word' id='word_1_119' title='bbox 350 1792 682 1857; x_wconf 84' lang='lat' dir='ltr'>est,i‘alsum</span> <span class='ocrx_word' id='word_1_120' title='bbox 718 1792 1022 1862; x_wconf 79' lang='lat' dir='ltr'>praposuit</span> <span class='ocrx_word' id='word_1_121' title='bbox 1047 1812 1060 1860; x_wconf 90' lang='lat'><strong>;</strong></span> <span class='ocrx_word' id='word_1_122' title='bbox 1090 1792 1185 1861; x_wconf 91' lang='lat' dir='ltr'>qui</span> <span class='ocrx_word' id='word_1_123' title='bbox 1210 1809 1345 1848; x_wconf 88' lang='lat' dir='ltr'>vero</span> <span class='ocrx_word' id='word_1_124' title='bbox 1377 1794 1847 1865; x_wconf 89' lang='lat' dir='ltr'>respondet,qui-</span> <span class='ocrx_word' id='word_1_125' title='bbox 1880 1821 1927 1887; x_wconf 81' lang='grc' dir='ltr'><strong>Β</strong></span> 
     </span>
    </p>
   </div>
   <div class='ocr_carea' id='block_1_20' title="bbox 202 1881 1848 1951">
    <p class='ocr_par' dir='ltr' id='par_1_20' title="bbox 202 1881 1848 1951">
     <span class='ocr_line' id='line_1_20' title="bbox 202 1881 1848 1951; baseline -0.001 -13"><span class='ocrx_word' id='word_1_126' title='bbox 202 1885 343 1938; x_wconf 88' lang='lat' dir='ltr'>dam</span> <span class='ocrx_word' id='word_1_127' title='bbox 379 1898 493 1936; x_wconf 90' lang='lat' dir='ltr'>non</span> <span class='ocrx_word' id='word_1_128' title='bbox 528 1881 703 1935; x_wconf 89' lang='lat' dir='ltr'>homo</span> <span class='ocrx_word' id='word_1_129' title='bbox 735 1897 851 1935; x_wconf 90' lang='lat' dir='ltr'>non</span> <span class='ocrx_word' id='word_1_130' title='bbox 902 1881 1207 1936; x_wconf 88' lang='lat' dir='ltr'>rationalis</span> <span class='ocrx_word' id='word_1_131' title='bbox 1241 1899 1355 1937; x_wconf 89' lang='lat' dir='ltr'>non</span> <span class='ocrx_word' id='word_1_132' title='bbox 1388 1888 1495 1951; x_wconf 89' lang='lat' dir='ltr'>est,</span> <span class='ocrx_word' id='word_1_133' title='bbox 1528 1899 1729 1937; x_wconf 90' lang='lat' dir='ltr'>verum</span> <span class='ocrx_word' id='word_1_134' title='bbox 1766 1882 1848 1937; x_wconf 90' lang='lat' dir='ltr'>lo-</span> 
     </span>
    </p>
   </div>
   <div class='ocr_carea' id='block_1_21' title="bbox 194 1969 1846 2042">
    <p class='ocr_par' dir='ltr' id='par_1_21' title="bbox 194 1969 1846 2042">
     <span class='ocr_line' id='line_1_21' title="bbox 194 1969 1846 2042; baseline -0.001 -16"><span class='ocrx_word' id='word_1_135' title='bbox 194 1973 422 2042; x_wconf 91' lang='lat' dir='ltr'>quitur.</span> <span class='ocrx_word' id='word_1_136' title='bbox 455 1969 662 2023; x_wconf 89' lang='lat' dir='ltr'>Divina</span> <span class='ocrx_word' id='word_1_137' title='bbox 720 1970 939 2040; x_wconf 85' lang='lat' dir='ltr'>quippe</span> <span class='ocrx_word' id='word_1_138' title='bbox 970 1970 1305 2025; x_wconf 88' lang='lat' dir='ltr'>substantia</span> <span class='ocrx_word' id='word_1_139' title='bbox 1336 1987 1451 2025; x_wconf 88' lang='lat' dir='ltr'>non</span> <span class='ocrx_word' id='word_1_140' title='bbox 1481 1975 1573 2025; x_wconf 90' lang='lat' dir='ltr'>est</span> <span class='ocrx_word' id='word_1_141' title='bbox 1605 1971 1846 2041; x_wconf 90' lang='lat' dir='ltr'>quidam</span> 
     </span>
    </p>
   </div>
   <div class='ocr_carea' id='block_1_22' title="bbox 195 2059 1850 2129">
    <p class='ocr_par' dir='ltr' id='par_1_22' title="bbox 195 2059 1850 2129">
     <span class='ocr_line' id='line_1_22' title="bbox 195 2059 1850 2129; baseline -0.001 -13"><span class='ocrx_word' id='word_1_142' title='bbox 195 2062 399 2125; x_wconf 89' lang='lat' dir='ltr'>homo,</span> <span class='ocrx_word' id='word_1_143' title='bbox 432 2059 533 2114; x_wconf 90' lang='lat' dir='ltr'>sed</span> <span class='ocrx_word' id='word_1_144' title='bbox 562 2073 759 2112; x_wconf 87' lang='lat' dir='ltr'>carere</span> <span class='ocrx_word' id='word_1_145' title='bbox 793 2074 906 2113; x_wconf 92' lang='lat' dir='ltr'>non</span> <span class='ocrx_word' id='word_1_146' title='bbox 963 2063 1154 2129; x_wconf 86' lang='lat' dir='ltr'>potest</span> <span class='ocrx_word' id='word_1_147' title='bbox 1186 2059 1454 2114; x_wconf 75' lang='lat' dir='ltr'>humanae</span> <span class='ocrx_word' id='word_1_148' title='bbox 1488 2060 1714 2115; x_wconf 87' lang='lat' dir='ltr'>ratione</span> <span class='ocrx_word' id='word_1_149' title='bbox 1747 2076 1850 2114; x_wconf 86' lang='lat' dir='ltr'>na-</span> 
     </span>
    </p>
   </div>
   <div class='ocr_carea' id='block_1_23' title="bbox 196 2147 1847 2219">
    <p class='ocr_par' dir='ltr' id='par_1_23' title="bbox 196 2147 1847 2219">
     <span class='ocr_line' id='line_1_23' title="bbox 196 2147 1847 2219; baseline -0.001 -14"><span class='ocrx_word' id='word_1_150' title='bbox 196 2158 366 2205; x_wconf 74' lang='lat' dir='ltr'>turas.</span> <span class='ocrx_word' id='word_1_151' title='bbox 394 2150 555 2215; x_wconf 84' lang='lat' dir='ltr'>Item,</span> <span class='ocrx_word' id='word_1_152' title='bbox 588 2147 827 2217; x_wconf 89' lang='lat' dir='ltr'>quidam</span> <span class='ocrx_word' id='word_1_153' title='bbox 889 2148 1063 2202; x_wconf 90' lang='lat' dir='ltr'>homo</span> <span class='ocrx_word' id='word_1_154' title='bbox 1120 2150 1547 2219; x_wconf 84' lang='lat' dir='ltr'>grammaticus</span> <span class='ocrx_word' id='word_1_155' title='bbox 1598 2166 1709 2203; x_wconf 90' lang='lat' dir='ltr'>non</span> <span class='ocrx_word' id='word_1_156' title='bbox 1740 2154 1847 2216; x_wconf 86' lang='lat' dir='ltr'>est,</span> 
     </span>
    </p>
   </div>
   <div class='ocr_carea' id='block_1_24' title="bbox 200 2234 1850 2308">
    <p class='ocr_par' dir='ltr' id='par_1_24' title="bbox 200 2234 1850 2308">
     <span class='ocr_line' id='line_1_24' title="bbox 200 2234 1850 2308; baseline -0.001 -15"><span class='ocrx_word' id='word_1_157' title='bbox 200 2256 340 2295; x_wconf 85' lang='lat' dir='ltr'>vera</span> <span class='ocrx_word' id='word_1_158' title='bbox 372 2242 481 2306; x_wconf 89' lang='lat' dir='ltr'>est,</span> <span class='ocrx_word' id='word_1_159' title='bbox 514 2240 611 2292; x_wconf 89' lang='lat' dir='ltr'>sed</span> <span class='ocrx_word' id='word_1_160' title='bbox 646 2236 793 2291; x_wconf 86' lang='lat' dir='ltr'>falsa</span> <span class='ocrx_word' id='word_1_161' title='bbox 819 2240 909 2291; x_wconf 87' lang='lat' dir='ltr'>est</span> <span class='ocrx_word' id='word_1_162' title='bbox 938 2234 986 2291; x_wconf 90' lang='lat' dir='ltr'>si</span> <span class='ocrx_word' id='word_1_163' title='bbox 1015 2236 1233 2303; x_wconf 89' lang='lat' dir='ltr'>dicam,</span> <span class='ocrx_word' id='word_1_164' title='bbox 1257 2238 1499 2308; x_wconf 90' lang='lat' dir='ltr'>quidam</span> <span class='ocrx_word' id='word_1_165' title='bbox 1526 2253 1641 2292; x_wconf 91' lang='lat' dir='ltr'>non</span> <span class='ocrx_word' id='word_1_166' title='bbox 1675 2237 1850 2292; x_wconf 90' lang='lat' dir='ltr'>homo</span> 
     </span>
    </p>
   </div>
   <div class='ocr_carea' id='block_1_25' title="bbox 204 2324 1846 2397">
    <p class='ocr_par' dir='ltr' id='par_1_25' title="bbox 204 2324 1846 2397">
     <span class='ocr_line' id='line_1_25' title="bbox 204 2324 1846 2397; baseline -0.002 -16"><span class='ocrx_word' id='word_1_167' title='bbox 204 2342 323 2381; x_wconf 84' lang='lat' dir='ltr'>non</span> <span class='ocrx_word' id='word_1_168' title='bbox 354 2324 775 2397; x_wconf 84' lang='lat' dir='ltr'>grammaticus</span> <span class='ocrx_word' id='word_1_169' title='bbox 809 2340 921 2377; x_wconf 91' lang='lat' dir='ltr'>non</span> <span class='ocrx_word' id='word_1_170' title='bbox 966 2328 1074 2379; x_wconf 89' lang='lat' dir='ltr'>est.</span> <span class='ocrx_word' id='word_1_171' title='bbox 1130 2326 1269 2379; x_wconf 88' lang='lat' dir='ltr'>Cum</span> <span class='ocrx_word' id='word_1_172' title='bbox 1304 2324 1449 2378; x_wconf 92' lang='lat' dir='ltr'>illud</span> <span class='ocrx_word' id='word_1_173' title='bbox 1500 2324 1577 2379; x_wconf 86' lang='lat' dir='ltr'>sit</span> <span class='ocrx_word' id='word_1_174' title='bbox 1634 2324 1846 2389; x_wconf 92' lang='lat' dir='ltr'>verius,</span> 
     </span>
    </p>
   </div>
   <div class='ocr_carea' id='block_1_26' title="bbox 200 2412 1851 2485">
    <p class='ocr_par' dir='ltr' id='par_1_26' title="bbox 200 2412 1851 2485">
     <span class='ocr_line' id='line_1_26' title="bbox 200 2412 1851 2485; baseline -0.002 -16"><span class='ocrx_word' id='word_1_175' title='bbox 200 2413 481 2485; x_wconf 88' lang='lat' dir='ltr'>quoniam</span> <span class='ocrx_word' id='word_1_176' title='bbox 503 2412 601 2483; x_wconf 90' lang='lat' dir='ltr'>qui</span> <span class='ocrx_word' id='word_1_177' title='bbox 626 2412 800 2467; x_wconf 89' lang='lat' dir='ltr'>homo</span> <span class='ocrx_word' id='word_1_178' title='bbox 824 2428 939 2466; x_wconf 93' lang='lat' dir='ltr'>non</span> <span class='ocrx_word' id='word_1_179' title='bbox 961 2412 1273 2479; x_wconf 82' lang='lat' dir='ltr'>fuerit,non</span> <span class='ocrx_word' id='word_1_180' title='bbox 1296 2417 1487 2481; x_wconf 87' lang='lat' dir='ltr'>potest</span> <span class='ocrx_word' id='word_1_181' title='bbox 1508 2428 1638 2469; x_wconf 89' lang='lat' dir='ltr'>esse</span> <span class='ocrx_word' id='word_1_182' title='bbox 1660 2428 1851 2483; x_wconf 84' lang='lat' dir='ltr'>gram-</span> 
     </span>
    </p>
   </div>
   <div class='ocr_carea' id='block_1_27' title="bbox 194 2500 1851 2572">
    <p class='ocr_par' dir='ltr' id='par_1_27' title="bbox 194 2500 1851 2572">
     <span class='ocr_line' id='line_1_27' title="bbox 194 2500 1851 2572; baseline -0.001 -15"><span class='ocrx_word' id='word_1_183' title='bbox 194 2504 549 2557; x_wconf 89' lang='lat' dir='ltr'>maticus.At</span> <span class='ocrx_word' id='word_1_184' title='bbox 570 2500 618 2555; x_wconf 88' lang='lat' dir='ltr'>si</span> <span class='ocrx_word' id='word_1_185' title='bbox 635 2518 762 2572; x_wconf 67' lang='lat' dir='ltr'>quae</span> <span class='ocrx_word' id='word_1_186' title='bbox 785 2500 869 2555; x_wconf 88' lang='lat' dir='ltr'>vel</span> <span class='ocrx_word' id='word_1_187' title='bbox 890 2518 1194 2571; x_wconf 88' lang='lat' dir='ltr'>nunquam</span> <span class='ocrx_word' id='word_1_188' title='bbox 1218 2502 1287 2556; x_wconf 88' lang='lat' dir='ltr'>de</span> <span class='ocrx_word' id='word_1_189' title='bbox 1311 2503 1575 2572; x_wconf 87' lang='lat' dir='ltr'>subjecto</span> <span class='ocrx_word' id='word_1_190' title='bbox 1599 2505 1851 2571; x_wconf 89' lang='lat' dir='ltr'>possunt</span> 
     </span>
    </p>
   </div>
   <div class='ocr_carea' id='block_1_28' title="bbox 190 2588 1847 2662">
    <p class='ocr_par' dir='ltr' id='par_1_28' title="bbox 190 2588 1847 2662">
     <span class='ocr_line' id='line_1_28' title="bbox 190 2588 1847 2662; baseline -0.001 -18"><span class='ocrx_word' id='word_1_191' title='bbox 190 2608 329 2646; x_wconf 89' lang='lat' dir='ltr'>vere</span> <span class='ocrx_word' id='word_1_192' title='bbox 361 2590 683 2662; x_wconf 68' lang='lat' dir='ltr'>praedicari,</span> <span class='ocrx_word' id='word_1_193' title='bbox 719 2595 782 2643; x_wconf 91' lang='lat' dir='ltr'>ut</span> <span class='ocrx_word' id='word_1_194' title='bbox 815 2588 964 2660; x_wconf 89' lang='lat' dir='ltr'>lapis</span> <span class='ocrx_word' id='word_1_195' title='bbox 994 2591 1065 2645; x_wconf 91' lang='lat' dir='ltr'>de</span> <span class='ocrx_word' id='word_1_196' title='bbox 1114 2589 1374 2656; x_wconf 86' lang='lat' dir='ltr'>homine,</span> <span class='ocrx_word' id='word_1_197' title='bbox 1405 2590 1492 2646; x_wconf 90' lang='lat' dir='ltr'>vel</span> <span class='ocrx_word' id='word_1_198' title='bbox 1526 2590 1847 2661; x_wconf 67' lang='lat' dir='ltr'>praedican-</span> 
     </span>
    </p>
   </div>
   <div class='ocr_carea' id='block_1_29' title="bbox 195 2680 1847 2751">
    <p class='ocr_par' dir='ltr' id='par_1_29' title="bbox 195 2680 1847 2751">
     <span class='ocr_line' id='line_1_29' title="bbox 195 2680 1847 2751; baseline -0.002 -15"><span class='ocrx_word' id='word_1_199' title='bbox 195 2685 298 2736; x_wconf 88' lang='lat' dir='ltr'>tur</span> <span class='ocrx_word' id='word_1_200' title='bbox 329 2680 567 2751; x_wconf 90' lang='lat' dir='ltr'>quidem</span> <span class='ocrx_word' id='word_1_201' title='bbox 601 2684 657 2734; x_wconf 90' lang='lat' dir='ltr'>et</span> <span class='ocrx_word' id='word_1_202' title='bbox 689 2685 829 2734; x_wconf 89' lang='lat' dir='ltr'>sunt</span> <span class='ocrx_word' id='word_1_203' title='bbox 849 2680 1071 2748; x_wconf 89' lang='lat' dir='ltr'>majora</span> <span class='ocrx_word' id='word_1_204' title='bbox 1099 2680 1387 2749; x_wconf 87' lang='lat' dir='ltr'>subjecto,</span> <span class='ocrx_word' id='word_1_205' title='bbox 1420 2682 1516 2734; x_wconf 90' lang='lat' dir='ltr'>sed</span> <span class='ocrx_word' id='word_1_206' title='bbox 1546 2680 1616 2734; x_wconf 88' lang='lat' dir='ltr'>ab</span> <span class='ocrx_word' id='word_1_207' title='bbox 1638 2696 1704 2735; x_wconf 91' lang='lat' dir='ltr'>eo</span> <span class='ocrx_word' id='word_1_208' title='bbox 1727 2680 1847 2733; x_wconf 77' lang='lat' dir='ltr'>dis-</span> 
     </span>
    </p>
   </div>
   <div class='ocr_carea' id='block_1_30' title="bbox 203 2767 1845 2839">
    <p class='ocr_par' dir='ltr' id='par_1_30' title="bbox 203 2767 1845 2839">
     <span class='ocr_line' id='line_1_30' title="bbox 203 2767 1845 2839; baseline -0.001 -16"><span class='ocrx_word' id='word_1_209' title='bbox 203 2770 409 2824; x_wconf 88' lang='lat' dir='ltr'>cedere</span> <span class='ocrx_word' id='word_1_210' title='bbox 460 2768 833 2838; x_wconf 87' lang='lat' dir='ltr'>separarique</span> <span class='ocrx_word' id='word_1_211' title='bbox 868 2767 1193 2839; x_wconf 85' lang='lat' dir='ltr'>patiuntur,</span> <span class='ocrx_word' id='word_1_212' title='bbox 1243 2774 1308 2823; x_wconf 91' lang='lat' dir='ltr'>ut</span> <span class='ocrx_word' id='word_1_213' title='bbox 1359 2769 1591 2838; x_wconf 90' lang='lat' dir='ltr'>justitia</span> <span class='ocrx_word' id='word_1_214' title='bbox 1640 2770 1711 2823; x_wconf 91' lang='lat' dir='ltr'>ab</span> <span class='ocrx_word' id='word_1_215' title='bbox 1744 2769 1845 2822; x_wconf 87' lang='lat' dir='ltr'>ho-</span> 
     </span>
    </p>
   </div>
   <div class='ocr_carea' id='block_1_31' title="bbox 202 2857 1847 2928">
    <p class='ocr_par' dir='ltr' id='par_1_31' title="bbox 202 2857 1847 2928">
     <span class='ocr_line' id='line_1_31' title="bbox 202 2857 1847 2928; baseline -0.001 -15"><span class='ocrx_word' id='word_1_216' title='bbox 202 2860 556 2921; x_wconf 83' lang='lat' dir='ltr'>mine,veras</span> <span class='ocrx_word' id='word_1_217' title='bbox 588 2858 855 2928; x_wconf 80' lang='lat' dir='ltr'>protinus</span> <span class='ocrx_word' id='word_1_218' title='bbox 882 2864 1164 2928; x_wconf 87' lang='lat' dir='ltr'>utrasque</span> <span class='ocrx_word' id='word_1_219' title='bbox 1190 2863 1552 2912; x_wconf 72' lang='lat' dir='ltr'>conservant.</span> <span class='ocrx_word' id='word_1_220' title='bbox 1574 2858 1717 2913; x_wconf 91' lang='lat' dir='ltr'>Nam</span> <span class='ocrx_word' id='word_1_221' title='bbox 1747 2857 1847 2928; x_wconf 91' lang='lat' dir='ltr'>qui</span> 
     </span>
    </p>
   </div>
   <div class='ocr_carea' id='block_1_32' title="bbox 203 2945 1846 3017">
    <p class='ocr_par' dir='ltr' id='par_1_32' title="bbox 203 2945 1846 3017">
     <span class='ocr_line' id='line_1_32' title="bbox 203 2945 1846 3017; baseline 0 -16"><span class='ocrx_word' id='word_1_222' title='bbox 203 2948 372 3014; x_wconf 83' lang='lat' dir='ltr'>dicit,</span> <span class='ocrx_word' id='word_1_223' title='bbox 404 2946 642 3017; x_wconf 85' lang='lat' dir='ltr'>quidam</span> <span class='ocrx_word' id='word_1_224' title='bbox 673 2945 849 3000; x_wconf 88' lang='lat' dir='ltr'>homo</span> <span class='ocrx_word' id='word_1_225' title='bbox 906 2945 1057 3015; x_wconf 84' lang='lat' dir='ltr'>lapis</span> <span class='ocrx_word' id='word_1_226' title='bbox 1106 2962 1219 3000; x_wconf 88' lang='lat' dir='ltr'>non</span> <span class='ocrx_word' id='word_1_227' title='bbox 1272 2955 1381 3013; x_wconf 88' lang='lat' dir='ltr'>est,</span> <span class='ocrx_word' id='word_1_228' title='bbox 1442 2963 1643 3001; x_wconf 89' lang='lat' dir='ltr'>verum</span> <span class='ocrx_word' id='word_1_229' title='bbox 1678 2946 1846 3001; x_wconf 83' lang='lat' dir='ltr'>dixe-</span> 
     </span>
    </p>
   </div>
   <div class='ocr_carea' id='block_1_33' title="bbox 198 3035 1845 3106">
    <p class='ocr_par' dir='ltr' id='par_1_33' title="bbox 198 3035 1845 3106">
     <span class='ocr_line' id='line_1_33' title="bbox 198 3035 1845 3106; baseline -0.001 -15"><span class='ocrx_word' id='word_1_230' title='bbox 198 3037 298 3091; x_wconf 89' lang='lat' dir='ltr'>rit.</span> <span class='ocrx_word' id='word_1_231' title='bbox 330 3042 403 3092; x_wconf 84' lang='lat' dir='ltr'>At</span> <span class='ocrx_word' id='word_1_232' title='bbox 434 3035 483 3089; x_wconf 87' lang='lat' dir='ltr'>si</span> <span class='ocrx_word' id='word_1_233' title='bbox 516 3036 649 3105; x_wconf 88' lang='lat' dir='ltr'>quis</span> <span class='ocrx_word' id='word_1_234' title='bbox 682 3035 1051 3106; x_wconf 88' lang='lat' dir='ltr'>respondeat,</span> <span class='ocrx_word' id='word_1_235' title='bbox 1084 3036 1324 3105; x_wconf 89' lang='lat' dir='ltr'>quidam</span> <span class='ocrx_word' id='word_1_236' title='bbox 1379 3052 1492 3090; x_wconf 91' lang='lat' dir='ltr'>non</span> <span class='ocrx_word' id='word_1_237' title='bbox 1526 3036 1696 3091; x_wconf 91' lang='lat' dir='ltr'>homo</span> <span class='ocrx_word' id='word_1_238' title='bbox 1729 3051 1845 3090; x_wconf 89' lang='lat' dir='ltr'>non</span> 
     </span>
    </p>
   </div>
   <div class='ocr_carea' id='block_1_34' title="bbox 196 3123 1841 3197">
    <p class='ocr_par' dir='ltr' id='par_1_34' title="bbox 196 3123 1841 3197">
     <span class='ocr_line' id='line_1_34' title="bbox 196 3123 1841 3197; baseline -0.001 -17"><span class='ocrx_word' id='word_1_239' title='bbox 196 3125 350 3197; x_wconf 88' lang='lat' dir='ltr'>lapis</span> <span class='ocrx_word' id='word_1_240' title='bbox 382 3142 496 3180; x_wconf 88' lang='lat' dir='ltr'>non</span> <span class='ocrx_word' id='word_1_241' title='bbox 530 3129 642 3191; x_wconf 91' lang='lat' dir='ltr'>est,</span> <span class='ocrx_word' id='word_1_242' title='bbox 674 3124 723 3177; x_wconf 89' lang='lat' dir='ltr'>is</span> <span class='ocrx_word' id='word_1_243' title='bbox 748 3140 983 3195; x_wconf 89' lang='lat' dir='ltr'>quoque</span> <span class='ocrx_word' id='word_1_244' title='bbox 1006 3139 1205 3179; x_wconf 89' lang='lat' dir='ltr'>verum</span> <span class='ocrx_word' id='word_1_245' title='bbox 1247 3123 1493 3180; x_wconf 81' lang='lat' dir='ltr'>dixerit:</span> <span class='ocrx_word' id='word_1_246' title='bbox 1525 3125 1571 3179; x_wconf 92' lang='lat' dir='ltr'>si</span> <span class='ocrx_word' id='word_1_247' title='bbox 1605 3124 1841 3195; x_wconf 89' lang='lat' dir='ltr'>quidem</span> 
     </span>
    </p>
   </div>
   <div class='ocr_carea' id='block_1_35' title="bbox 198 3212 1841 3284">
    <p class='ocr_par' dir='ltr' id='par_1_35' title="bbox 198 3212 1841 3284">
     <span class='ocr_line' id='line_1_35' title="bbox 198 3212 1841 3284; baseline -0.002 -14"><span class='ocrx_word' id='word_1_248' title='bbox 198 3217 270 3270; x_wconf 88' lang='lat' dir='ltr'>de</span> <span class='ocrx_word' id='word_1_249' title='bbox 303 3214 464 3269; x_wconf 89' lang='lat' dir='ltr'>silice</span> <span class='ocrx_word' id='word_1_250' title='bbox 496 3215 582 3268; x_wconf 87' lang='lat' dir='ltr'>vel</span> <span class='ocrx_word' id='word_1_251' title='bbox 616 3214 688 3267; x_wconf 89' lang='lat' dir='ltr'>de</span> <span class='ocrx_word' id='word_1_252' title='bbox 748 3213 1088 3282; x_wconf 77' lang='lat' dir='ltr'>huiusmodi</span> <span class='ocrx_word' id='word_1_253' title='bbox 1124 3213 1345 3268; x_wconf 71' lang='lat' dir='ltr'>caateris</span> <span class='ocrx_word' id='word_1_254' title='bbox 1376 3213 1512 3268; x_wconf 90' lang='lat' dir='ltr'>velit</span> <span class='ocrx_word' id='word_1_255' title='bbox 1573 3212 1841 3284; x_wconf 86' lang='lat' dir='ltr'>intelligi,</span> 
     </span>
    </p>
   </div>
   <div class='ocr_carea' id='block_1_36' title="bbox 202 3301 1846 3375">
    <p class='ocr_par' dir='ltr' id='par_1_36' title="bbox 202 3301 1846 3375">
     <span class='ocr_line' id='line_1_36' title="bbox 202 3301 1846 3375; baseline -0.002 -17"><span class='ocrx_word' id='word_1_256' title='bbox 202 3321 331 3375; x_wconf 77' lang='lat' dir='ltr'>quae</span> <span class='ocrx_word' id='word_1_257' title='bbox 357 3319 489 3357; x_wconf 89' lang='lat' dir='ltr'>cum</span> <span class='ocrx_word' id='word_1_258' title='bbox 524 3318 638 3356; x_wconf 86' lang='lat' dir='ltr'>non</span> <span class='ocrx_word' id='word_1_259' title='bbox 665 3302 787 3355; x_wconf 88' lang='lat' dir='ltr'>sint</span> <span class='ocrx_word' id='word_1_260' title='bbox 813 3301 1102 3371; x_wconf 86' lang='lat' dir='ltr'>homines,</span> <span class='ocrx_word' id='word_1_261' title='bbox 1136 3318 1249 3356; x_wconf 90' lang='lat' dir='ltr'>non</span> <span class='ocrx_word' id='word_1_262' title='bbox 1281 3302 1507 3373; x_wconf 87' lang='lat' dir='ltr'>lapides</span> <span class='ocrx_word' id='word_1_263' title='bbox 1540 3319 1653 3356; x_wconf 89' lang='lat' dir='ltr'>non</span> <span class='ocrx_word' id='word_1_264' title='bbox 1686 3306 1846 3357; x_wconf 88' lang='lat' dir='ltr'>sunt.</span> 
     </span>
    </p>
   </div>
   <div class='ocr_carea' id='block_1_37' title="bbox 204 3389 1847 3462">
    <p class='ocr_par' dir='ltr' id='par_1_37' title="bbox 204 3389 1847 3462">
     <span class='ocr_line' id='line_1_37' title="bbox 204 3389 1847 3462; baseline -0.003 -14"><span class='ocrx_word' id='word_1_265' title='bbox 204 3392 618 3462; x_wconf 87' lang='lat' dir='ltr'>ltem,quidam</span> <span class='ocrx_word' id='word_1_266' title='bbox 652 3391 825 3445; x_wconf 90' lang='lat' dir='ltr'>homo</span> <span class='ocrx_word' id='word_1_267' title='bbox 852 3391 1051 3459; x_wconf 89' lang='lat' dir='ltr'>justus</span> <span class='ocrx_word' id='word_1_268' title='bbox 1085 3406 1196 3445; x_wconf 90' lang='lat' dir='ltr'>non</span> <span class='ocrx_word' id='word_1_269' title='bbox 1230 3389 1667 3461; x_wconf 91' lang='lat' dir='ltr'>est,propositio</span> <span class='ocrx_word' id='word_1_270' title='bbox 1696 3390 1847 3445; x_wconf 84' lang='lat' dir='ltr'>veri—</span> 
     </span>
    </p>
   </div>
   <div class='ocr_carea' id='block_1_38' title="bbox 203 3477 1848 3550">
    <p class='ocr_par' dir='ltr' id='par_1_38' title="bbox 203 3477 1848 3550">
     <span class='ocr_line' id='line_1_38' title="bbox 203 3477 1848 3550; baseline -0.002 -13"><span class='ocrx_word' id='word_1_271' title='bbox 203 3488 387 3538; x_wconf 87' lang='lat' dir='ltr'>tatem</span> <span class='ocrx_word' id='word_1_272' title='bbox 408 3486 587 3534; x_wconf 88' lang='lat' dir='ltr'>tenet.</span> <span class='ocrx_word' id='word_1_273' title='bbox 622 3480 731 3534; x_wconf 86' lang='lat' dir='ltr'>Sed</span> <span class='ocrx_word' id='word_1_274' title='bbox 757 3495 827 3533; x_wconf 93' lang='lat' dir='ltr'>ne</span> <span class='ocrx_word' id='word_1_275' title='bbox 849 3477 947 3532; x_wconf 92' lang='lat' dir='ltr'>illa</span> <span class='ocrx_word' id='word_1_276' title='bbox 978 3478 1215 3549; x_wconf 91' lang='lat' dir='ltr'>quidem</span> <span class='ocrx_word' id='word_1_277' title='bbox 1252 3478 1398 3534; x_wconf 91' lang='lat' dir='ltr'>falsa</span> <span class='ocrx_word' id='word_1_278' title='bbox 1436 3484 1525 3534; x_wconf 89' lang='lat' dir='ltr'>est</span> <span class='ocrx_word' id='word_1_279' title='bbox 1554 3496 1682 3550; x_wconf 65' lang='lat' dir='ltr'>quae</span> <span class='ocrx_word' id='word_1_280' title='bbox 1716 3496 1848 3550; x_wconf 87' lang='lat' dir='ltr'>pro-</span> 
     </span>
    </p>
   </div>
   <div class='ocr_carea' id='block_1_39' title="bbox 203 3566 1847 3643">
    <p class='ocr_par' dir='ltr' id='par_1_39' title="bbox 203 3566 1847 3643">
     <span class='ocr_line' id='line_1_39' title="bbox 203 3566 1847 3643; baseline -0.002 -18"><span class='ocrx_word' id='word_1_281' title='bbox 203 3569 367 3643; x_wconf 90' lang='lat' dir='ltr'>ponit</span> <span class='ocrx_word' id='word_1_282' title='bbox 388 3568 703 3639; x_wconf 87' lang='lat' dir='ltr'>quemdam</span> <span class='ocrx_word' id='word_1_283' title='bbox 733 3584 847 3622; x_wconf 90' lang='lat' dir='ltr'>nou</span> <span class='ocrx_word' id='word_1_284' title='bbox 863 3566 1159 3622; x_wconf 90' lang='lat' dir='ltr'>hominem</span> <span class='ocrx_word' id='word_1_285' title='bbox 1184 3568 1537 3637; x_wconf 88' lang='lat' dir='ltr'>noujustum</span> <span class='ocrx_word' id='word_1_286' title='bbox 1559 3584 1673 3623; x_wconf 92' lang='lat' dir='ltr'>non</span> <span class='ocrx_word' id='word_1_287' title='bbox 1698 3584 1847 3635; x_wconf 88' lang='lat' dir='ltr'>esse;</span> 
     </span>
    </p>
   </div>
   <div class='ocr_carea' id='block_1_40' title="bbox 204 3655 1847 3727">
    <p class='ocr_par' dir='ltr' id='par_1_40' title="bbox 204 3655 1847 3727">
     <span class='ocr_line' id='line_1_40' title="bbox 204 3655 1847 3727; baseline -0.005 -11"><span class='ocrx_word' id='word_1_288' title='bbox 204 3662 313 3716; x_wconf 91' lang='lat' dir='ltr'>hoc</span> <span class='ocrx_word' id='word_1_289' title='bbox 335 3660 515 3727; x_wconf 90' lang='lat' dir='ltr'>enim,</span> <span class='ocrx_word' id='word_1_290' title='bbox 550 3657 852 3711; x_wconf 90' lang='lat' dir='ltr'>utdictum</span> <span class='ocrx_word' id='word_1_291' title='bbox 888 3655 1221 3721; x_wconf 90' lang='lat' dir='ltr'>est,divinis</span> <span class='ocrx_word' id='word_1_292' title='bbox 1251 3656 1597 3711; x_wconf 86' lang='lat' dir='ltr'>substantiis</span> <span class='ocrx_word' id='word_1_293' title='bbox 1624 3655 1847 3711; x_wconf 86' lang='lat' dir='ltr'>inveni-</span> 
     </span>
    </p>
   </div>
   <div class='ocr_carea' id='block_1_41' title="bbox 203 3744 1848 3818">
    <p class='ocr_par' dir='ltr' id='par_1_41' title="bbox 203 3744 1848 3818">
     <span class='ocr_line' id='line_1_41' title="bbox 203 3744 1848 3818; baseline -0.004 -14"><span class='ocrx_word' id='word_1_294' title='bbox 203 3754 395 3811; x_wconf 88' lang='lat' dir='ltr'>tur,ut</span> <span class='ocrx_word' id='word_1_295' title='bbox 420 3746 714 3818; x_wconf 88' lang='lat' dir='ltr'>justitiam</span> <span class='ocrx_word' id='word_1_296' title='bbox 747 3744 1287 3816; x_wconf 87' lang='lat' dir='ltr'>teneant,quamvis</span> <span class='ocrx_word' id='word_1_297' title='bbox 1311 3747 1381 3800; x_wconf 91' lang='lat' dir='ltr'>ab</span> <span class='ocrx_word' id='word_1_298' title='bbox 1408 3745 1661 3800; x_wconf 89' lang='lat' dir='ltr'>hominis</span> <span class='ocrx_word' id='word_1_299' title='bbox 1694 3744 1848 3799; x_wconf 84' lang='lat' dir='ltr'>difﬁ-</span> 
     </span>
    </p>
   </div>
   <div class='ocr_carea' id='block_1_42' title="bbox 208 3833 1849 3905">
    <p class='ocr_par' dir='ltr' id='par_1_42' title="bbox 208 3833 1849 3905">
     <span class='ocr_line' id='line_1_42' title="bbox 208 3833 1849 3905; baseline -0.002 -12"><span class='ocrx_word' id='word_1_300' title='bbox 208 3838 433 3893; x_wconf 90' lang='lat' dir='ltr'>nitione</span> <span class='ocrx_word' id='word_1_301' title='bbox 456 3837 731 3905; x_wconf 70' lang='lat' dir='ltr'>sejunctas</span> <span class='ocrx_word' id='word_1_302' title='bbox 756 3842 913 3888; x_wconf 90' lang='lat' dir='ltr'>sunt.</span> <span class='ocrx_word' id='word_1_303' title='bbox 938 3835 1105 3898; x_wconf 90' lang='lat' dir='ltr'>Item,</span> <span class='ocrx_word' id='word_1_304' title='bbox 1138 3835 1184 3887; x_wconf 89' lang='lat' dir='ltr'>si</span> <span class='ocrx_word' id='word_1_305' title='bbox 1219 3833 1273 3887; x_wconf 90' lang='lat' dir='ltr'>id</span> <span class='ocrx_word' id='word_1_306' title='bbox 1308 3834 1463 3904; x_wconf 92' lang='lat' dir='ltr'>quod</span> <span class='ocrx_word' id='word_1_307' title='bbox 1498 3835 1702 3889; x_wconf 89' lang='lat' dir='ltr'>abesse</span> <span class='ocrx_word' id='word_1_308' title='bbox 1733 3851 1849 3889; x_wconf 88' lang='lat' dir='ltr'>non</span> 
     </span>
    </p>
   </div>
   <div class='ocr_carea' id='block_1_43' title="bbox 208 3922 1850 4000">
    <p class='ocr_par' dir='ltr' id='par_1_43' title="bbox 208 3922 1850 4000">
     <span class='ocr_line' id='line_1_43' title="bbox 208 3922 1850 4000; baseline -0.002 -18"><span class='ocrx_word' id='word_1_309' title='bbox 208 3931 421 4000; x_wconf 87' lang='lat' dir='ltr'>potest,</span> <span class='ocrx_word' id='word_1_310' title='bbox 455 3930 509 3979; x_wconf 93' lang='lat' dir='ltr'>et</span> <span class='ocrx_word' id='word_1_311' title='bbox 536 3924 614 3979; x_wconf 90' lang='lat' dir='ltr'>sit</span> <span class='ocrx_word' id='word_1_312' title='bbox 639 3922 860 3994; x_wconf 65' lang='lat' dir='ltr'>aequale</span> <span class='ocrx_word' id='word_1_313' title='bbox 893 3925 1177 3992; x_wconf 86' lang='lat' dir='ltr'>subjecto,</span> <span class='ocrx_word' id='word_1_314' title='bbox 1213 3924 1284 3976; x_wconf 91' lang='lat' dir='ltr'>de</span> <span class='ocrx_word' id='word_1_315' title='bbox 1323 3924 1525 3977; x_wconf 91' lang='lat' dir='ltr'>eodem</span> <span class='ocrx_word' id='word_1_316' title='bbox 1584 3924 1850 3991; x_wconf 81' lang='lat' dir='ltr'>subjecto</span> 
     </span>
    </p>
   </div>
   <div class='ocr_carea' id='block_1_44' title="bbox 212 4011 1854 4089">
    <p class='ocr_par' dir='ltr' id='par_1_44' title="bbox 212 4011 1854 4089">
     <span class='ocr_line' id='line_1_44' title="bbox 212 4011 1854 4089; baseline -0.002 -18"><span class='ocrx_word' id='word_1_317' title='bbox 212 4016 578 4089; x_wconf 62' lang='lat' dir='ltr'>praedicetur,</span> <span class='ocrx_word' id='word_1_318' title='bbox 640 4017 702 4067; x_wconf 95' lang='lat' dir='ltr'>ut</span> <span class='ocrx_word' id='word_1_319' title='bbox 751 4011 973 4067; x_wconf 90' lang='lat' dir='ltr'>risibile</span> <span class='ocrx_word' id='word_1_320' title='bbox 1013 4011 1259 4078; x_wconf 90' lang='lat' dir='ltr'>homini,</span> <span class='ocrx_word' id='word_1_321' title='bbox 1302 4012 1549 4066; x_wconf 90' lang='lat' dir='ltr'>incurrit</span> <span class='ocrx_word' id='word_1_322' title='bbox 1587 4012 1854 4083; x_wconf 90' lang='lat' dir='ltr'>utrisque</span> 
     </span>
    </p>
   </div>
   <div class='ocr_carea' id='block_1_45' title="bbox 217 4100 1854 4172">
    <p class='ocr_par' dir='ltr' id='par_1_45' title="bbox 217 4100 1854 4172">
     <span class='ocr_line' id='line_1_45' title="bbox 217 4100 1854 4172; baseline -0.004 -11"><span class='ocrx_word' id='word_1_323' title='bbox 217 4103 611 4161; x_wconf 86' lang='lat' dir='ltr'>mendacium.</span> <span class='ocrx_word' id='word_1_324' title='bbox 648 4102 791 4156; x_wconf 89' lang='lat' dir='ltr'>Nam</span> <span class='ocrx_word' id='word_1_325' title='bbox 826 4101 1062 4172; x_wconf 88' lang='lat' dir='ltr'>quidem</span> <span class='ocrx_word' id='word_1_326' title='bbox 1116 4100 1292 4155; x_wconf 90' lang='lat' dir='ltr'>homo</span> <span class='ocrx_word' id='word_1_327' title='bbox 1324 4100 1568 4155; x_wconf 88' lang='lat' dir='ltr'>risibilis</span> <span class='ocrx_word' id='word_1_328' title='bbox 1601 4118 1711 4156; x_wconf 91' lang='lat' dir='ltr'>non</span> <span class='ocrx_word' id='word_1_329' title='bbox 1746 4107 1854 4168; x_wconf 91' lang='lat' dir='ltr'>est,</span> 
     </span>
    </p>
   </div>
   <div class='ocr_carea' id='block_1_46' title="bbox 214 4188 1857 4260">
    <p class='ocr_par' dir='ltr' id='par_1_46' title="bbox 214 4188 1857 4260">
     <span class='ocr_line' id='line_1_46' title="bbox 214 4188 1857 4260; baseline -0.002 -13"><span class='ocrx_word' id='word_1_330' title='bbox 214 4194 360 4248; x_wconf 80' lang='lat' dir='ltr'>falsa</span> <span class='ocrx_word' id='word_1_331' title='bbox 390 4199 504 4255; x_wconf 92' lang='lat' dir='ltr'>est,</span> <span class='ocrx_word' id='word_1_332' title='bbox 536 4191 707 4259; x_wconf 89' lang='lat' dir='ltr'>cujus</span> <span class='ocrx_word' id='word_1_333' title='bbox 733 4188 968 4244; x_wconf 80' lang='lat' dir='ltr'>falsitati</span> <span class='ocrx_word' id='word_1_334' title='bbox 1002 4205 1128 4244; x_wconf 91' lang='lat' dir='ltr'>sese</span> <span class='ocrx_word' id='word_1_335' title='bbox 1159 4188 1433 4243; x_wconf 67' lang='lat' dir='ltr'>aemulam</span> <span class='ocrx_word' id='word_1_336' title='bbox 1467 4193 1702 4259; x_wconf 69' lang='lat' dir='ltr'>praestat</span> <span class='ocrx_word' id='word_1_337' title='bbox 1730 4205 1857 4260; x_wconf 67' lang='lat' dir='ltr'>quas</span> 
     </span>
    </p>
   </div>
   <div class='ocr_carea' id='block_1_47' title="bbox 212 4278 1857 4355">
    <p class='ocr_par' dir='ltr' id='par_1_47' title="bbox 212 4278 1857 4355">
     <span class='ocr_line' id='line_1_47' title="bbox 212 4278 1857 4355; baseline -0.002 -17"><span class='ocrx_word' id='word_1_338' title='bbox 212 4281 511 4355; x_wconf 80' lang='lat' dir='ltr'>proponit,</span> <span class='ocrx_word' id='word_1_339' title='bbox 543 4279 783 4349; x_wconf 90' lang='lat' dir='ltr'>quidam</span> <span class='ocrx_word' id='word_1_340' title='bbox 819 4295 931 4333; x_wconf 94' lang='lat' dir='ltr'>non</span> <span class='ocrx_word' id='word_1_341' title='bbox 968 4278 1142 4333; x_wconf 91' lang='lat' dir='ltr'>homo</span> <span class='ocrx_word' id='word_1_342' title='bbox 1176 4295 1290 4332; x_wconf 94' lang='lat' dir='ltr'>non</span> <span class='ocrx_word' id='word_1_343' title='bbox 1319 4278 1545 4333; x_wconf 90' lang='lat' dir='ltr'>risibile</span> <span class='ocrx_word' id='word_1_344' title='bbox 1599 4295 1715 4333; x_wconf 91' lang='lat' dir='ltr'>non</span> <span class='ocrx_word' id='word_1_345' title='bbox 1747 4284 1857 4348; x_wconf 88' lang='lat' dir='ltr'>est,</span> 
     </span>
    </p>
   </div>
   <div class='ocr_carea' id='block_1_48' title="bbox 209 4366 1863 4443">
    <p class='ocr_par' dir='ltr' id='par_1_48' title="bbox 209 4366 1863 4443">
     <span class='ocr_line' id='line_1_48' title="bbox 209 4366 1863 4443; baseline -0.004 -15"><span class='ocrx_word' id='word_1_346' title='bbox 209 4371 378 4443; x_wconf 86' lang='lat' dir='ltr'>quasi</span> <span class='ocrx_word' id='word_1_347' title='bbox 429 4369 529 4441; x_wconf 91' lang='lat' dir='ltr'>qui</span> <span class='ocrx_word' id='word_1_348' title='bbox 584 4368 759 4423; x_wconf 91' lang='lat' dir='ltr'>homo</span> <span class='ocrx_word' id='word_1_349' title='bbox 812 4383 928 4423; x_wconf 87' lang='lat' dir='ltr'>non</span> <span class='ocrx_word' id='word_1_350' title='bbox 959 4367 1036 4422; x_wconf 88' lang='lat' dir='ltr'>sit</span> <span class='ocrx_word' id='word_1_351' title='bbox 1084 4366 1269 4438; x_wconf 89' lang='lat' dir='ltr'>possit</span> <span class='ocrx_word' id='word_1_352' title='bbox 1300 4382 1429 4423; x_wconf 88' lang='lat' dir='ltr'>esse</span> <span class='ocrx_word' id='word_1_353' title='bbox 1475 4366 1741 4423; x_wconf 86' lang='lat' dir='ltr'>risibilis.</span> <span class='ocrx_word' id='word_1_354' title='bbox 1775 4371 1863 4421; x_wconf 88' lang='lat' dir='ltr'>Ita</span> 
     </span>
    </p>
   </div>
   <div class='ocr_carea' id='block_1_49' title="bbox 1034 4482 1362 4555">
    <p class='ocr_par' dir='ltr' id='par_1_49' title="bbox 1034 4482 1362 4555">
     <span class='ocr_line' id='line_1_49' title="bbox 1034 4482 1362 4555; baseline 0.006 -18"><span class='ocrx_word' id='word_1_355' title='bbox 1034 4482 1362 4555; x_wconf 85' lang='lat' dir='ltr'>Simplices.</span> 
     </span>
    </p>
   </div>
   <div class='ocr_carea' id='block_1_50' title="bbox 754 4570 1645 4628">
    <p class='ocr_par' dir='ltr' id='par_1_50' title="bbox 754 4570 1645 4628">
     <span class='ocr_line' id='line_1_50' title="bbox 754 4570 1645 4628; baseline 0 -1"><span class='ocrx_word' id='word_1_356' title='bbox 754 4571 957 4628; x_wconf 90' lang='lat' dir='ltr'>Omnis</span> <span class='ocrx_word' id='word_1_357' title='bbox 988 4571 1163 4627; x_wconf 89' lang='lat' dir='ltr'>homo</span> <span class='ocrx_word' id='word_1_358' title='bbox 1198 4570 1505 4628; x_wconf 86' lang='lat' dir='ltr'>rationalis</span> <span class='ocrx_word' id='word_1_359' title='bbox 1538 4576 1645 4627; x_wconf 88' lang='lat' dir='ltr'>est.</span> 
     </span>
    </p>
   </div>
   <div class='ocr_carea' id='block_1_51' title="bbox 756 4660 1645 4717">
    <p class='ocr_par' dir='ltr' id='par_1_51' title="bbox 756 4660 1645 4717">
     <span class='ocr_line' id='line_1_51' title="bbox 756 4660 1645 4717; baseline -0.004 0"><span class='ocrx_word' id='word_1_360' title='bbox 756 4661 966 4717; x_wconf 90' lang='lat' dir='ltr'>Nullus</span> <span class='ocrx_word' id='word_1_361' title='bbox 999 4661 1174 4716; x_wconf 86' lang='lat' dir='ltr'>homo</span> <span class='ocrx_word' id='word_1_362' title='bbox 1202 4660 1507 4716; x_wconf 87' lang='lat' dir='ltr'>rationalis</span> <span class='ocrx_word' id='word_1_363' title='bbox 1539 4666 1645 4715; x_wconf 89' lang='lat' dir='ltr'>est.</span> 
     </span>
    </p>
   </div>
   <div class='ocr_carea' id='block_1_52' title="bbox 759 4749 1682 4816">
    <p class='ocr_par' dir='ltr' id='par_1_52' title="bbox 759 4749 1682 4816">
     <span class='ocr_line' id='line_1_52' title="bbox 759 4749 1682 4816; baseline 0 -12"><span class='ocrx_word' id='word_1_364' title='bbox 759 4751 1004 4816; x_wconf 90' lang='lat' dir='ltr'>Quidam</span> <span class='ocrx_word' id='word_1_365' title='bbox 1038 4750 1213 4805; x_wconf 90' lang='lat' dir='ltr'>homo</span> <span class='ocrx_word' id='word_1_366' title='bbox 1244 4749 1546 4805; x_wconf 87' lang='lat' dir='ltr'>rationalis</span> <span class='ocrx_word' id='word_1_367' title='bbox 1574 4754 1682 4805; x_wconf 90' lang='lat' dir='ltr'>est.</span> 
     </span>
    </p>
   </div>
   <div class='ocr_carea' id='block_1_53' title="bbox 757 4839 1795 4905">
    <p class='ocr_par' dir='ltr' id='par_1_53' title="bbox 757 4839 1795 4905">
     <span class='ocr_line' id='line_1_53' title="bbox 757 4839 1795 4905; baseline 0.001 -12"><span class='ocrx_word' id='word_1_368' title='bbox 757 4840 1007 4905; x_wconf 85' lang='lat' dir='ltr'>Quidam</span> <span class='ocrx_word' id='word_1_369' title='bbox 1027 4839 1202 4895; x_wconf 90' lang='lat' dir='ltr'>homo</span> <span class='ocrx_word' id='word_1_370' title='bbox 1224 4839 1524 4895; x_wconf 86' lang='lat' dir='ltr'>rationalis</span> <span class='ocrx_word' id='word_1_371' title='bbox 1547 4856 1662 4895; x_wconf 89' lang='lat' dir='ltr'>non</span> <span class='ocrx_word' id='word_1_372' title='bbox 1685 4843 1795 4895; x_wconf 88' lang='lat' dir='ltr'>est.</span> 
     </span>
    </p>
   </div>
   <div class='ocr_carea' id='block_1_54' title="bbox 758 4955 1580 5013">
    <p class='ocr_par' dir='ltr' id='par_1_54' title="bbox 758 4955 1580 5013">
     <span class='ocr_line' id='line_1_54' title="bbox 758 4955 1580 5013; baseline 0 -2"><span class='ocrx_word' id='word_1_373' title='bbox 758 4956 964 5012; x_wconf 82' lang='lat' dir='ltr'>Omnia</span> <span class='ocrx_word' id='word_1_374' title='bbox 996 4956 1168 5013; x_wconf 92' lang='lat' dir='ltr'>homo</span> <span class='ocrx_word' id='word_1_375' title='bbox 1199 4955 1442 5012; x_wconf 91' lang='lat' dir='ltr'>risibilis</span> <span class='ocrx_word' id='word_1_376' title='bbox 1473 4959 1580 5012; x_wconf 88' lang='lat' dir='ltr'>est.</span> 
     </span>
    </p>
   </div>
   <div class='ocr_carea' id='block_1_55' title="bbox 760 5044 1585 5101">
    <p class='ocr_par' dir='ltr' id='par_1_55' title="bbox 760 5044 1585 5101">
     <span class='ocr_line' id='line_1_55' title="bbox 760 5044 1585 5101; baseline 0 -1"><span class='ocrx_word' id='word_1_377' title='bbox 760 5045 969 5101; x_wconf 89' lang='lat' dir='ltr'>Nullus</span> <span class='ocrx_word' id='word_1_378' title='bbox 1002 5046 1176 5101; x_wconf 90' lang='lat' dir='ltr'>homo</span> <span class='ocrx_word' id='word_1_379' title='bbox 1205 5044 1448 5101; x_wconf 89' lang='lat' dir='ltr'>risibilis</span> <span class='ocrx_word' id='word_1_380' title='bbox 1479 5049 1585 5101; x_wconf 90' lang='lat' dir='ltr'>est.</span> 
     </span>
    </p>
   </div>
   <div class='ocr_carea' id='block_1_56' title="bbox 763 5133 1630 5201">
    <p class='ocr_par' dir='ltr' id='par_1_56' title="bbox 763 5133 1630 5201">
     <span class='ocr_line' id='line_1_56' title="bbox 763 5133 1630 5201; baseline -0.001 -12"><span class='ocrx_word' id='word_1_381' title='bbox 763 5135 1009 5201; x_wconf 86' lang='lat' dir='ltr'>Quidam</span> <span class='ocrx_word' id='word_1_382' title='bbox 1044 5134 1217 5190; x_wconf 88' lang='lat' dir='ltr'>homo</span> <span class='ocrx_word' id='word_1_383' title='bbox 1251 5133 1492 5189; x_wconf 89' lang='lat' dir='ltr'>risibilis</span> <span class='ocrx_word' id='word_1_384' title='bbox 1521 5137 1630 5189; x_wconf 85' lang='lat' dir='ltr'>est.</span> 
     </span>
    </p>
   </div>
   <div class='ocr_carea' id='block_1_57' title="bbox 763 5223 1784 5288">
    <p class='ocr_par' dir='ltr' id='par_1_57' title="bbox 763 5223 1784 5288">
     <span class='ocr_line' id='line_1_57' title="bbox 763 5223 1784 5288; baseline 0.001 -10"><span class='ocrx_word' id='word_1_385' title='bbox 763 5224 1009 5288; x_wconf 85' lang='lat' dir='ltr'>Quidam</span> <span class='ocrx_word' id='word_1_386' title='bbox 1048 5225 1218 5279; x_wconf 84' lang='lat' dir='ltr'>homo</span> <span class='ocrx_word' id='word_1_387' title='bbox 1250 5223 1492 5279; x_wconf 89' lang='lat' dir='ltr'>risibilis</span> <span class='ocrx_word' id='word_1_388' title='bbox 1524 5240 1639 5277; x_wconf 84' lang='lat' dir='ltr'>non</span> <span class='ocrx_word' id='word_1_389' title='bbox 1673 5227 1784 5279; x_wconf 90' lang='lat' dir='ltr'>est.</span> 
     </span>
    </p>
   </div>
   <div class='ocr_carea' id='block_1_58' title="bbox 762 5340 1541 5411">
    <p class='ocr_par' dir='ltr' id='par_1_58' title="bbox 762 5340 1541 5411">
     <span class='ocr_line' id='line_1_58' title="bbox 762 5340 1541 5411; baseline 0.001 -15"><span class='ocrx_word' id='word_1_390' title='bbox 762 5340 967 5396; x_wconf 89' lang='lat' dir='ltr'>Omnis</span> <span class='ocrx_word' id='word_1_391' title='bbox 1000 5340 1177 5395; x_wconf 89' lang='lat' dir='ltr'>homo</span> <span class='ocrx_word' id='word_1_392' title='bbox 1196 5342 1400 5411; x_wconf 88' lang='lat' dir='ltr'>justus</span> <span class='ocrx_word' id='word_1_393' title='bbox 1430 5345 1541 5397; x_wconf 88' lang='lat' dir='ltr'>est.</span> 
     </span>
    </p>
   </div>
   <div class='ocr_carea' id='block_1_59' title="bbox 762 5429 1546 5501">
    <p class='ocr_par' dir='ltr' id='par_1_59' title="bbox 762 5429 1546 5501">
     <span class='ocr_line' id='line_1_59' title="bbox 762 5429 1546 5501; baseline 0.001 -16"><span class='ocrx_word' id='word_1_394' title='bbox 762 5429 972 5485; x_wconf 88' lang='lat' dir='ltr'>Nullus</span> <span class='ocrx_word' id='word_1_395' title='bbox 1005 5430 1179 5485; x_wconf 91' lang='lat' dir='ltr'>homo</span> <span class='ocrx_word' id='word_1_396' title='bbox 1205 5431 1406 5501; x_wconf 80' lang='lat' dir='ltr'>justus</span> <span class='ocrx_word' id='word_1_397' title='bbox 1436 5435 1546 5487; x_wconf 90' lang='lat' dir='ltr'>est.</span> 
     </span>
    </p>
   </div>
   <div class='ocr_carea' id='block_1_60' title="bbox 768 5519 1593 5590">
    <p class='ocr_par' dir='ltr' id='par_1_60' title="bbox 768 5519 1593 5590">
     <span class='ocr_line' id='line_1_60' title="bbox 768 5519 1593 5590; baseline 0.004 -18"><span class='ocrx_word' id='word_1_398' title='bbox 768 5520 1016 5584; x_wconf 85' lang='lat' dir='ltr'>Quidam</span> <span class='ocrx_word' id='word_1_399' title='bbox 1052 5519 1225 5575; x_wconf 88' lang='lat' dir='ltr'>homo</span> <span class='ocrx_word' id='word_1_400' title='bbox 1250 5521 1455 5590; x_wconf 88' lang='lat' dir='ltr'>justus</span> <span class='ocrx_word' id='word_1_401' title='bbox 1487 5523 1593 5575; x_wconf 84' lang='lat' dir='ltr'>est.</span> 
     </span>
    </p>
   </div>
   <div class='ocr_carea' id='block_1_61' title="bbox 767 5608 1745 5679">
    <p class='ocr_par' dir='ltr' id='par_1_61' title="bbox 767 5608 1745 5679">
     <span class='ocr_line' id='line_1_61' title="bbox 767 5608 1745 5679; baseline -0.001 -15"><span class='ocrx_word' id='word_1_402' title='bbox 767 5608 1020 5673; x_wconf 89' lang='lat' dir='ltr'>Quidam</span> <span class='ocrx_word' id='word_1_403' title='bbox 1052 5608 1228 5665; x_wconf 91' lang='lat' dir='ltr'>homo</span> <span class='ocrx_word' id='word_1_404' title='bbox 1252 5611 1456 5679; x_wconf 86' lang='lat' dir='ltr'>justus</span> <span class='ocrx_word' id='word_1_405' title='bbox 1491 5625 1605 5664; x_wconf 90' lang='lat' dir='ltr'>non</span> <span class='ocrx_word' id='word_1_406' title='bbox 1637 5614 1745 5664; x_wconf 84' lang='lat' dir='ltr'>est.</span> 
     </span>
    </p>
   </div>
   <div class='ocr_carea' id='block_1_62' title="bbox 1968 550 3611 621">
    <p class='ocr_par' dir='ltr' id='par_1_62' title="bbox 1968 550 3611 621">
     <span class='ocr_line' id='line_1_62' title="bbox 1968 550 3611 621; baseline 0.002 -19"><span class='ocrx_word' id='word_1_407' title='bbox 1968 550 2421 619; x_wconf 89' lang='lat' dir='ltr'>particularibus</span> <span class='ocrx_word' id='word_1_408' title='bbox 2450 550 2732 621; x_wconf 85' lang='lat' dir='ltr'>negativis</span> <span class='ocrx_word' id='word_1_409' title='bbox 2760 550 2970 605; x_wconf 89' lang='lat' dir='ltr'>veritas</span> <span class='ocrx_word' id='word_1_410' title='bbox 2996 550 3331 619; x_wconf 86' lang='lat' dir='ltr'>falsitasque</span> <span class='ocrx_word' id='word_1_411' title='bbox 3357 556 3415 606; x_wconf 89' lang='lat' dir='ltr'>et</span> <span class='ocrx_word' id='word_1_412' title='bbox 3436 550 3611 606; x_wconf 89' lang='lat' dir='ltr'>simul</span> 
     </span>
    </p>
   </div>
   <div class='ocr_carea' id='block_1_63' title="bbox 1966 637 3609 709">
    <p class='ocr_par' dir='ltr' id='par_1_63' title="bbox 1966 637 3609 709">
     <span class='ocr_line' id='line_1_63' title="bbox 1966 637 3609 709; baseline 0.003 -20"><span class='ocrx_word' id='word_1_413' title='bbox 1966 637 2275 708; x_wconf 88' lang='lat' dir='ltr'>aliquoties</span> <span class='ocrx_word' id='word_1_414' title='bbox 2309 638 2623 703; x_wconf 83' lang='lat' dir='ltr'>invenitur,</span> <span class='ocrx_word' id='word_1_415' title='bbox 2659 646 2717 694; x_wconf 89' lang='lat' dir='ltr'>et</span> <span class='ocrx_word' id='word_1_416' title='bbox 2768 639 2920 694; x_wconf 92' lang='lat' dir='ltr'>inter</span> <span class='ocrx_word' id='word_1_417' title='bbox 2980 643 3258 709; x_wconf 88' lang='lat' dir='ltr'>utrasque</span> <span class='ocrx_word' id='word_1_418' title='bbox 3310 638 3609 694; x_wconf 90' lang='lat' dir='ltr'>dividitur.</span> 
     </span>
    </p>
   </div>
   <div class='ocr_carea' id='block_1_64' title="bbox 1964 725 3611 798">
    <p class='ocr_par' dir='ltr' id='par_1_64' title="bbox 1964 725 3611 798">
     <span class='ocr_line' id='line_1_64' title="bbox 1964 725 3611 798; baseline 0.001 -19"><span class='ocrx_word' id='word_1_419' title='bbox 1964 725 2313 796; x_wconf 86' lang='lat' dir='ltr'>Negationes</span> <span class='ocrx_word' id='word_1_420' title='bbox 2336 744 2466 781; x_wconf 89' lang='lat' dir='ltr'>vero</span> <span class='ocrx_word' id='word_1_421' title='bbox 2490 728 2848 783; x_wconf 87' lang='lat' dir='ltr'>universales</span> <span class='ocrx_word' id='word_1_422' title='bbox 2866 733 2921 782; x_wconf 87' lang='lat' dir='ltr'>et</span> <span class='ocrx_word' id='word_1_423' title='bbox 2941 727 3323 798; x_wconf 89' lang='lat' dir='ltr'>particulares</span> <span class='ocrx_word' id='word_1_424' title='bbox 3350 728 3611 781; x_wconf 75' lang='lat' dir='ltr'>afﬁrma-</span> 
     </span>
    </p>
   </div>
   <div class='ocr_carea' id='block_1_65' title="bbox 1965 815 3607 887">
    <p class='ocr_par' dir='ltr' id='par_1_65' title="bbox 1965 815 3607 887">
     <span class='ocr_line' id='line_1_65' title="bbox 1965 815 3607 887; baseline 0.002 -19"><span class='ocrx_word' id='word_1_425' title='bbox 1965 815 2153 869; x_wconf 90' lang='lat' dir='ltr'>tiones</span> <span class='ocrx_word' id='word_1_426' title='bbox 2186 833 2299 870; x_wconf 92' lang='lat' dir='ltr'>non</span> <span class='ocrx_word' id='word_1_427' title='bbox 2333 816 2510 869; x_wconf 88' lang='lat' dir='ltr'>simili</span> <span class='ocrx_word' id='word_1_428' title='bbox 2534 818 2890 887; x_wconf 89' lang='lat' dir='ltr'>respondent</span> <span class='ocrx_word' id='word_1_429' title='bbox 2923 818 3113 871; x_wconf 89' lang='lat' dir='ltr'>modo.</span> <span class='ocrx_word' id='word_1_430' title='bbox 3138 816 3245 870; x_wconf 91' lang='lat' dir='ltr'>Sed</span> <span class='ocrx_word' id='word_1_431' title='bbox 3272 816 3607 886; x_wconf 83' lang='lat' dir='ltr'>negationes</span> 
     </span>
    </p>
   </div>
   <div class='ocr_carea' id='block_1_66' title="bbox 1965 903 3604 973">
    <p class='ocr_par' dir='ltr' id='par_1_66' title="bbox 1965 903 3604 973">
     <span class='ocr_line' id='line_1_66' title="bbox 1965 903 3604 973; baseline 0.003 -19"><span class='ocrx_word' id='word_1_432' title='bbox 1965 904 2203 973; x_wconf 88' lang='lat' dir='ltr'>quidem</span> <span class='ocrx_word' id='word_1_433' title='bbox 2264 905 2646 971; x_wconf 86' lang='lat' dir='ltr'>universales,</span> <span class='ocrx_word' id='word_1_434' title='bbox 2680 922 2854 959; x_wconf 90' lang='lat' dir='ltr'>unam</span> <span class='ocrx_word' id='word_1_435' title='bbox 2888 921 3090 959; x_wconf 87' lang='lat' dir='ltr'>verum</span> <span class='ocrx_word' id='word_1_436' title='bbox 3122 904 3335 969; x_wconf 90' lang='lat' dir='ltr'>dicere,</span> <span class='ocrx_word' id='word_1_437' title='bbox 3364 903 3604 959; x_wconf 86' lang='lat' dir='ltr'>alteram</span> 
     </span>
    </p>
   </div>
   <div class='ocr_carea' id='block_1_67' title="bbox 1964 991 3604 1064">
    <p class='ocr_par' dir='ltr' id='par_1_67' title="bbox 1964 991 3604 1064">
     <span class='ocr_line' id='line_1_67' title="bbox 1964 991 3604 1064; baseline 0.001 -19"><span class='ocrx_word' id='word_1_438' title='bbox 1964 991 2376 1060; x_wconf 89' lang='lat' dir='ltr'>falsam,simul</span> <span class='ocrx_word' id='word_1_439' title='bbox 2409 1000 2686 1064; x_wconf 89' lang='lat' dir='ltr'>utrasque</span> <span class='ocrx_word' id='word_1_440' title='bbox 2721 995 2895 1049; x_wconf 81' lang='lat' dir='ltr'>falsas</span> <span class='ocrx_word' id='word_1_441' title='bbox 2917 1010 3045 1049; x_wconf 90' lang='lat' dir='ltr'>esse</span> <span class='ocrx_word' id='word_1_442' title='bbox 3078 993 3353 1064; x_wconf 87' lang='lat' dir='ltr'>possibile</span> <span class='ocrx_word' id='word_1_443' title='bbox 3375 998 3479 1047; x_wconf 77' lang='lat' dir='ltr'>est.</span> <span class='ocrx_word' id='word_1_444' title='bbox 3516 992 3604 1047; x_wconf 86' lang='lat' dir='ltr'>Si-</span> 
     </span>
    </p>
   </div>
   <div class='ocr_carea' id='block_1_68' title="bbox 1966 1080 3603 1153">
    <p class='ocr_par' dir='ltr' id='par_1_68' title="bbox 1966 1080 3603 1153">
     <span class='ocr_line' id='line_1_68' title="bbox 1966 1080 3603 1153; baseline 0.001 -20"><span class='ocrx_word' id='word_1_445' title='bbox 1966 1081 2089 1134; x_wconf 91' lang='lat' dir='ltr'>mul</span> <span class='ocrx_word' id='word_1_446' title='bbox 2121 1086 2317 1136; x_wconf 89' lang='lat' dir='ltr'>autem</span> <span class='ocrx_word' id='word_1_447' title='bbox 2350 1098 2516 1137; x_wconf 88' lang='lat' dir='ltr'>veras</span> <span class='ocrx_word' id='word_1_448' title='bbox 2548 1098 2846 1153; x_wconf 90' lang='lat' dir='ltr'>nunquam</span> <span class='ocrx_word' id='word_1_449' title='bbox 2882 1098 3011 1136; x_wconf 88' lang='lat' dir='ltr'>esse</span> <span class='ocrx_word' id='word_1_450' title='bbox 3043 1081 3349 1151; x_wconf 80' lang='lat' dir='ltr'>contingit.</span> <span class='ocrx_word' id='word_1_451' title='bbox 3382 1080 3528 1134; x_wconf 88' lang='lat' dir='ltr'>Nam</span> <span class='ocrx_word' id='word_1_452' title='bbox 3552 1080 3603 1135; x_wconf 90' lang='lat' dir='ltr'>si</span> 
     </span>
    </p>
   </div>
   <div class='ocr_carea' id='block_1_69' title="bbox 1965 1168 3606 1240">
    <p class='ocr_par' dir='ltr' id='par_1_69' title="bbox 1965 1168 3606 1240">
     <span class='ocr_line' id='line_1_69' title="bbox 1965 1168 3606 1240; baseline 0.001 -19"><span class='ocrx_word' id='word_1_453' title='bbox 1965 1168 2019 1221; x_wconf 89' lang='lat' dir='ltr'>id</span> <span class='ocrx_word' id='word_1_454' title='bbox 2052 1173 2205 1237; x_wconf 73' lang='lat' dir='ltr'>quod</span> <span class='ocrx_word' id='word_1_455' title='bbox 2228 1170 2430 1225; x_wconf 89' lang='lat' dir='ltr'>adesse</span> <span class='ocrx_word' id='word_1_456' title='bbox 2454 1171 2715 1240; x_wconf 81' lang='lat' dir='ltr'>subjecto</span> <span class='ocrx_word' id='word_1_457' title='bbox 2741 1188 2853 1225; x_wconf 91' lang='lat' dir='ltr'>non</span> <span class='ocrx_word' id='word_1_458' title='bbox 2888 1174 3106 1239; x_wconf 88' lang='lat' dir='ltr'>potest,</span> <span class='ocrx_word' id='word_1_459' title='bbox 3139 1169 3505 1237; x_wconf 68' lang='lat' dir='ltr'>praedicetur,</span> <span class='ocrx_word' id='word_1_460' title='bbox 3541 1172 3606 1223; x_wconf 85' lang='lat' dir='ltr'>ut</span> 
     </span>
    </p>
   </div>
   <div class='ocr_carea' id='block_1_70' title="bbox 1962 1256 3603 1328">
    <p class='ocr_par' dir='ltr' id='par_1_70' title="bbox 1962 1256 3603 1328">
     <span class='ocr_line' id='line_1_70' title="bbox 1962 1256 3603 1328; baseline 0.001 -17"><span class='ocrx_word' id='word_1_461' title='bbox 1962 1256 2113 1327; x_wconf 88' lang='lat' dir='ltr'>lapis</span> <span class='ocrx_word' id='word_1_462' title='bbox 2143 1259 2387 1326; x_wconf 89' lang='lat' dir='ltr'>homini,</span> <span class='ocrx_word' id='word_1_463' title='bbox 2418 1277 2595 1314; x_wconf 91' lang='lat' dir='ltr'>unam</span> <span class='ocrx_word' id='word_1_464' title='bbox 2620 1277 2814 1315; x_wconf 91' lang='lat' dir='ltr'>veram</span> <span class='ocrx_word' id='word_1_465' title='bbox 2851 1259 3340 1328; x_wconf 82' lang='lat' dir='ltr'>faciunt,alteram</span> <span class='ocrx_word' id='word_1_466' title='bbox 3366 1258 3603 1327; x_wconf 83' lang='lat' dir='ltr'>falsam,</span> 
     </span>
    </p>
   </div>
   <div class='ocr_carea' id='block_1_71' title="bbox 1962 1347 3603 1420">
    <p class='ocr_par' dir='ltr' id='par_1_71' title="bbox 1962 1347 3603 1420">
     <span class='ocr_line' id='line_1_71' title="bbox 1962 1347 3603 1420; baseline 0.001 -21"><span class='ocrx_word' id='word_1_467' title='bbox 1962 1352 2029 1399; x_wconf 90' lang='lat' dir='ltr'>ut</span> <span class='ocrx_word' id='word_1_468' title='bbox 2056 1348 2375 1413; x_wconf 88' lang='lat' dir='ltr'>est,nullus</span> <span class='ocrx_word' id='word_1_469' title='bbox 2401 1349 2571 1403; x_wconf 88' lang='lat' dir='ltr'>homo</span> <span class='ocrx_word' id='word_1_470' title='bbox 2593 1348 2741 1420; x_wconf 89' lang='lat' dir='ltr'>lapis</span> <span class='ocrx_word' id='word_1_471' title='bbox 2764 1355 2874 1415; x_wconf 88' lang='lat' dir='ltr'>est,</span> <span class='ocrx_word' id='word_1_472' title='bbox 2903 1365 3037 1403; x_wconf 90' lang='lat' dir='ltr'>vera</span> <span class='ocrx_word' id='word_1_473' title='bbox 3058 1347 3321 1412; x_wconf 84' lang='lat' dir='ltr'>est,falsa</span> <span class='ocrx_word' id='word_1_474' title='bbox 3353 1353 3442 1402; x_wconf 91' lang='lat' dir='ltr'>est</span> <span class='ocrx_word' id='word_1_475' title='bbox 3475 1363 3603 1418; x_wconf 64' lang='lat' dir='ltr'>qua</span> 
     </span>
    </p>
   </div>
   <div class='ocr_carea' id='block_1_72' title="bbox 1964 1436 3605 1509">
    <p class='ocr_par' dir='ltr' id='par_1_72' title="bbox 1964 1436 3605 1509">
     <span class='ocr_line' id='line_1_72' title="bbox 1964 1436 3605 1509; baseline 0.001 -19"><span class='ocrx_word' id='word_1_476' title='bbox 1964 1438 2256 1508; x_wconf 90' lang='lat' dir='ltr'>proponit,</span> <span class='ocrx_word' id='word_1_477' title='bbox 2291 1437 2490 1493; x_wconf 92' lang='lat' dir='ltr'>nullus</span> <span class='ocrx_word' id='word_1_478' title='bbox 2515 1455 2630 1493; x_wconf 92' lang='lat' dir='ltr'>non</span> <span class='ocrx_word' id='word_1_479' title='bbox 2659 1438 2830 1493; x_wconf 89' lang='lat' dir='ltr'>homo</span> <span class='ocrx_word' id='word_1_480' title='bbox 2890 1456 3004 1493; x_wconf 89' lang='lat' dir='ltr'>non</span> <span class='ocrx_word' id='word_1_481' title='bbox 3054 1436 3206 1509; x_wconf 92' lang='lat' dir='ltr'>lapis</span> <span class='ocrx_word' id='word_1_482' title='bbox 3238 1442 3347 1505; x_wconf 90' lang='lat' dir='ltr'>est,</span> <span class='ocrx_word' id='word_1_483' title='bbox 3406 1437 3605 1491; x_wconf 91' lang='lat' dir='ltr'>omnia</span> 
     </span>
    </p>
   </div>
   <div class='ocr_carea' id='block_1_73' title="bbox 1962 1524 3603 1598">
    <p class='ocr_par' dir='ltr' id='par_1_73' title="bbox 1962 1524 3603 1598">
     <span class='ocr_line' id='line_1_73' title="bbox 1962 1524 3603 1598; baseline 0 -19"><span class='ocrx_word' id='word_1_484' title='bbox 1962 1526 2179 1596; x_wconf 90' lang='lat' dir='ltr'>quippe</span> <span class='ocrx_word' id='word_1_485' title='bbox 2198 1527 2474 1582; x_wconf 87' lang='lat' dir='ltr'>animalia</span> <span class='ocrx_word' id='word_1_486' title='bbox 2499 1531 2704 1598; x_wconf 67' lang='lat' dir='ltr'>praeter</span> <span class='ocrx_word' id='word_1_487' title='bbox 2722 1527 3022 1582; x_wconf 89' lang='lat' dir='ltr'>hominem</span> <span class='ocrx_word' id='word_1_488' title='bbox 3056 1528 3136 1581; x_wconf 90' lang='lat' dir='ltr'>ita</span> <span class='ocrx_word' id='word_1_489' title='bbox 3162 1543 3277 1581; x_wconf 89' lang='lat' dir='ltr'>non</span> <span class='ocrx_word' id='word_1_490' title='bbox 3300 1531 3442 1581; x_wconf 87' lang='lat' dir='ltr'>sunt</span> <span class='ocrx_word' id='word_1_491' title='bbox 3461 1524 3603 1598; x_wconf 91' lang='lat' dir='ltr'>lapi-</span> 
     </span>
    </p>
   </div>
   <div class='ocr_carea' id='block_1_74' title="bbox 1963 1614 3602 1685">
    <p class='ocr_par' dir='ltr' id='par_1_74' title="bbox 1963 1614 3602 1685">
     <span class='ocr_line' id='line_1_74' title="bbox 1963 1614 3602 1685; baseline 0 -17"><span class='ocrx_word' id='word_1_492' title='bbox 1963 1614 2248 1681; x_wconf 89' lang='lat' dir='ltr'>des,sicut</span> <span class='ocrx_word' id='word_1_493' title='bbox 2278 1616 2349 1670; x_wconf 88' lang='lat' dir='ltr'>ab</span> <span class='ocrx_word' id='word_1_494' title='bbox 2382 1615 2686 1671; x_wconf 90' lang='lat' dir='ltr'>hominum</span> <span class='ocrx_word' id='word_1_495' title='bbox 2713 1621 2923 1670; x_wconf 88' lang='lat' dir='ltr'>natura</span> <span class='ocrx_word' id='word_1_496' title='bbox 2945 1616 3210 1685; x_wconf 88' lang='lat' dir='ltr'>sejuncta</span> <span class='ocrx_word' id='word_1_497' title='bbox 3240 1614 3602 1680; x_wconf 81' lang='lat' dir='ltr'>sunt.Quid-</span> 
     </span>
    </p>
   </div>
   <div class='ocr_carea' id='block_1_75' title="bbox 1962 1704 3598 1776">
    <p class='ocr_par' dir='ltr' id='par_1_75' title="bbox 1962 1704 3598 1776">
     <span class='ocr_line' id='line_1_75' title="bbox 1962 1704 3598 1776; baseline 0.002 -20"><span class='ocrx_word' id='word_1_498' title='bbox 1962 1704 2099 1774; x_wconf 92' lang='lat' dir='ltr'>quid</span> <span class='ocrx_word' id='word_1_499' title='bbox 2122 1721 2255 1759; x_wconf 87' lang='lat' dir='ltr'>vero</span> <span class='ocrx_word' id='word_1_500' title='bbox 2279 1704 2437 1760; x_wconf 91' lang='lat' dir='ltr'>aliud</span> <span class='ocrx_word' id='word_1_501' title='bbox 2470 1706 2541 1761; x_wconf 92' lang='lat' dir='ltr'>de</span> <span class='ocrx_word' id='word_1_502' title='bbox 2563 1706 2829 1774; x_wconf 87' lang='lat' dir='ltr'>subjecto</span> <span class='ocrx_word' id='word_1_503' title='bbox 2861 1704 3429 1776; x_wconf 64' lang='lat' dir='ltr'>praediceturmeutri</span> <span class='ocrx_word' id='word_1_504' title='bbox 3462 1721 3598 1759; x_wconf 88' lang='lat' dir='ltr'>con-</span> 
     </span>
    </p>
   </div>
   <div class='ocr_carea' id='block_1_76' title="bbox 1962 1792 3599 1865">
    <p class='ocr_par' dir='ltr' id='par_1_76' title="bbox 1962 1792 3599 1865">
     <span class='ocr_line' id='line_1_76' title="bbox 1962 1792 3599 1865; baseline 0.002 -20"><span class='ocrx_word' id='word_1_505' title='bbox 1962 1799 2117 1847; x_wconf 87' lang='lat' dir='ltr'>stare</span> <span class='ocrx_word' id='word_1_506' title='bbox 2148 1794 2356 1849; x_wconf 85' lang='lat' dir='ltr'>veritas</span> <span class='ocrx_word' id='word_1_507' title='bbox 2412 1799 2639 1865; x_wconf 88' lang='lat' dir='ltr'>potest:</span> <span class='ocrx_word' id='word_1_508' title='bbox 2677 1800 2741 1848; x_wconf 90' lang='lat' dir='ltr'>ut</span> <span class='ocrx_word' id='word_1_509' title='bbox 2772 1795 2820 1848; x_wconf 88' lang='lat' dir='ltr'>si</span> <span class='ocrx_word' id='word_1_510' title='bbox 2853 1794 2987 1864; x_wconf 85' lang='lat' dir='ltr'>quis</span> <span class='ocrx_word' id='word_1_511' title='bbox 3046 1798 3355 1865; x_wconf 89' lang='lat' dir='ltr'>proponat,</span> <span class='ocrx_word' id='word_1_512' title='bbox 3399 1792 3599 1848; x_wconf 87' lang='lat' dir='ltr'>nullus</span> 
     </span>
    </p>
   </div>
   <div class='ocr_carea' id='block_1_77' title="bbox 1958 1881 3598 1953">
    <p class='ocr_par' dir='ltr' id='par_1_77' title="bbox 1958 1881 3598 1953">
     <span class='ocr_line' id='line_1_77' title="bbox 1958 1881 3598 1953; baseline 0.001 -17"><span class='ocrx_word' id='word_1_513' title='bbox 1958 1881 2134 1937; x_wconf 92' lang='lat' dir='ltr'>homo</span> <span class='ocrx_word' id='word_1_514' title='bbox 2162 1882 2462 1938; x_wconf 88' lang='lat' dir='ltr'>rationalis</span> <span class='ocrx_word' id='word_1_515' title='bbox 2494 1889 2603 1951; x_wconf 90' lang='lat' dir='ltr'>est,</span> <span class='ocrx_word' id='word_1_516' title='bbox 2637 1882 2854 1939; x_wconf 86' lang='lat' dir='ltr'>falsum</span> <span class='ocrx_word' id='word_1_517' title='bbox 2887 1882 3138 1949; x_wconf 81' lang='lat' dir='ltr'>dixerit;</span> <span class='ocrx_word' id='word_1_518' title='bbox 3198 1881 3469 1953; x_wconf 89' lang='lat' dir='ltr'>aliusque</span> <span class='ocrx_word' id='word_1_519' title='bbox 3510 1898 3598 1937; x_wconf 85' lang='lat' dir='ltr'>re-</span> 
     </span>
    </p>
   </div>
   <div class='ocr_carea' id='block_1_78' title="bbox 1956 1970 3598 2041">
    <p class='ocr_par' dir='ltr' id='par_1_78' title="bbox 1956 1970 3598 2041">
     <span class='ocr_line' id='line_1_78' title="bbox 1956 1970 3598 2041; baseline 0.001 -16"><span class='ocrx_word' id='word_1_520' title='bbox 1956 1972 2261 2041; x_wconf 86' lang='lat' dir='ltr'>spondeat,</span> <span class='ocrx_word' id='word_1_521' title='bbox 2282 1971 2479 2027; x_wconf 87' lang='lat' dir='ltr'>nullus</span> <span class='ocrx_word' id='word_1_522' title='bbox 2499 1988 2613 2027; x_wconf 87' lang='lat' dir='ltr'>non</span> <span class='ocrx_word' id='word_1_523' title='bbox 2638 1973 2813 2027; x_wconf 90' lang='lat' dir='ltr'>homo</span> <span class='ocrx_word' id='word_1_524' title='bbox 2835 1989 2951 2027; x_wconf 88' lang='lat' dir='ltr'>non</span> <span class='ocrx_word' id='word_1_525' title='bbox 2977 1970 3279 2025; x_wconf 89' lang='lat' dir='ltr'>rationalis</span> <span class='ocrx_word' id='word_1_526' title='bbox 3303 1977 3411 2041; x_wconf 89' lang='lat' dir='ltr'>est,</span> <span class='ocrx_word' id='word_1_527' title='bbox 3446 1972 3598 2026; x_wconf 90' lang='lat' dir='ltr'>hanc</span> 
     </span>
    </p>
   </div>
   <div class='ocr_carea' id='block_1_79' title="bbox 1958 2060 3596 2132">
    <p class='ocr_par' dir='ltr' id='par_1_79' title="bbox 1958 2060 3596 2132">
     <span class='ocr_line' id='line_1_79' title="bbox 1958 2060 3596 2132; baseline 0.001 -19"><span class='ocrx_word' id='word_1_528' title='bbox 1958 2075 2191 2130; x_wconf 83' lang='lat' dir='ltr'>quoque</span> <span class='ocrx_word' id='word_1_529' title='bbox 2214 2060 2509 2116; x_wconf 87' lang='lat' dir='ltr'>convincit</span> <span class='ocrx_word' id='word_1_530' title='bbox 2535 2061 2679 2116; x_wconf 89' lang='lat' dir='ltr'>ratio</span> <span class='ocrx_word' id='word_1_531' title='bbox 2708 2060 2969 2125; x_wconf 89' lang='lat' dir='ltr'>mentiri,</span> <span class='ocrx_word' id='word_1_532' title='bbox 3015 2077 3204 2132; x_wconf 90' lang='lat' dir='ltr'>equus</span> <span class='ocrx_word' id='word_1_533' title='bbox 3235 2061 3450 2131; x_wconf 90' lang='lat' dir='ltr'>quippe</span> <span class='ocrx_word' id='word_1_534' title='bbox 3481 2077 3596 2115; x_wconf 89' lang='lat' dir='ltr'>non</span> 
     </span>
    </p>
   </div>
   <div class='ocr_carea' id='block_1_80' title="bbox 1956 2148 3598 2222">
    <p class='ocr_par' dir='ltr' id='par_1_80' title="bbox 1956 2148 3598 2222">
     <span class='ocr_line' id='line_1_80' title="bbox 1956 2148 3598 2222; baseline 0.001 -20"><span class='ocrx_word' id='word_1_535' title='bbox 1956 2148 2129 2204; x_wconf 90' lang='lat' dir='ltr'>homo</span> <span class='ocrx_word' id='word_1_536' title='bbox 2150 2155 2261 2219; x_wconf 90' lang='lat' dir='ltr'>est,</span> <span class='ocrx_word' id='word_1_537' title='bbox 2296 2166 2400 2205; x_wconf 90' lang='lat' dir='ltr'>nec</span> <span class='ocrx_word' id='word_1_538' title='bbox 2428 2165 2562 2204; x_wconf 89' lang='lat' dir='ltr'>eum</span> <span class='ocrx_word' id='word_1_539' title='bbox 2596 2151 2729 2222; x_wconf 89' lang='lat' dir='ltr'>quis</span> <span class='ocrx_word' id='word_1_540' title='bbox 2752 2151 2961 2205; x_wconf 84' lang='lat' dir='ltr'>dixerit</span> <span class='ocrx_word' id='word_1_541' title='bbox 2984 2148 3229 2205; x_wconf 89' lang='lat' dir='ltr'>rationis</span> <span class='ocrx_word' id='word_1_542' title='bbox 3256 2165 3386 2205; x_wconf 88' lang='lat' dir='ltr'>esse</span> <span class='ocrx_word' id='word_1_543' title='bbox 3414 2150 3598 2220; x_wconf 82' lang='lat' dir='ltr'>parti-</span> 
     </span>
    </p>
   </div>
   <div class='ocr_carea' id='block_1_81' title="bbox 1954 2236 3597 2309">
    <p class='ocr_par' dir='ltr' id='par_1_81' title="bbox 1954 2236 3597 2309">
     <span class='ocr_line' id='line_1_81' title="bbox 1954 2236 3597 2309; baseline 0.001 -19"><span class='ocrx_word' id='word_1_544' title='bbox 1954 2236 2143 2307; x_wconf 90' lang='lat' dir='ltr'>cipem</span> <span class='ocrx_word' id='word_1_545' title='bbox 2170 2254 2183 2304; x_wconf 93' lang='lat'><strong>;</strong></span> <span class='ocrx_word' id='word_1_546' title='bbox 2205 2242 2269 2293; x_wconf 90' lang='lat' dir='ltr'>ut</span> <span class='ocrx_word' id='word_1_547' title='bbox 2287 2244 2483 2293; x_wconf 88' lang='lat' dir='ltr'>autem</span> <span class='ocrx_word' id='word_1_548' title='bbox 2503 2238 2685 2293; x_wconf 92' lang='lat' dir='ltr'>simul</span> <span class='ocrx_word' id='word_1_549' title='bbox 2702 2255 2849 2294; x_wconf 67' lang='lat' dir='ltr'>verae</span> <span class='ocrx_word' id='word_1_550' title='bbox 2872 2238 3217 2303; x_wconf 88' lang='lat' dir='ltr'>sint,nullus</span> <span class='ocrx_word' id='word_1_551' title='bbox 3245 2238 3457 2309; x_wconf 84' lang='lat' dir='ltr'>poterit</span> <span class='ocrx_word' id='word_1_552' title='bbox 3482 2245 3597 2293; x_wconf 88' lang='lat' dir='ltr'>ter-</span> 
     </span>
    </p>
   </div>
   <div class='ocr_carea' id='block_1_82' title="bbox 1956 2326 3596 2398">
    <p class='ocr_par' dir='ltr' id='par_1_82' title="bbox 1956 2326 3596 2398">
     <span class='ocr_line' id='line_1_82' title="bbox 1956 2326 3596 2398; baseline 0.001 -19"><span class='ocrx_word' id='word_1_553' title='bbox 1956 2329 2153 2381; x_wconf 90' lang='lat' dir='ltr'>minus</span> <span class='ocrx_word' id='word_1_554' title='bbox 2176 2328 2914 2398; x_wconf 79' lang='lat' dir='ltr'>approbare.Particulares</span> <span class='ocrx_word' id='word_1_555' title='bbox 2936 2333 3130 2383; x_wconf 85' lang='lat' dir='ltr'>autem</span> <span class='ocrx_word' id='word_1_556' title='bbox 3156 2326 3515 2383; x_wconf 65' lang='lat' dir='ltr'>al‘ﬁrmativae</span> <span class='ocrx_word' id='word_1_557' title='bbox 3539 2327 3596 2381; x_wconf 91' lang='lat' dir='ltr'>in</span> 
     </span>
    </p>
   </div>
   <div class='ocr_carea' id='block_1_83' title="bbox 1954 2415 3597 2487">
    <p class='ocr_par' dir='ltr' id='par_1_83' title="bbox 1954 2415 3597 2487">
     <span class='ocr_line' id='line_1_83' title="bbox 1954 2415 3597 2487; baseline 0.001 -18"><span class='ocrx_word' id='word_1_558' title='bbox 1954 2415 2341 2471; x_wconf 71' lang='lat' dir='ltr'>differentiam</span> <span class='ocrx_word' id='word_1_559' title='bbox 2375 2418 2635 2472; x_wconf 88' lang='lat' dir='ltr'>veritatis</span> <span class='ocrx_word' id='word_1_560' title='bbox 2669 2417 3064 2487; x_wconf 84' lang='lat' dir='ltr'>falsitatisque</span> <span class='ocrx_word' id='word_1_561' title='bbox 3095 2417 3425 2483; x_wconf 88' lang='lat' dir='ltr'>discedunt,</span> <span class='ocrx_word' id='word_1_562' title='bbox 3458 2432 3597 2485; x_wconf 85' lang='lat' dir='ltr'>quo-</span> 
     </span>
    </p>
   </div>
   <div class='ocr_carea' id='block_1_84' title="bbox 1953 2502 3589 2575">
    <p class='ocr_par' dir='ltr' id='par_1_84' title="bbox 1953 2502 3589 2575">
     <span class='ocr_line' id='line_1_84' title="bbox 1953 2502 3589 2575; baseline 0.001 -19"><span class='ocrx_word' id='word_1_563' title='bbox 1953 2502 2062 2557; x_wconf 87' lang='lat' dir='ltr'>ties</span> <span class='ocrx_word' id='word_1_564' title='bbox 2085 2502 2309 2574; x_wconf 91' lang='lat' dir='ltr'>aliquid</span> <span class='ocrx_word' id='word_1_565' title='bbox 2334 2503 2446 2559; x_wconf 91' lang='lat' dir='ltr'>tale</span> <span class='ocrx_word' id='word_1_566' title='bbox 2469 2505 2539 2559; x_wconf 91' lang='lat' dir='ltr'>de</span> <span class='ocrx_word' id='word_1_567' title='bbox 2560 2505 2824 2574; x_wconf 89' lang='lat' dir='ltr'>subjecto</span> <span class='ocrx_word' id='word_1_568' title='bbox 2854 2504 3248 2575; x_wconf 89' lang='lat' dir='ltr'>dicitur,quod</span> <span class='ocrx_word' id='word_1_569' title='bbox 3284 2519 3589 2574; x_wconf 90' lang='lat' dir='ltr'>nunquam</span> 
     </span>
    </p>
   </div>
   <div class='ocr_carea' id='block_1_85' title="bbox 1954 2592 3589 2663">
    <p class='ocr_par' dir='ltr' id='par_1_85' title="bbox 1954 2592 3589 2663">
     <span class='ocr_line' id='line_1_85' title="bbox 1954 2592 3589 2663; baseline 0.001 -18"><span class='ocrx_word' id='word_1_570' title='bbox 1954 2592 2140 2661; x_wconf 90' lang='lat' dir='ltr'>possit</span> <span class='ocrx_word' id='word_1_571' title='bbox 2162 2594 2367 2648; x_wconf 89' lang='lat' dir='ltr'>adesse</span> <span class='ocrx_word' id='word_1_572' title='bbox 2388 2594 2745 2663; x_wconf 86' lang='lat' dir='ltr'>subjecto,ut</span> <span class='ocrx_word' id='word_1_573' title='bbox 2767 2592 2954 2663; x_wconf 89' lang='lat' dir='ltr'>lapis:</span> <span class='ocrx_word' id='word_1_574' title='bbox 2990 2610 3125 2647; x_wconf 89' lang='lat' dir='ltr'>nam</span> <span class='ocrx_word' id='word_1_575' title='bbox 3159 2592 3205 2647; x_wconf 91' lang='lat' dir='ltr'>si</span> <span class='ocrx_word' id='word_1_576' title='bbox 3240 2592 3372 2663; x_wconf 90' lang='lat' dir='ltr'>quis</span> <span class='ocrx_word' id='word_1_577' title='bbox 3411 2608 3589 2647; x_wconf 86' lang='lat' dir='ltr'>enun-</span> 
     </span>
    </p>
   </div>
   <div class='ocr_carea' id='block_1_86' title="bbox 1952 2680 3581 2751">
    <p class='ocr_par' dir='ltr' id='par_1_86' title="bbox 1952 2680 3581 2751">
     <span class='ocr_line' id='line_1_86' title="bbox 1952 2680 3581 2751; baseline -0.001 -17"><span class='ocrx_word' id='word_1_578' title='bbox 1952 2681 2076 2745; x_wconf 91' lang='lat' dir='ltr'>tiet,</span> <span class='ocrx_word' id='word_1_579' title='bbox 2112 2681 2351 2750; x_wconf 90' lang='lat' dir='ltr'>quidam</span> <span class='ocrx_word' id='word_1_580' title='bbox 2402 2681 2575 2736; x_wconf 93' lang='lat' dir='ltr'>homo</span> <span class='ocrx_word' id='word_1_581' title='bbox 2611 2681 2761 2751; x_wconf 91' lang='lat' dir='ltr'>lapis</span> <span class='ocrx_word' id='word_1_582' title='bbox 2791 2686 2899 2749; x_wconf 88' lang='lat' dir='ltr'>est,</span> <span class='ocrx_word' id='word_1_583' title='bbox 2921 2680 3068 2736; x_wconf 82' lang='lat' dir='ltr'>falsa</span> <span class='ocrx_word' id='word_1_584' title='bbox 3099 2680 3415 2751; x_wconf 86' lang='lat' dir='ltr'>prepositio</span> <span class='ocrx_word' id='word_1_585' title='bbox 3447 2687 3536 2734; x_wconf 91' lang='lat' dir='ltr'>est</span> <span class='ocrx_word' id='word_1_586' title='bbox 3569 2696 3581 2733; x_wconf 87' lang='lat'>:</span> 
     </span>
    </p>
   </div>
   <div class='ocr_carea' id='block_1_87' title="bbox 1953 2768 3595 2841">
    <p class='ocr_par' dir='ltr' id='par_1_87' title="bbox 1953 2768 3595 2841">
     <span class='ocr_line' id='line_1_87' title="bbox 1953 2768 3595 2841; baseline 0.001 -18"><span class='ocrx_word' id='word_1_587' title='bbox 1953 2774 2012 2823; x_wconf 88' lang='lat' dir='ltr'>at</span> <span class='ocrx_word' id='word_1_588' title='bbox 2043 2769 2092 2823; x_wconf 91' lang='lat' dir='ltr'>si</span> <span class='ocrx_word' id='word_1_589' title='bbox 2127 2770 2259 2839; x_wconf 91' lang='lat' dir='ltr'>quis</span> <span class='ocrx_word' id='word_1_590' title='bbox 2290 2770 2906 2841; x_wconf 88' lang='lat' dir='ltr'>respondeat,quidam</span> <span class='ocrx_word' id='word_1_591' title='bbox 2943 2786 3056 2824; x_wconf 90' lang='lat' dir='ltr'>non</span> <span class='ocrx_word' id='word_1_592' title='bbox 3089 2770 3264 2824; x_wconf 89' lang='lat' dir='ltr'>homo</span> <span class='ocrx_word' id='word_1_593' title='bbox 3299 2786 3410 2823; x_wconf 91' lang='lat' dir='ltr'>non</span> <span class='ocrx_word' id='word_1_594' title='bbox 3443 2768 3595 2841; x_wconf 91' lang='lat' dir='ltr'>lapis</span> 
     </span>
    </p>
   </div>
   <div class='ocr_carea' id='block_1_88' title="bbox 1952 2860 3593 2930">
    <p class='ocr_par' dir='ltr' id='par_1_88' title="bbox 1952 2860 3593 2930">
     <span class='ocr_line' id='line_1_88' title="bbox 1952 2860 3593 2930; baseline 0 -18"><span class='ocrx_word' id='word_1_595' title='bbox 1952 2864 2060 2923; x_wconf 90' lang='lat' dir='ltr'>est,</span> <span class='ocrx_word' id='word_1_596' title='bbox 2090 2864 2250 2913; x_wconf 90' lang='lat' dir='ltr'>tenet</span> <span class='ocrx_word' id='word_1_597' title='bbox 2280 2860 2635 2914; x_wconf 88' lang='lat' dir='ltr'>contrariam</span> <span class='ocrx_word' id='word_1_598' title='bbox 2668 2860 2991 2925; x_wconf 90' lang='lat' dir='ltr'>veritatem,</span> <span class='ocrx_word' id='word_1_599' title='bbox 3012 2875 3200 2929; x_wconf 91' lang='lat' dir='ltr'>equus</span> <span class='ocrx_word' id='word_1_600' title='bbox 3231 2860 3447 2930; x_wconf 91' lang='lat' dir='ltr'>quippe</span> <span class='ocrx_word' id='word_1_601' title='bbox 3478 2875 3593 2913; x_wconf 91' lang='lat' dir='ltr'>non</span> 
     </span>
    </p>
   </div>
   <div class='ocr_carea' id='block_1_89' title="bbox 1952 2947 3594 3020">
    <p class='ocr_par' dir='ltr' id='par_1_89' title="bbox 1952 2947 3594 3020">
     <span class='ocr_line' id='line_1_89' title="bbox 1952 2947 3594 3020; baseline -0.001 -19"><span class='ocrx_word' id='word_1_602' title='bbox 1952 2947 2128 3003; x_wconf 88' lang='lat' dir='ltr'>homo</span> <span class='ocrx_word' id='word_1_603' title='bbox 2158 2954 2397 3015; x_wconf 88' lang='lat' dir='ltr'>est,nec</span> <span class='ocrx_word' id='word_1_604' title='bbox 2431 2948 2580 3020; x_wconf 88' lang='lat' dir='ltr'>lapis</span> <span class='ocrx_word' id='word_1_605' title='bbox 2631 2964 2758 3002; x_wconf 90' lang='lat' dir='ltr'>esse</span> <span class='ocrx_word' id='word_1_606' title='bbox 2808 2948 3053 3003; x_wconf 90' lang='lat' dir='ltr'>dicetur.</span> <span class='ocrx_word' id='word_1_607' title='bbox 3109 2947 3403 3017; x_wconf 90' lang='lat' dir='ltr'>Quidquid</span> <span class='ocrx_word' id='word_1_608' title='bbox 3460 2962 3594 3001; x_wconf 89' lang='lat' dir='ltr'>vero</span> 
     </span>
    </p>
   </div>
   <div class='ocr_carea' id='block_1_90' title="bbox 1951 3034 3596 3106">
    <p class='ocr_par' dir='ltr' id='par_1_90' title="bbox 1951 3034 3596 3106">
     <span class='ocr_line' id='line_1_90' title="bbox 1951 3034 3596 3106; baseline -0.001 -18"><span class='ocrx_word' id='word_1_609' title='bbox 1951 3034 2105 3089; x_wconf 88' lang='lat' dir='ltr'>aliud</span> <span class='ocrx_word' id='word_1_610' title='bbox 2139 3036 2210 3091; x_wconf 91' lang='lat' dir='ltr'>de</span> <span class='ocrx_word' id='word_1_611' title='bbox 2241 3036 2503 3105; x_wconf 88' lang='lat' dir='ltr'>subjecto</span> <span class='ocrx_word' id='word_1_612' title='bbox 2538 3035 2977 3106; x_wconf 60' lang='lat' dir='ltr'>prmdicabitur,</span> <span class='ocrx_word' id='word_1_613' title='bbox 2998 3040 3088 3089; x_wconf 89' lang='lat' dir='ltr'>est</span> <span class='ocrx_word' id='word_1_614' title='bbox 3117 3051 3217 3089; x_wconf 90' lang='lat' dir='ltr'>eas</span> <span class='ocrx_word' id='word_1_615' title='bbox 3249 3035 3305 3088; x_wconf 94' lang='lat' dir='ltr'>in</span> <span class='ocrx_word' id='word_1_616' title='bbox 3332 3034 3596 3089; x_wconf 88' lang='lat' dir='ltr'>veritatis</span> 
     </span>
    </p>
   </div>
   <div class='ocr_carea' id='block_1_91' title="bbox 1957 3121 3599 3193">
    <p class='ocr_par' dir='ltr' id='par_1_91' title="bbox 1957 3121 3599 3193">
     <span class='ocr_line' id='line_1_91' title="bbox 1957 3121 3599 3193; baseline -0.001 -16"><span class='ocrx_word' id='word_1_617' title='bbox 1957 3122 2448 3193; x_wconf 74' lang='lat' dir='ltr'>signiﬁcationem</span> <span class='ocrx_word' id='word_1_618' title='bbox 2472 3122 3136 3193; x_wconf 87' lang='lat' dir='ltr'>convenire,ut,quidam</span> <span class='ocrx_word' id='word_1_619' title='bbox 3157 3122 3331 3177; x_wconf 89' lang='lat' dir='ltr'>homo</span> <span class='ocrx_word' id='word_1_620' title='bbox 3352 3121 3599 3177; x_wconf 86' lang='lat' dir='ltr'>rationa-</span> 
     </span>
    </p>
   </div>
   <div class='ocr_carea' id='block_1_92' title="bbox 1957 3210 3601 3283">
    <p class='ocr_par' dir='ltr' id='par_1_92' title="bbox 1957 3210 3601 3283">
     <span class='ocr_line' id='line_1_92' title="bbox 1957 3210 3601 3283; baseline 0 -18"><span class='ocrx_word' id='word_1_621' title='bbox 1957 3210 2031 3265; x_wconf 90' lang='lat' dir='ltr'>lis</span> <span class='ocrx_word' id='word_1_622' title='bbox 2058 3216 2164 3279; x_wconf 88' lang='lat' dir='ltr'>est,</span> <span class='ocrx_word' id='word_1_623' title='bbox 2194 3228 2331 3267; x_wconf 91' lang='lat' dir='ltr'>vera</span> <span class='ocrx_word' id='word_1_624' title='bbox 2361 3218 2468 3279; x_wconf 87' lang='lat' dir='ltr'>est,</span> <span class='ocrx_word' id='word_1_625' title='bbox 2499 3212 2737 3283; x_wconf 90' lang='lat' dir='ltr'>quidam</span> <span class='ocrx_word' id='word_1_626' title='bbox 2772 3228 2888 3267; x_wconf 88' lang='lat' dir='ltr'>non</span> <span class='ocrx_word' id='word_1_627' title='bbox 2925 3213 3096 3267; x_wconf 89' lang='lat' dir='ltr'>homo</span> <span class='ocrx_word' id='word_1_628' title='bbox 3150 3229 3263 3267; x_wconf 90' lang='lat' dir='ltr'>non</span> <span class='ocrx_word' id='word_1_629' title='bbox 3297 3212 3601 3266; x_wconf 88' lang='lat' dir='ltr'>rationalis</span> 
     </span>
    </p>
   </div>
   <div class='ocr_carea' id='block_1_93' title="bbox 1957 3298 3600 3371">
    <p class='ocr_par' dir='ltr' id='par_1_93' title="bbox 1957 3298 3600 3371">
     <span class='ocr_line' id='line_1_93' title="bbox 1957 3298 3600 3371; baseline 0 -19"><span class='ocrx_word' id='word_1_630' title='bbox 1957 3299 2212 3365; x_wconf 89' lang='lat' dir='ltr'>est,huic</span> <span class='ocrx_word' id='word_1_631' title='bbox 2244 3316 2480 3371; x_wconf 90' lang='lat' dir='ltr'>quoque</span> <span class='ocrx_word' id='word_1_632' title='bbox 2506 3298 2716 3354; x_wconf 86' lang='lat' dir='ltr'>veritas</span> <span class='ocrx_word' id='word_1_633' title='bbox 2736 3302 2987 3368; x_wconf 78' lang='lat' dir='ltr'>constat,</span> <span class='ocrx_word' id='word_1_634' title='bbox 3010 3315 3201 3370; x_wconf 88' lang='lat' dir='ltr'>equus</span> <span class='ocrx_word' id='word_1_635' title='bbox 3232 3299 3452 3370; x_wconf 90' lang='lat' dir='ltr'>quippe</span> <span class='ocrx_word' id='word_1_636' title='bbox 3484 3314 3600 3352; x_wconf 90' lang='lat' dir='ltr'>non</span> 
     </span>
    </p>
   </div>
   <div class='ocr_carea' id='block_1_94' title="bbox 1958 3386 3602 3455">
    <p class='ocr_par' dir='ltr' id='par_1_94' title="bbox 1958 3386 3602 3455">
     <span class='ocr_line' id='line_1_94' title="bbox 1958 3386 3602 3455; baseline 0 -14"><span class='ocrx_word' id='word_1_637' title='bbox 1958 3387 2125 3442; x_wconf 89' lang='lat' dir='ltr'>homo</span> <span class='ocrx_word' id='word_1_638' title='bbox 2149 3392 2372 3455; x_wconf 89' lang='lat' dir='ltr'>est,nec</span> <span class='ocrx_word' id='word_1_639' title='bbox 2394 3389 2619 3443; x_wconf 89' lang='lat' dir='ltr'>ratione</span> <span class='ocrx_word' id='word_1_640' title='bbox 2646 3388 2922 3443; x_wconf 88' lang='lat' dir='ltr'>subsistit</span> <span class='ocrx_word' id='word_1_641' title='bbox 2939 3404 2960 3449; x_wconf 83' lang='lat'><strong><em>;</em></strong></span> <span class='ocrx_word' id='word_1_642' title='bbox 2984 3391 3049 3443; x_wconf 89' lang='lat' dir='ltr'>ut</span> <span class='ocrx_word' id='word_1_643' title='bbox 3083 3404 3216 3443; x_wconf 91' lang='lat' dir='ltr'>vero</span> <span class='ocrx_word' id='word_1_644' title='bbox 3236 3387 3414 3441; x_wconf 91' lang='lat' dir='ltr'>simul</span> <span class='ocrx_word' id='word_1_645' title='bbox 3449 3386 3602 3441; x_wconf 75' lang='lat' dir='ltr'>falsa:</span> 
     </span>
    </p>
   </div>
   <div class='ocr_carea' id='block_1_95' title="bbox 1961 3474 3605 3548">
    <p class='ocr_par' dir='ltr' id='par_1_95' title="bbox 1961 3474 3605 3548">
     <span class='ocr_line' id='line_1_95' title="bbox 1961 3474 3605 3548; baseline -0.001 -17"><span class='ocrx_word' id='word_1_646' title='bbox 1961 3476 2101 3543; x_wconf 87' lang='lat' dir='ltr'>sint,</span> <span class='ocrx_word' id='word_1_647' title='bbox 2131 3476 2311 3531; x_wconf 91' lang='lat' dir='ltr'>nullis</span> <span class='ocrx_word' id='word_1_648' title='bbox 2370 3476 2691 3547; x_wconf 89' lang='lat' dir='ltr'>reperietur</span> <span class='ocrx_word' id='word_1_649' title='bbox 2744 3476 3053 3548; x_wconf 80' lang='lat' dir='ltr'>exemplis.</span> <span class='ocrx_word' id='word_1_650' title='bbox 3082 3478 3169 3531; x_wconf 86' lang='lat' dir='ltr'>Ad</span> <span class='ocrx_word' id='word_1_651' title='bbox 3230 3476 3388 3531; x_wconf 93' lang='lat' dir='ltr'>hunc</span> <span class='ocrx_word' id='word_1_652' title='bbox 3422 3474 3605 3547; x_wconf 89' lang='lat' dir='ltr'>igitur</span> 
     </span>
    </p>
   </div>
   <div class='ocr_carea' id='block_1_96' title="bbox 1960 3563 3599 3637">
    <p class='ocr_par' dir='ltr' id='par_1_96' title="bbox 1960 3563 3599 3637">
     <span class='ocr_line' id='line_1_96' title="bbox 1960 3563 3599 3637; baseline 0 -18"><span class='ocrx_word' id='word_1_653' title='bbox 1960 3566 2201 3620; x_wconf 90' lang='lat' dir='ltr'>modum</span> <span class='ocrx_word' id='word_1_654' title='bbox 2226 3566 2277 3619; x_wconf 89' lang='lat' dir='ltr'>ei</span> <span class='ocrx_word' id='word_1_655' title='bbox 2308 3566 2379 3620; x_wconf 92' lang='lat' dir='ltr'>de</span> <span class='ocrx_word' id='word_1_656' title='bbox 2412 3565 2639 3620; x_wconf 71' lang='lat' dir='ltr'>caeteris</span> <span class='ocrx_word' id='word_1_657' title='bbox 2672 3581 2799 3637; x_wconf 75' lang='lat' dir='ltr'>quae</span> <span class='ocrx_word' id='word_1_658' title='bbox 2821 3566 2908 3620; x_wconf 89' lang='lat' dir='ltr'>vel</span> <span class='ocrx_word' id='word_1_659' title='bbox 2942 3565 3273 3635; x_wconf 86' lang='lat' dir='ltr'>subjectum</span> <span class='ocrx_word' id='word_1_660' title='bbox 3333 3563 3420 3618; x_wconf 79' lang='lat' dir='ltr'>vel</span> <span class='ocrx_word' id='word_1_661' title='bbox 3453 3580 3599 3635; x_wconf 69' lang='lat' dir='ltr'>prae-</span> 
     </span>
    </p>
   </div>
   <div class='ocr_carea' id='block_1_97' title="bbox 1958 3652 3599 3723">
    <p class='ocr_par' dir='ltr' id='par_1_97' title="bbox 1958 3652 3599 3723">
     <span class='ocr_line' id='line_1_97' title="bbox 1958 3652 3599 3723; baseline -0.002 -15"><span class='ocrx_word' id='word_1_662' title='bbox 1958 3655 2214 3709; x_wconf 89' lang='lat' dir='ltr'>dicatum</span> <span class='ocrx_word' id='word_1_663' title='bbox 2240 3652 2901 3723; x_wconf 84' lang='lat' dir='ltr'>retinentinﬁnitum,ad</span> <span class='ocrx_word' id='word_1_664' title='bbox 2926 3654 3188 3708; x_wconf 91' lang='lat' dir='ltr'>veritatis</span> <span class='ocrx_word' id='word_1_665' title='bbox 3212 3652 3599 3722; x_wconf 88' lang='lat' dir='ltr'>lalsitatisque</span> 
     </span>
    </p>
   </div>
   <div class='ocr_carea' id='block_1_98' title="bbox 1958 3741 3596 3814">
    <p class='ocr_par' dir='ltr' id='par_1_98' title="bbox 1958 3741 3596 3814">
     <span class='ocr_line' id='line_1_98' title="bbox 1958 3741 3596 3814; baseline -0.002 -16"><span class='ocrx_word' id='word_1_666' title='bbox 1958 3759 2309 3799; x_wconf 86' lang='lat' dir='ltr'>consensum</span> <span class='ocrx_word' id='word_1_667' title='bbox 2329 3742 2801 3798; x_wconf 89' lang='lat' dir='ltr'>enuntiationum</span> <span class='ocrx_word' id='word_1_668' title='bbox 2824 3742 3147 3814; x_wconf 88' lang='lat' dir='ltr'>proprietas</span> <span class='ocrx_word' id='word_1_669' title='bbox 3168 3741 3596 3796; x_wconf 89' lang='lat' dir='ltr'>consideranda</span> 
     </span>
    </p>
   </div>
   <div class='ocr_carea' id='block_1_99' title="bbox 1959 3828 3596 3904">
    <p class='ocr_par' dir='ltr' id='par_1_99' title="bbox 1959 3828 3596 3904">
     <span class='ocr_line' id='line_1_99' title="bbox 1959 3828 3596 3904; baseline -0.002 -17"><span class='ocrx_word' id='word_1_670' title='bbox 1959 3836 2071 3897; x_wconf 85' lang='lat' dir='ltr'>est,</span> <span class='ocrx_word' id='word_1_671' title='bbox 2103 3834 2173 3887; x_wconf 90' lang='lat' dir='ltr'>de</span> <span class='ocrx_word' id='word_1_672' title='bbox 2195 3832 2411 3904; x_wconf 90' lang='lat' dir='ltr'>quibus</span> <span class='ocrx_word' id='word_1_673' title='bbox 2440 3833 2610 3887; x_wconf 91' lang='lat' dir='ltr'>modo</span> <span class='ocrx_word' id='word_1_674' title='bbox 2633 3832 2882 3887; x_wconf 90' lang='lat' dir='ltr'>breviter</span> <span class='ocrx_word' id='word_1_675' title='bbox 2904 3831 3042 3903; x_wconf 92' lang='lat' dir='ltr'>quid</span> <span class='ocrx_word' id='word_1_676' title='bbox 3076 3831 3299 3886; x_wconf 88' lang='lat' dir='ltr'>eveniat</span> <span class='ocrx_word' id='word_1_677' title='bbox 3330 3828 3596 3901; x_wconf 90' lang='lat' dir='ltr'>tetigisse</span> 
     </span>
    </p>
   </div>
   <div class='ocr_carea' id='block_1_100' title="bbox 1960 3918 3598 3993">
    <p class='ocr_par' dir='ltr' id='par_1_100' title="bbox 1960 3918 3598 3993">
     <span class='ocr_line' id='line_1_100' title="bbox 1960 3918 3598 3993; baseline -0.002 -16"><span class='ocrx_word' id='word_1_678' title='bbox 1960 3920 2479 3993; x_wconf 80' lang='lat' dir='ltr'>sufficiat,singula</span> <span class='ocrx_word' id='word_1_679' title='bbox 2493 3937 2626 3976; x_wconf 87' lang='lat' dir='ltr'>vero</span> <span class='ocrx_word' id='word_1_680' title='bbox 2650 3920 2879 3976; x_wconf 90' lang='lat' dir='ltr'>lectoris</span> <span class='ocrx_word' id='word_1_681' title='bbox 2896 3918 3598 3990; x_wconf 69' lang='lat' dir='ltr'>explorandadiligentize,</span> 
     </span>
    </p>
   </div>
   <div class='ocr_carea' id='block_1_101' title="bbox 1964 4009 3599 4083">
    <p class='ocr_par' dir='ltr' id='par_1_101' title="bbox 1964 4009 3599 4083">
     <span class='ocr_line' id='line_1_101' title="bbox 1964 4009 3599 4083; baseline -0.004 -16"><span class='ocrx_word' id='word_1_682' title='bbox 1964 4017 2022 4067; x_wconf 89' lang='lat' dir='ltr'>et</span> <span class='ocrx_word' id='word_1_683' title='bbox 2044 4028 2148 4083; x_wconf 89' lang='lat' dir='ltr'>per</span> <span class='ocrx_word' id='word_1_684' title='bbox 2168 4011 2575 4066; x_wconf 88' lang='lat' dir='ltr'>convenientes</span> <span class='ocrx_word' id='word_1_685' title='bbox 2592 4009 2865 4065; x_wconf 90' lang='lat' dir='ltr'>terminos</span> <span class='ocrx_word' id='word_1_686' title='bbox 2886 4009 3152 4063; x_wconf 85' lang='lat' dir='ltr'>rimanda</span> <span class='ocrx_word' id='word_1_687' title='bbox 3176 4009 3599 4079; x_wconf 90' lang='lat' dir='ltr'>permittimus.</span> 
     </span>
    </p>
   </div>
   <div class='ocr_carea' id='block_1_102' title="bbox 1970 4097 3605 4171">
    <p class='ocr_par' dir='ltr' id='par_1_102' title="bbox 1970 4097 3605 4171">
     <span class='ocr_line' id='line_1_102' title="bbox 1970 4097 3605 4171; baseline -0.004 -16"><span class='ocrx_word' id='word_1_688' title='bbox 1970 4101 2367 4171; x_wconf 86' lang='lat' dir='ltr'>Disponantur</span> <span class='ocrx_word' id='word_1_689' title='bbox 2395 4099 2577 4170; x_wconf 83' lang='lat' dir='ltr'>igitur</span> <span class='ocrx_word' id='word_1_690' title='bbox 2606 4098 3032 4169; x_wconf 85' lang='lat' dir='ltr'>propositiones</span> <span class='ocrx_word' id='word_1_691' title='bbox 3082 4114 3207 4168; x_wconf 67' lang='lat' dir='ltr'>qua:</span> <span class='ocrx_word' id='word_1_692' title='bbox 3238 4112 3306 4151; x_wconf 87' lang='lat' dir='ltr'>ex</span> <span class='ocrx_word' id='word_1_693' title='bbox 3338 4097 3605 4166; x_wconf 87' lang='lat' dir='ltr'>utrisque</span> 
     </span>
    </p>
   </div>
   <div class='ocr_carea' id='block_1_103' title="bbox 1968 4184 3611 4259">
    <p class='ocr_par' dir='ltr' id='par_1_103' title="bbox 1968 4184 3611 4259">
     <span class='ocr_line' id='line_1_103' title="bbox 1968 4184 3611 4259; baseline -0.004 -16"><span class='ocrx_word' id='word_1_694' title='bbox 1968 4187 2341 4259; x_wconf 89' lang='lat' dir='ltr'>simplicibus</span> <span class='ocrx_word' id='word_1_695' title='bbox 2362 4187 2630 4242; x_wconf 88' lang='lat' dir='ltr'>terminis</span> <span class='ocrx_word' id='word_1_696' title='bbox 2651 4189 3167 4256; x_wconf 88' lang='lat' dir='ltr'>constant,easque</span> <span class='ocrx_word' id='word_1_697' title='bbox 3198 4200 3448 4255; x_wconf 88' lang='lat' dir='ltr'>quarum</span> <span class='ocrx_word' id='word_1_698' title='bbox 3476 4184 3611 4238; x_wconf 89' lang='lat' dir='ltr'>sub-</span> 
     </span>
    </p>
   </div>
   <div class='ocr_carea' id='block_1_104' title="bbox 1960 4272 3615 4349">
    <p class='ocr_par' dir='ltr' id='par_1_104' title="bbox 1960 4272 3615 4349">
     <span class='ocr_line' id='line_1_104' title="bbox 1960 4272 3615 4349; baseline -0.003 -18"><span class='ocrx_word' id='word_1_699' title='bbox 1960 4278 2185 4349; x_wconf 86' lang='lat' dir='ltr'>jectum</span> <span class='ocrx_word' id='word_1_700' title='bbox 2217 4280 2448 4331; x_wconf 86' lang='lat' dir='ltr'>tantum</span> <span class='ocrx_word' id='word_1_701' title='bbox 2493 4275 2786 4331; x_wconf 87' lang='lat' dir='ltr'>abnuatur</span> <span class='ocrx_word' id='word_1_702' title='bbox 2815 4292 2884 4331; x_wconf 77' lang='lat' dir='ltr'>ex</span> <span class='ocrx_word' id='word_1_703' title='bbox 2914 4275 3158 4329; x_wconf 90' lang='lat' dir='ltr'>adversa</span> <span class='ocrx_word' id='word_1_704' title='bbox 3215 4278 3378 4344; x_wconf 88' lang='lat' dir='ltr'>parte</span> <span class='ocrx_word' id='word_1_705' title='bbox 3434 4272 3615 4344; x_wconf 84' lang='lat' dir='ltr'>respi-</span> 
     </span>
    </p>
   </div>
   <div class='ocr_carea' id='block_1_105' title="bbox 1972 4367 2153 4422">
    <p class='ocr_par' dir='ltr' id='par_1_105' title="bbox 1972 4367 2153 4422">
     <span class='ocr_line' id='line_1_105' title="bbox 1972 4367 2153 4422; baseline 0 -1"><span class='ocrx_word' id='word_1_706' title='bbox 1972 4367 2153 4422; x_wconf 90' lang='lat' dir='ltr'>ciant.</span> 
     </span>
    </p>
   </div>
   <div class='ocr_carea' id='block_1_106' title="bbox 2261 4478 2890 4550">
    <p class='ocr_par' dir='ltr' id='par_1_106' title="bbox 2261 4478 2890 4550">
     <span class='ocr_line' id='line_1_106' title="bbox 2261 4478 2890 4550; baseline 0.002 -15"><span class='ocrx_word' id='word_1_707' title='bbox 2261 4481 2337 4535; x_wconf 79' lang='lat' dir='ltr'><strong>Ex</strong></span> <span class='ocrx_word' id='word_1_708' title='bbox 2367 4478 2653 4550; x_wconf 90' lang='lat' dir='ltr'>subjectis</span> <span class='ocrx_word' id='word_1_709' title='bbox 2684 4479 2890 4536; x_wconf 82' lang='lat' dir='ltr'>finitis.</span> 
     </span>
    </p>
   </div>
   <div class='ocr_carea' id='block_1_107' title="bbox 1894 4532 3006 4628">
    <p class='ocr_par' dir='ltr' id='par_1_107' title="bbox 1894 4532 3006 4628">
     <span class='ocr_line' id='line_1_107' title="bbox 1894 4532 3006 4628; baseline -0.002 0"><span class='ocrx_word' id='word_1_710' title='bbox 1894 4532 1941 4595; x_wconf 84' lang='lat' dir='ltr'><strong>D</strong></span> <span class='ocrx_word' id='word_1_711' title='bbox 1977 4572 2186 4628; x_wconf 91' lang='lat' dir='ltr'>Omnis</span> <span class='ocrx_word' id='word_1_712' title='bbox 2211 4588 2326 4626; x_wconf 87' lang='lat' dir='ltr'>non</span> <span class='ocrx_word' id='word_1_713' title='bbox 2359 4570 2535 4625; x_wconf 90' lang='lat' dir='ltr'>homo</span> <span class='ocrx_word' id='word_1_714' title='bbox 2568 4570 2871 4626; x_wconf 90' lang='lat' dir='ltr'>rationalis</span> <span class='ocrx_word' id='word_1_715' title='bbox 2900 4575 3006 4626; x_wconf 88' lang='lat' dir='ltr'>est.</span> 
     </span>
    </p>
   </div>
   <div class='ocr_carea' id='block_1_108' title="bbox 1974 4658 3022 4717">
    <p class='ocr_par' dir='ltr' id='par_1_108' title="bbox 1974 4658 3022 4717">
     <span class='ocr_line' id='line_1_108' title="bbox 1974 4658 3022 4717; baseline -0.001 -1"><span class='ocrx_word' id='word_1_716' title='bbox 1974 4660 2185 4717; x_wconf 90' lang='lat' dir='ltr'>Nullus</span> <span class='ocrx_word' id='word_1_717' title='bbox 2216 4677 2332 4715; x_wconf 91' lang='lat' dir='ltr'>non</span> <span class='ocrx_word' id='word_1_718' title='bbox 2373 4659 2548 4715; x_wconf 90' lang='lat' dir='ltr'>homo</span> <span class='ocrx_word' id='word_1_719' title='bbox 2581 4658 2883 4715; x_wconf 84' lang='lat' dir='ltr'>rationalis</span> <span class='ocrx_word' id='word_1_720' title='bbox 2915 4664 3022 4715; x_wconf 88' lang='lat' dir='ltr'>est.</span> 
     </span>
    </p>
   </div>
   <div class='ocr_carea' id='block_1_109' title="bbox 1976 4749 3053 4817">
    <p class='ocr_par' dir='ltr' id='par_1_109' title="bbox 1976 4749 3053 4817">
     <span class='ocr_line' id='line_1_109' title="bbox 1976 4749 3053 4817; baseline 0 -11"><span class='ocrx_word' id='word_1_721' title='bbox 1976 4751 2223 4817; x_wconf 85' lang='lat' dir='ltr'>Quidam</span> <span class='ocrx_word' id='word_1_722' title='bbox 2260 4766 2377 4806; x_wconf 91' lang='lat' dir='ltr'>non</span> <span class='ocrx_word' id='word_1_723' title='bbox 2407 4749 2583 4804; x_wconf 90' lang='lat' dir='ltr'>homo</span> <span class='ocrx_word' id='word_1_724' title='bbox 2614 4749 2917 4805; x_wconf 90' lang='lat' dir='ltr'>rationalis</span> <span class='ocrx_word' id='word_1_725' title='bbox 2946 4754 3053 4806; x_wconf 89' lang='lat' dir='ltr'>est.</span> 
     </span>
    </p>
   </div>
   <div class='ocr_carea' id='block_1_110' title="bbox 1979 4838 3207 4907">
    <p class='ocr_par' dir='ltr' id='par_1_110' title="bbox 1979 4838 3207 4907">
     <span class='ocr_line' id='line_1_110' title="bbox 1979 4838 3207 4907; baseline 0 -11"><span class='ocrx_word' id='word_1_726' title='bbox 1979 4840 2227 4907; x_wconf 88' lang='lat' dir='ltr'>Quidam</span> <span class='ocrx_word' id='word_1_727' title='bbox 2260 4856 2375 4896; x_wconf 89' lang='lat' dir='ltr'>non</span> <span class='ocrx_word' id='word_1_728' title='bbox 2408 4839 2584 4895; x_wconf 91' lang='lat' dir='ltr'>homo</span> <span class='ocrx_word' id='word_1_729' title='bbox 2618 4838 2921 4894; x_wconf 89' lang='lat' dir='ltr'>rationalis</span> <span class='ocrx_word' id='word_1_730' title='bbox 2954 4856 3069 4895; x_wconf 89' lang='lat' dir='ltr'>non</span> <span class='ocrx_word' id='word_1_731' title='bbox 3101 4845 3207 4897; x_wconf 88' lang='lat' dir='ltr'>est.</span> 
     </span>
    </p>
   </div>
   <div class='ocr_carea' id='block_1_111' title="bbox 1982 4953 2945 5015">
    <p class='ocr_par' dir='ltr' id='par_1_111' title="bbox 1982 4953 2945 5015">
     <span class='ocr_line' id='line_1_111' title="bbox 1982 4953 2945 5015; baseline -0.006 0"><span class='ocrx_word' id='word_1_732' title='bbox 1982 4956 2189 5015; x_wconf 90' lang='lat' dir='ltr'>Omnis</span> <span class='ocrx_word' id='word_1_733' title='bbox 2220 4972 2334 5011; x_wconf 91' lang='lat' dir='ltr'>non</span> <span class='ocrx_word' id='word_1_734' title='bbox 2361 4954 2537 5011; x_wconf 90' lang='lat' dir='ltr'>homo</span> <span class='ocrx_word' id='word_1_735' title='bbox 2560 4953 2804 5009; x_wconf 91' lang='lat' dir='ltr'>risibilis</span> <span class='ocrx_word' id='word_1_736' title='bbox 2836 4958 2945 5009; x_wconf 90' lang='lat' dir='ltr'>est.</span> 
     </span>
    </p>
   </div>
   <div class='ocr_carea' id='block_1_112' title="bbox 1985 5043 2964 5105">
    <p class='ocr_par' dir='ltr' id='par_1_112' title="bbox 1985 5043 2964 5105">
     <span class='ocr_line' id='line_1_112' title="bbox 1985 5043 2964 5105; baseline -0.007 0"><span class='ocrx_word' id='word_1_737' title='bbox 1985 5047 2193 5105; x_wconf 83' lang='lat' dir='ltr'>Nullus</span> <span class='ocrx_word' id='word_1_738' title='bbox 2223 5062 2340 5101; x_wconf 89' lang='lat' dir='ltr'>non</span> <span class='ocrx_word' id='word_1_739' title='bbox 2370 5044 2548 5100; x_wconf 91' lang='lat' dir='ltr'>homo</span> <span class='ocrx_word' id='word_1_740' title='bbox 2579 5043 2827 5099; x_wconf 91' lang='lat' dir='ltr'>risibilis</span> <span class='ocrx_word' id='word_1_741' title='bbox 2857 5051 2964 5098; x_wconf 87' lang='lat' dir='ltr'>est.</span> 
     </span>
    </p>
   </div>
   <div class='ocr_carea' id='block_1_113' title="bbox 1983 5128 2998 5198">
    <p class='ocr_par' dir='ltr' id='par_1_113' title="bbox 1983 5128 2998 5198">
     <span class='ocr_line' id='line_1_113' title="bbox 1983 5128 2998 5198; baseline -0.004 -9"><span class='ocrx_word' id='word_1_742' title='bbox 1983 5134 2229 5198; x_wconf 89' lang='lat' dir='ltr'>Quidam</span> <span class='ocrx_word' id='word_1_743' title='bbox 2265 5147 2379 5186; x_wconf 89' lang='lat' dir='ltr'>non</span> <span class='ocrx_word' id='word_1_744' title='bbox 2414 5130 2584 5184; x_wconf 88' lang='lat' dir='ltr'>homo</span> <span class='ocrx_word' id='word_1_745' title='bbox 2617 5128 2857 5183; x_wconf 89' lang='lat' dir='ltr'>risibilis</span> <span class='ocrx_word' id='word_1_746' title='bbox 2888 5132 2998 5185; x_wconf 86' lang='lat' dir='ltr'>est.</span> 
     </span>
    </p>
   </div>
   <div class='ocr_carea' id='block_1_114' title="bbox 1986 5215 3159 5291">
    <p class='ocr_par' dir='ltr' id='par_1_114' title="bbox 1986 5215 3159 5291">
     <span class='ocr_line' id='line_1_114' title="bbox 1986 5215 3159 5291; baseline -0.006 -12"><span class='ocrx_word' id='word_1_747' title='bbox 1986 5222 2235 5291; x_wconf 88' lang='lat' dir='ltr'>Quidam</span> <span class='ocrx_word' id='word_1_748' title='bbox 2268 5236 2382 5275; x_wconf 91' lang='lat' dir='ltr'>non</span> <span class='ocrx_word' id='word_1_749' title='bbox 2416 5218 2593 5273; x_wconf 91' lang='lat' dir='ltr'>homo</span> <span class='ocrx_word' id='word_1_750' title='bbox 2626 5215 2870 5272; x_wconf 89' lang='lat' dir='ltr'>risibilis</span> <span class='ocrx_word' id='word_1_751' title='bbox 2903 5234 3017 5273; x_wconf 88' lang='lat' dir='ltr'>non</span> <span class='ocrx_word' id='word_1_752' title='bbox 3048 5221 3159 5272; x_wconf 90' lang='lat' dir='ltr'>est.</span> 
     </span>
    </p>
   </div>
   <div class='ocr_carea' id='block_1_115' title="bbox 1987 5332 2920 5402">
    <p class='ocr_par' dir='ltr' id='par_1_115' title="bbox 1987 5332 2920 5402">
     <span class='ocr_line' id='line_1_115' title="bbox 1987 5332 2920 5402; baseline -0.009 -8"><span class='ocrx_word' id='word_1_753' title='bbox 1987 5337 2193 5394; x_wconf 91' lang='lat' dir='ltr'>Omnis</span> <span class='ocrx_word' id='word_1_754' title='bbox 2229 5350 2345 5389; x_wconf 90' lang='lat' dir='ltr'>non</span> <span class='ocrx_word' id='word_1_755' title='bbox 2378 5333 2555 5387; x_wconf 89' lang='lat' dir='ltr'>homo</span> <span class='ocrx_word' id='word_1_756' title='bbox 2579 5332 2780 5402; x_wconf 88' lang='lat' dir='ltr'>justus</span> <span class='ocrx_word' id='word_1_757' title='bbox 2810 5335 2920 5387; x_wconf 86' lang='lat' dir='ltr'>est.</span> 
     </span>
    </p>
   </div>
   <div class='ocr_carea' id='block_1_116' title="bbox 1988 5422 2923 5492">
    <p class='ocr_par' dir='ltr' id='par_1_116' title="bbox 1988 5422 2923 5492">
     <span class='ocr_line' id='line_1_116' title="bbox 1988 5422 2923 5492; baseline -0.01 -8"><span class='ocrx_word' id='word_1_758' title='bbox 1988 5427 2201 5485; x_wconf 91' lang='lat' dir='ltr'>Nullus</span> <span class='ocrx_word' id='word_1_759' title='bbox 2230 5439 2345 5478; x_wconf 89' lang='lat' dir='ltr'>non</span> <span class='ocrx_word' id='word_1_760' title='bbox 2379 5422 2555 5477; x_wconf 87' lang='lat' dir='ltr'>homo</span> <span class='ocrx_word' id='word_1_761' title='bbox 2579 5424 2783 5492; x_wconf 89' lang='lat' dir='ltr'>justus</span> <span class='ocrx_word' id='word_1_762' title='bbox 2813 5425 2923 5476; x_wconf 87' lang='lat' dir='ltr'>est.</span> 
     </span>
    </p>
   </div>
   <div class='ocr_carea' id='block_1_117' title="bbox 1992 5510 2960 5585">
    <p class='ocr_par' dir='ltr' id='par_1_117' title="bbox 1992 5510 2960 5585">
     <span class='ocr_line' id='line_1_117' title="bbox 1992 5510 2960 5585; baseline -0.008 -12"><span class='ocrx_word' id='word_1_763' title='bbox 1992 5516 2237 5585; x_wconf 89' lang='lat' dir='ltr'>Quidam</span> <span class='ocrx_word' id='word_1_764' title='bbox 2270 5528 2387 5567; x_wconf 88' lang='lat' dir='ltr'>non</span> <span class='ocrx_word' id='word_1_765' title='bbox 2421 5510 2596 5567; x_wconf 89' lang='lat' dir='ltr'>homo</span> <span class='ocrx_word' id='word_1_766' title='bbox 2620 5512 2822 5581; x_wconf 84' lang='lat' dir='ltr'>justus</span> <span class='ocrx_word' id='word_1_767' title='bbox 2851 5512 2960 5566; x_wconf 88' lang='lat' dir='ltr'>est.</span> 
     </span>
    </p>
   </div>
   <div class='ocr_carea' id='block_1_118' title="bbox 1993 5599 3116 5676">
    <p class='ocr_par' dir='ltr' id='par_1_118' title="bbox 1993 5599 3116 5676">
     <span class='ocr_line' id='line_1_118' title="bbox 1993 5599 3116 5676; baseline -0.009 -14"><span class='ocrx_word' id='word_1_768' title='bbox 1993 5606 2244 5676; x_wconf 81' lang='lat' dir='ltr'>Quidam</span> <span class='ocrx_word' id='word_1_769' title='bbox 2280 5618 2398 5659; x_wconf 83' lang='lat' dir='ltr'>non</span> <span class='ocrx_word' id='word_1_770' title='bbox 2429 5599 2607 5657; x_wconf 89' lang='lat' dir='ltr'>homo</span> <span class='ocrx_word' id='word_1_771' title='bbox 2630 5603 2830 5671; x_wconf 84' lang='lat' dir='ltr'>justus</span> <span class='ocrx_word' id='word_1_772' title='bbox 2860 5614 2978 5654; x_wconf 89' lang='lat' dir='ltr'>non</span> <span class='ocrx_word' id='word_1_773' title='bbox 3007 5603 3116 5653; x_wconf 88' lang='lat' dir='ltr'>est.</span> 
     </span>
    </p>
   </div>
  </div>
