4070 6170
270 315 378 369 785

1124 311 1610 368 INTRODUCTIO
1651 313 1749 365 AD
1788 311 2288 368 BYLLOGISMOS
2323 307 2843 366 CATBGORICOS.

3587 303 3698 358 786

272 438 525 509 itemque
543 435 926 509 particulares
944 436 1361 491 afﬁrmationes
1376 435 1926 506 negationibus,ne-
1958 437 2012 503 Α
2043 433 2401 490 venientium
2431 438 2622 487 autem
2658 431 2922 486 ordinem
2949 430 3279 501 seriemque
3302 427 3696 484 describimus

271 526 1048 600 gationesafﬁrmationibus
1065 525 1146 580 ita
1165 525 1929 593 conveniunt,utnunquam

273 634 464 687 neque
487 622 545 672 tn
567 617 846 682 falsitate,
872 633 1059 688 neque
1074 616 1130 670 in
1146 615 1386 670 veritate
1405 614 1763 669 discordant.
1786 614 1929 670 Con-

699 713 902 769 Omnis
935 713 1108 767 homo
1142 711 1442 766 rationalis
1473 715 1561 766 est

699 802 901 858 Omnis
933 802 1107 856 homo
1160 819 1272 856 non
1307 799 1608 856 rationalis
1640 804 1728 854 est

698 891 943 955 Quidam
978 892 1153 945 homo
1188 907 1301 945 non
1333 889 1640 945 rationalis
1671 894 1759 944 est

697 981 942 1044 Quidam
981 982 1152 1035 homo
1177 979 1478 1035 rationalis
1510 984 1599 1034 est

265 1081 432 1148 Quod
470 1079 683 1135 idcirco
719 1080 776 1133 in
830 1079 920 1132 his
954 1083 1184 1133 tantum
1220 1079 1447 1131 videtur
1481 1077 1731 1139 evenire,
1766 1077 1922 1146 quod

267 1171 341 1225 de
372 1169 576 1224 eodem
601 1169 864 1238 subjecto
895 1172 1138 1237 uterque
1162 1166 1515 1236 intelligitur
1532 1166 1670 1219 ordo
1689 1165 1922 1235 Opposi-

263 1259 466 1314 tionis.
502 1259 643 1312 Nam
674 1273 804 1327 quae
834 1257 998 1324 dicit,
1034 1255 1231 1310 omnis
1264 1255 1437 1310 homo
1471 1254 1778 1308 rationalis
1811 1262 1920 1319 est,

264 1349 338 1402 de
358 1345 596 1401 homine
620 1344 902 1400 rationale
926 1344 1255 1413 praedicavit
1285 1369 1298 1411 ;
1323 1344 1459 1398 item
1477 1360 1604 1413 quae
1631 1342 1921 1413 proponit,

261 1437 460 1492 omnis
494 1436 668 1490 homo
700 1451 813 1489 non
861 1433 1167 1490 rationalis
1200 1438 1310 1496 est,
1346 1434 1415 1487 de
1448 1433 1650 1486 eodem
1685 1431 1923 1486 homine

263 1524 550 1580 rationale
574 1523 852 1594 sejunxit,
869 1529 931 1578 ut
951 1525 1157 1578 merito
1182 1521 1483 1592 simplices
1499 1520 1923 1576 afﬁrmationes

263 1613 563 1683 negationi
578 1614 1045 1668 consentiant.At
1061 1629 1174 1666 non
1189 1611 1246 1665 in
1263 1609 1755 1681 al:isintelligitur
1770 1611 1921 1664 idem

266 1720 403 1758 esse
434 1703 784 1772 subjectum.
827 1702 969 1756 Nam
1003 1707 1060 1756 et
1092 1700 1191 1755 illa
1221 1717 1347 1770 qua:
1381 1700 1650 1769 proponit
1685 1715 1921 1754 omnem

261 1809 384 1848 non
411 1791 710 1846 hominem
736 1806 864 1846 esse
893 1790 1257 1855 rationalem,
1292 1793 1348 1842 et
1380 1786 1478 1842 illa
1501 1805 1628 1858 qua:
1653 1788 1924 1842 enuntiat
1952 1831 1998 1892 Β

265 1897 506 1936 omnem
522 1897 635 1934 non
656 1879 953 1934 hominem
970 1895 1098 1934 esse
1124 1894 1238 1931 non
1259 1875 1572 1941 risibilem,
1591 1876 1660 1930 de
1683 1876 1920 1930 homine

271 1985 392 2024 non
415 1968 756 2038 loquuntur,
790 1969 889 2022 sed
925 1966 1184 2038 quolibet
1215 1965 1326 2021 alio
1353 1966 1502 2035 quod
1535 1963 1788 2019 hominis
1819 1980 1921 2019 ne-

265 2057 506 2130 gati'one
522 2056 892 2127 relinquitur.
913 2057 1108 2127 Atque
1125 2055 1252 2109 ideo
1266 2054 1426 2109 velut
1442 2058 1727 2108 extraneae
1747 2058 1920 2124 atque

265 2164 301 2202 a
333 2154 521 2202 semet
569 2146 793 2215 alienas,
846 2162 948 2200 nec
981 2146 1038 2200 in
1074 2144 1311 2200 veritate
1362 2143 1621 2214 possidet
1664 2142 1919 2213 aliquam

266 2253 374 2291 nec
409 2238 464 2291 in
499 2236 752 2291 falsitate
780 2235 1170 2290 concordiam.
1207 2234 1542 2288 lndeﬁnitas
1574 2237 1767 2288 autem
1794 2248 1921 2303 pro-

267 2326 618 2396 positiones,
669 2325 946 2395 quoniam
1007 2322 1458 2393 particularibus
1508 2321 1734 2376 similes
1793 2335 1920 2376 esse

269 2415 756 2480 monstravimus,
782 2413 1193 2485 adjungendas
1211 2412 1611 2484 superioribus
1626 2429 1739 2466 non
1759 2417 1920 2482 puta-

264 2507 347 2559 vi.
373 2505 432 2560 Id
454 2505 610 2559 enim
628 2504 950 2558 indeﬁnitis
966 2517 1201 2557 necesse
1224 2507 1311 2556 est
1325 2500 1728 2571 evenire,quod
1749 2499 1924 2572 parti-

265 2594 572 2651 cularibus
603 2592 752 2648 solet
785 2593 1104 2647 incurrere.
1134 2591 1428 2662 Expeditis
1459 2590 1638 2663 igitur
1668 2590 1761 2645 his
1785 2607 1920 2662 pro-

269 2683 665 2755 positionibus
687 2699 813 2753 quaa
835 2698 902 2736 ex
919 2681 1177 2751 utrisque
1195 2679 1634 2736 communicant
1655 2679 1921 2734 terminis

269 2779 446 2844 atque
464 2773 667 2827 eodem
692 2771 895 2826 ordine
909 2770 1232 2838 collocatis,
1258 2785 1414 2824 nunc
1428 2784 1555 2823 eam
1573 2768 1919 2840 propositio-

268 2879 418 2918 num
450 2859 911 2916 convenientiam
937 2859 1026 2914 vel
1065 2857 1562 2929 participationem
1587 2856 1921 2927 loquamur,

268 2969 400 3022 qua:
431 2955 488 3004 in
524 2950 784 3017 utrisque
811 2949 1042 3016 quidem
1079 2948 1344 3002 terminis
1367 2946 1791 3010 convenientia,
1818 2945 1918 3000 sed

268 3041 501 3098 ordinis
516 3055 702 3093 comm
716 3038 972 3093 utatione
985 3036 1333 3103 consistunt,
1351 3036 1520 3106 cujus
1544 3035 1922 3105 disceptatio-

267 3131 365 3186 nis
399 3129 493 3184 hic
521 3127 657 3182 ﬁnis
685 3133 792 3194 est,
821 3127 890 3181 de
924 3125 1386 3197 propositionum
1411 3125 1783 3179 conversione
1813 3125 1919 3178 do-

267 3220 470 3277 cuisse
492 3261 504 3284 ,
538 3217 677 3288 quid
712 3220 869 3271 enim
921 3221 1010 3270 est
1040 3215 1197 3271 aliud
1241 3214 1668 3286 propositiones
1699 3217 1919 3269 mutato
1952 3197 1995 3263 C

268 3308 478 3364 ordine
517 3305 824 3361 convenire
860 3306 1122 3374 utrisque
1141 3303 1427 3367 terminis,
1457 3302 1928 3373 nisipropositio-

267 3414 377 3453 nes
409 3394 665 3450 converti
690 3394 1006 3450 ?Converti
1030 3399 1224 3448 autem
1253 3391 1342 3446 vel
1369 3392 1478 3447 sibi
1511 3392 1596 3446 vel
1628 3391 1760 3447 aliis
1794 3409 1928 3462 pro-

267 3487 599 3559 positiones
631 3485 928 3550 dicuntur,
959 3483 1210 3554 quoties,
1246 3486 1474 3537 mutato
1495 3481 1698 3536 ordine
1720 3480 1924 3536 termi-

266 3593 511 3644 norum,
545 3576 600 3629 id
634 3579 725 3630 est
756 3575 906 3644 quod
946 3573 1276 3643 subjectum
1310 3573 1498 3627 fuerat
1532 3571 1837 3641 praedicato
1869 3574 1927 3625 et

267 3667 423 3737 quod
445 3664 872 3736 praedicabatur
903 3667 1036 3716 ante
1083 3660 1360 3731 subjecto,
1404 3661 1702 3715 veritatem
1746 3658 1923 3714 simul

268 3755 538 3812 obtinent
568 3753 652 3809 vel
690 3752 1028 3808 falsitatem.
1082 3755 1157 3804 De
1190 3751 1405 3820 quibus
1454 3749 1794 3820 plenissime
1830 3748 1925 3804 hic

267 3843 617 3916 disputandi
635 3857 938 3896 sumemus
953 3839 1277 3894 exordium.
1303 3839 1560 3901 Quatuor
1584 3837 1926 3909 propositio-

268 3951 374 3989 nes
388 3948 518 3988 esse
537 3931 930 4003 prediximus,
947 3946 1072 3998 quas
1092 3928 1344 3982 habeant
1361 3927 1717 3981 difierentias
1736 3943 1922 3996 quan-

267 4024 504 4078 titatum
546 4029 598 4075 et
631 4016 1176 4089 ulrisqueterminis
1209 4015 1666 4086 absqueordinis
1689 4031 1922 4086 permu-

265 4114 491 4168 tatione
541 4109 920 4180 participant.
980 4112 1078 4161 Has
1111 4123 1242 4160 vero
1274 4110 1411 4160 sunt
1444 4106 1753 4159 afﬁrmatio
1789 4105 1923 4159 uni-

263 4199 534 4268 versalis,
597 4199 828 4268 negatio
891 4196 1259 4261 universalis,
1323 4195 1636 4249 afﬁrmatio
1673 4195 1925 4265 particu-

263 4291 436 4349 laris,
471 4287 696 4352 negatio
711 4285 1108 4357 particularis.
1125 4285 1340 4339 Harum
1358 4283 1504 4355 igitu
1516 4301 1541 4337 r
1555 4284 1925 4356 particularis

264 4379 585 4436 afﬁrmatio
638 4376 1062 4447 particulariter
1096 4374 1329 4445 quidem
1365 4373 1477 4427 sibi
1530 4374 1657 4443 ipsa
1687 4391 1923 4428 conver-

264 4470 439 4535 titur,
475 4465 794 4522 universali
817 4471 1011 4519 autem
1034 4462 1411 4518 afﬁrmationi
1436 4480 1533 4532 per
1556 4462 1844 4528 accidens,
1869 4467 1926 4518 et

1850 711 2218 766 Conveniunt

1861 799 2228 854 Conveniunt

1852 888 2221 944 Conveniunt

1853 978 2220 1034 Conveniunt

2045 542 2193 596 quas
2228 525 2276 580 si
2311 523 2444 596 quis
2477 523 2534 577 in
2572 523 2847 594 superius
2876 521 3064 593 posita
3097 521 3438 591 respexerit;
3473 519 3694 574 videbit

2044 613 2402 685 angulariter
2431 629 2758 668 conversas.

2361 709 2572 764 Nullus
2603 709 2777 763 homo
2809 725 2922 762 non
2955 706 3255 761 rationalis
3287 709 3395 762 est.

2373 796 2583 852 Nullus
2616 797 2789 851 homo
2813 795 3116 850 rationalis
3148 800 3253 862 est,

2369 887 2615 950 Quidam
2652 887 2819 940 homo
2845 884 3144 939 rationalis
3179 900 3293 938 non
3327 887 3432 937 est.

2364 976 2610 1040 Quidam
2647 975 2816 1030 homo
2849 991 2964 1028 non
2989 973 3289 1028 rationalis
3324 990 3437 1027 non
3464 975 3572 1026 est.

2036 1078 2223 1146 ponat
2254 1075 2566 1144 quemdam
2617 1073 2914 1127 hominem
2957 1089 3082 1126 esse
3117 1072 3400 1140 lapidem,
3446 1086 3689 1140 eamque

2036 1169 2334 1219 convertat
2363 1163 2561 1217 dicens
2585 1164 2900 1234 quemdam
2935 1161 3188 1230 lapidem
3214 1178 3341 1216 esse
3365 1160 3684 1226 hominem,

2036 1257 2257 1310 mansit
2287 1254 2344 1309 in
2391 1255 2659 1324 utrisque
2695 1253 3084 1308 mendacium.
3142 1253 3252 1306 Hoc
3304 1251 3480 1323 igitur
3513 1253 3683 1306 modo

2035 1343 2349 1398 afﬁrmatio
2401 1342 2768 1413 particularis
2818 1342 2908 1396 sui
2964 1341 3169 1411 recipit
3217 1340 3680 1396 conversionem.

2035 1432 2182 1488 Item
2245 1431 2476 1503 negatio
2536 1430 2882 1485 universalis
2937 1433 3193 1485 converti
3245 1434 3458 1500 potest,
3518 1435 3579 1483 ut
3633 1429 3682 1484 si

2035 1522 2168 1592 quis
2192 1523 2457 1577 enuntiet
2492 1521 2718 1575 nullum
2745 1519 3043 1574 hominem
3073 1536 3199 1574 esse
3225 1519 3503 1589 lapidem,
3525 1536 3678 1573 eam-

2033 1613 2287 1681 demque
2337 1611 2632 1665 conversis
2661 1610 2928 1664 terminis
2963 1609 3116 1663 dicat
3164 1609 3390 1663 nullum
3429 1609 3678 1679 lapidem

2033 1717 2162 1756 esse
2196 1700 2512 1766 hominem,
2535 1700 2712 1754 simul
2749 1698 3053 1754 veritatem
3077 1703 3337 1753 tuentur.
3375 1703 3447 1751 At
3469 1698 3514 1752 si
3547 1697 3679 1767 quis

2032 1790 2190 1844 dicat
2213 1790 2441 1843 nullum
2463 1788 2759 1842 hominem
2794 1804 2922 1842 esse
2945 1786 3187 1854 animal,
3212 1793 3386 1858 atque
3409 1787 3674 1841 eamdem

2031 1879 2539 1934 subterminorum
2555 1877 2932 1931 conversione
2948 1879 3230 1947 pr0ponat
3245 1876 3442 1929 dicens
3459 1874 3682 1929 nullum

2031 1967 2246 2024 animal
2263 1984 2385 2022 esse
2408 1966 2730 2035 hominem;
2756 1972 2963 2020 neutra
2987 1982 3157 2020 suam
3177 1965 3428 2036 perdidit
3451 1963 3673 2018 falsita-

2031 2064 2169 2113 tem.
2206 2057 2321 2111 Hoc
2369 2056 2550 2127 igitur
2582 2055 2753 2109 modo
2788 2054 3134 2109 universalis
3183 2069 3409 2124 quoque
3443 2053 3672 2125 negatio

2032 2146 2142 2202 sibi
2161 2145 2680 2217 ipsaconvertitur,
2706 2143 3200 2198 universalisvero
3225 2143 3536 2197 afﬁrmatio
3559 2161 3673 2197 non

2033 2241 2191 2291 tenet
2205 2239 2548 2306 perpetuam
2572 2232 3041 2288 conversionem:
3064 2232 3334 2302 quamvis
3367 2232 3522 2285 enim
3539 2249 3679 2302 quo—

2031 2324 2143 2380 ties
2167 2325 2236 2378 de
2261 2323 2572 2396 speciebus
2597 2322 2833 2393 propria
2857 2320 3242 2391 praodicentur
3265 2321 3676 2376 convertiuni-

2032 2413 2286 2469 versales
2300 2413 2724 2468 afﬁrmationes
2749 2417 2986 2482 queant,
3006 2416 3068 2466 ut
3090 2412 3137 2465 si
3162 2411 3297 2482 quis
3315 2412 3680 2467 dicatomnis

2033 2503 2208 2558 homo
2243 2500 3236 2571 risibilisest,poteritterminorum
3271 2501 3535 2554 ordinem
3556 2517 3679 2571 per-

2032 2599 2281 2661 mutare,
2316 2609 2489 2647 omne
2535 2591 2756 2646 risibile
2800 2607 2927 2645 esse
2976 2591 3297 2656 hominem,
3335 2597 3520 2646 tamen
3563 2609 3677 2646 non

2031 2687 2115 2737 est
2132 2682 2252 2735 haec
2274 2681 2517 2752 aqualis
2541 2687 2714 2751 atque
2737 2681 2794 2733 in
2815 2680 3091 2734 omnibus
3115 2680 3374 2734 terminis
3399 2682 3512 2734 ﬁda
3535 2698 3674 2735 con-

2031 2771 2240 2826 versio.
2292 2771 2439 2834 Quid
2471 2769 2626 2825 enim
2660 2786 2792 2824 cum
2845 2770 2979 2840 quis
3031 2770 3108 2823 ita
3152 2770 3444 2840 proponit,
3479 2770 3672 2824 omnis

2030 2860 2206 2916 homo
2231 2859 2446 2914 animal
2481 2859 2610 2914 est?
2643 2859 2904 2929 nunquid
2940 2865 3270 2912 convertere
3301 2875 3429 2913 vere
3462 2864 3670 2928 potest,

2031 2956 2096 3004 ut
2125 2966 2297 3005 omne
2327 2947 2543 3004 animal
2576 2947 2872 3002 hominem
2905 2964 3033 3002 esse
3074 2949 3405 3017 pronuntiet
3428 2948 3453 2999 ?
3485 2951 3672 3011 Quare

2032 3056 2164 3094 cum
2200 3037 2513 3108 aliquoties
2546 3036 2893 3091 universalis
2915 3036 3225 3091 afﬁrmatio
3247 3053 3526 3092 conversa
3548 3055 3673 3107 pro-

2032 3132 2217 3200 priam
2269 3145 2384 3182 non
2419 3130 2610 3181 teneat
2657 3125 2979 3193 veritatem,
3023 3126 3234 3179 dicitur
3278 3127 3674 3182 conversionis

2034 3223 2306 3272 naturam
2340 3233 2453 3270 non
2489 3231 2658 3286 posse
2690 3215 3002 3283 suscipere.
3022 3215 3263 3284 Negatio
3282 3232 3509 3287 quoque
3535 3233 3674 3287 par-

2032 3305 2612 3361 ticularisinterdum
2648 3305 2876 3359 videtur
2914 3321 3083 3375 posse
3124 3306 3596 3372 converti,veluti
3629 3305 3678 3361 si

2035 3395 2168 3467 quis
2191 3396 2779 3465 enuntietquemdam
2797 3395 3092 3450 hominem
3120 3395 3371 3466 lapidem
3399 3414 3510 3450 non
3525 3412 3676 3464 esse,

2034 3501 2236 3540 verum
2261 3485 2553 3555 loquetur,
2574 3501 2708 3539 cum
2732 3484 3270 3556 dixeritquemdam
3295 3484 3543 3555 lapidem
3575 3485 3676 3539 ho-

2035 3574 2253 3629 minem
2290 3591 2403 3628 non
2437 3590 2602 3642 esse;
2638 3574 2737 3628 sed
2771 3578 2857 3628 est
2888 3573 3183 3628 instabilis
3215 3577 3270 3627 et
3299 3574 3518 3629 incerta
3539 3591 3675 3628 con-

2032 3663 2220 3719 versio
2249 3680 2260 3717 :
2292 3680 2424 3717 nam
2457 3679 2590 3717 cum
2625 3663 2862 3733 quidam
2901 3664 3071 3717 homo
3105 3663 3525 3734 grammaticus
3557 3681 3672 3719 non

2032 3754 2132 3818 sit,
2157 3752 2364 3807 falsum
2390 3752 2676 3807 estdicere
2693 3754 3004 3823 quemdam
3020 3754 3470 3823 grammaticum
3488 3752 3675 3808 homi-

2032 3859 2162 3897 nem
2191 3859 2304 3895 non
2339 3858 2482 3897 esse.
2505 3844 2587 3896 Ita
2608 3841 2784 3911 igitur
2807 3842 2924 3896 hzec
2948 3858 3179 3912 quoque
3213 3843 3507 3898 conversio
3542 3860 3676 3913 pro-

2029 3933 2189 3987 tinus
2213 3949 2243 3985 a
2267 3948 2372 3985 sua
2395 3931 2636 3985 veritate
2658 3931 2871 3985 deﬁcit.
2896 3933 3176 4002 Superius
3202 3932 3382 4002 igitur
3412 3931 3675 4003 proposi-

2030 4025 2218 4075 tarum
2239 4020 2962 4091 quatuorenuntiationem
2980 4021 3102 4074 dua:
3125 4023 3356 4090 quidem
3374 4022 3677 4092 oppositis,

2031 4109 2084 4162 id
2126 4115 2216 4163 est
2260 4107 2632 4178 particularis
2663 4108 3404 4163 al‘ﬁrmatioetuniversalis
3425 4111 3677 4179 negatio,

2032 4197 2468 4252 conversionem
2500 4197 2587 4249 sui
2609 4196 2830 4249 ﬁrmam
2851 4198 3675 4267 perpetuamquesuscipiunt;

2031 4288 2158 4341 duae
2191 4303 2322 4341 vero
2355 4285 2654 4356 Opposita,
2691 4285 2744 4338 id
2776 4290 2864 4338 est
2896 4285 3210 4338 affirmatio
3244 4285 3592 4338 universalis
3623 4289 3679 4339 et

2031 4374 2262 4446 negatio
2287 4373 2679 4445 particularis,
2713 4371 3107 4426 conversionis
3135 4390 3247 4426 non
3273 4378 3471 4426 tenent
3494 4373 3674 4427 ﬁrmi-

2030 4471 2232 4531 tatem,
2268 4465 2366 4518 sed
2401 4463 2540 4533 quia
2571 4460 2916 4515 universalis
2964 4461 3298 4527 al‘ﬁrmatio,
3333 4479 3462 4532 quae
3493 4463 3550 4516 in
3586 4463 3677 4517 sui

263 4575 483 4617 rursus
517 4555 865 4613 universalis
900 4553 1149 4624 negatio,
1172 4553 1294 4608 loco
1319 4553 1578 4624 principe
1604 4553 1693 4608 sui
1720 4554 1923 4625 recipit
1953 4567 1999 4631 D
2031 4553 2405 4608 conversione
2437 4551 2665 4606 videtur
2698 4550 3012 4619 instabilis,
3041 4551 3089 4604 si
3122 4567 3252 4605 vera
3279 4556 3387 4618 est,
3416 4553 3677 4623 particu-

263 4647 738 4713 conversionem,
772 4645 842 4699 ad
864 4641 1274 4715 particularem
1295 4642 1807 4714 vero_negationem
1825 4660 1925 4713 per

263 4736 544 4794 accidens
569 4732 825 4789 converti
846 4736 1054 4804 potest.
1092 4731 1515 4786 Afﬁrmationis
1539 4748 1670 4785 vero
1699 4734 1929 4786 univer-

263 4827 414 4885 salis
450 4824 522 4880 ad
556 4839 618 4878 se
648 4825 836 4894 ipsam
874 4827 1152 4892 perpetua
1187 4837 1299 4874 non
1327 4824 1517 4890 potest
1538 4837 1667 4875 esse
1688 4837 1924 4876 conver-

261 4918 375 4982 sio,
403 4914 474 4969 ad
499 4911 910 4984 particularem
927 4926 1059 4964 vero
1073 4909 1522 4964 afﬁrmationem
1543 4926 1640 4980 per
1657 4910 1924 4965 accidens

262 5008 482 5077 potest.
506 5001 621 5055 Nec
643 5016 778 5054 vero
803 4998 1132 5069 negationis
1155 4996 1520 5067 particularis
1544 4999 1612 5051 ad
1646 5015 1707 5052 se
1739 4998 1921 5069 ipsam

259 5089 672 5167 principaliter
732 5087 965 5144 stabilis
997 5103 1062 5141 ac
1105 5086 1275 5140 ﬁrma
1332 5086 1629 5141 conversio
1680 5093 1786 5154 est,
1821 5088 1922 5143 sed

258 5178 562 5254 negationi
597 5175 911 5232 universali
935 5176 1192 5230 secundo
1223 5175 1348 5229 loco
1390 5180 1564 5244 atque
1596 5175 1921 5231 accidenta-

257 5273 426 5328 liter.
459 5270 593 5333 Quae
641 5265 840 5321 omnia
899 5263 1128 5319 facilius
1195 5264 1572 5318 declarantur
1623 5264 1919 5335 exemplis.

251 5357 593 5420 Afﬁrmatio
625 5356 773 5410 enim
827 5351 1214 5424 particularis,
1269 5359 1330 5406 ut
1362 5368 1424 5405 ea
1469 5369 1596 5422 quas
1628 5354 1920 5423 pr0ponit,

258 5449 514 5523 quidam
549 5446 725 5500 homo
773 5442 943 5498 albus
974 5449 1080 5507 est,
1113 5439 1274 5495 facile
1318 5441 1428 5496 sibi
1469 5441 1598 5510 ipsa
1636 5441 1918 5497 converti-

255 5549 387 5606 tur,
424 5540 473 5591 si
507 5535 794 5597 dicamus,
823 5531 1114 5601 quoddam
1158 5529 1354 5585 album
1389 5530 1562 5585 homo
1610 5536 1718 5600 est,
1753 5539 1920 5601 atque

255 5631 324 5686 in
361 5624 635 5695 utrisque
693 5620 869 5677 simul
897 5619 1106 5674 veritas
1137 5623 1390 5674 constat.
1421 5621 1494 5673 At
1541 5620 1591 5676 si
1624 5621 1758 5691 quis
1792 5638 1920 5692 pro-

2044 4641 2226 4697 larem
2261 4658 2494 4712 quoque
2539 4639 2987 4694 afﬁrmationem
3038 4655 3231 4695 veram
3275 4657 3402 4696 esse
3441 4659 3675 4697 necesse

2039 4736 2149 4786 est.
2177 4730 2236 4785 Si
2269 4735 2462 4785 autem
2500 4728 2869 4799 particularis
2910 4728 3220 4784 aiﬁrmatio
3252 4745 3530 4786 conversa
3562 4749 3676 4787 non

2035 4820 2252 4876 amittit
2284 4820 2579 4891 propriam
2614 4820 2934 4885 veritatem,
2957 4819 3304 4874 universalis
3336 4837 3567 4891 quoque
3591 4822 3675 4876 af-

2035 4908 2287 4964 ﬁrmatio
2312 4925 2590 4964 conversa
2628 4907 2963 4978 particulari
3006 4907 3376 4963 afﬁrmationi
3409 4913 3675 4966 eamdem

2031 5001 2336 5056 veritatem
2365 4999 2618 5064 sonabit,
2643 4999 2802 5053 velut
2825 4999 3213 5070 hisexemplis
3235 5001 3594 5070 probabitur.
3621 5002 3678 5057 Si

2035 5090 2170 5160 quis
2202 5091 2356 5144 enim
2383 5094 2667 5159 proponat
2689 5105 2918 5143 omnem
2950 5088 3240 5143 hominem
3275 5106 3405 5144 esse
3437 5091 3677 5158 animal,

2033 5195 2233 5233 verum
2251 5178 2483 5247 dixerit,
2499 5178 2675 5247 hujus
2691 5177 3029 5231 subalterna
3046 5178 3412 5247 particularis
3428 5180 3681 5233 afﬁrma-

2033 5266 2116 5322 tio
2142 5269 2451 5339 quemdam
2487 5267 2786 5320 hominem
2803 5267 3181 5333 esseanimal,
3201 5283 3267 5321 ea
3290 5284 3523 5339 quoque
3545 5286 3679 5325 vera

2032 5361 2141 5423 est,
2177 5355 2451 5426 quoniam
2479 5355 3252 5411 universalisal'ﬁrmationis
3282 5358 3495 5412 veritas
3510 5364 3677 5414 ante-

2031 5445 2208 5500 cessit
2259 5446 2365 5499 Sed
2401 5446 2661 5500 eamdem
2696 5446 2945 5498 converti
2982 5445 3090 5497 sibi
3125 5445 3426 5499 verissime
3458 5451 3670 5517 potest.

2030 5533 2245 5589 dicitur
2275 5534 2428 5588 enim
2457 5533 2752 5604 quoddam
2780 5531 2995 5586 animal
3024 5549 3150 5587 esse
3175 5533 3492 5589 hominem.
3517 5538 3666 5599 Quo-

2030 5623 2184 5678 circa
2217 5623 2530 5677 afﬁrmatio
2579 5620 2928 5676 universalis
2978 5638 3101 5691 quae
3132 5621 3402 5691 proponit
3432 5639 3665 5680 omnem
