4070 6170
430 334 539 387 787

1711 335 1829 388 AN.
1870 329 2097 384 ΜΑΝῘ...
2136 327 2294 381 BEV.
2335 327 2574 380 ΒΟΕΤΙΙ

3685 334 3772 387 788

429 460 733 517 hominem
747 476 874 515 esse
896 456 1137 524 animal,
1161 460 1219 513 ct
1235 472 1512 512 conversa
1531 453 1910 529 particularis
1928 451 2082 507 affir-
2115 452 2169 517 Α
2200 450 2350 505 conti
2365 451 2486 522 ngit
2501 466 2670 517 quam
2700 450 2871 522 paulo
2887 449 3091 505 antein
3109 450 3471 521 simplicibus
3488 453 3774 515 habebatur.

432 551 615 605 matio
647 566 772 620 quae
805 546 1146 620 pronuntiat
1178 547 1473 617 quoddam
1493 545 1713 601 animal
1746 561 1876 600 esse
1895 540 2081 596 homi-

435 655 593 706 nem,
630 645 889 707 utrteque
919 635 1096 689 simul
1131 652 1164 689 a
1193 634 1457 690 veritatis
1486 635 1915 706 significatione
1965 646 2079 684 non

437 728 738 782 deﬁciunt.
774 726 858 779 Ita
890 725 1069 795 igitur
1102 722 1449 778 universalis
1480 723 1816 787 affirmatio,
1841 736 1967 791 qua:
1991 718 2081 771 sui

438 817 873 870 conversionem
928 819 1265 884 perpetuam
1324 812 1475 867 ferre
1514 829 1629 868 non
1685 816 1931 882 poterat,
1986 822 2086 877 per

438 903 701 958 accidens
735 900 1074 971 particulari
1114 901 1494 956 afﬁrmationi
1527 915 1806 956 conversa
1846 902 1954 951 est.
1984 900 2088 949 Per

439 993 709 1047 accidens
723 995 917 1045 autem
934 992 1085 1046 idem
1102 992 1373 1061 quoniam
1392 990 1760 1062 particularis
1775 985 2087 1042 afﬁrmatio

440 1080 705 1152 principe
728 1080 840 1134 sibi
864 1079 992 1149 ipsa
1016 1080 1138 1135 loco
1161 1082 1540 1147 convertitur,
1585 1093 1869 1133 conversae
1892 1079 2086 1130 autem

440 1168 785 1243 particulari
818 1169 1199 1225 affirmationi
1228 1171 1579 1225 universalis
1594 1167 1907 1224 afﬁrmatio
1930 1179 2092 1219 eam-

442 1259 572 1313 dem
605 1257 817 1312 retinet
846 1259 905 1311 in
950 1258 1189 1312 veritate
1249 1256 1623 1312 sententiam.
1692 1254 1903 1309 Eadem
1963 1251 2092 1305 ideo

445 1352 535 1402 est
558 1345 733 1401 etiam
760 1346 1107 1401 universalis
1132 1347 1483 1417 negationis,
1508 1361 1635 1416 quae
1663 1344 1944 1414 quoniam
1967 1341 2096 1410 ipsa

446 1434 851 1507 principaliter
881 1435 1139 1489 converti
1171 1440 1377 1505 potest,
1402 1448 1807 1503 conversaque
1837 1429 2098 1501 negatio-

452 1526 510 1580 ni
544 1523 861 1579 universali
890 1523 991 1579 illa
1022 1540 1151 1594 quas
1182 1524 1521 1579 subalterna
1547 1528 1635 1577 est
1655 1521 1919 1576 eamdem
1953 1518 2097 1573 veri-

455 1616 595 1669 tatis
646 1615 821 1668 refert
851 1612 1225 1667 sententiam.
1279 1612 1655 1666 Particularis
1688 1612 1919 1679 negatio
1958 1623 2099 1662 con-

453 1718 622 1758 versa
651 1705 720 1756 ad
754 1701 1013 1756 veritatis
1044 1702 1531 1771 significationem
1568 1700 1777 1770 poterit
1825 1695 2101 1751 conveni-

454 1809 539 1859 re,
574 1798 635 1846 ut
668 1791 716 1845 si
748 1792 881 1862 quis
915 1791 1138 1845 nullum
1175 1790 1471 1845 hominem
1506 1805 1635 1844 esse
1675 1787 1931 1859 lapidem
1964 1801 2099 1840 con-

454 1882 667 1941 ﬁrmet,
698 1887 755 1935 et
778 1882 959 1949 hujus
988 1879 1287 1934 conversio
1318 1885 1430 1946 est,
1452 1877 1680 1932 nullum
1702 1876 1950 1948 lapidem
1975 1888 2103 1928 esse

454 1970 778 2038 hominem,
812 1984 937 2039 qua:
960 1984 1091 2023 cum
1116 1984 1252 2022 vera
1271 1968 1577 2039 praecedat,
1601 1965 1949 2021 subalternaa
1974 1979 2104 2033 par-

453 2057 721 2113 ticularis
765 2057 1045 2129 negativae
1096 2057 1321 2125 perﬁcit
1353 2056 1687 2110 veritatem:
1727 2070 1793 2109 ea
1823 2068 1957 2107 vero
1997 2059 2103 2119 est,

457 2147 697 2218 quidam
722 2146 873 2218 lapis
924 2146 1099 2201 homo
1130 2162 1248 2199 non
1289 2150 1397 2212 est,
1431 2160 1558 2215 qua:
1608 2147 1943 2214 comparata
1976 2141 2107 2194 uni-

459 2235 671 2291 versali
701 2235 995 2307 negationi
1029 2251 1156 2305 quae
1188 2234 1330 2288 dicit
1379 2232 1609 2287 nullum
1651 2231 1951 2287 hominem
1980 2241 2110 2284 esse

461 2323 738 2395 lapidem,
764 2324 1029 2395 quamvis
1052 2324 1322 2378 terminis
1347 2322 1921 2392 discrepans,tamen
1944 2317 2114 2372 simi-

465 2412 537 2467 lis
567 2414 811 2467 veritate
844 2414 1208 2484 proponitur.
1242 2410 1426 2481 Igitur
1455 2407 1825 2480 particularis
1856 2408 2113 2478 negatio,

467 2518 595 2572 quae
627 2501 740 2557 sibi
772 2502 884 2572 ipsi
908 2499 1160 2556 converti
1191 2516 1307 2554 non
1342 2499 1568 2569 poterit,
1592 2496 1907 2552 universali
1936 2511 2114 2566 nega-

467 2589 614 2645 tioni
647 2606 749 2659 per
774 2590 1046 2644 accidens
1070 2589 1326 2643 converti
1352 2591 1563 2658 potest.
1598 2586 1705 2641 Per
1726 2586 1996 2639 accidens
2013 2601 2115 2639 au-

471 2690 581 2734 tem
604 2679 819 2733 idcirco
843 2678 1122 2748 quoniam
1144 2676 1490 2733 universalis
1509 2674 1741 2746 negatio
1759 2675 1819 2728 in
1842 2689 1903 2728 se
1925 2674 2116 2744 ipsam

472 2767 660 2838 priore
692 2768 817 2821 loco
847 2764 1104 2821 converti
1139 2768 1350 2835 potest.
1383 2763 1489 2817 Per
1536 2759 1974 2816 conversionem
2010 2776 2118 2814 au-

469 2861 585 2909 tem
618 2853 710 2908 sui
743 2870 875 2908 cum
911 2851 1251 2925 particulari
1284 2850 1593 2922 negatione
1624 2848 1876 2904 similem
1910 2850 2120 2902 verita-

467 2942 544 2997 tis
564 2943 794 2997 videtur
821 2943 1083 2997 obtinere
1115 2941 1490 2995 sententiam.
1527 2940 1727 3008 Itaque
1767 2935 2119 2992 concluden-

468 3031 609 3085 dum
642 3038 729 3085 est
752 3030 1168 3101 particularem
1213 3044 1447 3100 quoque
1493 3026 1943 3082 atfirmationem
1996 3025 2122 3079 uni-

466 3119 873 3190 versalemque
909 3120 1277 3190 negationem
1310 3118 1750 3171 conversionem
1783 3114 2120 3170 suiﬁrmam

471 3224 535 3263 ac
556 3208 825 3263 stabilem
842 3208 1158 3263 custodire.
1180 3204 1640 3261 Affirmationem
1668 3209 1861 3259 autem
1886 3204 2119 3257 univer-

472 3296 653 3351 salem
688 3296 1218 3365 particularemque
1245 3296 1612 3364 negationem
1644 3294 1700 3346 in
1733 3292 2122 3347 convertendo

478 3383 678 3438 ﬁrmas
700 3400 829 3438 esse
861 3401 977 3438 non
1010 3400 1204 3455 posse,
1240 3385 1341 3437 sed
1374 3383 1526 3437 hanc
1550 3381 2125 3453 afﬁrmationiparti-

476 3472 681 3538 culari,
700 3471 861 3526 illam
888 3472 1204 3527 universali
1230 3472 1526 3542 negationi
1553 3488 1656 3542 per
1682 3471 1975 3538 accidens,
1998 3486 2127 3541 pos-

478 3579 542 3616 se
571 3561 847 3616 converti.
885 3560 1085 3616 Restat
1118 3576 1272 3613 nunc
1297 3562 1368 3615 de
1397 3576 1465 3613 ea
1486 3559 1955 3631 propositionum
1988 3575 2127 3613 con-

478 3650 773 3705 venientia
787 3648 876 3704 vel
903 3648 1348 3721 participatione
1369 3647 1674 3714 disserere,
1704 3649 1760 3701 in
1793 3664 1909 3717 qua
1941 3649 2126 3702 utrin~

488 3755 602 3809 que
633 3739 1018 3794 terminorum
1039 3739 1242 3793 ordine
1277 3741 1632 3808 permutato,
1659 3737 1758 3790 uni
1787 3736 1876 3791 vel
1896 3736 2126 3806 utrique

478 3843 681 3883 eorum
713 3828 1045 3898 negativum
1077 3829 1389 3897 copulatur
1417 3825 1780 3880 adverbium.

1137 3914 1467 3986 Simplices.

549 4004 754 4060 Omnis
784 4004 959 4061 homo
990 4004 1211 4059 animal
1244 4010 1356 4059 est.

548 4093 758 4148 Nullus
790 4094 962 4149 homo
994 4094 1213 4148 animal
1235 4097 1344 4148 est.

549 4183 800 4248 Quidam
832 4182 1007 4238 homo
1039 4182 1257 4238 animal
1285 4186 1394 4238 est.

549 4273 795 4338 Quidam
831 4273 1004 4327 homo
1037 4271 1254 4327 animal
1291 4288 1403 4326 non
1429 4275 1539 4327 est.

476 4362 582 4416 Sed
600 4378 940 4433 quanquam
956 4362 1298 4430 hujusmodi
1318 4359 1778 4431 participationis
1792 4359 1988 4430 plures
2002 4375 2134 4414 esse

478 4448 840 4504 differentias
867 4451 1313 4515 noverimus,ad
1346 4450 1795 4505 instructionem
1820 4454 2018 4502 tamen
2033 4450 2132 4502 Ca-

2154 3166 2196 3232 C

2190 542 2382 610 Atque
2413 540 2469 593 in
2508 539 2601 594 his
2634 540 3143 595 enuntiationibus
3170 541 3422 595 converti
3468 546 3670 598 termini
3700 564 3781 618 per

2190 629 2616 698 appositionem
2644 630 2939 693 dicuntur,
2966 646 3235 699 unusque
3274 630 3422 683 enim
3455 632 3781 691 terminorum

2194 718 2501 788 negatione
2526 720 2835 789 praeposita
2852 719 3117 774 terminis
3140 720 3475 790 simpliciter
3497 726 3786 791 pronuntia-

2194 806 2270 860 tis
2301 807 2529 861 videtur
2559 808 2884 878 oppositus.
2908 809 3091 879 Hujus
3116 826 3246 863 vero
3272 810 3695 881 participationis
3719 820 3788 869 est

2194 895 2407 965 triplex
2439 897 2687 950 modus:
2722 903 2824 951 aut
2855 898 3007 951 enim
3050 899 3355 966 przedicato
3392 904 3599 953 tantum
3649 902 3788 955 termi

2198 1000 2293 1045 no,
2327 986 2557 1053 negatio
2582 985 2878 1055 jungitur,
2910 992 3012 1040 aut
3044 988 3325 1055 subjecto,
3353 994 3449 1041 aut
3480 990 3686 1059 utrique
3706 995 3794 1045 ter-

2202 1073 2346 1128 mini
2370 1074 2753 1144 denegantur.
2788 1074 3243 1146 Primumigitur
3274 1077 3564 1147 supposita
3583 1078 3796 1149 descrip-

2202 1161 2358 1216 tione
2374 1162 2881 1233 pandanturexem
2894 1164 3003 1234 pla.
3017 1164 3152 1219 Post
3167 1169 3362 1219 autem
3378 1167 3798 1235 quemadmodum

2204 1266 2265 1307 se
2300 1250 2515 1305 habent
2532 1252 2599 1306 ad
2626 1253 2889 1307 veritatis
2912 1251 3256 1307 falsitatisve
3278 1270 3609 1308 consensum
3628 1271 3796 1308 conse-

2204 1341 2439 1409 quentis
2453 1340 2656 1394 ordine
2671 1342 3019 1411 disputetur.
3040 1344 3113 1395 Ac
3135 1342 3386 1411 primum
3403 1343 3623 1411 quidem
3641 1342 3701 1396 de
3714 1343 3798 1397 hac

2206 1427 2558 1483 disserimus
2589 1430 2761 1499 cujus
2795 1430 3129 1498 subjectum
3162 1431 3637 1500 praedicatumque
3665 1446 3799 1499 nega-

2208 1521 2321 1571 tur.
2340 1521 2475 1572 Post
2493 1535 2626 1573 vero
2655 1519 2824 1589 cujus
2849 1519 3177 1589 subjectum
3204 1520 3416 1588 solum,
3443 1526 3707 1589 postremo
3725 1536 3804 1573 cu-

2201 1607 2303 1676 jus
2317 1606 2415 1677 qui
2433 1608 2992 1676 przedicaturtermin
3005 1625 3068 1661 us
3082 1625 3149 1661 cu
3162 1625 3214 1662 m
3232 1608 3806 1680 negationemrofertur.

2208 1698 2396 1766 Atque
2410 1712 2603 1751 earum
2622 1698 2851 1766 quidem
2865 1704 3134 1752 naturam
3151 1704 3327 1769 atque
3358 1698 3608 1751 ordinem
3632 1715 3691 1751 ex
3710 1698 3808 1751 sim-

2216 1784 2462 1855 plicibus
2488 1786 2543 1839 in
2558 1788 2963 1841 t‘ormabimus.
2988 1788 3297 1858 Simplices
3314 1796 3499 1842 autem
3514 1832 3525 1851 ,
3540 1787 3590 1840 in
3607 1787 3809 1857 quanti-

2216 1878 2341 1928 tatu
2354 1890 2406 1927 m
2428 1874 2770 1929 differentiis
2788 1878 3422 1945 constitutas,quatuor
3436 1893 3559 1931 esse
3574 1881 3813 1929 monstra-

2215 1963 2333 2016 vim
2346 1963 2526 2017 us.Sit
2540 1964 2719 2034 igitur
2735 1966 2909 2035 prima
2923 1965 3260 2033 quidemaffi
3272 1984 3355 2020 rm
3367 1965 3476 2020 alio
3495 1965 3808 2030 universalis,

2218 2069 2347 2124 qua
2372 2059 2657 2123 proponat
2679 2069 2911 2107 omnem
2934 2054 3230 2109 hominem
3257 2053 3605 2110 esseanimal
3629 2053 3816 2119 ;adver°

2221 2158 2353 2197 sum
2378 2142 2527 2196 hanc
2546 2143 2863 2197 collocetur
2885 2144 3198 2198 afﬁrmatio
3219 2143 3584 2207 universalis,
3606 2157 3815 2212 quaanon

2222 2230 2413 2285 solum
2436 2231 2732 2285 conversis
2769 2231 3033 2286 terminis
3063 2232 3423 2296 enuntietur,
3441 2248 3626 2286 verum
3656 2232 3706 2283 in
3728 2245 3817 2282 uno

2223 2336 2453 2390 quoque
2483 2320 2733 2374 termino
2787 2320 3123 2390 negativum
3157 2322 3496 2376 adverbium
3531 2321 3718 2375 habeat
3740 2318 3818 2371 ad-

2220 2410 2487 2478 junctum
2506 2408 2615 2463 hoc
2630 2409 2824 2475 modo,
2850 2426 3022 2464 omne
3046 2427 3161 2464 non
3186 2410 3405 2465 animal
3430 2425 3538 2464 non
3561 2409 3712 2463 homo
3732 2412 3816 2460 est.

2228 2498 2454 2552 Rursus
2481 2504 2840 2568 proponatur
2870 2499 3218 2554 universalis
3236 2501 3489 2569 negatio,
3513 2514 3575 2553 ea
3595 2514 3708 2568 qua:
3734 2499 3819 2558 est,

2227 2586 2425 2640 nullus
2441 2586 2614 2641 homo
2633 2587 2846 2641 animal
2862 2594 2969 2653 est;
2999 2588 3134 2644 huic
3153 2589 3460 2643 adversum
3478 2592 3653 2641 teneat
3669 2584 3823 2640 locum

2229 2674 2579 2729 universalis
2604 2676 2834 2747 negatio
2856 2678 3128 2732 terminis
3151 2694 3283 2732 cum
3313 2679 3604 2748 negatione
3627 2689 3822 2729 conver-

2229 2765 2332 2830 sis,
2355 2763 2412 2817 id
2436 2764 2665 2819 nullum
2703 2782 2815 2819 non
2862 2766 3080 2819 animal
3107 2783 3219 2819 non
3260 2767 3433 2820 homo
3472 2770 3575 2819 est.
3616 2766 3738 2818 Item
3767 2761 3827 2814 sit

2230 2853 2601 2924 particularis
2615 2854 2925 2908 affirmatio
2941 2856 3356 2925 simplex,quid
3369 2871 3456 2908 am
3475 2847 3823 2908 bomoanimal

2232 2946 2319 2993 est
2349 2958 2361 3005 ;
2388 2940 2523 2993 huic
2544 2944 2832 2996 terminus
2856 2948 3025 3009 atque
3047 2943 3373 2997 exadverso
3399 2944 3666 2996 referatur
3685 2937 3829 3009 parti—

2232 3029 2451 3084 cularis
2473 3029 2805 3093 affirmatio,
2833 3046 2981 3100 quae,
3007 3030 3459 3085 commutatisin
3475 3029 3716 3085 ordinem
3738 3031 3830 3079 ter-

2238 3120 2435 3187 minis,
2472 3121 2806 3187 negationes
2840 3122 3103 3191 utrisque
3134 3127 3323 3191 gestet
3352 3119 3660 3191 oppositas,
3690 3118 3828 3171 utest

2235 3208 2521 3277 quaddam
2554 3224 2669 3261 non
2694 3206 2911 3261 animal
2948 3224 3059 3263 non
3092 3208 3266 3263 homo
3300 3214 3409 3262 est.
3446 3210 3578 3263 Item
3603 3201 3831 3275 sitparti-

2235 3296 2451 3351 cularis
2483 3297 2728 3366 simplex
2773 3297 3001 3368 negatio
3051 3313 3176 3366 quas
3227 3301 3515 3367 proponat
3561 3293 3828 3365 quemdam

2236 3384 2530 3439 hominem
2566 3384 2783 3439 animal
2818 3402 2931 3438 non
2959 3401 3087 3439 esse
3112 3404 3126 3452 ;
3148 3385 3300 3440 hanc
3330 3401 3398 3439 ex
3430 3386 3660 3439 adverso
3681 3379 3828 3449 respi-

2236 3474 2350 3528 ciat
2365 3473 2731 3543 particularis
2748 3474 3150 3544 negatio,quaa,
3168 3477 3515 3544 permutatis
3528 3472 3594 3526 ad
3610 3470 3830 3526 ordinem

2237 3562 2524 3626 terminis,
2557 3562 2894 3616 adverbium
2941 3561 3272 3633 negationis
3321 3560 3609 3631 adjecerit,
3648 3563 3705 3613 ut
3744 3560 3831 3617 est,

2238 3651 2529 3721 quoddam
2559 3668 2673 3706 non
2706 3651 2924 3706 animal
2958 3668 3071 3706 non
3105 3651 3282 3706 homo
3306 3667 3426 3706 non
3455 3655 3559 3705 est.

2610 3834 2901 3885 Conversae
2946 3831 3211 3900 utrisque
3238 3829 3511 3885 inﬁnitis.

2310 3919 2493 3974 Omne
2525 3936 2638 3975 non
2673 3920 2890 3975 animal
2924 3937 3037 3974 non
3070 3920 3246 3975 homo
3278 3923 3389 3973 est.

2310 4008 2547 4063 Nullum
2582 4026 2699 4064 non
2736 4008 2943 4064 animal
2978 4025 3093 4064 non
3128 4009 3304 4063 homo
3334 4012 3444 4064 est.

2310 4099 2613 4164 Quoddam
2651 4115 2763 4152 non
2798 4098 3015 4153 animal
3050 4115 3162 4152 non
3193 4098 3370 4151 homo
3404 4101 3495 4152 est

2310 4188 2611 4251 Quoddam
2645 4187 2862 4242 animal
2896 4202 3010 4241 non
3046 4186 3212 4241 homo
3246 4202 3361 4240 non
3394 4190 3504 4241 est.

2240 4276 2301 4330 In
2335 4275 2453 4329 illis
2484 4276 2639 4330 enim
2673 4276 2985 4330 afﬁrmatio
3016 4274 3366 4329 universalis
3399 4269 3839 4345 particularisque

2243 4367 2473 4433 negatio
2504 4365 2942 4419 conversionem
2968 4363 3232 4419 stabilem
3253 4381 3367 4418 non
3388 4362 3673 4417 tenebant.
3695 4354 3837 4411 Affir-

2243 4458 2421 4507 matio
2448 4460 2641 4508 autem
2676 4454 3048 4525 particularis
3079 4458 3251 4522 atque
3285 4449 3624 4507 universalis
3652 4442 3839 4516 negatio

478 4538 868 4609 tegoricorum
902 4539 1391 4610 Syllogismorum
1426 4540 1496 4594 de
1528 4539 1634 4593 hac
1652 4545 1880 4592 tantum
1915 4555 2126 4610 propo-
2155 4532 2203 4595 D
2234 4557 2523 4597 conversae
2572 4544 2893 4598 certissime
2925 4544 3252 4597 tuebantur
3278 4542 3365 4596 vel
3400 4542 3456 4595 in
3509 4539 3744 4599 veritate,
3771 4529 3837 4583 vel

479 4627 668 4681 suisse
698 4627 976 4691 sufﬁciat,
993 4644 1242 4698 quarum
1260 4628 1496 4699 quidem
1515 4630 1979 4699 propositionum
1999 4644 2131 4697 pars

478 4730 548 4770 ex
563 4715 932 4786 simplicibus
953 4718 1292 4771 nominibus
1316 4722 1562 4783 constat,
1592 4732 1726 4786 pars
1747 4732 1877 4770 vero
1900 4732 1967 4770 ex
1992 4716 2128 4769 inﬁ-

480 4806 641 4861 nitis.
686 4806 830 4861 Nam
867 4806 1186 4877 propositio
1243 4806 1616 4872 universalis,
1651 4821 1777 4875 quae
1818 4810 1907 4860 est
1940 4806 2129 4859 omnis

479 4893 654 4950 homo
686 4896 1028 4960 animalest,
1062 4893 1412 4963 exutrisque
1428 4893 1964 4949 nominibusﬁnitis
1987 4910 2128 4947 con-

480 4988 615 5037 stat.
640 4984 905 5054 Namque
936 4990 995 5038 et
1026 4983 1200 5037 homo
1233 4988 1291 5035 et
1319 4981 1717 5037 animaltinita
1750 4983 2127 5037 nominaesse

479 5073 858 5126 manifestum
892 5080 1002 5127 est.
1052 5072 1130 5126 Ea
1160 5085 1293 5125 vero
1326 5071 1638 5125 afﬁrmatio
1682 5087 1809 5140 qum
1856 5070 2128 5140 proponit

478 5178 653 5217 omne
682 5178 798 5216 non
850 5161 1070 5215 animal
1102 5176 1215 5215 non
1250 5161 1550 5215 hominem
1578 5177 1706 5215 esse
1756 5161 2122 5216 inﬁnitorum

474 5250 861 5305 terminorum
896 5251 1182 5322 positione
1219 5253 1533 5319 conjuncta
1579 5255 1687 5303 est.
1731 5248 1855 5304 Non
1904 5250 2123 5305 animal

478 5338 633 5391 enim
666 5346 720 5390 et
753 5354 867 5391 non
903 5340 1077 5394 homo
1099 5342 1339 5395 nomina
1356 5355 1485 5395 esse
1509 5338 1763 5406 infinita,
1788 5338 1846 5392 in
1864 5340 2122 5396 nominis

476 5425 825 5479 uif't’initione
857 5427 1257 5495 praediximus,
1281 5428 1658 5499 quaequidem
1677 5442 1805 5482 sese
1827 5429 1896 5481 ad
1917 5430 2121 5483 verita-

475 5514 553 5566 tis
582 5512 924 5568 f'alsitatisve
955 5517 1238 5572 rationem
1272 5519 1354 5571 sic
1388 5516 1621 5579 habent,
1656 5522 1720 5568 ut
1749 5515 1903 5570 enim
1938 5534 2117 5588 nega-

473 5601 734 5657 tionibus
747 5602 1040 5673 adjunctis
1056 5604 1287 5661 infinita
1301 5603 1918 5677 nominasimplicibus
1937 5622 2117 5677 oppo-

477 5693 721 5757 nuntur,
735 5691 817 5746 ita
828 5693 1003 5748 etiam
1018 5694 1316 5751 conversio
1341 5694 1810 5767 propositionum
1824 5696 2115 5752 contrario

2242 4631 2299 4683 in
2334 4631 2583 4685 falsitate
2633 4648 3009 4687 consensum.
3046 4632 3162 4684 Hic
3220 4646 3395 4684 omne
3427 4630 3705 4684 diversum
3754 4625 3836 4675 est.

2240 4719 2597 4775 Universalis
2620 4738 2869 4789 namque
2902 4721 3216 4776 affirmatio
3241 4726 3296 4773 et
3319 4716 3677 4788 particularis
3697 4725 3836 4779 nega-

2239 4810 2319 4863 tio
2336 4826 2433 4879 per
2446 4810 2872 4880 oppositionem
2889 4809 2997 4864 sibi
3012 4813 3139 4878 ipsa
3153 4796 3837 4872 convertitur,universali8

2238 4906 2433 4952 autem
2470 4900 2799 4967 negationis
2830 4905 2886 4953 et
2918 4898 3288 4967 particularis
3321 4891 3720 4950 afﬁrmationis
3746 4899 3832 4940 non

2234 4990 2323 5040 est
2353 4988 2424 5039 ad
2457 4986 2714 5041 veritatis
2745 4987 3091 5041 falsitatisve
3124 5001 3477 5039 consensum
3504 4984 3612 5037 fida
3640 4989 3835 5035 conver-

2234 5075 2341 5129 sio.
2365 5079 2441 5129 Ac
2465 5077 2715 5145 primum
2752 5077 2823 5130 de
2848 5075 3159 5129 universali
3187 5074 3501 5127 affirmatio
3538 5074 3830 5124 tractemus,

2234 5179 2362 5233 qua;
2394 5180 2524 5218 cum
2560 5166 2614 5217 in
2651 5164 3020 5235 simplicibus
3044 5180 3178 5217 vera
3210 5164 3307 5228 sit,
3332 5163 3625 5215 veritatem
3648 5162 3832 5226 quodue

2233 5268 2335 5321 P6P
2357 5255 2785 5322 oppositionem
2808 5270 3085 5309 conversa
3108 5252 3385 5317 custodit,
3416 5256 3478 5305 ut
3498 5266 3563 5304 ea
3585 5264 3702 5317 qua:
3721 5240 3831 5295 dicit

2231 5357 2464 5395 omnem
2494 5343 2791 5397 hominem
2816 5359 2938 5398 esse
2960 5344 3342 5407 anima|,vera
3370 5331 3736 5406 est,atqueilli
3752 5341 3829 5399 per

2229 5430 2656 5500 oppositionem
2680 5433 3057 5497 convertitur,
3094 5433 3143 5482 id
3170 5436 3277 5495 est,
3311 5444 3483 5483 omne
3515 5440 3623 5479 non
3646 5410 3825 5476 animal

2229 5535 2343 5573 non
2379 5519 2554 5573 homo
2584 5525 2695 5583 est,
2723 5536 2846 5574 eam
2868 5535 3098 5590 quoque
3130 5534 3323 5572 veram
3346 5532 3473 5570 esse
3504 5524 3718 5566 necesse
3736 5506 3823 5558 est-

2226 5606 2644 5676 Pr0positionis
2661 5614 2855 5663 autem
2873 5609 3047 5677 hujus
3062 5608 3173 5661 ista
3186 5592 3823 5669 sententiaest,quoniam

2226 5711 2340 5751 non
2353 5696 2956 5769 estbomo,quidquid
2978 5694 3194 5752 animal
3220 5710 3333 5752 non
3354 5696 3463 5759 est,
3487 5687 3631 5760 quod
3650 5690 3817 5737 verum
