4070 6170
224 251 346 306 789

1093 248 1579 306 INTRODUCTIO
1616 251 1713 302 AD
1751 250 2243 309 BYLLOGIBMOB
2277 252 2798 311 CATBGORIGOB.

3546 255 3655 309 790

225 392 365 432 esse
390 374 590 431 nullus
610 374 864 446 ignorat.
882 375 1028 430 Item
1050 373 1190 430 sisit
1206 372 1353 429 falsa
1375 372 1721 430 universalis
1737 374 1891 428 affir-
1921 378 1974 442 Α
2007 376 2235 430 minum
2263 379 2472 431 natura
2494 379 2754 447 sejuncta
2772 384 2929 447 sunt,
2960 383 3024 434 ut
3052 396 3261 451 equus,
3285 379 3457 434 arbor
3478 385 3651 451 atque

230 464 497 521 matioin
527 462 898 535 simplicibus
916 462 1184 518 terminis
1209 462 1549 529 constituta,
1579 461 1725 518 falsa
1748 479 1891 535 quo-

226 571 351 626 que
383 557 513 625 ejus
552 571 651 625 per
685 552 1117 625 oppositionem
1140 552 1487 624 probabitur
1506 567 1629 606 esse
1649 568 1891 607 conver-

227 642 357 699 sio:
394 659 529 697 nam
566 659 699 697 cum
720 642 995 707 dicimus,
1023 642 1216 697 omnis
1240 641 1388 710 lapis
1411 641 1628 695 animal
1652 646 1759 707 est,
1788 639 1890 695 fal-

225 749 299 788 sa
329 737 441 797 est,
475 738 650 803 atque
686 730 769 785 illi
804 747 908 802 per
939 730 1368 801 Oppositionem
1419 729 1795 796 convertitur,
1830 729 1887 784 id

226 827 343 886 est,
364 837 539 876 omne
564 836 675 875 non
703 819 919 875 animal
946 836 1057 874 non
1086 818 1235 889 lapis
1257 826 1363 885 est,
1383 834 1507 873 eam
1534 835 1764 890 quoque
1783 817 1888 873 fal-

223 927 359 966 sam
391 927 520 965 esse
552 924 792 965 necesse
824 914 933 963 est.
965 908 1021 963 Id
1056 909 1210 963 enim
1245 924 1314 962 ex
1344 907 1446 962 tali
1486 907 1887 962 enuntiatione

221 999 505 1068 sentitur,
542 997 819 1069 quoniam
856 997 1145 1067 quidquid
1178 995 1394 1052 animal
1447 1013 1558 1051 non
1597 997 1792 1063 fuerit,
1825 996 1882 1051 id

227 1087 386 1159 lapis
414 1104 527 1142 non
561 1091 670 1153 est,
705 1087 857 1157 quod
893 1085 1265 1158 apertissime
1290 1085 1500 1141 falsum
1520 1090 1629 1151 est,
1655 1102 1784 1141 cum
1807 1084 1886 1139 la-

224 1178 321 1248 pis
348 1178 475 1247 ipse
506 1175 726 1230 animal
761 1191 872 1230 non
903 1176 1013 1232 sit:
1049 1176 1202 1246 quod
1231 1175 1280 1230 si
1327 1174 1675 1230 universalis
1724 1174 1882 1228 afﬁr-

225 1266 414 1321 matio
462 1266 851 1322 terminorum
900 1264 1333 1335 oppositionem
1398 1280 1683 1319 conserva
1734 1263 1880 1319 sibi-

223 1361 348 1410 met
380 1355 437 1409 in
469 1353 712 1410 veritate
746 1353 1014 1409 convenit
1043 1357 1100 1409 et
1131 1353 1187 1407 in
1225 1353 1502 1420 falsitate,
1527 1369 1638 1407 non
1663 1356 1754 1407 est
1775 1352 1880 1408 du-

217 1443 390 1499 bium
412 1443 553 1516 quin
574 1442 924 1498 universalis
956 1441 1194 1514 simplex
1226 1441 1534 1497 affirmatio
1561 1440 1757 1495 stabili
1782 1457 1883 1513 per

213 1533 647 1605 oppositionem
667 1532 1041 1587 conversione
1063 1534 1432 1585 monstretur.
1456 1531 1615 1585 Idem
1639 1532 1710 1585 de
1733 1530 1878 1585 sim-

214 1621 357 1694 plici
379 1623 552 1677 etiam
581 1620 921 1693 particulari
941 1620 1249 1691 negatione
1275 1620 1562 1674 dicemus.
1583 1618 1729 1673 Nam
1755 1634 1880 1673 cum

217 1710 347 1766 haec
371 1709 516 1765 falsa
548 1716 659 1777 est,
685 1715 749 1764 ut
772 1726 839 1764 ea
862 1726 989 1780 qua:
1008 1709 1173 1773 dicit,
1203 1708 1439 1779 quidam
1458 1708 1632 1762 homo
1657 1706 1877 1763 animal

218 1817 340 1855 non
363 1805 471 1867 est,
488 1798 590 1854 illa
611 1815 843 1871 quoque
862 1796 1180 1853 falsitatem
1207 1797 1450 1862 tenebit,
1468 1795 1747 1869 quzehuic
1770 1802 1879 1851 ter-

216 1888 520 1943 minorum
543 1887 911 1959 oppositione
942 1885 1321 1957 convertitur,
1342 1890 1405 1940 ut
1426 1902 1493 1940 ea
1516 1903 1644 1958 quae
1667 1902 1880 1958 propo-

214 1977 328 2045 nit,
370 1979 667 2049 quoddam
712 1994 826 2031 non
878 1975 1094 2031 animal
1145 1992 1257 2031 non
1307 1976 1482 2031 homo
1519 1993 1631 2030 non
1665 1980 1772 2031 est.
1818 1977 1877 2030 Id

212 2068 376 2123 enim
420 2084 489 2122 ex
527 2068 636 2122 hac
678 2066 1084 2121 enuntiatione
1118 2064 1431 2137 colligitur,
1457 2066 1610 2135 quod
1639 2082 1727 2120 res
1753 2081 1880 2137 quas

215 2175 332 2213 non
348 2157 425 2213 sit
446 2157 685 2227 animal,
701 2157 779 2211 sit
798 2156 994 2212 homo.
1018 2156 1250 2212 Etenim
1280 2155 1387 2211 hoc
1411 2171 1541 2211 esse
1555 2154 1878 2226 hominem,

213 2247 373 2319 quod
410 2264 523 2301 non
555 2263 684 2302 esse
727 2262 842 2302 non
875 2245 1200 2301 hominem.
1224 2246 1299 2301 At
1319 2244 1368 2300 si
1392 2261 1528 2300 vera
1550 2244 1628 2301 sit
1647 2245 1878 2317 negatio

217 2335 593 2408 particularis
632 2352 701 2391 ex
745 2334 1115 2406 simplicibus
1140 2332 1408 2390 terminis
1432 2334 1661 2405 juncta,
1690 2342 1749 2388 ut
1790 2340 1880 2390 est

213 2426 459 2499 quidam
503 2425 653 2497 lapis
711 2423 929 2479 animal
966 2441 1080 2479 non
1114 2428 1223 2489 est,
1265 2440 1379 2479 non
1429 2422 1615 2478 deerit
1663 2423 1877 2480 veritas

213 2533 354 2572 cum
378 2515 764 2571 terminorum
800 2513 1170 2586 oppositione
1192 2529 1483 2568 converse
1511 2529 1643 2584 quae
1675 2529 1876 2585 propo-

213 2606 328 2674 nit,
361 2605 653 2676 quoddam
684 2621 799 2659 non
834 2602 1053 2658 animal
1089 2620 1204 2658 non
1237 2602 1495 2673 lapidem
1556 2619 1671 2657 non
1722 2617 1872 2658 esse.

217 2695 283 2751 Id
316 2696 479 2751 enim
517 2694 818 2750 conversio
848 2692 927 2746 ita
952 2692 1270 2763 signiﬁcat,
1303 2692 1458 2763 quod
1494 2708 1583 2746 res
1614 2692 1877 2762 quaedam

227 2800 357 2855 quae
389 2784 606 2839 animal
644 2798 756 2837 non
785 2784 865 2836 sit
896 2780 1046 2853 lapis
1088 2782 1188 2847 sit,
1220 2780 1329 2836 hoc
1386 2784 1475 2837 est
1529 2783 1685 2835 enim
1746 2796 1875 2836 esse

220 2873 481 2944 lapidem
515 2872 667 2943 quod
703 2888 817 2926 non
851 2887 980 2926 esse
1012 2887 1123 2924 non
1155 2869 1403 2941 lapidem
1426 2887 1446 2931 ;
1478 2870 1632 2941 quod
1666 2869 1716 2924 si
1748 2886 1874 2942 par-

212 2961 491 3018 ticularis
521 2960 770 3033 simplex
801 2960 1033 3032 negatio
1067 2975 1168 3030 per
1196 2959 1593 3030 appositiones
1625 2959 1870 3030 proprie

218 3049 591 3107 conversioni
624 3054 681 3104 et
710 3050 769 3104 in
800 3047 1062 3103 veritatis
1094 3051 1150 3103 et
1181 3048 1237 3101 in
1274 3047 1551 3104 falsitatis
1581 3048 1871 3120 signiﬁca-

1907 1753 1956 1819 B

2003 464 2116 520 alia
2147 463 2423 536 plurima.
2455 466 2511 521 Si
2544 467 2724 538 igitur
2754 469 2985 541 negatio
3019 468 3369 525 universalis
3402 486 3504 541 per
3546 487 3650 542 op-

2004 554 2358 623 positionem
2396 557 2640 628 propriae
2665 559 3029 612 conversioni
3060 559 3116 613 in
3144 558 3395 614 falsitate
3422 561 3651 631 quidem

2004 642 2295 708 convenit,
2322 661 2425 701 nec
2446 651 2641 701 tamen
2667 651 2721 701 in
2746 648 2989 701 veritate
3014 651 3326 713 consentit,
3353 657 3504 703 recte
3526 666 3650 718 pro-

2003 732 2315 787 nuntiatur
2346 735 2785 790 conversionem
2821 744 3161 806 perpetuam
3185 743 3358 807 atque
3390 737 3647 807 aequabi-

2001 820 2115 876 lem
2148 839 2263 877 non
2300 822 2531 878 habere.
2568 824 2780 879 Eadem
2812 842 3046 896 quoque
3078 826 3226 881 ratio
3258 833 3347 881 est
3377 827 3435 881 in
3487 827 3644 881 affir-

2000 912 2257 968 matione
2288 912 2539 984 simplici
2579 915 2942 985 particulari.
2997 916 3142 971 Nam
3191 918 3247 970 in
3272 917 3381 971 hoc
3415 934 3644 988 quoque

1996 1018 2148 1073 saepe
2178 1018 2339 1056 error
2367 1003 2841 1073 deprehenditur,
2877 1010 2941 1059 ut
2970 1011 3141 1059 certae
3176 1006 3640 1077 pr0positionum

1995 1091 2401 1146 conversiones
2436 1096 2733 1163 putentur,
2766 1094 2814 1148 si
2879 1094 3010 1164 quis
3062 1112 3175 1149 non
3236 1096 3306 1149 ad
3367 1095 3641 1149 falsitatis

1994 1196 2249 1252 quoque,
2282 1181 2381 1235 sed
2417 1183 2484 1235 ad
2514 1180 2699 1237 solam
2722 1184 3185 1240 convenientiam
3203 1184 3462 1239 veritatis
3489 1184 3642 1256 aspi-

1993 1269 2129 1324 ciat.
2164 1268 2307 1324 Nam
2336 1286 2470 1324 cum
2500 1271 2812 1326 afﬁrmatio
2837 1271 3084 1341 simplex
3103 1273 3476 1343 particularis
3506 1290 3640 1328 vera

1993 1358 2089 1425 sit,
2124 1364 2188 1413 ut
2216 1363 2306 1414 est
2336 1359 2575 1430 quidam
2601 1360 2775 1415 homo
2813 1361 3030 1415 animal
3064 1367 3172 1430 est,
3205 1362 3254 1417 si
3308 1362 3486 1432 hujus
3518 1368 3641 1417 ter-

1993 1447 2139 1502 mini
2170 1463 2304 1502 cum
2339 1448 2706 1519 oppositione
2732 1454 3165 1520 convertantur,
3198 1451 3411 1521 fiatque
3435 1466 3641 1521 pr0po-

1990 1536 2147 1603 sitio,
2176 1537 2473 1608 quoddam
2498 1554 2611 1592 non
2638 1538 2853 1593 animal
2882 1557 2992 1594 non
3020 1540 3193 1594 homo
3215 1545 3323 1607 est,
3349 1540 3639 1595 averitate

1990 1642 2104 1680 non
2125 1625 2441 1697 discrepat.
2479 1627 2624 1692 Quid
2646 1628 2801 1682 enim
2828 1627 2986 1683 aliud
3015 1629 3341 1684 enuntiatio
3384 1629 3497 1683 ista
3538 1630 3638 1683 de-

1989 1712 2185 1785 signat
2207 1731 2383 1786 quam
2408 1732 2536 1770 esse
2555 1732 2674 1771 rem
2693 1716 2947 1788 aliquam
2975 1734 3104 1789 qua}
3123 1734 3253 1771 cum
3277 1717 3495 1771 animal
3523 1734 3637 1773 non

1987 1802 2085 1869 sit,
2114 1819 2183 1858 ne
2211 1803 2385 1858 homo
2411 1804 2645 1876 quidem
2673 1805 2769 1871 sit,
2796 1810 2859 1860 ut
2892 1805 3041 1877 lapis
3078 1805 3255 1859 simul
3282 1810 3337 1860 et
3360 1805 3636 1861 animalis

1985 1896 2040 1947 et
2065 1892 2322 1948 hominis
2335 1899 2546 1948 natura
2564 1894 2813 1949 deficiat.
2830 1895 2936 1949 Sed
2956 1895 3047 1949 hic
3065 1896 3120 1949 in
3142 1896 3381 1949 veritate
3395 1911 3635 1950 consen-

1985 1997 2090 2036 sus
2111 1982 2183 2036 ad
2210 1981 2521 2037 falsitatem
2549 2000 2731 2054 usque
2752 2000 2865 2038 non
2890 1984 3097 2038 tendit.
3123 1984 3268 2047 Quid
3294 1983 3447 2038 enim
3488 1986 3534 2038 si
3556 1985 3634 2039 sit

1986 2068 2133 2125 falsa
2155 2070 2403 2142 simplex
2425 2072 2735 2127 afﬁrmatio
2760 2073 3154 2144 particularis,
3176 2077 3239 2126 ut
3259 2082 3364 2139 est,
3388 2074 3631 2144 quidam

1984 2161 2161 2219 homo
2186 2163 2336 2236 lapis
2358 2164 2493 2219 est?
2517 2181 2631 2220 non
2647 2165 2756 2219 erit
2777 2166 2902 2235 ejus
2922 2180 3023 2235 per
3036 2163 3460 2236 oppositionem
3488 2164 3633 2219 falsa

1983 2254 2307 2321 conversio,
2332 2255 2574 2326 quidam
2614 2270 2727 2308 non
2752 2254 2901 2325 lapis
2942 2269 3055 2308 non
3096 2253 3271 2308 homo
3292 2256 3428 2308 est?
3461 2253 3630 2325 Atqui

1984 2340 2104 2396 haec
2129 2342 2300 2397 ﬁrma
2322 2342 2563 2398 veritate
2584 2342 2876 2409 consistit,
2894 2343 2949 2397 id
2976 2342 3132 2397 enim
3158 2359 3226 2396 ex
3245 2342 3351 2397 hac
3375 2343 3632 2414 proposi-

1966 2430 2139 2495 tione
2172 2431 2618 2505 daturintelligi
2642 2433 2796 2504 quod
2818 2433 2894 2488 sit
2926 2432 3165 2503 quidam
3191 2433 3346 2504 quod
3386 2449 3521 2487 cum
3547 2433 3629 2487 la-

1980 2520 2071 2592 pis
2093 2537 2208 2575 non
2234 2520 2330 2587 sit,
2355 2537 2427 2575 ne
2449 2521 2624 2577 homo
2643 2522 2879 2593 quidem
2908 2523 3006 2587 sit,
3034 2527 3094 2577 ut
3116 2539 3304 2594 equus
3330 2527 3506 2593 atque
3530 2540 3627 2577 ar-

1980 2609 2105 2674 bor,
2130 2626 2255 2680 quas
2283 2626 2473 2681 neque
2492 2610 2771 2677 hominis,
2794 2628 2982 2681 neque
3020 2610 3237 2682 lapidis
3272 2611 3626 2665 difﬁnitione

1977 2698 2356 2753 clauduntur.
2375 2699 2537 2762 Quod
2553 2702 2600 2754 si
2618 2700 2987 2770 particularis
3017 2700 3353 2769 affirmatio,
3370 2702 3505 2754 dum
3525 2717 3624 2770 per

1977 2787 2408 2859 oppositionem
2443 2789 2821 2854 convertitur,
2848 2789 2903 2842 in
2928 2790 3172 2843 veritate
3203 2790 3438 2860 quidem
3468 2795 3621 2845 tenet

1976 2892 2175 2931 secum
2193 2875 2383 2947 ipsam
2402 2878 2799 2948 concordiam,
2815 2876 2872 2930 in
2890 2877 3143 2932 falsitate
3166 2886 3360 2931 autem
3382 2877 3619 2933 sibimet

1973 2964 2103 3036 ipsa
2120 2965 2414 3033 dissentit,
2436 2972 2657 3021 rectum
2682 2972 2767 3021 est
2790 2965 3171 3038 pronuntiare
3202 2967 3357 3037 quod
3382 2967 3617 3022 termini

1974 3054 2285 3125 negatione
2302 3055 2615 3126 conjuncta
2627 3055 3061 3110 conversionem
3080 3055 3307 3108 firmam
3330 3055 3624 3111 stabilem-

214 3142 381 3196 tione
437 3138 774 3205 concordat,
832 3154 946 3193 non
1002 3140 1089 3193 est
1139 3136 1386 3191 dubium
1446 3137 1862 3209 particularem
1894 3116 1939 3184 (ἶ
1977 3158 2092 3213 que
2114 3159 2228 3197 non
2251 3146 2508 3198 teneant.
2532 3144 2721 3209 Quare
2739 3160 2868 3197 cum
2894 3144 2952 3197 in
2976 3143 3365 3214 simplicibus,
3392 3162 3455 3199 ac
3479 3162 3625 3215 prae-

208 3228 546 3300 simplicem
582 3226 952 3299 negationem
980 3231 1138 3281 certo
1170 3225 1279 3281 sibi
1329 3242 1394 3281 ac
1444 3226 1640 3282 stabili
1688 3228 1863 3283 modo

207 3336 315 3392 per
341 3316 773 3390 oppositionem
831 3316 1215 3370 terminorum
1268 3331 1438 3385 posse
1487 3316 1765 3372 converti.
1798 3317 1862 3374 In

209 3409 527 3481 negatione
556 3422 688 3460 vero
722 3404 1040 3460 universali
1076 3421 1189 3459 non
1221 3410 1311 3459 est
1342 3410 1622 3477 perpetua
1673 3424 1862 3479 neque

205 3500 327 3554 ﬁda
356 3496 683 3553 conversio.
717 3496 879 3559 Quod
917 3495 1154 3566 quidem
1182 3493 1381 3550 fallere
1400 3496 1632 3567 poterit,
1658 3497 1703 3551 si
1727 3498 1861 3569 quis

206 3589 281 3644 ad
316 3586 503 3643 solam
537 3585 817 3657 respiciat
866 3583 1330 3640 convenientiam
1381 3582 1676 3639 falsitatis.
1714 3585 1858 3641 Nam

203 3693 343 3732 cum
380 3676 453 3731 sit
488 3673 636 3729 falsa
660 3672 911 3743 simplex
941 3672 1289 3727 universalis
1322 3674 1551 3744 negatio
1575 3689 1703 3743 qua-
1729 3691 1861 3745 pro.

200 3765 373 3839 ponit
407 3763 633 3819 nullum
670 3761 970 3817 hominem
1004 3777 1133 3816 esse
1164 3761 1404 3826 animal,
1441 3760 1583 3816 falsa
1613 3767 1701 3817 est
1732 3780 1860 3835 qum

198 3856 249 3910 ei
290 3871 393 3927 per
412 3851 839 3925 oppositionem
866 3850 1248 3915 convertitur,
1273 3854 1458 3916 utest,
1486 3850 1715 3907 nullum
1743 3870 1856 3908 non

199 3943 429 4000 animal
455 3959 568 3997 non
594 3941 769 3996 homo
796 3943 904 3996 est.
933 3938 993 3993 Id
1027 3940 1181 3993 enim
1218 3954 1287 3993 ex
1312 3938 1431 3994 haec
1462 3941 1857 4012 propositione

201 4037 591 4101 monstratur,
628 4030 907 4103 quoniam
941 4044 1114 4083 omne
1144 4028 1297 4099 quod
1333 4028 1552 4084 animal
1587 4046 1701 4084 non
1744 4035 1854 4098 est,

197 4124 260 4178 id
297 4124 472 4177 homo
503 4126 611 4184 est,
676 4118 974 4174 hominem
1034 4132 1165 4171 esse
1218 4114 1535 4187 signiﬁcat,
1564 4117 1853 4190 quidquid

199 4208 428 4267 animal
457 4226 571 4264 non
604 4208 703 4273 sit,
734 4224 859 4278 qua
893 4207 1189 4278 proponit,
1209 4204 1442 4261 nullum
1460 4222 1591 4262 esse
1614 4224 1727 4263 non
1749 4208 1851 4263 ho-

196 4301 448 4367 minem,
482 4298 580 4369 qui
614 4296 833 4353 animal
857 4313 971 4351 non
988 4295 1210 4352 sit.Sed
1233 4294 1328 4350 hic
1351 4296 1408 4350 in
1433 4295 1686 4352 falsitate
1708 4313 1850 4352 con-

192 4406 415 4448 sensus
444 4389 515 4444 ad
546 4388 854 4443 veritatem
891 4402 1080 4457 usque
1103 4401 1214 4441 non
1247 4386 1528 4458 pervenit.
1551 4388 1670 4459 Age
1690 4388 1849 4444 enim

1974 3234 2065 3287 ter
2094 3231 2523 3303 oppositionem
2558 3232 3060 3297 conversionibus,
3096 3233 3447 3289 universalis
3496 3235 3622 3304 qui-

1976 3320 2111 3375 dem
2135 3322 2369 3393 negatio
2392 3321 2877 3393 particularisque
2901 3323 3216 3378 affirmatio
3250 3328 3537 3395 perpetua
3560 3325 3631 3379 ﬁ-

1974 3409 2563 3480 daqueterminorum
2584 3412 3013 3482 permutatione
3029 3412 3621 3474 vertantur,afﬁrma-

1973 3499 2154 3554 matio
2181 3516 2313 3554 vero
2345 3500 2693 3555 universalis
2727 3500 3216 3573 particularisque
3250 3502 3480 3573 negatio
3510 3502 3615 3557 mi-

1971 3586 2152 3651 nime,
2184 3590 2326 3643 dum
2362 3606 2463 3661 per
2492 3591 2877 3645 terminorum
2909 3590 3334 3662 oppositionem
3368 3590 3618 3661 simplex

1968 3677 2290 3748 propositio
2318 3677 2431 3733 sibi
2463 3678 2589 3748 ipsa
2633 3680 3010 3748 convertitur,
3045 3680 3263 3745 omnia,
3299 3684 3365 3733 ut
3392 3680 3615 3734 dictum

1967 3769 2078 3832 est,
2112 3766 2360 3822 adversa
2392 3766 2613 3822 ratione
2657 3768 3026 3839 contingunt,
3064 3768 3416 3823 universalia
3447 3786 3614 3823 nam-

1965 3870 2079 3924 que
2102 3854 2415 3911 afﬁrmatio
2430 3862 2484 3910 et
2499 3856 2870 3927 particularis
2891 3857 3119 3929 negatio
3136 3858 3364 3912 firmam
3383 3864 3615 3929 negata-

1964 3959 2094 3997 rum
2122 3944 2375 4014 partium
2397 3945 2643 3999 retinent
2666 3947 3125 4002 conversionem.
3146 3947 3494 4003 Universalis
3517 3964 3614 4001 au-

1961 4035 2081 4086 tem
2118 4034 2345 4103 negatio
2371 4034 2428 4088 in
2452 4034 2707 4090 falsitate
2725 4036 2957 4104 quidem
2988 4041 3140 4090 recte
3173 4035 3286 4091 sibi
3318 4036 3449 4107 ipsa
3472 4054 3611 4091 con-

1961 4121 2226 4176 vertitur.
2262 4123 2325 4177 In
2357 4122 2597 4178 veritate
2625 4127 2816 4178 autem
2844 4123 2953 4177 sibi
2981 4124 3107 4193 ipsa
3128 4124 3443 4179 discordat.
3470 4125 3610 4179 Por-

1958 4209 2230 4265 ticularis
2261 4216 2453 4267 autem
2495 4211 2886 4267 affirmatioin
2934 4212 3172 4267 veritate
3203 4213 3440 4283 quidem
3494 4214 3606 4268 sibi

1957 4300 2244 4367 convenit,
2294 4301 2394 4356 sed
2436 4301 2491 4355 in
2555 4300 2807 4356 falsitate
2838 4300 3127 4357 dissentit.
3160 4301 3380 4356 Similis
3411 4307 3602 4357 autem

1955 4388 2373 4460 contemplatio
2404 4395 2492 4445 est
2522 4389 2581 4444 in
2615 4389 2708 4444 his
2741 4406 2889 4460 quea,
2924 4406 3202 4445 converso
3233 4391 3437 4445 ordine
3476 4396 3600 4446 ter-

189 4481 273 4537 sit
303 4495 439 4535 vera
469 4476 719 4549 simplex
750 4475 1101 4531 universalis
1134 4476 1394 4547 negatio,
1428 4475 1628 4533 nullus
1671 4477 1846 4532 homo
1877 4491 1926 4556 Β
1959 4478 2281 4543 minorum,
2304 4479 2615 4549 pradicato
2638 4482 2867 4533 tantum
2892 4479 2978 4533 vel
3002 4480 3265 4550 subjecto
3289 4479 3401 4534 sibi
3424 4496 3601 4552 copu-

186 4569 347 4642 lapis
370 4575 480 4634 est,
502 4583 617 4622 non
640 4582 776 4623 vera
807 4569 996 4637 potest
1012 4580 1163 4633 esse,
1190 4563 1388 4620 nullus
1415 4582 1531 4621 non
1555 4564 1707 4638 lapis
1731 4584 1845 4623 non

186 4659 355 4715 homo
372 4656 551 4712 est.ld
570 4670 821 4726 namque
837 4653 1232 4725 designatista
1243 4654 1850 4727 conversio,quoniam

186 4746 485 4820 quidquid
520 4744 670 4817 lapis
704 4761 819 4799 non
853 4743 1047 4809 fuerit,
1081 4743 1135 4798 id
1171 4743 1342 4798 homo
1374 4749 1500 4811 est;
1540 4744 1836 4803 hominem

184 4852 448 4909 namque
478 4850 605 4890 esse
638 4832 910 4905 designat
944 4833 1098 4903 quod
1135 4830 1286 4904 lapis
1320 4850 1432 4888 non
1469 4833 1681 4905 sit,qui
1708 4852 1838 4905 pro-

186 4927 427 4983 nuntiat
458 4924 682 4979 nullum
715 4939 845 4978 esse
876 4938 988 4977 non
1023 4919 1323 4977 hominem
1356 4925 1511 4994 quod
1544 4922 1693 4994 lapis
1721 4940 1836 4979 non

180 5022 293 5087 est,
314 5015 474 5089 quod
491 5013 864 5087 apertissime
880 5011 1091 5067 falsum
1107 5016 1196 5066 est
1216 5029 1228 5078 ;
1247 5013 1514 5083 quamvis
1529 5013 1683 5068 enim
1698 5012 1839 5068 mul-

175 5112 237 5164 ta
260 5106 561 5179 proferam
586 5118 862 5175 quaecum
882 5100 1107 5173 lapides
1135 5117 1246 5156 non
1270 5100 1408 5172 sint,
1424 5106 1618 5158 tamen
1644 5103 1714 5158 ab
1728 5102 1833 5159 ho-

846 5206 1179 5277 Simplices.

395 5316 605 5373 Omnis
635 5314 810 5370 homo
834 5313 1057 5368 animal
1088 5318 1197 5380 est,

391 5404 605 5462 Nullus
638 5404 814 5459 homo
848 5401 1069 5457 animal
1100 5406 1210 5458 est.

390 5494 646 5559 Quidam
678 5492 856 5547 homo
890 5489 1107 5546 animal
1140 5494 1250 5545 est.

388 5582 638 5649 Quidam
668 5581 846 5638 homo
878 5578 1099 5636 animal
1132 5595 1249 5636 non
1280 5585 1393 5637 est.

1960 4565 2085 4622 lant
2108 4566 2479 4638 negationem
2507 4566 2598 4621 :in
2623 4566 2857 4637 quibus,
2883 4572 2949 4621 ut
2967 4568 3021 4621 in
3046 4568 3598 4640 superioribusquo-

1958 4672 2070 4727 que
2104 4655 2369 4727 fecimus,
2396 4655 2859 4727 pr0positionum
2887 4660 3114 4711 tantum
3148 4657 3408 4711 ordinem
3463 4658 3596 4713 des-

1955 4744 2273 4812 cribemus,
2309 4750 2363 4799 et
2390 4745 2531 4817 quid
2567 4745 2796 4800 eveniat
2834 4745 2943 4799 sub
2987 4745 3264 4801 brevitate
3307 4752 3593 4803 monstra-

1951 4832 2565 4905 bimus,perquirenda
2584 4840 2755 4905 atque
2769 4834 3155 4890 examinanda
3168 4835 3401 4907 singula
3416 4837 3591 4894 lecto-

1949 4923 2027 4978 ris
2061 4923 2377 4995 diligentia;
2417 4923 2912 4995 derelinquentes.
2938 4925 3253 4996 Descriptis
3283 4942 3419 4997 ergo
3451 4929 3589 4983 sim-

1946 5011 2199 5083 plicibus
2221 5028 2289 5067 ex
2310 5014 2378 5067 ad
2391 5029 2553 5068 versa
2568 5018 2751 5084 parte,
2768 5030 2914 5084 quae,
2930 5030 3208 5069 converso
3222 5015 3422 5071 ordine
3441 5034 3582 5087 pra:-

1942 5100 2194 5156 dicatum
2234 5118 2368 5157 cum
2410 5101 2717 5174 negatione
2756 5104 3159 5174 pronuntiant,
3194 5105 3586 5160 conferantur.

2280 5210 2579 5264 Conversis
2602 5210 2672 5264 de
2692 5209 3001 5280 praedicato
3026 5210 3252 5267 inﬁnito

2155 5316 2341 5371 Omne
2372 5316 2593 5371 animal
2626 5333 2739 5371 non
2768 5316 2942 5371 homo
2973 5323 3081 5373 est.

2150 5403 2390 5461 Nullum
2416 5405 2637 5460 animal
2672 5422 2787 5460 non
2822 5406 2989 5461 homo
3018 5413 3128 5462 est.

2148 5493 2450 5556 Quoddam
2485 5494 2703 5550 animal
2737 5511 2851 5549 non
2883 5494 3058 5550 homo
3089 5500 3196 5551 est.

2124 5582 2449 5648 Quoddam
2481 5583 2703 5639 animal
2736 5599 2853 5639 non
2884 5583 3058 5641 homo
3092 5602 3205 5641 non
3237 5589 3346 5640 est.
