4070 6170
457 269 555 322 791
1734 268 1851 319 AN.
1894 264 2114 318 MANL.

2241 265 2314 316 1V.
2356 266 2595 319 ΒΟΕΤΙΙ
3689 268 3767 319 793

675 393 880 450 Omnis
908 393 1082 449 homo
1107 395 1309 464 justus
1341 398 1450 448 est.
2133 391 2185 453 Α
2427 389 2634 444 Omnis
2659 391 2861 461 justus
2893 407 3007 445 non
3042 389 3213 444 homo
3247 393 3354 443 est.

674 482 884 537 Nullus
918 483 1091 538 homo
1115 484 1317 552 justus
1349 487 1457 538 est.
2431 480 2861 550 Nullusjustus
2896 497 3008 533 non
3045 479 3214 534 homo
3247 483 3356 532 est.

678 573 928 636 Quidam
963 572 1134 627 homo
1160 573 1363 643 justus
1395 577 1504 628 est.
2431 570 2678 633 Quidam
2705 571 2904 638 justus
2939 586 3053 623 non
3088 569 3256 623 homo
3283 572 3389 622 est.

679 662 927 725 Quidam
961 660 1134 716 homo
1158 663 1360 732 justus
1393 679 1509 716 non
1542 668 1651 717 est.
2433 658 2676 721 Quidam
2703 659 2907 728 justus
2943 675 3054 712 non
3093 658 3262 712 homo
3297 672 3408 711 non
3441 659 3538 710 est.

681 785 886 841 Omnis
914 786 1085 840 homo
1119 786 1541 858 grammaticus
1575 793 1682 842 est.
2435 786 2638 840 Omnis
2660 786 3081 857 grammaticus
3114 801 3227 839 non
3259 785 3432 839 homo
3461 789 3562 838 est.

677 873 886 928 Nullus
921 875 1095 929 homo
1127 878 1551 947 grammaticus
1587 885 1694 931 est.
2438 875 2649 929 Nullus
2672 876 3093 945 grammaticus
3128 890 3239 927 non
3273 873 3445 927 homo
3468 876 3563 926 est.

678 963 924 1029 Quidam
960 964 1132 1018 homo
1165 965 1589 1034 grammaticus
1617 970 1726 1020 est.
2438 965 2685 1028 Quidam
2718 965 3138 1034 grammaticus
3174 979 3284 1016 non
3320 962 3487 1015 homo
3516 969 3609 1016 est.

679 1053 926 1117 Quidam
958 1053 1132 1107 homo
1165 1055 1587 1122 grammaticus
1621 1070 1736 1109 non
1770 1059 1878 1109 est.
2436 1053 2687 1118 Quidam
2720 1053 3142 1124 grammaticus
3166 1068 3277 1106 non
3313 1049 3479 1105 homo
3510 1066 3612 1104 non
3637 1054 3724 1104 est.

682 1177 886 1232 Omnis
919 1178 1092 1234 homo
1123 1178 1274 1249 lapis
1308 1185 1416 1234 est.
2442 1178 2646 1234 Omnis
2677 1178 2824 1248 lapis
2855 1195 2969 1233 non
3007 1179 3178 1233 homo
3211 1182 3319 1231 est.

682 1266 894 1321 Nullus
918 1267 1086 1322 homo
1120 1267 1264 1338 lapis
1296 1272 1404 1324 est.
2441 1267 2644 1321 Nullus
2676 1267 2824 1337 lapis
2856 1284 2968 1320 non
3005 1267 3178 1321 homo
3211 1271 3320 1320 est.

686 1355 931 1421 Quidam
970 1357 1140 1411 homo
1173 1357 1321 1428 lapis
1353 1362 1459 1412 est.
2439 1356 2684 1421 Quidam
2719 1356 2866 1427 lapis
2899 1372 3011 1409 non
3045 1355 3220 1410 homo
3254 1359 3365 1408 est.

691 1445 939 1508 Quidam
973 1445 1146 1500 homo
1189 1445 1334 1516 lapis
1368 1463 1482 1500 non
1515 1450 1622 1500 est.
2439 1445 2685 1512 Quidam
2719 1444 2867 1515 lapis
2900 1461 3013 1499 non
3046 1444 3254 1498 homos
3287 1459 3406 1497 non
3438 1445 3542 1495 est.

691 1569 894 1624 Omnis
927 1569 1098 1624 homo
1133 1569 1376 1625 risibilis
1407 1575 1515 1624 est.
2440 1571 2624 1626 Omne
2647 1570 2867 1625 risibile
2899 1587 3013 1624 non
3050 1570 3225 1623 homo
3257 1577 3368 1623 est.

690 1658 898 1713 Nullus
931 1659 1103 1713 homo
1137 1658 1399 1713 risibillis
1430 1663 1539 1713 est.
2441 1659 2679 1714 Nullum
2714 1659 2914 1714 risible
2946 1675 3059 1714 non
3093 1658 3266 1712 homo
3299 1661 3403 1712 est.

691 1747 940 1812 Quidam
973 1746 1147 1800 homo
1181 1746 1425 1801 risibilis
1455 1751 1563 1801 est.
2152 1757 2199 1822 Β
2442 1749 2741 1811 Quoddam
2776 1748 2997 1802 risibile
3031 1765 3141 1802 non
3177 1747 3351 1802 homo
3382 1750 3488 1801 est.

689 1836 932 1898 Quidam
965 1835 1140 1892 homo
1172 1835 1415 1890 risibilis
1449 1853 1562 1891 non
1593 1841 1702 1891 est.

474 1969 689 2025 Harum
728 1970 906 2041 igitur
937 1971 993 2024 in
1041 1970 1535 2025 afﬁrmationibus
1593 1970 1828 2040 quidem
1891 1969 2124 2024 univer-

475 2060 702 2114 salibus
734 2060 782 2113 si
809 2076 875 2114 ea
897 2061 968 2114 de
991 2060 1255 2130 subjecto
1286 2059 1675 2129 praedicentur
1697 2075 1823 2128 qua:
1845 2063 1900 2112 et
1923 2059 2127 2112 adesse

477 2153 535 2202 et
567 2151 764 2203 abesse
795 2149 1156 2216 contingant,
1193 2149 1313 2202 sive
1341 2147 1482 2201 illud
1518 2148 1784 2216 subjecto
1819 2148 2010 2217 majus
2028 2147 2122 2215 sit,

483 2237 799 2306 utjustitia
833 2237 1087 2303 homine,
1113 2236 1230 2291 sive
1257 2236 1471 2301 minus,
1500 2243 1562 2289 ut
1584 2236 2001 2305 grammaticus
2026 2235 2127 2289 ho-

487 2328 665 2390 mine,
701 2325 785 2380 vel
820 2325 954 2379 sica
977 2343 1105 2396 quae
1128 2325 1368 2380 omnino
1393 2326 1601 2378 adesse
1625 2341 1738 2378 non
1766 2330 2034 2393 possunt,
2066 2327 2130 2378 ut

486 2415 637 2485 lapis
658 2415 902 2483 homini,
929 2415 1103 2468 simul
1137 2431 1368 2484 semper
1395 2413 1570 2468 falsas
1605 2430 1732 2467 esse
1766 2429 2001 2468 necesse
2017 2418 2127 2467 est.

491 2505 549 2559 Si
585 2504 723 2575 quid
756 2521 886 2558 vero
920 2510 1122 2574 praater
1151 2503 1274 2557 hmo
1307 2503 1478 2556 fuerit
1513 2503 1916 2573 praedicatum,
1952 2518 2130 2556 unam

491 2609 709 2657 veram,
743 2591 948 2646 falsam
982 2591 1223 2646 alteram
1283 2608 1410 2646 esse
1469 2592 1787 2660 proveniet,
1829 2607 2132 2660 nunquam

491 2698 624 2736 vero
641 2681 790 2751 ulriq
803 2698 870 2735 ue
885 2681 1094 2736 veritas
1116 2680 1552 2735 consonabitJn
1571 2680 1978 2752 negationibus
2000 2696 2132 2734 vero

492 2771 919 2826 universalibus
951 2770 1237 2841 siquidem
1272 2786 1339 2823 ea
1370 2771 1440 2824 de
1459 2770 1723 2840 subjecto
1749 2769 2137 2840 praedicantur

494 2877 620 2932 quae
655 2877 687 2913 a
719 2860 980 2931 subjecto
1015 2859 1246 2913 valeant
1277 2859 1595 2929 segregari,
1629 2857 1752 2912 sive
1784 2856 1882 2911 illa
1915 2858 2138 2926 majora

493 2951 632 3014 sint,
669 2954 730 3003 ut
756 2948 989 3018 justitia
1018 2947 1274 3014 homine,
1309 2947 1429 3001 sive
1463 2947 1688 3001 minora
1722 2946 2006 3000 uteodem
2033 2951 2136 2999 ho-

497 3039 654 3091 mine
687 3036 1131 3107 grammaticus,
1165 3035 1426 3103 utrisque
1447 3035 1634 3088 aderit
1658 3034 1804 3089 falsa
1825 3033 2135 3089 sententia.

2441 1837 2742 1900 Quoddam
2778 1837 3001 1893 risibile
3036 1855 3149 1891 non
3183 1837 3360 1891 homo
3396 1851 3505 1889 non
3540 1837 3636 1888 est.

2234 1991 2365 2028 cum
2392 1973 2648 2044 separari
2676 1973 3054 2043 possint,tum
3081 1971 3165 2026 vel
3191 1973 3418 2040 majora
3440 1968 3820 2036 sunt,utjustus

2232 2062 2489 2126 homine,
2525 2061 2609 2115 vel
2645 2061 2890 2126 minora,
2918 2067 2980 2114 ut
3003 2061 3427 2130 grammaticus
3450 2057 3683 2121 homine,
3705 2069 3821 2109 com-

2233 2153 2420 2206 munis
2434 2152 2525 2204 afli
2538 2151 2830 2205 rmationes
2845 2151 3117 2204 veritates
3131 2149 3247 2203 obti
3262 2147 3572 2204 nebit.Alia
3585 2162 3699 2199 vero
3712 2159 3827 2213 qua:-

2235 2240 2376 2294 libet
2396 2241 2726 2310 praedicatio
2753 2256 2924 2294 unam
2951 2256 3167 2304 veram,
3193 2238 3436 2292 alteram
3463 2252 3676 2305 semper
3697 2232 3827 2287 faciet

2236 2346 2362 2384 esse
2379 2330 2845 2396 mendacem,sed
2866 2345 3166 2399 nunquam
3183 2326 3576 2381 communiter
3591 2320 3825 2378 mentien-

2237 2424 2350 2472 tur.
2382 2420 2443 2473 ln
2482 2417 2887 2487 negationibus
2919 2434 3048 2471 vero
3074 2416 3531 2487 particularibus
3555 2414 3639 2468 hic
3664 2410 3831 2465 modus

2239 2517 2345 2571 est,
2378 2513 2442 2562 ut
2493 2511 2611 2560 sive
2669 2523 2736 2561 ca
2785 2523 2908 2577 quae
2943 2507 3149 2560 adesse
3182 2522 3298 2559 non
3336 2510 3597 2574 possunt,
3631 2507 3686 2555 ut
3712 2497 3827 2568 lapis

2240 2596 2483 2663 homini,
2532 2595 2650 2649 sive
2701 2612 2830 2664 quae
2879 2599 3126 2665 possunt
3157 2609 3220 2646 ac
3256 2597 3532 2662 poterunt
3562 2583 3828 2659 segregari,

2241 2701 2371 2740 cum
2408 2691 2598 2739 tamen
2650 2701 2850 2738 eorum
2873 2682 3028 2736 aliud
3068 2683 3259 2751 majus
3287 2682 3385 2742 sit,
3425 2677 3726 2750 utjustitia
3746 2673 3832 2726 ho-

2245 2777 2422 2840 mine,
2447 2774 2601 2828 aliud
2633 2774 2849 2836 minus,
2878 2779 2938 2825 ut
2957 2771 3382 2839 grammaticus
3408 2769 3653 2830 homine,
3674 2760 3836 2836 prmdi-

2245 2869 2470 2932 centur,
2502 2863 2715 2917 veritas
2760 2862 3023 2931 ulrisque
3071 2861 3387 2915 constabit.
3423 2855 3699 2927 Quidquid
3732 2865 3834 2905 vero

2247 2955 2466 3023 absque
2481 2952 2572 3005 hic
2595 2951 3336 3022 prendicabitur,veritatem
3357 2945 3646 3014 uni,alteri
3660 2940 3836 2996 dividet

2249 3040 2766 3107 falsitatem,simu|
2793 3045 2987 3094 tamen
3014 3038 3190 3093 falsas
3213 3054 3343 3092 esse
3369 3054 3482 3090 non
3507 3034 3702 3090 evenit.
3735 3032 3841 3084 ltem

501 3127 793 3196 Quidquid
811 3143 941 3180 vero
956 3127 1318 3197 reliquorum
1337 3125 1509 3179 fuerit
1525 3124 1900 3195 praedicatum
1929 3123 2027 3178 uni
2052 3139 2140 3177 ve-
2171 3116 2215 3184 C
2255 3131 2564 3198 descriptio
2585 3136 2948 3199 supponatur
2969 3144 3099 3197 qua}:
3132 3126 3320 3197 priore
3347 3132 3506 3195 parte
3526 3119 3846 3191 simplicibus

504 3232 660 3280 rum,
676 3214 839 3269 alteri
865 3215 1032 3269 faciet
1049 3216 1253 3269 adesse
1272 3214 1668 3268 mendacium.
1686 3217 1995 3283 Nunquam
2014 3227 2146 3266 vero

504 3304 564 3356 in
597 3303 690 3357 his
720 3319 962 3357 concors
994 3305 1205 3357 veritas
1235 3303 1550 3358 invenitur.
1587 3303 1649 3357 lu
1694 3302 2145 3373 particularibus

506 3407 640 3445 vero
663 3391 1155 3446 afﬁrmationibus
1179 3392 1470 3462 siquidem
1493 3408 1561 3446 ea
1583 3391 1992 3463 praedicantur,
2018 3406 2146 3461 qua

1164 3569 1488 3641 Simplices.

859 3725 1064 3780 Omnis
1095 3725 1269 3780 homo
1302 3724 1517 3779 animal
1550 3729 1659 3779 est.

849 3814 1058 3869 Nullus
1089 3814 1259 3868 homo
1289 3813 1506 3867 animal
1538 3817 1646 3868 est.

857 3903 1103 3966 Quidam
1137 3903 1308 3957 homo
1337 3901 1556 3957 animal
1589 3905 1696 3956 est.

860 3992 1109 4057 Quidam
1143 3992 1317 4046 homo
1353 3990 1569 4045 animal
1605 4006 1717 4045 non
1749 3994 1857 4044 est.

860 4116 1064 4172 Omnis
1095 4116 1271 4171 homo
1307 4115 1550 4171 risibilis
1581 4119 1688 4172 est.

859 4205 1067 4260 Nullus
1101 4204 1277 4259 homo
1311 4204 1553 4259 risibilis
1581 4208 1690 4259 est.

860 4294 1107 4357 Quidam
1144 4295 1316 4348 homo
1349 4292 1616 4349 risibilis.

859 4384 1107 4448 Quidam
1142 4382 1317 4438 homo
1351 4381 1596 4438 risibilis
1629 4399 1742 4437 non
1776 4386 1886 4437 est.

859 4506 1058 4560 Omnis
1091 4506 1265 4560 homo
1296 4505 1443 4575 lapis
1471 4509 1579 4560 est.

864 4595 1073 4650 Nullus
1105 4595 1280 4650 homo
1311 4595 1457 4664 lapis
1493 4601 1597 4648 est.

853 4684 1104 4749 Quidam
1139 4684 1310 4738 homo
1342 4683 1491 4751 lapis
1523 4688 1631 4736 est.

863 4773 1108 4837 Quidam
1145 4771 1316 4826 homo
1349 4769 1496 4840 lapis
1541 4787 1654 4824 non
1686 4774 1792 4825 est.

862 4897 1064 4953 Omnis
1096 4896 1270 4950 homo
1293 4896 1490 4966 justus
1522 4899 1630 4949 est.

861 4985 1070 5042 Nullus
1104 4986 1276 5041 homo
1303 4985 1505 5054 justus
1533 4987 1642 5037 est.

859 5075 1102 5141 Quidam
1137 5075 1310 5129 homo
1335 5075 1538 5144 justus
1563 5078 1670 5126 est.

861 5168 1107 5233 Quidam
1143 5167 1314 5220 homo
1338 5167 1539 5236 justus
1573 5181 1686 5219 non
1719 5168 1828 5219 est.

852 5293 1056 5348 Omnis
1089 5292 1263 5347 homo
1295 5292 1719 5362 grammaticus
1751 5294 1864 5346 est.

858 5383 1066 5438 Nullus
1097 5381 1269 5436 homo
1302 5382 1726 5452 grammaticus
1757 5386 1864 5436 est.

863 5471 1109 5534 Quidam
1143 5471 1315 5524 homo
1345 5471 1765 5541 grammaticus
1797 5475 1905 5526 est.

865 5559 1110 5626 Quidam
1146 5560 1320 5615 homo
1350 5560 1774 5631 grammaticus
1807 5576 1920 5616 non
1954 5565 2059 5618 est.

2258 3218 2570 3288 collocalis,
2599 3235 2694 3273 eas
2717 3235 2844 3288 quae
2867 3233 3144 3273 converso
3168 3217 3371 3270 ordine
3395 3214 3713 3284 subjectum
3745 3220 3846 3260 cum

2253 3309 2558 3380 negatione
2589 3313 2924 3379 proponunt
2954 3304 3246 3361 contraria
3276 3305 3470 3359 fronte
3502 3300 3808 3357 constituat.

2324 3561 2625 3616 Conversa
2655 3559 2726 3612 de
2757 3556 3021 3626 subjecto
3064 3554 3319 3610 infinito.

2254 3722 2434 3770 Omne
2467 3731 2581 3769 non
2613 3709 2830 3767 animal
2866 3710 3037 3764 homo
3071 3713 3179 3764 est.

2253 3807 2488 3862 Nullum
2525 3821 2637 3859 non
2665 3802 2880 3858 animal
2914 3801 3088 3855 homo
3117 3804 3225 3854 est.

2255 3895 2557 3959 Quoddam
2590 3909 2701 3947 non
2739 3889 2954 3946 aminal
2991 3890 3159 3943 homo
3193 3893 3302 3943 est.

2255 3982 2553 4046 Quoddam
2591 3997 2703 4034 non
2739 3977 2954 4032 animal
2991 3977 3162 4031 homo
3194 3993 3309 4030 non
3346 3980 3458 4031 est.

2255 4107 2438 4162 Omne
2471 4122 2585 4160 non
2619 4103 2840 4159 risibile
2872 4103 3043 4157 homo
3074 4108 3184 4156 est.

2255 4195 2488 4251 Nullum
2525 4211 2636 4248 non
2672 4191 2894 4246 risibile
2925 4191 3097 4246 homo
3131 4195 3237 4246 est.

2255 4285 2553 4350 Quoddam
2588 4299 2700 4337 non
2736 4281 2960 4336 risibile
2992 4281 3162 4334 homo
3187 4285 3294 4335 est.

2256 4373 2553 4440 Quoddam
2583 4387 2698 4425 non
2732 4367 2954 4423 risibile
2987 4368 3161 4422 homo
3197 4385 3308 4422 non
3339 4374 3450 4426 est.

2177 4485 2224 4549 D
2257 4498 2462 4554 Omnis
2491 4513 2603 4550 non
2635 4495 2784 4565 lapis
2820 4494 2993 4548 homo
3025 4497 3133 4548 est.

2259 4588 2468 4643 Nullus
2503 4603 2615 4639 non
2649 4585 2799 4654 lapis
2829 4584 3003 4638 homo
3035 4592 3145 4638 est.

2259 4680 2503 4743 Quidam
2541 4695 2653 4730 non
2687 4676 2836 4746 lapis
2869 4675 3041 4729 homo
3077 4680 3186 4730 est.

2258 4772 2504 4838 Quidam
2541 4786 2652 4823 non
2687 4767 2834 4838 lapis
2867 4767 3039 4821 homo
3074 4785 3188 4821 non
3222 4773 3329 4822 est.

2258 4899 2459 4956 Omnis
2494 4914 2603 4951 non
2630 4897 2830 4966 justus
2864 4895 3037 4949 homo
3069 4900 3178 4950 est.

2259 4987 2468 5044 Nullus
2501 5003 2614 5040 non
2643 4986 2839 5056 justus
2873 4985 3046 5039 homo
3080 4990 3190 5039 est.

2258 5077 2506 5140 Quidam
2536 5092 2648 5129 non
2672 5075 2871 5144 justus
2903 5073 3075 5127 homo
3107 5079 3216 5128 est.

2261 5167 2502 5233 Quidam
2539 5181 2652 5219 non
2678 5165 2876 5233 justus
2911 5162 3084 5216 homo
3115 5181 3225 5217 non
3261 5169 3370 5217 est.

2259 5293 2462 5349 Omnis
2495 5309 2609 5346 non
2643 5290 3063 5362 grammaticus
3095 5291 3269 5346 homo
3301 5296 3408 5346 est.

2261 5382 2470 5441 Nullus
2503 5398 2616 5436 non
2648 5379 3070 5452 grammaticus
3106 5380 3279 5436 homo
3313 5388 3419 5435 est.

2259 5472 2503 5536 Quidam
2540 5487 2655 5524 non
2687 5469 3109 5540 grammaticus
3139 5476 3248 5523 est.

2261 5561 2508 5631 Quidam
2543 5575 2657 5614 non
2690 5557 3115 5629 grammaticus
3147 5557 3318 5614 homo
3355 5574 3466 5614 non
3497 5561 3603 5613 est.
