4070 6170
260 319 371 371 793

1438 327 1533 377 DE
1573 322 2023 378 SYLLOGISMO
2059 317 2535 376 CATEGORICO.

3573 309 3677 362 79%

255 445 1170 520 Superiusigiturdescriptarum
1185 448 1643 506 enuntiationum
1659 448 1904 502 afﬁrma-
1935 449 1987 514 Α
2020 436 3679 518 praedicationesveritatempropositionibustalsitatemve

256 535 451 590 tiones
484 536 716 606 quidem
744 538 1270 602 universales,siea
1303 539 1372 593 de
1404 540 1668 608 subjecto
1696 538 1902 608 praedi-

257 630 468 678 centur
485 626 687 695 quaaab
704 642 768 679 eo
787 643 1089 698 nunquam
1109 627 1746 691 valeantamoveri,sive
1761 626 1903 679 illud

258 714 460 782 majus
492 714 592 779 sit,
621 721 684 769 ut
705 715 924 770 animal
945 717 1196 785 homine,
1214 734 1312 771 seu
1330 717 1574 788 aequale,
1598 721 1662 770 ut
1685 714 1905 770 risibile

257 803 510 870 homini,
544 819 645 858 seu
679 803 791 859 tale
822 806 975 875 quod
1007 807 1271 874 subjecto
1306 807 1466 860 nullo
1501 806 1671 860 modo
1723 804 1907 873 possit

253 890 581 961 obtingere,
618 896 679 945 ut
708 891 861 962 lapis
895 893 1140 963 homini,
1176 895 1276 949 uni
1335 895 1636 949 veritatem
1671 893 1903 963 dispar-

255 977 597 1044 tient,alteri
634 980 1062 1038 falsitatem.At
1093 985 1141 1038 si
1176 985 1328 1054 quod
1346 985 1568 1053 absque
1585 982 1676 1036 his
1693 981 1902 1052 praedi-

255 1067 514 1134 cabitur,
535 1070 1052 1140 utrasquefalsitas
1068 1072 1373 1142 obtinebit,
1391 1071 1686 1126 communi
1709 1076 1904 1125 autem

256 1159 731 1229 propositionum
757 1162 989 1217 veritati
1023 1161 1185 1218 locus
1217 1180 1344 1219 esse
1377 1180 1487 1219 non
1509 1163 1738 1234 poterit.
1757 1161 1904 1216 Atin

257 1247 674 1317 negationibus
707 1250 945 1320 quidem
981 1251 1334 1308 universalia
1359 1259 1414 1308 et
1449 1254 1666 1321 majora
1697 1250 1905 1321 praedi-

256 1342 491 1402 centur,
522 1354 625 1392 seu
655 1355 860 1410 eaquae
883 1340 1212 1412 relinquere
1243 1343 1570 1411 subjectum
1589 1345 1902 1411 nequeant,

258 1425 1158 1501 utanimalbominem,seuquae
1193 1431 1438 1500 possint,
1472 1428 1906 1500 utjustitiaho-

260 1515 508 1583 minem,
544 1518 809 1588 utrisque
842 1519 1064 1575 falsitas
1094 1520 1419 1576 inheeredit.
1454 1519 1591 1574 Alia
1635 1519 1908 1589 quaelibet

264 1605 724 1675 praedicamenta
738 1624 912 1663 unam
935 1625 1126 1663 veram
1165 1609 1658 1679 faciunt,alteram
1679 1607 1906 1676 falsam,

2010 537 2375 592 distribuunt
2401 533 2458 586 in
2495 548 2802 587 commune
2833 527 3656 601 participantibusfalsitatem.

2013 626 2402 681 Particulares
2417 640 2548 677 vero
2565 623 2925 692 negationes,
2946 619 3234 690 siquidem
3253 634 3321 671 ea
3347 618 3660 685 praedicent

2012 731 2139 786 quas
2159 715 2380 784 possint
2399 713 2711 780 asnbjecto
2735 711 3014 781 separari,
3036 710 3153 762 sive
3169 708 3314 761 illud
3354 707 3544 774 majus
3560 706 3656 772 sit,

2018 810 2079 858 ut
2101 802 2339 874 justitia
2366 802 2624 865 homine,
2657 817 2759 856 seu
2797 799 2992 854 minus
3016 798 3517 869 utgrammaticus
3551 794 3658 848 ho~

2016 892 2199 958 mine,
2233 908 2398 946 veras
2422 896 2701 960 utrasque
2725 906 2853 943 esse
2877 903 3112 941 necesse
3135 891 3240 940 est.
3267 883 3323 937 Si
3357 884 3493 954 quid
3524 897 3656 937 vero

2011 987 2172 1038 extra
2189 981 2624 1052 praedicabitur,
2642 978 2740 1032 uni
2760 981 2983 1048 oportet
3006 992 3230 1039 verum,
3251 973 3412 1028 alteri
3452 975 3653 1026 adesse

2013 1067 2671 1135 meudacium,utsimul
2694 1065 2846 1120 falsae
2864 1069 3156 1135 nequeant
3175 1062 3444 1116 inveniri.
3466 1066 3651 1130 Atque

2012 1159 2134 1213 haec
2166 1158 2399 1228 quidem
2432 1154 3121 1225 debispropositionibus
3153 1169 3279 1221 qua:
3299 1167 3430 1204 cum
3465 1149 3651 1202 deter—

2014 1248 2331 1303 minatione
2366 1248 2740 1318 proferuntur
2770 1246 2926 1299 dicta
2949 1248 3107 1299 sunt.
3141 1244 3276 1307 Quae
3329 1257 3461 1295 vero
3489 1240 3655 1292 inde-

2013 1340 2190 1393 ﬁnitze
2224 1343 2382 1403 sunt,
2417 1338 2695 1407 quoniam
2719 1333 3162 1406 particularium
3199 1329 3654 1403 preprietatibus

2015 1427 2627 1498 aquuantur,eadem
2647 1425 2838 1479 omnia
2851 1441 2975 1478 com
2988 1428 3196 1494 paratae
3218 1419 3650 1474 universalibus

2015 1518 2365 1572 obtinebunt
2394 1533 2521 1587 qua:
2557 1516 2613 1569 in
2649 1515 2950 1585 superiore
2981 1511 3372 1581 descriptione
3406 1510 3656 1580 particu-

2014 1607 2224 1662 larium
2247 1606 2708 1679 prOpositiouum
2735 1606 2874 1660 ordo
2894 1602 3164 1658 servavit.
3191 1602 3496 1655 Restarent
3518 1600 3653 1654 sub-

256 1692 345 1748 ita
378 1700 443 1748 ut
474 1697 806 1752 communis
823 1703 1082 1769 utraeque
1102 1699 1362 1753 veritatis
1395 1715 1507 1754 non
1538 1699 1908 1769 possintesse
2010 1689 3654 1789 jectorumsingulariumpropositionesde‘quibu.s,quo-

259 1782 599 1854 participes.
619 1784 762 1840 Atiu
780 1787 1746 1856 particularibusaffirmationibus
1777 1787 1906 1858 qui-
1937 1809 1984 1872 B
2019 1785 2169 1841 niam
2201 1790 2257 1841 et
2289 1786 2526 1856 longum
2560 1791 2648 1839 est
2679 1786 2889 1850 dicere,
2924 1787 2979 1837 et
3016 1780 3159 1835 nihil
3192 1780 3261 1834 ad
3295 1780 3486 1872 cperis
3519 1795 3652 1848 pro-

261 1872 724 1943 dem,siquidem
743 1876 1048 1945 majorade
1066 1878 1332 1947 subjecto
1356 1878 1900 1949 praedicentur,quaa
1937 1868 1977 1872 _
2015 1875 2187 1948 positi
2220 1875 2386 1931 affert
2417 1874 2753 1939 utilitatem,
2787 1883 2841 1928 et
2870 1872 2980 1928 sibi
3004 1872 3126 1968 ipse
3156 1868 3419 1968 exemplo
3450 1885 3649 1968 carum

233 1961 323 2015 vel
365 1978 672 2032 nunquam
705 1965 956 2033 subjecti
999 1967 1414 2036 conjunctione
1449 1967 1774 2031 discedant,
1836 1970 1898 2020 ut
2009 1982 2157 2036 quas
2178 1965 2446 2035 superius
2465 1965 2880 2035 proposuimus
2913 1963 3150 2018 easdem
3174 1959 3644 2025 lectorinvenlet,

235 2050 458 2105 animal
495 2052 1040 2122 homine,veletiam
1061 2061 1461 2127 segregentur,
1481 2055 1796 2124 utjustitia
1819 2056 1890 2111 ab
2005 2055 2478 2126 praetereundum
2511 2054 2758 2108 videtur.

235 2137 882 2211 homine,respondebit
901 2149 1148 2214 utraque
1163 2145 1501 2211 veritatem;
1527 2149 1740 2199 caetera:
1756 2161 1886 2200 vero

920 2358 1172 2462 AN.
1260 2357 1798 2465 lIIANL.
1881 2357 2267 2466 θεν.
2358 2356 2987 2463 ΒθΕΤΙΙ

633 2545 853 2671 DE
954 2548 2056 2678 SYLLOGISMO
2169 2546 3281 2676 CATEGORICO

1678 2746 1931 2819 LIBRI
2021 2746 2235 2819 DUO.

1490 2877 2436 3047 LIBER-FBIMUS.

311 3180 687 3236 MultaGraeci
709 3188 930 3238 veteres
947 3184 1402 3255 posterissuisin
1427 3187 1884 3244 consultissimis
1916 3191 1958 3257 C
1998 3187 2303 3244 subtiliore
2337 3190 2682 3257 pertractate
2719 3186 2940 3239 ratione
2974 3184 3401 3254 dijudicent.Et
3433 3186 3488 3238 hi
3516 3185 3651 3256 qui-

243 3269 532 3340 reliquere
564 3273 932 3338 tractatibus,
969 3274 1024 3327 in
1058 3275 1274 3344 quibus
1318 3276 1656 3347 priusquam
1692 3279 1762 3332 ad
1800 3295 1890 3333 res

243 3360 428 3413 densa
442 3358 758 3431 caligantes
771 3360 1122 3418 obscuritate
1141 3365 1427 3430 venirent,
1449 3367 1617 3436 quasi
1637 3369 1888 3437 quadam

246 3446 998 3518 intelligentiasluctatiome
1020 3451 1351 3520 praeludunt
1379 3454 1544 3510 :hinc
1577 3473 1678 3527 per
1707 3456 1890 3512 intro-

243 3535 560 3591 ductionen
592 3543 680 3592 est
710 3538 935 3594 facilior
967 3540 1402 3613 discibiliorque
1435 3545 1720 3612 doctrina,
1755 3547 1891 3601 hinc

247 3640 348 3696 per
374 3640 442 3678 ea
485 3642 610 3696 quae
642 3625 726 3680 illi
772 3624 1158 3701 προλεγόμενα
1189 3636 1418 3696 vocant,
1469 3649 1574 3688 nos
1618 3635 1893 3704 praedicta

247 3711 333 3766 vel
369 3713 731 3783 praedicenda
763 3732 1082 3786 possumus
1110 3719 1407 3784 dicere,ad
1443 3721 1890 3792 intelligentiam

249 3802 576 3873 promptior
606 3804 696 3858 via
726 3805 1010 3860 munitur.
1046 3806 1203 3862 Hanc
1243 3809 1422 3870 igitur
1463 3811 1888 3881 providentiam

249 3909 361 3946 non
395 3908 626 3962 exosus,
658 3896 837 3949 statui
896 3911 1000 3966 ego
1060 3913 1296 3968 quoque
1355 3899 1411 3952 in
1443 3917 1530 3954 res
1592 3902 1886 3956 obscuris-

244 3980 694 4053 simasaliquem
712 3985 1144 4055 quodammodo
1161 3994 1394 4058 pontem
1413 4006 1648 4059 ponere,
1667 3991 1890 4045 medio—

245 4069 420 4123 criter
434 4070 691 4141 quidque
705 4072 994 4138 delibans,
1013 4075 1090 4128 ita
1116 4076 1239 4130 utsi
1265 4077 1402 4147 quid
1421 4077 1887 4134 breviusdictum

243 4156 340 4223 sit,
377 4157 431 4211 id
467 4175 571 4213 nos
597 4159 1429 4235 dilationeadintelligentiam
1466 4166 1886 4238 porrigamus;

242 4244 290 4298 si
309 4246 446 4315 quid
465 4263 569 4300 suo
587 4264 746 4303 more
761 4249 1095 4305 Aristoteles
1123 4253 1428 4308 nominum
1457 4255 1888 4327 verborumque

245 4333 569 4390 mutatione
601 4337 873 4404 turbavit,
900 4355 1004 4393 nos
1035 4339 1433 4412 intelligentiae
1466 4344 1783 4398 servientes
1815 4346 1886 4398 ad

243 4428 586 4478 consuetum
605 4426 950 4481 vocabulum
979 4429 1364 4498 reducamus;
1401 4431 1448 4486 si
1484 4432 1621 4502 quid
1673 4449 1809 4487 vero
1827 4442 1887 4488 ut

2003 3278 2132 3332 dem
2173 3279 2276 3331 sic.
2313 3281 2422 3330 Nos
2471 3275 2642 3340 enim,
2705 3280 2769 3328 ut
2827 3274 3098 3338 arbitror,
3152 3273 3491 3327 suﬂ'ecimus
3550 3291 3648 3328 eos

2003 3365 2476 3430 commentarios,
2521 3365 2591 3418 de
2657 3363 2870 3432 quibus
2921 3362 3041 3415 haec
3107 3378 3212 3415 nos
3259 3362 3644 3430 protulimus,

2005 3455 2318 3526 degustent
2345 3452 2560 3507 blando
2593 3452 2840 3506 fortasse
2871 3466 3082 3520 sapore
3114 3449 3465 3504 subtilitatis
3497 3450 3650 3504 elici-

2010 3547 2073 3613 ti,
2103 3546 2370 3617 quamvis
2406 3545 2653 3599 infrenis
2681 3549 2736 3599 et
2767 3543 3032 3597 indomiti
3073 3547 3358 3597 creatures
3387 3542 3525 3610 sint,
3559 3548 3647 3596 ta-

2003 3653 2134 3692 men
2161 3642 2418 3690 veterum
2442 3635 2699 3688 virorum
2736 3631 3297 3702 inexpugnabilibus
3332 3632 3648 3686 auctorita-

2009 3727 2165 3781 tibus
2197 3725 2572 3796 acquiescent
2607 3725 2650 3790 ;"
2685 3723 2733 3777 si
2775 3724 2907 3793 quis
2928 3738 3058 3775 vero
3102 3726 3304 3773 (Ξῖ-εδοξε
3364 3720 3645 3775 orationis

2003 3830 2208 3884 expers
2239 3818 2346 3881 est,
2380 3812 2438 3866 in
2474 3812 2586 3878 his,
2615 3810 2700 3866 vel
2735 3810 2783 3864 si
2817 3826 2924 3876 qua
2975 3808 3221 3864 aliorum
3276 3813 3415 3862 sunt
3478 3810 3644 3863 simi-

2000 3903 2434 3971 lia,rlesudabit.
2465 3902 2804 3973 Itaque.th
2829 3901 3007 3969 hujus
3046 3900 3300 3970 prommii
3322 3900 3408 3954 lex
3429 3901 3554 3964 erit,
3582 3905 3646 3955 ut

2003 3994 2191 4047 forum
2218 3999 2481 4047 nostrum
2520 4009 2691 4046 nemo
2726 4007 2837 4045 non
2885 3990 3309 4051 intellecturus,
3366 3995 3422 4043 et
3476 3991 3548 4045 ob
3584 3991 3639 4044 id

2001 4082 2349 4152 culpaturus
2384 4081 2680 4151 inspiciat.
2703 4081 2810 4133 Sed
2832 4095 2898 4132 ne
2916 4080 3212 4148 prooemiis
3229 4079 3373 4132 nihil
3397 4080 3640 4133 afferen-

2001 4171 2159 4225 tihus
2194 4177 2429 4240 tempus
2465 4176 2709 4233 teratur,
2750 4166 3147 4223 inchoandum
3183 4170 3351 4223 nobis
3399 4173 3488 4221 est
3545 4166 3642 4221 illo

2002 4261 2165 4331 prius
2198 4259 2442 4330 depulso
2476 4258 2756 4330 periculo,
2791 4273 2860 4310 ne.
2886 4274 2918 4309 a
2951 4274 3246 4328 quoquam
3282 4256 3496 4313 sterilis
3515 4254 3641 4309 cul-

2003 4353 2172 4421 petur
2204 4348 2408 4404 oratio.
2445 4349 2566 4403 Non
2605 4347 2760 4401 enim
2796 4344 3642 4417 eloquentiaacompositionre,

1999 4439 2097 4494 sed
2134 4437 2436 4508 planitiem
2474 4442 3051 4504 consectamurzqua
3084 4436 3141 4490 in
3174 4437 3296 4491 resi
3327 4436 3434 4489 hoc
3461 4434 3643 4487 elﬁci-

243 4510 311 4563 ad
347 4511 1070 4571 doctosscribenssumma
1104 4523 1601 4591 tantumtangens
1620 4521 1886 4592 designa.
1924 4548 1964 4609 υ
2001 4526 3392 4598 mus,quamlibetincompteloquentes,intentio
3409 4538 3640 4593 quoque

244 4599 404 4653 tione
438 4604 802 4666 monstravit,
821 4604 993 4659 nosid
1021 4606 1472 4663 introductionis
1497 4611 1668 4666 modo
1685 4611 1882 4681 aliqua

237 4687 297 4741 in
328 4705 421 4742 eas
457 4705 546 4744 res
578 4691 922 4747 tractatione
963 4694 1251 4764 disposita
1279 4698 1712 4768 perquiramus.
1768 4701 1877 4756 Sed

238 4775 286 4828 si
318 4777 419 4846 qui
451 4778 520 4831 ad
556 4778 662 4833 hoc
693 4796 841 4850 opus
894 4779 1207 4853 legendum
1241 4801 1306 4839 ac
1339 4787 1644 4851 cesserint,
1677 4788 1748 4841 ab
1787 4789 1882 4843 his

246 4866 493 4936 petitum
543 4869 619 4922 sit
678 4884 747 4923 ne
779 4869 832 4922 in
886 4869 978 4925 his
1036 4888 1162 4942 quae
1225 4890 1527 4943 nunquam
1581 4877 1887 4948 attigerint

239 4955 435 5009 statim
451 4956 704 5012 audeant
728 4958 1022 5028 judicare;
1054 4977 1191 5017 neve
1217 4962 1263 5016 si
1289 4963 1428 5034 quid
1464 4965 1520 5018 in
1555 4966 1880 5035 puerilibus

239 5044 568 5116 disciplinis
613 5049 964 5118 acceperint,
1005 5050 1060 5104 id
1095 5059 1529 5109 sacrosanctum
1584 5056 1874 5125 judicent,

238 5135 471 5202 quando
503 5136 738 5205 quidem
769 5153 858 5191 res
890 5140 1106 5194 teneris
1129 5141 1373 5196 auribus
1405 5147 1879 5201 accommodatas

235 5239 386 5293 saepe
447 5224 823 5295 philosophiae
857 5229 1112 5284 severior
1160 5234 1444 5286 tractatus
1498 5233 1787 5290 eliminat.
1821 5236 1877 5290 Si

235 5313 376 5381 quid
409 5328 540 5367 vero
573 5314 629 5367 in
656 5314 744 5368 his
776 5332 888 5370 non
947 5318 1264 5386 videbitur,
1301 5337 1371 5374 ne
1415 5321 1616 5377 statim
1651 5325 1874 5379 obstre-

238 5406 401 5472 paut,
435 5402 558 5468 sed,
594 5403 836 5458 ratiome
862 5405 1151 5473 consulta,
1185 5409 1326 5479 quid
1379 5409 1488 5479 ipsi
1542 5411 1878 5483 opinentur,

237 5490 451 5560 quidve
482 5507 588 5546 nos
620 5492 913 5564 ponimus,
948 5494 1170 5551 veriore
1230 5499 1439 5553 mentis
1499 5501 1769 5558 acumine
1825 5507 1882 5558 et

1997 4624 2196 4670 nostra
2223 4615 2391 4670 nobis
2425 4617 2680 4686 perfecta
2704 4621 2809 4671 est.
2833 4617 2938 4672 Sed
2961 4617 3239 4689 quoniam
3273 4613 3644 4686 syllogismo-

2000 4721 2128 4758 rum
2189 4709 2484 4758 structura
2531 4705 2699 4759 nobis
2749 4710 2837 4760 est
2875 4705 2982 4760 hoc
3040 4721 3212 4776 Opere
3272 4700 3638 4772 explicanda,

1998 4794 2353 4865 syllogismis
2384 4801 2577 4847 autem
2615 4795 2769 4864 prior
2793 4801 2882 4848 est
2915 4795 3257 4865 propositio,
3283 4794 3353 4846 de
3389 4789 3644 4861 preposi-

1997 4884 2257 4938 tionibus
2283 4883 2389 4936 hoc
2413 4882 2605 4937 libello
2626 4889 2911 4938 tractatus
2928 4883 3255 4938 habebitur.
3275 4883 3343 4936 Et
3365 4881 3639 4951 quoniam

2000 4973 2418 5044 propositionis
2455 4979 2644 5044 partes
2678 4978 2817 5027 sunt
2848 4990 3060 5028 nomen
3103 4977 3158 5027 et
3197 4974 3461 5036 verbum,
3506 4985 3642 5038 pars

2000 5067 2198 5117 autem
2225 5062 2296 5116 ab
2329 5079 2394 5117 eo
2421 5063 2591 5132 cujus
2627 5079 2760 5133 pars
2816 5068 2904 5117 est
2936 5062 3091 5131 prior
3133 5065 3241 5126 est,
3283 5059 3353 5113 de
3405 5056 3639 5111 nomine

1998 5155 2056 5206 et
2072 5153 2270 5214 verbo,
2286 5168 2410 5222 quas
2432 5153 2620 5222 prima
2638 5169 2702 5206 su
2715 5156 2796 5216 nt,
2813 5150 3131 5221 disputatio
3149 5151 3337 5221 prima
3369 5151 3638 5218 ponatur.

1994 5240 2214 5295 Nomen
2247 5246 2336 5295 est
2367 5258 2472 5296 vox
2506 5241 2869 5313 designativa
2891 5241 2960 5296 ad
3003 5240 3274 5311 placitum
3313 5237 3438 5290 sine
3488 5241 3640 5288 tem-

1997 5345 2154 5400 pore,
2189 5331 2357 5398 cujus
2386 5331 2547 5384 nulla
2579 5347 2713 5401 pars
2771 5337 2934 5385 extra
2970 5329 3327 5400 designativa
3358 5331 3442 5380 est
3476 5343 3487 5379 :
3532 5340 3640 5378 vox

1992 5424 2184 5471 autem
2218 5418 2440 5472 dictum
2474 5425 2581 5487 est,
2637 5419 2775 5490 quia
2805 5437 2912 5474 vox
2949 5419 3253 5473 nominum
3308 5431 3493 5486 genus
3525 5417 3633 5468 est.

1991 5505 2194 5562 Omnis
2225 5512 2419 5563 autem
2445 5508 2717 5565 difﬁnitio
2746 5527 2778 5564 a
2811 5525 3021 5581 genere
3054 5507 3402 5571 trahitur,ut
3432 5502 3635 5556 sidifi-

311 5607 329 5625 ‘
360 5603 560 5661 Nos....
593 5609 955 5679 acquiescent.
986 5610 1222 5672 Phrasis
1253 5616 1506 5688 turbata,
1539 5615 1626 5674 vel
1659 5617 1837 5678 etiam
1859 5635 2066 5681 manca
2096 5621 2350 5680 videtur.
