4070 6170
221 354 323 407 801

1391 366 1486 417 DE
1522 358 1970 419 SYLLOGISMO
2007 356 2094 410 CA
2105 360 2484 419 TEGORICO.

3537 362 3646 416 802

219 486 329 538 est.
368 482 512 540 Nam
540 483 844 555 qualitatis
891 485 1279 544 differentiam
1325 488 1547 545 nullam
1582 488 1857 545 retinent.
1899 490 1952 555 Α
1987 484 2157 542 homo
2180 488 2382 557 justus
2413 494 2520 555 est,
2558 490 2700 546 falsa
2733 489 2928 559 fuerit,
2955 506 3068 545 non
3113 507 3350 547 necesse
3376 493 3486 547 erit
3510 493 3644 562 qui-

220 570 490 642 Utrisque
520 573 675 628 enim
708 574 1068 631 affirmativaa
1107 581 1265 632 sunt.
1304 577 1421 634 Illas
1451 595 1584 634 vero
1617 578 1763 645 alia,
1816 578 1873 633 id

216 666 310 715 est
340 661 643 717 contraria;
668 668 727 718 et
756 665 1177 723 subcontraria:
1208 668 1280 722 ad
1314 667 1683 739 qualitatem,
1718 667 1873 739 quod

216 748 320 803 illa
350 750 722 821 affirmativa,
756 753 856 807 illa
889 755 1152 827 negativa
1182 763 1288 825 est,
1315 774 1446 813 nam
1474 757 1543 812 ad
1578 756 1875 829 quantita-

220 843 338 895 tem
366 840 510 895 nihil
530 841 828 897 differunt.
855 842 1294 915 Utrisqueenim
1318 847 1622 901 contrariae
1648 846 1878 900 univer-

215 928 397 995 sales,
428 934 689 1003 utrasque
721 932 1143 990 subcontrariaa
1176 934 1559 1006 particulares
1581 934 1876 999 sunt,illze

219 1023 419 1073 autem
442 1035 571 1090 quas
603 1022 1068 1092 eontrajaeentes
1099 1024 1380 1079 dicuntur
1410 1026 1678 1095 utrisque
1710 1023 1873 1078 ditl'e-

218 1106 428 1161 rentiis
459 1107 757 1164 differunt.
788 1109 908 1165 Nan
941 1117 995 1167 et
1026 1112 1127 1168 illa
1171 1112 1517 1169 universalis
1562 1111 1873 1166 affirmatio

217 1200 330 1261 est,
365 1196 487 1251 hac
516 1197 884 1267 partieularis
917 1201 1164 1273 negatio,
1198 1206 1254 1257 et
1284 1200 1385 1256 illa
1404 1199 1754 1257 universalis
1777 1215 1872 1254 ne-

225 1285 405 1357 gatio,
429 1290 538 1351 est,
558 1285 678 1342 haec
701 1288 1074 1358 particularis
1091 1290 1395 1346 atfimatio.
1415 1289 1870 1360 Nuncquoniam

218 1376 687 1446 quesecundum
705 1378 1047 1448 qualitatem
1061 1380 1145 1435 vel
1161 1380 1871 1452 secundumquantitatem

222 1467 282 1517 et
298 1466 591 1534 quomodo
604 1466 873 1521 differant
887 1468 1046 1523 dictu
1059 1486 1110 1525 m
1128 1474 1445 1535 est,earum
1465 1470 1869 1542 proprietates,

226 1570 342 1625 que
369 1556 693 1611 secundum
725 1573 925 1613 verum
952 1559 1283 1630 falsumque
1305 1565 1463 1626 sunt,
1489 1560 1868 1631 explicemus.

221 1644 621 1714 Igiturearum
642 1662 768 1717 quea
792 1647 1373 1719 subalternaa:sunt,si
1399 1648 1720 1704 fueritvera
1736 1648 1870 1702 uni-

227 1731 471 1787 versalis
512 1733 820 1790 afﬁrmatio
851 1752 989 1792 vera
1018 1736 1127 1792 erit
1150 1736 1869 1809 particularisafﬁrmatio.

227 1820 286 1873 Si
319 1821 474 1875 enim
509 1823 700 1878 omnis
731 1823 905 1879 homo
930 1827 1131 1895 justus
1170 1830 1280 1890 est.
1310 1843 1445 1882 vera
1475 1830 1582 1896 est,
1608 1843 1742 1881 vera
1763 1826 1873 1880 erit

221 1910 390 1965 etiam
409 1927 536 1982 qua:
551 1913 943 1985 dicit,Aliquis
960 1914 1337 1987 homojustus
1352 1916 1607 1971 est.Nam
1627 1915 1673 1971 si
1689 1915 1881 1971 omnis

220 2002 394 2055 homo
418 2001 622 2069 justus
654 2007 758 2070 est,
792 2008 850 2058 et
871 2003 1132 2075 quidam.
1168 2006 1381 2061 Eodem
1404 2005 1575 2060 modo
1599 2005 1877 2076 negativae

219 2088 571 2144 subalternaa
624 2108 757 2145 nam
822 2093 871 2147 si
905 2094 1250 2149 universalis
1282 2094 1553 2166 negativa
1576 2108 1709 2148 vera
1750 2093 1876 2149 fue-

227 2177 324 2242 rit,
353 2178 462 2233 erit
481 2180 659 2235 etiam
682 2197 816 2237 vera
830 2184 1096 2254 negativa
1118 2182 1509 2255 particularis,
1533 2187 1596 2238 ut
1609 2182 1657 2237 si
1680 2182 1879 2238 nullus

219 2264 400 2321 homo
417 2267 615 2337 justus
634 2275 721 2325 est
741 2287 877 2325 vera
899 2271 1090 2340 fuerit,
1110 2272 1284 2328 etiam
1317 2272 1431 2328 erit
1458 2289 1611 2337 vera,
1638 2271 1875 2343 quidam

223 2354 624 2427 homojustus
658 2376 772 2414 non
803 2364 914 2416 est.
948 2360 1092 2416 Nam
1151 2361 1199 2415 si
1253 2360 1453 2416 nullus
1482 2360 1653 2416 homo
1677 2360 1879 2430 justus

222 2448 449 2511 est,nec
480 2447 743 2517 quidam.
778 2447 1045 2503 Converti
1079 2453 1272 2505 autem
1327 2466 1441 2505 non
1499 2454 1705 2520 potest,
1740 2464 1876 2502 nam

224 2531 275 2586 si
311 2533 684 2602 particularis
715 2552 849 2591 vera
882 2538 1079 2602 fuerit,
1113 2554 1225 2594 non
1273 2554 1513 2594 necesse
1543 2538 1653 2593 erit
1681 2553 1876 2592 veram

220 2637 354 2677 esse
387 2624 560 2679 etiam
595 2624 1008 2681 universalem.
1034 2626 1108 2682 Ut
1131 2626 1179 2681 si
1211 2627 1454 2698 quidam
1482 2626 1656 2682 homo
1681 2627 1879 2697 justus

218 2715 335 2776 est,
368 2728 506 2769 vera
528 2713 724 2782 fuerit,
758 2731 873 2770 non
906 2732 1141 2771 necesse
1162 2716 1272 2771 erit
1291 2732 1487 2771 veram
1507 2732 1656 2784 esse,
1686 2714 1878 2770 omnis

218 2798 405 2855 homo
427 2801 631 2871 justus
662 2808 770 2858 est.
797 2806 1054 2859 Possunt
1083 2805 1238 2859 enim
1262 2820 1391 2860 esse
1412 2821 1527 2859 non
1560 2820 1764 2859 omnes
1811 2803 1880 2857 Et

218 2890 434 2945 eodem
468 2892 641 2947 modo
664 2892 734 2947 de
754 2896 1039 2964 negativa.
1060 2893 1205 2948 Nam
1229 2894 1275 2949 si
1304 2892 1681 2965 particularis
1704 2909 1879 2964 nega-

217 2976 347 3032 tiva
367 2994 503 3034 vera
518 2979 713 3044 fuerit.
738 2985 803 3036 ut
829 2986 936 3046 est,
962 2982 1201 3053 quidam
1221 2982 1393 3037 homo
1415 2998 1527 3037 non
1553 2981 1876 3052 estjustus,

218 3083 343 3122 non
380 3084 617 3125 necesse
646 3071 757 3126 erit
788 3071 1198 3139 universalem,
1243 3072 1444 3127 nullus
1480 3072 1653 3127 homo
1677 3072 1879 3143 justus

217 3160 338 3221 est,
367 3172 567 3214 veram
595 3176 742 3215 esse.
778 3160 971 3215 Potest
1000 3160 1152 3216 enim
1190 3160 1311 3216 fieri
1346 3166 1411 3216 ut
1462 3160 1702 3232 quidam
1731 3159 1877 3229 justi

1989 588 2122 642 dam
2157 581 2331 635 homo
2364 597 2477 634 non
2503 581 2807 651 estjustus
2833 580 3038 635 falsam
3064 597 3211 636 esse.
3240 582 3386 637 Nam
3421 583 3467 635 si
3496 584 3648 636 falsa

1989 680 2079 731 est
2108 672 2308 728 nullus
2341 671 2512 725 homo
2537 672 2742 740 justus
2775 674 2883 737 est,
2918 686 3118 725 verum
3151 677 3240 725 est
3258 687 3389 727 esse
3415 671 3645 743 aliquos

1981 765 2202 836 justos,
2223 777 2355 815 vera
2377 764 2464 815 est
2484 758 2661 814 etiam
2686 776 2811 829 quae
2828 759 2965 813 dicit
2987 759 3227 829 quidam
3246 759 3419 814 homo
3439 760 3643 830 justus

1991 871 2106 909 non
2138 856 2246 915 est,
2279 850 2432 920 quod
2467 848 2587 902 sint
2635 848 2873 917 quidam
2908 847 3078 902 etiam
3116 864 3231 903 non
3258 849 3425 917 justi.
3461 849 3643 919 Repe-

1991 947 2117 998 tens
2148 939 2335 1011 igitur
2364 956 2397 993 a
2426 936 2617 1008 capite
2648 938 2803 991 dicat
2852 938 3003 1007 quod
3050 936 3107 990 in
3151 936 3527 992 subalternis.
3582 937 3642 991 Si

1988 1028 2347 1086 universales
2378 1043 2522 1081 veras
2544 1024 2780 1091 fuerint,
2814 1041 2961 1080 veras
2981 1030 3153 1081 erunt
3174 1025 3348 1080 etiam
3381 1026 3639 1096 particu-

1985 1119 2157 1175 lares.
2179 1117 2288 1173 Sed
2312 1132 2425 1171 non
2446 1114 2822 1170 convertitur.
2852 1115 2993 1167 Item
3012 1114 3058 1168 si
3081 1115 3467 1185 particulares
3484 1114 3639 1169 falsae

1988 1208 2224 1272 fuerint,
2260 1204 2416 1261 falsae
2449 1204 2815 1259 eruntetiam
2836 1202 3216 1271 universales,
3241 1204 3337 1258 sed
3362 1220 3473 1257 non
3500 1219 3636 1257 eon~

1988 1295 2253 1364 vertitur,
2289 1292 2592 1348 contrariae
2625 1308 2755 1347 vero
2789 1290 2965 1347 simul
3000 1308 3127 1347 esse
3154 1309 3299 1346 verte
3333 1309 3637 1363 nunquam

1987 1387 2252 1455 possunt.
2294 1386 2487 1436 Potest
2516 1385 2713 1436 autem
2747 1379 2867 1434 fieri
2906 1385 2969 1435 ut
3000 1380 3143 1435 alias
3180 1386 3439 1451 utraeque
3482 1382 3638 1437 falsae

1992 1472 2129 1535 sint,
2146 1469 2292 1524 alias
2316 1485 2431 1522 una
2452 1484 2605 1531 vera,
2626 1467 2809 1522 altera
2833 1466 2995 1522 falsa.
3018 1467 3284 1539 Utraeque
3305 1468 3457 1523 falsae
3477 1475 3639 1537 sunt,

1989 1559 2123 1615 utsi
2147 1559 2278 1628 quis
2301 1557 2476 1621 dicat,
2502 1556 2695 1612 omnis
2719 1556 2891 1610 homo
2917 1560 3338 1628 grammaticus
3361 1565 3468 1623 est,
3489 1558 3635 1614 falsa

1985 1654 2236 1714 est,nam
2259 1663 2373 1701 non
2391 1646 2582 1701 omnis
2599 1646 2884 1713 ;etnullus
2901 1646 3074 1701 homo
3094 1648 3513 1717 grammaticus
3528 1653 3636 1717 est,

1987 1737 2132 1793 falsa
2154 1741 2261 1805 est,
2287 1752 2421 1790 nam
2446 1752 2560 1790 non
2586 1734 2786 1790 nullus
2811 1754 2824 1802 ;
2845 1740 3139 1790 estautem
3164 1753 3279 1791 una
3299 1737 3639 1802 vera,altera

1992 1826 2160 1890 falsa,
2196 1829 2258 1879 ut
2281 1826 2326 1879 si
2361 1823 2495 1894 quis
2528 1823 2702 1891 dicat,
2736 1824 2930 1879 omnis
2958 1824 3132 1880 homo
3165 1824 3329 1895 bipes
3370 1832 3478 1892 est,
3515 1827 3637 1882 hate

1988 1914 2339 1971 alﬁrmativa
2356 1930 2488 1968 vera
2510 1918 2596 1967 est
2618 1930 2630 1979 ;
2660 1913 2859 1968 nullus
2879 1914 3052 1969 homo
3079 1914 3240 1985 bipes
3261 1921 3367 1972 est.
3396 1916 3514 1971 hac
3538 1931 3636 1971 ne-

1988 2005 2181 2077 gativa
2203 2002 2349 2058 falsa
2368 2008 2474 2057 est.
2507 2002 2568 2056 Et
2584 2004 2720 2057 item
2743 2003 2934 2057 omnis
2956 2003 3131 2058 homo
3149 2006 3503 2075 quadrupes,
3526 2010 3635 2075 est,

1987 2094 2109 2149 haec
2123 2092 2473 2148 afﬁrmativa
2492 2092 2633 2147 falsa
2647 2091 2974 2147 est.Nullus
2990 2093 3163 2147 homo
3179 2095 3639 2166 quadrUpesest,

1986 2183 2106 2237 haec
2130 2182 2395 2253 negativa
2414 2196 2545 2235 vera
2568 2184 2658 2235 est
2698 2180 2992 2252 Suntergo
3008 2182 3312 2236 contrariae
3326 2183 3639 2254 aliquoties

1989 2276 2247 2341 utraeque
2282 2270 2459 2334 falsae,
2480 2268 2793 2340 aliquoties
2820 2269 2972 2324 inter
2995 2286 3056 2324 se
3078 2287 3277 2325 verum
3307 2271 3637 2343 falsumque

1988 2358 2313 2415 dividentes
2346 2375 2360 2425 ;
2396 2362 2460 2412 ut
2491 2364 2750 2429 utraeque
2782 2363 2976 2413 autem
3010 2375 3159 2414 versa
3199 2360 3318 2414 sint
3341 2361 3461 2415 fieri
3488 2378 3636 2416 nun-

1989 2465 2163 2521 quam
2192 2452 2401 2519 potest,
2418 2447 2837 2503 subeontrariae
2854 2464 2986 2502 vero
3001 2450 3297 2503 contraria
3312 2450 3467 2521 patiu
3481 2456 3635 2507 ntur.

1989 2538 2132 2596 Nam
2159 2536 2318 2591 falsas
2343 2552 2644 2607 nunquam
2672 2536 2912 2607 reperiri
2934 2542 3179 2605 queunt.
3209 2540 3311 2593 Sed
3332 2538 3478 2595 alias
3495 2556 3638 2594 versa

1988 2632 2248 2697 utrasque
2263 2630 2424 2691 sunt,
2444 2630 2505 2680 ut
2527 2630 2617 2679 est
2636 2625 2877 2696 quidam
2902 2626 3074 2680 homo
3094 2627 3639 2699 grammaticusest,

1987 2731 2122 2770 vera
2146 2719 2256 2779 est,
2289 2720 2344 2769 et
2378 2713 2658 2784 quiddam
2694 2713 2869 2769 homo
2898 2717 3325 2785 grammaticus
3378 2733 3493 2771 non
3526 2722 3637 2787 est,

1987 2803 2161 2859 etiam
2188 2803 2306 2857 haec
2332 2819 2463 2857 vera
2482 2807 2590 2857 est.
2615 2806 2811 2857 Potest
2842 2803 2997 2857 enim
3027 2804 3178 2858 alius
3201 2821 3326 2859 esse
3345 2821 3639 2876 gramma-

1989 2895 2143 2949 ticus
2173 2898 2229 2947 et
2260 2892 2412 2947 alius
2445 2909 2559 2947 non
2591 2909 2737 2947 esse.
2792 2892 2946 2947 Alias
2998 2911 3114 2949 una
3144 2910 3277 2948 vera
3308 2900 3418 2959 est,
3453 2894 3637 2950 altera

1992 2982 2155 3037 falsa.
2192 2981 2335 3036 Vera
2355 2984 2444 3036 est
2472 2981 2629 3035 enim
2654 2980 2989 3045 affirmatio,
3014 2982 3253 3052 quidam
3274 2982 3449 3037 homo
3477 2983 3636 3055 bipes

1990 3074 2098 3137 est,
2119 3069 2264 3125 falsa
2282 3075 2370 3124 est
2386 3072 2580 3122 autem
2599 3069 2854 3139 negatio,
2878 3070 3116 3139 quidam
3138 3069 3310 3126 homo
3333 3071 3498 3143 bipes
3523 3089 3637 3127 non

1989 3164 2098 3215 est.
2125 3159 2266 3214 Ilem
2296 3156 2441 3212 falsa
2464 3162 2553 3212 est
2577 3157 3158 3229 afﬁrmatio,quidam
3186 3159 3358 3215 homo
3381 3162 3638 3232 quadru-

215 3244 365 3300 sint.
395 3245 825 3317 Ergodicamus
849 3249 904 3302 in
931 3248 1287 3304 subalternis
1307 3249 1806 3320 propositionibus
1829 3248 1877 3304 si
1909 3232 1953 3300 C
1994 3266 2095 3321 pes
2125 3252 2215 3303 est
2241 3267 2257 3315 ;
2282 3264 2414 3302 vera
2445 3252 2530 3301 est
2559 3247 2811 3318 negatio,
2837 3248 3073 3317 quidam
3098 3248 3272 3304 homo
3301 3251 3637 3321 quadrupes

217 3333 590 3391 universales
613 3353 756 3391 verae
779 3337 918 3407 sint,
933 3354 1098 3394 veras
1123 3354 1247 3393 esse
1262 3354 1496 3394 necesse
1516 3343 1603 3393 est
1625 3339 1881 3409 particu-

217 3421 407 3489 lares,
426 3424 526 3478 sed
556 3441 666 3479 non
689 3427 1062 3482 convertitur.
1092 3427 1237 3484 Nam
1261 3426 1309 3481 si
1330 3427 1711 3499 particulares
1734 3443 1883 3483 veras

217 3511 446 3566 fuerint
466 3529 579 3568 non
605 3531 840 3571 necesse
864 3521 952 3571 est
972 3533 1138 3571 veras
1158 3517 1332 3571 etiam
1358 3517 1714 3572 universales
1730 3532 1878 3571 esse.

220 3601 617 3672 particulares
638 3620 771 3659 vero
791 3605 859 3659 ad
881 3604 1244 3661 universales
1266 3606 1616 3661 contrariam
1639 3620 1881 3659 conver-

222 3691 459 3745 sionem
485 3691 883 3749 habent.Nam
911 3695 1259 3765 utsuperius
1282 3694 1328 3749 si
1358 3693 1717 3749 universales
1739 3710 1881 3748 versa

223 3784 454 3845 essent,
479 3781 658 3837 etiam
675 3782 1054 3853 particulares
1076 3800 1223 3839 verte
1236 3788 1457 3851 essent;
1473 3788 1529 3838 et
1551 3782 1600 3838 si
1628 3783 1883 3854 particu-

222 3867 391 3923 lares
420 3885 564 3923 verae
605 3880 819 3939 essent,
857 3888 969 3926 non
1003 3870 1241 3927 omnino
1288 3888 1433 3926 verae
1474 3876 1666 3927 essent
1706 3871 1881 3926 etiam

223 3956 593 4013 universales
624 3959 679 4014 in
717 3959 1211 4031 particularibus;
1238 3961 1283 4015 si
1322 3959 1703 4030 particulares
1726 3960 1882 4015 falsis

220 4045 475 4114 fuerint,
500 4047 654 4101 falsae
673 4053 847 4104 erunt
869 4049 1042 4104 etiam
1060 4048 1438 4104 universales.
1464 4049 1606 4105 Nam
1630 4048 1676 4103 si
1705 4049 1883 4120 parti-

217 4134 449 4191 cularis
470 4136 709 4207 quidam
736 4136 1125 4209 bomojustus
1144 4143 1234 4192 est
1259 4137 1405 4192 falsa
1428 4137 1622 4203 fuerit,
1651 4141 1883 4192 univero

218 4222 376 4278 salis
406 4222 577 4278 etiam
607 4226 799 4280 omnis
830 4225 1004 4281 homo
1041 4227 1245 4296 justus
1287 4231 1377 4281 est
1401 4226 1547 4281 falsa
1578 4226 1706 4280 erit.
1743 4230 1880 4281 Nam

217 4313 275 4368 si
310 4312 551 4383 quidam
587 4313 760 4369 homo
784 4316 985 4384 justus
1016 4321 1103 4370 est
1137 4314 1275 4370 falsa
1306 4320 1414 4380 est,
1449 4331 1583 4370 vera
1614 4319 1703 4369 est
1752 4313 1881 4369 nul-

220 4400 322 4455 lus
357 4401 532 4456 homo
557 4403 758 4471 justus
789 4413 894 4459 est.
921 4403 979 4458 Si
1003 4420 1137 4459 vera
1158 4408 1246 4459 est
1269 4404 1470 4458 nullus
1495 4404 1884 4471 homojustus

217 4496 337 4550 est,
374 4488 520 4544 falsa
550 4496 635 4546 est
668 4490 862 4547 omnis
893 4491 1069 4546 homo
1103 4492 1304 4561 justus
1356 4495 1460 4547 est.
1499 4490 1666 4546 Falsa
1698 4490 1879 4562 igitur

1986 3355 2100 3393 non
2136 3340 2223 3392 est
2256 3353 2268 3390 :
2305 3340 2369 3390 ut
2397 3352 2529 3390 vero
2554 3340 2809 3406 utraeque
2842 3335 2999 3391 falsa:
3024 3340 3143 3393 sint
3177 3338 3297 3393 fieri
3331 3357 3635 3411 nunquam

1988 3430 2193 3498 potest.
2219 3425 2417 3479 Restat
2432 3424 2613 3494 igitur
2634 3428 2696 3478 ut
2709 3426 2779 3479 de
2793 3425 3330 3497 contrajacentibus
3345 3428 3377 3482 d
3390 3428 3636 3495 icamus,

1988 3532 2117 3587 quas
2150 3529 2337 3585 neque
2369 3512 2528 3568 falsae
2551 3512 2728 3567 simul
2764 3514 3076 3584 aliquando
3106 3531 3233 3571 esse
3266 3524 3513 3587 possunt
3537 3536 3641 3572 ne-

1987 3620 2097 3672 que
2127 3619 2293 3669 verae,
2326 3603 2425 3657 sed
2484 3618 2716 3671 semper
2775 3620 2890 3657 una
2956 3620 3086 3658 vera
3113 3610 3219 3669 est,
3258 3604 3441 3661 altera
3476 3607 3647 3669 falsa.

1986 3693 2142 3765 quod
2179 3690 2409 3747 facilius
2441 3690 2647 3762 liquet,
2678 3690 2727 3745 si
2759 3690 2889 3761 quis
2912 3692 3023 3747 sibi
3058 3710 3423 3765 quaecunque
3456 3696 3642 3767 ﬁngat

1987 3780 2271 3853 exempla.
2308 3781 2417 3835 Res
2462 3780 2738 3835 admonet
2770 3785 2834 3834 ut
2892 3782 3157 3853 quaedam
3191 3784 3260 3837 de
3320 3784 3642 3839 indeﬁnitis

1986 3869 2488 3943 propositionibus
2504 3868 2947 3925 consideremus.
2962 3871 3281 3927 [ndefinite
3295 3873 3505 3927 etenim
3523 3890 3651 3945 pro-

1990 3959 2312 4032 positiones
2332 3975 2557 4030 aaquam
2581 3958 2701 4013 vim
2735 3959 2989 4014 retinent
3028 3962 3478 4031 particularibus
3515 3979 3646 4034 pro-

1990 4047 2399 4121 positionibus.
2436 4047 2668 4103 Dictum
2704 4054 2791 4103 est
2821 4049 2976 4103 enim
3012 4051 3165 4120 quod
3207 4051 3251 4103 si
3288 4051 3648 4106 universales

1988 4137 2075 4192 vel
2100 4135 2429 4191 afﬁmativas
2460 4136 2546 4191 vel
2580 4137 2860 4207 negativzs
2894 4138 2951 4192 in
2984 4139 3343 4193 subalternis
3377 4139 3639 4210 proposi-

1990 4225 2251 4281 tionibus
2280 4229 2477 4281 essent
2508 4242 2671 4293 veraa,
2710 4230 2909 4281 essent
2931 4243 3160 4297 quoque
3200 4244 3349 4283 veras
3382 4229 3641 4299 particu-

1986 4312 2159 4369 lares.
2186 4313 2353 4368 Nune
2370 4330 2500 4369 vero
2523 4313 2777 4368 dicimus
2798 4315 2950 4384 quod
2976 4314 3023 4369 si
3049 4316 3398 4370 universalis
3423 4332 3636 4387 propo-

1989 4402 2233 4458 sitiones
2265 4418 2410 4455 verae
2444 4401 2681 4467 fuerint,
2712 4419 2855 4457 verae
2888 4408 3061 4457 erunt
3090 4403 3263 4459 etiam
3300 4403 3638 4459 indeﬁnitee.

1987 4491 2131 4546 Nam
2163 4491 2211 4545 si
2240 4506 2377 4545 vera
2419 4494 2509 4544 est
2553 4490 2745 4545 omnis
2779 4491 2951 4545 homo
2998 4492 3163 4564 bipes
3208 4498 3316 4555 est.
3369 4510 3501 4548 vera
3550 4497 3641 4548 est

218 4577 595 4649 particulari,
629 4579 775 4635 falsa
805 4579 1301 4637 erituniversalis.
1328 4580 1468 4635 Item
1517 4579 1563 4634 si
1617 4585 1884 4652 negativa
1916 4599 1960 4663 Ι)
1993 4580 2169 4636 etiam
2205 4579 2445 4650 quidam
2484 4578 2654 4633 homo
2686 4579 2851 4650 bipes
2882 4586 2991 4646 est,
3025 4598 3158 4636 vera
3191 4582 3299 4636 erit
3330 4584 3504 4637 etiam
3551 4583 3639 4637 in-

219 4665 606 4736 particularis
640 4667 786 4723 falsa
817 4669 1012 4736 fuerit,
1041 4685 1167 4739 quae
1191 4674 1298 4735 est,
1334 4668 1570 4739 quidem
1595 4667 1884 4738 bomoju-

220 4760 360 4810 stus
375 4771 489 4809 non
506 4756 776 4821 est,falsa
798 4756 909 4812 erit
930 4759 1128 4823 etiam,
1156 4756 1356 4813 nullus
1380 4756 1759 4826 bomojustus
1773 4762 1877 4813 est.

220 4843 376 4898 Nam
398 4845 445 4898 si
471 4844 683 4900 talsum
702 4852 792 4900 est
809 4847 947 4916 quia
968 4846 1206 4918 quidam
1228 4847 1613 4916 bomojustus
1638 4862 1748 4900 non
1765 4850 1876 4911 est,

217 4949 362 4988 vera
395 4934 650 5004 estquia
680 4938 872 4990 omnis
907 4934 1079 4989 homo
1116 4936 1320 5007 justus
1369 4940 1473 4989 est.
1524 4934 1577 4988 Si
1610 4951 1742 4989 vera
1787 4938 1879 4989 est

227 5022 373 5083 haec,
400 5022 544 5077 falsa
564 5030 646 5078 est
677 5023 876 5079 nullus
909 5024 1081 5079 homo
1110 5026 1310 5095 justus
1343 5028 1473 5088 est;
1510 5022 1656 5079 falsa
1695 5023 1877 5095 igitur

224 5111 594 5182 particulari,
630 5111 773 5167 falsa
804 5113 913 5167 erit
968 5113 1142 5169 etiam
1200 5112 1569 5169 universalis.
1618 5113 1723 5167 Sed
1760 5129 1874 5168 non

224 5200 608 5266 convertitur,
632 5206 695 5255 ut
729 5201 777 5255 si
812 5200 1170 5256 universales
1199 5201 1354 5257 falsae
1400 5202 1540 5266 sint,
1573 5200 1749 5256 falsas
1774 5217 1873 5256 ne-

225 5303 393 5344 cesse
419 5289 632 5344 sitesse
650 5289 1028 5361 particulares
1052 5306 1064 5344 :
1085 5306 1218 5344 nam
1243 5290 1289 5345 si
1308 5288 1874 5354 universalis,omnis

226 5377 406 5433 homo
430 5380 630 5447 justus
661 5382 750 5432 est
781 5376 924 5433 falsa
944 5378 1271 5445 fuerit,non
1307 5396 1541 5434 necesse
1572 5384 1660 5434 est
1692 5378 1872 5447 parti-

224 5466 509 5529 cularem,
533 5466 767 5536 quidam
803 5465 1190 5536 bomojustus
1210 5473 1317 5535 est,
1352 5467 1557 5522 falsam
1582 5484 1731 5523 esse.
1766 5467 1872 5523 Po-

226 5560 341 5610 test
372 5555 529 5610 enim
551 5554 675 5611 ﬁeri
701 5562 764 5610 ut
780 5554 829 5609 si
847 5554 1040 5611 omnis
1054 5555 1430 5627 homoiustus
1453 5574 1566 5612 non
1589 5556 1779 5625 fuerit,
1799 5557 1876 5612 sit

227 5645 696 5719 quidamjustus,
711 5644 917 5700 etitem
936 5644 987 5700 si
1005 5646 1350 5702 universalis
1369 5647 1656 5717 negativa,
1673 5644 1872 5703 nullus

1993 4669 2236 4723 definita
2265 4685 2390 4735 quae
2423 4667 2564 4721 dicit
2596 4667 2769 4723 homo
2805 4669 2969 4739 bipes
2989 4676 3097 4725 est.
3131 4675 3271 4724 Item
3307 4672 3527 4726 dictum
3552 4675 3643 4726 est

1990 4758 2144 4827 quod
2162 4758 2209 4812 si
2232 4755 2614 4829 particulares
2642 4756 2796 4812 falsas
2820 4764 3035 4823 essent,
3067 4760 3222 4814 falsae
3247 4766 3443 4815 essent
3463 4759 3638 4815 etiam

1991 4846 2369 4915 universales,
2396 4863 2551 4901 nunc
2576 4864 2703 4902 vero
2736 4849 3048 4903 dicendum
3081 4856 3170 4904 est
3202 4852 3354 4921 quod
3402 4850 3449 4904 si
3478 4850 3640 4904 inde-

1987 4936 2152 4991 finita
2181 4935 2325 4991 falsa
2351 4935 2545 5002 fuerit,
2574 4936 2719 4991 falsa
2749 4938 2859 4992 erit
2880 4938 3055 4992 etiam
3090 4938 3458 4994 universalis.
3494 4939 3637 4994 Nam

1985 5025 2032 5080 si
2071 5025 2215 5080 falsa
2238 5031 2327 5080 est
2352 5042 2477 5096 qua:
2506 5025 2648 5079 dicit
2679 5025 2853 5080 homo
2881 5028 3212 5095 quadrupes
3235 5034 3343 5095 est,
3365 5028 3508 5081 falsa
3529 5028 3643 5082 erit

1984 5113 2158 5168 etiam
2180 5129 2307 5184 quas
2333 5112 2475 5167 dicit
2505 5113 2746 5183 quidam
2772 5112 2948 5168 homo
2972 5116 3309 5185 quadrupes
3331 5119 3419 5170 est
3442 5121 3639 5171 etom-

1986 5202 2077 5257 nis
2110 5203 2282 5256 homo
2324 5202 2659 5273 quadrupes
2691 5206 2797 5256 est.
2836 5208 3023 5273 Atque
3048 5203 3197 5258 idem
3232 5204 3339 5258 hoc
3371 5206 3547 5258 etiam
3576 5205 3633 5259 in

1984 5290 2269 5361 negativis
2289 5290 2599 5345 convenire
2620 5290 2866 5345 videtur.
2894 5292 3051 5347 Unde
3084 5298 3312 5347 constat
3330 5294 3481 5363 quod
3507 5309 3631 5348 om-

1985 5378 2416 5434 nesindeflnitee
2432 5379 2882 5448 particularibus
2900 5381 3393 5451 propositionibus
3406 5398 3487 5452 aaq
3500 5399 3633 5437 uam

1982 5470 2095 5523 vim
2111 5468 2661 5524 continent.Rursus
2675 5470 2830 5525 dictu
2843 5486 2895 5525 m
2915 5476 3005 5525 est
3020 5471 3171 5541 quod
3189 5488 3255 5524 su
3268 5471 3631 5538 bcontrariaa,

1981 5575 2105 5629 quze
2122 5556 2503 5629 particulares
2523 5559 2884 5615 afﬁrmativaa
2902 5564 2958 5614 et
2981 5559 3256 5629 negativae
3275 5564 3435 5627 sunt,
3450 5558 3628 5614 simul

1979 5663 2123 5702 veras
2143 5663 2271 5702 esse
2292 5652 2563 5718 possunt,
2586 5648 2844 5703 dividere
2876 5650 3049 5703 etiam
3074 5663 3276 5702 verum
3299 5647 3633 5721 falsumque
