  <div class='ocr_page' id='page_1' title='image "/cluster/home/n/w/nwhite01/storage/ocr_20150623/64/hvd.32044073505125/407.png"; bbox 0 0 4070 6170; ppageno 0'>
   <div class='ocr_carea' id='block_1_1' title="bbox 510 281 614 333">
    <p class='ocr_par' dir='ltr' id='par_1_1' title="bbox 510 281 614 333">
     <span class='ocr_line' id='line_1_1' title="bbox 510 281 614 333; baseline 0.01 -1"><span class='ocrx_word' id='word_1_1' title='bbox 510 281 614 333; x_wconf 89' lang='lat'><strong>803</strong></span> 
     </span>
    </p>
   </div>
   <div class='ocr_carea' id='block_1_2' title="bbox 1790 273 2645 330">
    <p class='ocr_par' dir='ltr' id='par_1_2' title="bbox 1790 273 2645 330">
     <span class='ocr_line' id='line_1_2' title="bbox 1790 273 2645 330; baseline 0 -3"><span class='ocrx_word' id='word_1_2' title='bbox 1790 275 1908 329; x_wconf 79' lang='lat' dir='ltr'><strong>AN.</strong></span> <span class='ocrx_word' id='word_1_3' title='bbox 1951 276 2167 329; x_wconf 77' lang='lat' dir='ltr'><strong>MANL.</strong></span> <span class='ocrx_word' id='word_1_4' title='bbox 2206 275 2364 330; x_wconf 79' lang='lat' dir='ltr'><strong>BEV.</strong></span> <span class='ocrx_word' id='word_1_5' title='bbox 2406 273 2645 328; x_wconf 81' lang='grc' dir='ltr'><strong>ΒΟΕΤΙΙ</strong></span> 
     </span>
    </p>
   </div>
   <div class='ocr_carea' id='block_1_3' title="bbox 3749 279 3826 333">
    <p class='ocr_par' dir='ltr' id='par_1_3' title="bbox 3749 279 3826 333">
     <span class='ocr_line' id='line_1_3' title="bbox 3749 279 3826 333; baseline -0.013 0"><span class='ocrx_word' id='word_1_6' title='bbox 3749 279 3826 333; x_wconf 66' lang='grc'><strong>804</strong></span> 
     </span>
    </p>
   </div>
   <div class='ocr_carea' id='block_1_4' title="bbox 512 398 3835 476">
    <p class='ocr_par' dir='ltr' id='par_1_4' title="bbox 512 398 3835 476">
     <span class='ocr_line' id='line_1_4' title="bbox 512 398 3835 476; baseline -0.001 -15"><span class='ocrx_word' id='word_1_7' title='bbox 512 406 729 475; x_wconf 89' lang='lat' dir='ltr'><strong>valent,</strong></span> <span class='ocrx_word' id='word_1_8' title='bbox 753 404 932 463; x_wconf 88' lang='lat' dir='ltr'><strong>simul</strong></span> <span class='ocrx_word' id='word_1_9' title='bbox 958 420 1092 459; x_wconf 89' lang='lat' dir='ltr'><strong>vero</strong></span> <span class='ocrx_word' id='word_1_10' title='bbox 1134 402 1291 459; x_wconf 78' lang='lat' dir='ltr'><strong>falsae</strong></span> <span class='ocrx_word' id='word_1_11' title='bbox 1322 419 1450 459; x_wconf 90' lang='lat' dir='ltr'><strong>esse</strong></span> <span class='ocrx_word' id='word_1_12' title='bbox 1481 418 1596 458; x_wconf 91' lang='lat' dir='ltr'><strong>non</strong></span> <span class='ocrx_word' id='word_1_13' title='bbox 1628 417 1820 473; x_wconf 81' lang='lat' dir='ltr'><strong>posse.</strong></span> <span class='ocrx_word' id='word_1_14' title='bbox 1856 402 1971 457; x_wconf 86' lang='lat' dir='ltr'><strong>[Ioc</strong></span> <span class='ocrx_word' id='word_1_15' title='bbox 2002 400 2156 457; x_wconf 88' lang='lat' dir='ltr'><strong>idem</strong></span> <span class='ocrx_word' id='word_1_16' title='bbox 2186 403 2238 469; x_wconf 83' lang='grc' dir='ltr'>Α</span> <span class='ocrx_word' id='word_1_17' title='bbox 2270 399 2463 456; x_wconf 88' lang='lat' dir='ltr'><strong>omnis</strong></span> <span class='ocrx_word' id='word_1_18' title='bbox 2482 398 2876 469; x_wconf 87' lang='lat' dir='ltr'><strong>homojustus</strong></span> <span class='ocrx_word' id='word_1_19' title='bbox 2899 402 3012 468; x_wconf 85' lang='lat' dir='ltr'><strong>est,</strong></span> <span class='ocrx_word' id='word_1_20' title='bbox 3033 415 3149 455; x_wconf 89' lang='lat' dir='ltr'><strong>non</strong></span> <span class='ocrx_word' id='word_1_21' title='bbox 3181 400 3372 456; x_wconf 87' lang='lat' dir='ltr'><strong>omnis</strong></span> <span class='ocrx_word' id='word_1_22' title='bbox 3388 399 3734 472; x_wconf 85' lang='lat' dir='ltr'><strong>homojustus</strong></span> <span class='ocrx_word' id='word_1_23' title='bbox 3751 412 3835 476; x_wconf 83' lang='lat' dir='ltr'><strong>est,</strong></span> 
     </span>
    </p>
   </div>
   <div class='ocr_carea' id='block_1_5' title="bbox 510 491 2159 565">
    <p class='ocr_par' dir='ltr' id='par_1_5' title="bbox 510 491 2159 565">
     <span class='ocr_line' id='line_1_5' title="bbox 510 491 2159 565; baseline -0.005 -13"><span class='ocrx_word' id='word_1_24' title='bbox 510 497 569 552; x_wconf 92' lang='lat' dir='ltr'><strong>in</strong></span> <span class='ocrx_word' id='word_1_25' title='bbox 586 496 905 551; x_wconf 84' lang='lat' dir='ltr'><strong>indefiuilis</strong></span> <span class='ocrx_word' id='word_1_26' title='bbox 924 492 1415 565; x_wconf 84' lang='lat' dir='ltr'><strong>propositionibus</strong></span> <span class='ocrx_word' id='word_1_27' title='bbox 1430 491 1882 563; x_wconf 75' lang='lat' dir='ltr'><strong>exspectandum</strong></span> <span class='ocrx_word' id='word_1_28' title='bbox 1899 495 2159 545; x_wconf 82' lang='lat' dir='ltr'><strong>est.Nam</strong></span> 
     </span>
    </p>
   </div>
   <div class='ocr_carea' id='block_1_6' title="bbox 513 580 2161 652">
    <p class='ocr_par' dir='ltr' id='par_1_6' title="bbox 513 580 2161 652">
     <span class='ocr_line' id='line_1_6' title="bbox 513 580 2161 652; baseline -0.004 -11"><span class='ocrx_word' id='word_1_29' title='bbox 513 589 780 641; x_wconf 86' lang='lat' dir='ltr'><strong>dividunt</strong></span> <span class='ocrx_word' id='word_1_30' title='bbox 803 586 953 638; x_wconf 90' lang='lat' dir='ltr'><strong>inter</strong></span> <span class='ocrx_word' id='word_1_31' title='bbox 985 600 1045 637; x_wconf 89' lang='lat' dir='ltr'><strong>se</strong></span> <span class='ocrx_word' id='word_1_32' title='bbox 1063 599 1260 637; x_wconf 89' lang='lat' dir='ltr'><strong>verum</strong></span> <span class='ocrx_word' id='word_1_33' title='bbox 1292 581 1643 652; x_wconf 71' lang='lat' dir='ltr'><strong>falsumque,</strong></span> <span class='ocrx_word' id='word_1_34' title='bbox 1669 585 1732 634; x_wconf 92' lang='lat' dir='ltr'><strong>ut</strong></span> <span class='ocrx_word' id='word_1_35' title='bbox 1763 581 1809 635; x_wconf 97' lang='lat' dir='ltr'><strong>si</strong></span> <span class='ocrx_word' id='word_1_36' title='bbox 1844 580 1975 649; x_wconf 84' lang='lat' dir='ltr'><strong>quis</strong></span> <span class='ocrx_word' id='word_1_37' title='bbox 2005 580 2161 634; x_wconf 80' lang='lat' dir='ltr'><strong>dicat</strong></span> 
     </span>
    </p>
   </div>
   <div class='ocr_carea' id='block_1_7' title="bbox 514 669 2159 744">
    <p class='ocr_par' dir='ltr' id='par_1_7' title="bbox 514 669 2159 744">
     <span class='ocr_line' id='line_1_7' title="bbox 514 669 2159 744; baseline -0.004 -14"><span class='ocrx_word' id='word_1_38' title='bbox 514 676 689 730; x_wconf 91' lang='lat' dir='ltr'><strong>homo</strong></span> <span class='ocrx_word' id='word_1_39' title='bbox 724 674 886 744; x_wconf 82' lang='lat' dir='ltr'><strong>bipes</strong></span> <span class='ocrx_word' id='word_1_40' title='bbox 941 678 1047 738; x_wconf 86' lang='lat' dir='ltr'><strong>est,</strong></span> <span class='ocrx_word' id='word_1_41' title='bbox 1108 688 1241 725; x_wconf 89' lang='lat' dir='ltr'><strong>vera</strong></span> <span class='ocrx_word' id='word_1_42' title='bbox 1284 678 1391 737; x_wconf 87' lang='lat' dir='ltr'><strong>est,</strong></span> <span class='ocrx_word' id='word_1_43' title='bbox 1440 671 1613 724; x_wconf 89' lang='lat' dir='ltr'><strong>homo</strong></span> <span class='ocrx_word' id='word_1_44' title='bbox 1665 669 1829 739; x_wconf 85' lang='lat' dir='ltr'><strong>bipes</strong></span> <span class='ocrx_word' id='word_1_45' title='bbox 1877 686 1990 724; x_wconf 92' lang='lat' dir='ltr'><strong>non</strong></span> <span class='ocrx_word' id='word_1_46' title='bbox 2051 673 2159 739; x_wconf 91' lang='lat' dir='ltr'><strong>est,</strong></span> 
     </span>
    </p>
   </div>
   <div class='ocr_carea' id='block_1_8' title="bbox 512 758 2160 830">
    <p class='ocr_par' dir='ltr' id='par_1_8' title="bbox 512 758 2160 830">
     <span class='ocr_line' id='line_1_8' title="bbox 512 758 2160 830; baseline -0.004 -11"><span class='ocrx_word' id='word_1_47' title='bbox 512 765 657 819; x_wconf 89' lang='lat' dir='ltr'><strong>falsa</strong></span> <span class='ocrx_word' id='word_1_48' title='bbox 687 767 795 830; x_wconf 91' lang='lat' dir='ltr'><strong>est,</strong></span> <span class='ocrx_word' id='word_1_49' title='bbox 830 768 887 815; x_wconf 90' lang='lat' dir='ltr'><strong>et</strong></span> <span class='ocrx_word' id='word_1_50' title='bbox 917 760 1053 814; x_wconf 88' lang='lat' dir='ltr'><strong>item</strong></span> <span class='ocrx_word' id='word_1_51' title='bbox 1090 760 1262 814; x_wconf 86' lang='lat' dir='ltr'><strong>homo</strong></span> <span class='ocrx_word' id='word_1_52' title='bbox 1309 761 1648 830; x_wconf 81' lang='lat' dir='ltr'><strong>quadrupes</strong></span> <span class='ocrx_word' id='word_1_53' title='bbox 1701 765 1809 825; x_wconf 91' lang='lat' dir='ltr'><strong>est,</strong></span> <span class='ocrx_word' id='word_1_54' title='bbox 1858 758 2002 813; x_wconf 77' lang='lat' dir='ltr'><strong>falsa</strong></span> <span class='ocrx_word' id='word_1_55' title='bbox 2050 763 2160 827; x_wconf 86' lang='lat' dir='ltr'><strong>est,</strong></span> 
     </span>
    </p>
   </div>
   <div class='ocr_carea' id='block_1_9' title="bbox 511 852 2161 920">
    <p class='ocr_par' dir='ltr' id='par_1_9' title="bbox 511 852 2161 920">
     <span class='ocr_line' id='line_1_9' title="bbox 511 852 2161 920; baseline -0.002 -14"><span class='ocrx_word' id='word_1_56' title='bbox 511 853 686 907; x_wconf 86' lang='lat' dir='ltr'><strong>homo</strong></span> <span class='ocrx_word' id='word_1_57' title='bbox 717 852 1055 920; x_wconf 82' lang='lat' dir='ltr'><strong>quadrupes</strong></span> <span class='ocrx_word' id='word_1_58' title='bbox 1115 866 1227 903; x_wconf 91' lang='lat' dir='ltr'><strong>non</strong></span> <span class='ocrx_word' id='word_1_59' title='bbox 1262 854 1371 911; x_wconf 83' lang='lat' dir='ltr'><strong>est,</strong></span> <span class='ocrx_word' id='word_1_60' title='bbox 1418 865 1553 902; x_wconf 90' lang='lat' dir='ltr'><strong>vera</strong></span> <span class='ocrx_word' id='word_1_61' title='bbox 1582 852 1707 914; x_wconf 91' lang='lat' dir='ltr'><strong>est;</strong></span> <span class='ocrx_word' id='word_1_62' title='bbox 1767 864 1917 903; x_wconf 65' lang='lat' dir='ltr'><strong>verae</strong></span> <span class='ocrx_word' id='word_1_63' title='bbox 1964 853 2161 903; x_wconf 88' lang='lat' dir='ltr'><strong>autem</strong></span> 
     </span>
    </p>
   </div>
   <div class='ocr_carea' id='block_1_10' title="bbox 513 937 2163 1008">
    <p class='ocr_par' dir='ltr' id='par_1_10' title="bbox 513 937 2163 1008">
     <span class='ocr_line' id='line_1_10' title="bbox 513 937 2163 1008; baseline -0.002 -13"><span class='ocrx_word' id='word_1_64' title='bbox 513 940 690 996; x_wconf 84' lang='lat' dir='ltr'><strong>simul</strong></span> <span class='ocrx_word' id='word_1_65' title='bbox 713 939 957 994; x_wconf 83' lang='lat' dir='ltr'><strong>inveniri</strong></span> <span class='ocrx_word' id='word_1_66' title='bbox 994 942 1261 1008; x_wconf 89' lang='lat' dir='ltr'><strong>possunt,</strong></span> <span class='ocrx_word' id='word_1_67' title='bbox 1283 946 1343 991; x_wconf 91' lang='lat' dir='ltr'><strong>ut</strong></span> <span class='ocrx_word' id='word_1_68' title='bbox 1365 937 1411 992; x_wconf 89' lang='lat' dir='ltr'><strong>si</strong></span> <span class='ocrx_word' id='word_1_69' title='bbox 1432 938 1565 1008; x_wconf 83' lang='lat' dir='ltr'><strong>quis</strong></span> <span class='ocrx_word' id='word_1_70' title='bbox 1589 938 1744 991; x_wconf 91' lang='lat' dir='ltr'><strong>dicat</strong></span> <span class='ocrx_word' id='word_1_71' title='bbox 1776 937 1947 992; x_wconf 87' lang='lat' dir='ltr'><strong>homo</strong></span> <span class='ocrx_word' id='word_1_72' title='bbox 1964 953 2163 1004; x_wconf 80' lang='lat' dir='ltr'><strong>gram-</strong></span> 
     </span>
    </p>
   </div>
   <div class='ocr_carea' id='block_1_11' title="bbox 513 1027 2159 1098">
    <p class='ocr_par' dir='ltr' id='par_1_11' title="bbox 513 1027 2159 1098">
     <span class='ocr_line' id='line_1_11' title="bbox 513 1027 2159 1098; baseline -0.002 -15"><span class='ocrx_word' id='word_1_73' title='bbox 513 1030 763 1085; x_wconf 79' lang='lat' dir='ltr'><strong>muticus</strong></span> <span class='ocrx_word' id='word_1_74' title='bbox 796 1033 906 1095; x_wconf 89' lang='lat' dir='ltr'><strong>est,</strong></span> <span class='ocrx_word' id='word_1_75' title='bbox 940 1028 987 1082; x_wconf 89' lang='lat' dir='ltr'><strong>si</strong></span> <span class='ocrx_word' id='word_1_76' title='bbox 1039 1028 1171 1098; x_wconf 89' lang='lat' dir='ltr'><strong>quis</strong></span> <span class='ocrx_word' id='word_1_77' title='bbox 1204 1027 1309 1081; x_wconf 90' lang='lat' dir='ltr'><strong>hoc</strong></span> <span class='ocrx_word' id='word_1_78' title='bbox 1358 1028 1516 1081; x_wconf 89' lang='lat' dir='ltr'><strong>dicat</strong></span> <span class='ocrx_word' id='word_1_79' title='bbox 1548 1027 1617 1080; x_wconf 92' lang='lat' dir='ltr'><strong>de</strong></span> <span class='ocrx_word' id='word_1_80' title='bbox 1671 1030 1915 1090; x_wconf 89' lang='lat' dir='ltr'><strong>Donato,</strong></span> <span class='ocrx_word' id='word_1_81' title='bbox 1959 1041 2159 1079; x_wconf 90' lang='lat' dir='ltr'><strong>verum</strong></span> 
     </span>
    </p>
   </div>
   <div class='ocr_carea' id='block_1_12' title="bbox 512 1114 2159 1188">
    <p class='ocr_par' dir='ltr' id='par_1_12' title="bbox 512 1114 2159 1188">
     <span class='ocr_line' id='line_1_12' title="bbox 512 1114 2159 1188; baseline -0.004 -14"><span class='ocrx_word' id='word_1_82' title='bbox 512 1126 617 1174; x_wconf 90' lang='lat' dir='ltr'><strong>est.</strong></span> <span class='ocrx_word' id='word_1_83' title='bbox 644 1120 783 1173; x_wconf 83' lang='lat' dir='ltr'><strong>Item</strong></span> <span class='ocrx_word' id='word_1_84' title='bbox 805 1119 975 1173; x_wconf 90' lang='lat' dir='ltr'><strong>homo</strong></span> <span class='ocrx_word' id='word_1_85' title='bbox 996 1117 1419 1188; x_wconf 86' lang='lat' dir='ltr'><strong>grammaticus</strong></span> <span class='ocrx_word' id='word_1_86' title='bbox 1444 1134 1557 1171; x_wconf 89' lang='lat' dir='ltr'><strong>non</strong></span> <span class='ocrx_word' id='word_1_87' title='bbox 1582 1120 1690 1181; x_wconf 86' lang='lat' dir='ltr'><strong>est,</strong></span> <span class='ocrx_word' id='word_1_88' title='bbox 1721 1117 1765 1170; x_wconf 91' lang='lat' dir='ltr'><strong>si</strong></span> <span class='ocrx_word' id='word_1_89' title='bbox 1792 1116 1925 1186; x_wconf 88' lang='lat' dir='ltr'><strong>quis</strong></span> <span class='ocrx_word' id='word_1_90' title='bbox 1949 1114 2057 1168; x_wconf 90' lang='lat' dir='ltr'><strong>hoc</strong></span> <span class='ocrx_word' id='word_1_91' title='bbox 2073 1115 2159 1168; x_wconf 89' lang='lat' dir='ltr'><strong>di-</strong></span> 
     </span>
    </p>
   </div>
   <div class='ocr_carea' id='block_1_13' title="bbox 511 1203 2161 1275">
    <p class='ocr_par' dir='ltr' id='par_1_13' title="bbox 511 1203 2161 1275">
     <span class='ocr_line' id='line_1_13' title="bbox 511 1203 2161 1275; baseline -0.004 -13"><span class='ocrx_word' id='word_1_92' title='bbox 511 1214 604 1262; x_wconf 91' lang='lat' dir='ltr'><strong>cat</strong></span> <span class='ocrx_word' id='word_1_93' title='bbox 636 1208 706 1262; x_wconf 89' lang='lat' dir='ltr'><strong>de</strong></span> <span class='ocrx_word' id='word_1_94' title='bbox 734 1211 966 1275; x_wconf 88' lang='lat' dir='ltr'><strong>Catone,</strong></span> <span class='ocrx_word' id='word_1_95' title='bbox 999 1223 1198 1261; x_wconf 88' lang='lat' dir='ltr'><strong>verum</strong></span> <span class='ocrx_word' id='word_1_96' title='bbox 1232 1210 1339 1274; x_wconf 89' lang='lat' dir='ltr'><strong>est,</strong></span> <span class='ocrx_word' id='word_1_97' title='bbox 1376 1210 1439 1259; x_wconf 93' lang='lat' dir='ltr'><strong>ut</strong></span> <span class='ocrx_word' id='word_1_98' title='bbox 1469 1205 1645 1260; x_wconf 88' lang='lat' dir='ltr'><strong>simul</strong></span> <span class='ocrx_word' id='word_1_99' title='bbox 1680 1203 1837 1259; x_wconf 70' lang='lat' dir='ltr'><strong>falsa:</strong></span> <span class='ocrx_word' id='word_1_100' title='bbox 1870 1204 1987 1257; x_wconf 90' lang='lat' dir='ltr'><strong>sint</strong></span> <span class='ocrx_word' id='word_1_101' title='bbox 2017 1220 2161 1257; x_wconf 86' lang='lat' dir='ltr'><strong>nun-</strong></span> 
     </span>
    </p>
   </div>
   <div class='ocr_carea' id='block_1_14' title="bbox 508 1292 2161 1367">
    <p class='ocr_par' dir='ltr' id='par_1_14' title="bbox 508 1292 2161 1367">
     <span class='ocr_line' id='line_1_14' title="bbox 508 1292 2161 1367; baseline -0.003 -16"><span class='ocrx_word' id='word_1_102' title='bbox 508 1313 685 1367; x_wconf 84' lang='lat' dir='ltr'><strong>quam</strong></span> <span class='ocrx_word' id='word_1_103' title='bbox 703 1292 2161 1367; x_wconf 64' lang='lat' dir='ltr'><strong>reperienusllincquoqueostenditurindeﬁnitas</strong></span> 
     </span>
    </p>
   </div>
   <div class='ocr_carea' id='block_1_15' title="bbox 511 1380 2161 1456">
    <p class='ocr_par' dir='ltr' id='par_1_15' title="bbox 511 1380 2161 1456">
     <span class='ocr_line' id='line_1_15' title="bbox 511 1380 2161 1456; baseline -0.004 -15"><span class='ocrx_word' id='word_1_104' title='bbox 511 1403 643 1441; x_wconf 92' lang='lat' dir='ltr'><strong>cum</strong></span> <span class='ocrx_word' id='word_1_105' title='bbox 680 1385 1131 1456; x_wconf 89' lang='lat' dir='ltr'><strong>particularibus</strong></span> <span class='ocrx_word' id='word_1_106' title='bbox 1181 1383 1390 1455; x_wconf 77' lang='lat' dir='ltr'><strong>aequali</strong></span> <span class='ocrx_word' id='word_1_107' title='bbox 1420 1400 1548 1438; x_wconf 83' lang='lat' dir='ltr'><strong>esse</strong></span> <span class='ocrx_word' id='word_1_108' title='bbox 1578 1382 1852 1454; x_wconf 90' lang='lat' dir='ltr'><strong>potentia.</strong></span> <span class='ocrx_word' id='word_1_109' title='bbox 1889 1380 2161 1452; x_wconf 84' lang='lat' dir='ltr'><strong>Amplius</strong></span> 
     </span>
    </p>
   </div>
   <div class='ocr_carea' id='block_1_16' title="bbox 512 1469 2159 1546">
    <p class='ocr_par' dir='ltr' id='par_1_16' title="bbox 512 1469 2159 1546">
     <span class='ocr_line' id='line_1_16' title="bbox 512 1469 2159 1546; baseline -0.003 -17"><span class='ocrx_word' id='word_1_110' title='bbox 512 1477 666 1546; x_wconf 84' lang='lat' dir='ltr'><strong>quod</strong></span> <span class='ocrx_word' id='word_1_111' title='bbox 689 1475 908 1530; x_wconf 89' lang='lat' dir='ltr'><strong>dictum</strong></span> <span class='ocrx_word' id='word_1_112' title='bbox 933 1480 1041 1539; x_wconf 87' lang='lat' dir='ltr'><strong>est,</strong></span> <span class='ocrx_word' id='word_1_113' title='bbox 1065 1474 1551 1543; x_wconf 91' lang='lat' dir='ltr'><strong>contrajacentes,</strong></span> <span class='ocrx_word' id='word_1_114' title='bbox 1579 1473 1633 1526; x_wconf 94' lang='lat' dir='ltr'><strong>id</strong></span> <span class='ocrx_word' id='word_1_115' title='bbox 1660 1477 1747 1527; x_wconf 91' lang='lat' dir='ltr'><strong>est</strong></span> <span class='ocrx_word' id='word_1_116' title='bbox 1772 1469 2159 1525; x_wconf 85' lang='lat' dir='ltr'><strong>universalein</strong></span> 
     </span>
    </p>
   </div>
   <div class='ocr_carea' id='block_1_17' title="bbox 507 1559 2158 1633">
    <p class='ocr_par' dir='ltr' id='par_1_17' title="bbox 507 1559 2158 1633">
     <span class='ocr_line' id='line_1_17' title="bbox 507 1559 2158 1633; baseline -0.003 -15"><span class='ocrx_word' id='word_1_117' title='bbox 507 1564 917 1619; x_wconf 53' lang='lat' dir='ltr'><strong>al‘ﬁrmativam</strong></span> <span class='ocrx_word' id='word_1_118' title='bbox 933 1568 989 1618; x_wconf 91' lang='lat' dir='ltr'><strong>et</strong></span> <span class='ocrx_word' id='word_1_119' title='bbox 1006 1562 1413 1633; x_wconf 88' lang='lat' dir='ltr'><strong>particularem</strong></span> <span class='ocrx_word' id='word_1_120' title='bbox 1434 1559 1787 1632; x_wconf 81' lang='lat' dir='ltr'><strong>negativam,</strong></span> <span class='ocrx_word' id='word_1_121' title='bbox 1803 1565 1859 1614; x_wconf 90' lang='lat' dir='ltr'><strong>et</strong></span> <span class='ocrx_word' id='word_1_122' title='bbox 1875 1562 2008 1613; x_wconf 86' lang='lat' dir='ltr'><strong>item</strong></span> <span class='ocrx_word' id='word_1_123' title='bbox 2028 1577 2059 1613; x_wconf 91' lang='lat' dir='ltr'><strong>u</strong></span> <span class='ocrx_word' id='word_1_124' title='bbox 2074 1559 2158 1613; x_wconf 89' lang='lat' dir='ltr'><strong>ni-</strong></span> 
     </span>
    </p>
   </div>
   <div class='ocr_carea' id='block_1_18' title="bbox 504 1649 2160 1721">
    <p class='ocr_par' dir='ltr' id='par_1_18' title="bbox 504 1649 2160 1721">
     <span class='ocr_line' id='line_1_18' title="bbox 504 1649 2160 1721; baseline -0.002 -15"><span class='ocrx_word' id='word_1_125' title='bbox 504 1652 789 1707; x_wconf 88' lang='lat' dir='ltr'><strong>versalem</strong></span> <span class='ocrx_word' id='word_1_126' title='bbox 809 1650 1135 1721; x_wconf 61' lang='lat' dir='ltr'><strong>negativam</strong></span> <span class='ocrx_word' id='word_1_127' title='bbox 1153 1656 1207 1703; x_wconf 89' lang='lat' dir='ltr'><strong>et</strong></span> <span class='ocrx_word' id='word_1_128' title='bbox 1225 1649 1626 1713; x_wconf 82' lang='lat' dir='ltr'><strong>particularem</strong></span> <span class='ocrx_word' id='word_1_129' title='bbox 1643 1649 2049 1702; x_wconf 78' lang='lat' dir='ltr'><strong>al&#39;ﬁrmativam</strong></span> <span class='ocrx_word' id='word_1_130' title='bbox 2071 1664 2160 1703; x_wconf 88' lang='lat' dir='ltr'><strong>ne-</strong></span> 
     </span>
    </p>
   </div>
   <div class='ocr_carea' id='block_1_19' title="bbox 510 1736 2159 1811">
    <p class='ocr_par' dir='ltr' id='par_1_19' title="bbox 510 1736 2159 1811">
     <span class='ocr_line' id='line_1_19' title="bbox 510 1736 2159 1811; baseline -0.004 -16"><span class='ocrx_word' id='word_1_131' title='bbox 510 1757 622 1811; x_wconf 90' lang='lat' dir='ltr'><strong>que</strong></span> <span class='ocrx_word' id='word_1_132' title='bbox 642 1757 803 1795; x_wconf 90' lang='lat' dir='ltr'><strong>veras</strong></span> <span class='ocrx_word' id='word_1_133' title='bbox 835 1740 1010 1795; x_wconf 89' lang='lat' dir='ltr'><strong>simul</strong></span> <span class='ocrx_word' id='word_1_134' title='bbox 1044 1755 1170 1794; x_wconf 89' lang='lat' dir='ltr'><strong>esse</strong></span> <span class='ocrx_word' id='word_1_135' title='bbox 1194 1755 1381 1809; x_wconf 90' lang='lat' dir='ltr'><strong>neque</strong></span> <span class='ocrx_word' id='word_1_136' title='bbox 1414 1737 1725 1801; x_wconf 78' lang='lat' dir='ltr'><strong>falsas,sed</strong></span> <span class='ocrx_word' id='word_1_137' title='bbox 1751 1737 1902 1791; x_wconf 91' lang='lat' dir='ltr'><strong>inter</strong></span> <span class='ocrx_word' id='word_1_138' title='bbox 1926 1754 1987 1791; x_wconf 92' lang='lat' dir='ltr'><strong>se</strong></span> <span class='ocrx_word' id='word_1_139' title='bbox 2010 1736 2159 1790; x_wconf 88' lang='lat' dir='ltr'><strong>divi-</strong></span> 
     </span>
    </p>
   </div>
   <div class='ocr_carea' id='block_1_20' title="bbox 509 1824 2165 1900">
    <p class='ocr_par' dir='ltr' id='par_1_20' title="bbox 509 1824 2165 1900">
     <span class='ocr_line' id='line_1_20' title="bbox 509 1824 2165 1900; baseline -0.004 -15"><span class='ocrx_word' id='word_1_140' title='bbox 509 1830 645 1885; x_wconf 85' lang='lat' dir='ltr'><strong>dere</strong></span> <span class='ocrx_word' id='word_1_141' title='bbox 672 1846 872 1883; x_wconf 89' lang='lat' dir='ltr'><strong>verum</strong></span> <span class='ocrx_word' id='word_1_142' title='bbox 898 1829 1249 1900; x_wconf 86' lang='lat' dir='ltr'><strong>falsumque,</strong></span> <span class='ocrx_word' id='word_1_143' title='bbox 1276 1828 1382 1883; x_wconf 88' lang='lat' dir='ltr'><strong>hoc</strong></span> <span class='ocrx_word' id='word_1_144' title='bbox 1409 1827 1563 1881; x_wconf 90' lang='lat' dir='ltr'><strong>idem</strong></span> <span class='ocrx_word' id='word_1_145' title='bbox 1595 1826 1787 1882; x_wconf 85' lang='lat' dir='ltr'><strong>evenit</strong></span> <span class='ocrx_word' id='word_1_146' title='bbox 1809 1826 1866 1880; x_wconf 91' lang='lat' dir='ltr'><strong>in</strong></span> <span class='ocrx_word' id='word_1_147' title='bbox 1891 1824 2165 1880; x_wconf 81' lang='lat' dir='ltr'><strong>indefini-</strong></span> 
     </span>
    </p>
   </div>
   <div class='ocr_carea' id='block_1_21' title="bbox 510 1914 2161 1985">
    <p class='ocr_par' dir='ltr' id='par_1_21' title="bbox 510 1914 2161 1985">
     <span class='ocr_line' id='line_1_21' title="bbox 510 1914 2161 1985; baseline -0.002 -14"><span class='ocrx_word' id='word_1_148' title='bbox 510 1918 605 1971; x_wconf 89' lang='lat' dir='ltr'><strong>tis.</strong></span> <span class='ocrx_word' id='word_1_149' title='bbox 640 1916 783 1971; x_wconf 84' lang='lat' dir='ltr'><strong>Nam</strong></span> <span class='ocrx_word' id='word_1_150' title='bbox 816 1916 1163 1972; x_wconf 83' lang='lat' dir='ltr'><strong>universalis</strong></span> <span class='ocrx_word' id='word_1_151' title='bbox 1194 1916 1545 1971; x_wconf 79' lang='lat' dir='ltr'><strong>atlirmativa</strong></span> <span class='ocrx_word' id='word_1_152' title='bbox 1571 1919 1627 1969; x_wconf 88' lang='lat' dir='ltr'><strong>et</strong></span> <span class='ocrx_word' id='word_1_153' title='bbox 1650 1914 1950 1969; x_wconf 83' lang='lat' dir='ltr'><strong>indetinita</strong></span> <span class='ocrx_word' id='word_1_154' title='bbox 1986 1930 2161 1985; x_wconf 83' lang='lat' dir='ltr'><strong>nega-</strong></span> 
     </span>
    </p>
   </div>
   <div class='ocr_carea' id='block_1_22' title="bbox 509 2002 2160 2076">
    <p class='ocr_par' dir='ltr' id='par_1_22' title="bbox 509 2002 2160 2076">
     <span class='ocr_line' id='line_1_22' title="bbox 509 2002 2160 2076; baseline -0.002 -16"><span class='ocrx_word' id='word_1_155' title='bbox 509 2006 646 2073; x_wconf 89' lang='lat' dir='ltr'><strong>tiva,</strong></span> <span class='ocrx_word' id='word_1_156' title='bbox 681 2011 765 2061; x_wconf 90' lang='lat' dir='ltr'><strong>vel</strong></span> <span class='ocrx_word' id='word_1_157' title='bbox 793 2005 1145 2060; x_wconf 82' lang='lat' dir='ltr'><strong>universalis</strong></span> <span class='ocrx_word' id='word_1_158' title='bbox 1180 2004 1445 2076; x_wconf 81' lang='lat' dir='ltr'><strong>negativa</strong></span> <span class='ocrx_word' id='word_1_159' title='bbox 1475 2008 1531 2059; x_wconf 89' lang='lat' dir='ltr'><strong>et</strong></span> <span class='ocrx_word' id='word_1_160' title='bbox 1564 2002 1870 2057; x_wconf 78' lang='lat' dir='ltr'><strong>indeﬁnite</strong></span> <span class='ocrx_word' id='word_1_161' title='bbox 1900 2002 2160 2057; x_wconf 81' lang='lat' dir='ltr'><strong>afﬁrma-</strong></span> 
     </span>
    </p>
   </div>
   <div class='ocr_carea' id='block_1_23' title="bbox 510 2088 2164 2165">
    <p class='ocr_par' dir='ltr' id='par_1_23' title="bbox 510 2088 2164 2165">
     <span class='ocr_line' id='line_1_23' title="bbox 510 2088 2164 2165; baseline -0.003 -15"><span class='ocrx_word' id='word_1_162' title='bbox 510 2095 647 2163; x_wconf 87' lang='lat' dir='ltr'><strong>tiva,</strong></span> <span class='ocrx_word' id='word_1_163' title='bbox 684 2111 871 2165; x_wconf 85' lang='lat' dir='ltr'><strong>neque</strong></span> <span class='ocrx_word' id='word_1_164' title='bbox 903 2112 1047 2149; x_wconf 71' lang='lat' dir='ltr'><strong>vera:</strong></span> <span class='ocrx_word' id='word_1_165' title='bbox 1080 2094 1257 2149; x_wconf 86' lang='lat' dir='ltr'><strong>simul</strong></span> <span class='ocrx_word' id='word_1_166' title='bbox 1290 2110 1418 2148; x_wconf 88' lang='lat' dir='ltr'><strong>esse</strong></span> <span class='ocrx_word' id='word_1_167' title='bbox 1452 2098 1724 2164; x_wconf 89' lang='lat' dir='ltr'><strong>possunt,</strong></span> <span class='ocrx_word' id='word_1_168' title='bbox 1758 2108 1947 2162; x_wconf 90' lang='lat' dir='ltr'><strong>neque</strong></span> <span class='ocrx_word' id='word_1_169' title='bbox 1984 2088 2164 2146; x_wconf 89' lang='lat' dir='ltr'><strong>simul</strong></span> 
     </span>
    </p>
   </div>
   <div class='ocr_carea' id='block_1_24' title="bbox 511 2180 2160 2251">
    <p class='ocr_par' dir='ltr' id='par_1_24' title="bbox 511 2180 2160 2251">
     <span class='ocr_line' id='line_1_24' title="bbox 511 2180 2160 2251; baseline -0.003 -12"><span class='ocrx_word' id='word_1_170' title='bbox 511 2185 692 2241; x_wconf 62' lang='lat' dir='ltr'><strong>falsis.</strong></span> <span class='ocrx_word' id='word_1_171' title='bbox 727 2185 1082 2239; x_wconf 90' lang='lat' dir='ltr'><strong>Dividuntur</strong></span> <span class='ocrx_word' id='word_1_172' title='bbox 1102 2190 1295 2237; x_wconf 79' lang='lat' dir='ltr'><strong>autem</strong></span> <span class='ocrx_word' id='word_1_173' title='bbox 1322 2182 1473 2236; x_wconf 88' lang='lat' dir='ltr'><strong>inter</strong></span> <span class='ocrx_word' id='word_1_174' title='bbox 1496 2198 1557 2236; x_wconf 88' lang='lat' dir='ltr'><strong>se</strong></span> <span class='ocrx_word' id='word_1_175' title='bbox 1574 2198 1775 2236; x_wconf 92' lang='lat' dir='ltr'><strong>verum</strong></span> <span class='ocrx_word' id='word_1_176' title='bbox 1795 2180 2160 2251; x_wconf 81' lang='lat' dir='ltr'><strong>falsumque:</strong></span> 
     </span>
    </p>
   </div>
   <div class='ocr_carea' id='block_1_25' title="bbox 512 2270 2165 2341">
    <p class='ocr_par' dir='ltr' id='par_1_25' title="bbox 512 2270 2165 2341">
     <span class='ocr_line' id='line_1_25' title="bbox 512 2270 2165 2341; baseline -0.003 -14"><span class='ocrx_word' id='word_1_177' title='bbox 512 2290 648 2327; x_wconf 89' lang='lat' dir='ltr'><strong>nam</strong></span> <span class='ocrx_word' id='word_1_178' title='bbox 684 2274 730 2328; x_wconf 94' lang='lat' dir='ltr'><strong>si</strong></span> <span class='ocrx_word' id='word_1_179' title='bbox 783 2273 1017 2338; x_wconf 87' lang='lat' dir='ltr'><strong>dixeris,</strong></span> <span class='ocrx_word' id='word_1_180' title='bbox 1043 2271 1233 2325; x_wconf 78' lang='lat' dir='ltr'><strong>omnis</strong></span> <span class='ocrx_word' id='word_1_181' title='bbox 1264 2270 1432 2325; x_wconf 88' lang='lat' dir='ltr'><strong>homo</strong></span> <span class='ocrx_word' id='word_1_182' title='bbox 1464 2270 1629 2341; x_wconf 89' lang='lat' dir='ltr'><strong>bipes</strong></span> <span class='ocrx_word' id='word_1_183' title='bbox 1660 2274 1773 2336; x_wconf 87' lang='lat' dir='ltr'><strong>est,</strong></span> <span class='ocrx_word' id='word_1_184' title='bbox 1803 2285 1937 2323; x_wconf 91' lang='lat' dir='ltr'><strong>vera</strong></span> <span class='ocrx_word' id='word_1_185' title='bbox 1966 2272 2073 2335; x_wconf 90' lang='lat' dir='ltr'><strong>est,</strong></span> <span class='ocrx_word' id='word_1_186' title='bbox 2107 2271 2165 2323; x_wconf 90' lang='lat' dir='ltr'><strong>et</strong></span> 
     </span>
    </p>
   </div>
   <div class='ocr_carea' id='block_1_26' title="bbox 511 2356 2164 2430">
    <p class='ocr_par' dir='ltr' id='par_1_26' title="bbox 511 2356 2164 2430">
     <span class='ocr_line' id='line_1_26' title="bbox 511 2356 2164 2430; baseline -0.004 -14"><span class='ocrx_word' id='word_1_187' title='bbox 511 2362 559 2416; x_wconf 89' lang='lat' dir='ltr'><strong>si</strong></span> <span class='ocrx_word' id='word_1_188' title='bbox 584 2361 743 2416; x_wconf 89' lang='lat' dir='ltr'><strong>dicas</strong></span> <span class='ocrx_word' id='word_1_189' title='bbox 757 2361 930 2416; x_wconf 91' lang='lat' dir='ltr'><strong>homo</strong></span> <span class='ocrx_word' id='word_1_190' title='bbox 956 2361 1116 2430; x_wconf 86' lang='lat' dir='ltr'><strong>bipes</strong></span> <span class='ocrx_word' id='word_1_191' title='bbox 1143 2375 1254 2413; x_wconf 92' lang='lat' dir='ltr'><strong>non</strong></span> <span class='ocrx_word' id='word_1_192' title='bbox 1276 2366 1386 2427; x_wconf 90' lang='lat' dir='ltr'><strong>est,</strong></span> <span class='ocrx_word' id='word_1_193' title='bbox 1414 2357 1560 2413; x_wconf 78' lang='lat' dir='ltr'><strong>falsa</strong></span> <span class='ocrx_word' id='word_1_194' title='bbox 1585 2364 1693 2413; x_wconf 90' lang='lat' dir='ltr'><strong>est.</strong></span> <span class='ocrx_word' id='word_1_195' title='bbox 1714 2358 1855 2412; x_wconf 84' lang='lat' dir='ltr'><strong>Item</strong></span> <span class='ocrx_word' id='word_1_196' title='bbox 1877 2357 1925 2412; x_wconf 89' lang='lat' dir='ltr'><strong>si</strong></span> <span class='ocrx_word' id='word_1_197' title='bbox 1948 2356 2164 2412; x_wconf 86' lang='lat' dir='ltr'><strong>dixeris</strong></span> 
     </span>
    </p>
   </div>
   <div class='ocr_carea' id='block_1_27' title="bbox 510 2445 2164 2522">
    <p class='ocr_par' dir='ltr' id='par_1_27' title="bbox 510 2445 2164 2522">
     <span class='ocr_line' id='line_1_27' title="bbox 510 2445 2164 2522; baseline -0.002 -17"><span class='ocrx_word' id='word_1_198' title='bbox 510 2450 686 2506; x_wconf 87' lang='lat' dir='ltr'><strong>homo</strong></span> <span class='ocrx_word' id='word_1_199' title='bbox 719 2451 1055 2522; x_wconf 87' lang='lat' dir='ltr'><strong>quadrupes</strong></span> <span class='ocrx_word' id='word_1_200' title='bbox 1101 2453 1210 2514; x_wconf 86' lang='lat' dir='ltr'><strong>est,</strong></span> <span class='ocrx_word' id='word_1_201' title='bbox 1248 2448 1394 2502; x_wconf 88' lang='lat' dir='ltr'><strong>falsa</strong></span> <span class='ocrx_word' id='word_1_202' title='bbox 1443 2452 1550 2517; x_wconf 90' lang='lat' dir='ltr'><strong>est,</strong></span> <span class='ocrx_word' id='word_1_203' title='bbox 1603 2448 1649 2502; x_wconf 89' lang='lat' dir='ltr'><strong>si</strong></span> <span class='ocrx_word' id='word_1_204' title='bbox 1684 2446 1924 2513; x_wconf 79' lang='lat' dir='ltr'><strong>dixeris,</strong></span> <span class='ocrx_word' id='word_1_205' title='bbox 1966 2445 2164 2501; x_wconf 88' lang='lat' dir='ltr'><strong>nullus</strong></span> 
     </span>
    </p>
   </div>
   <div class='ocr_carea' id='block_1_28' title="bbox 509 2534 2165 2610">
    <p class='ocr_par' dir='ltr' id='par_1_28' title="bbox 509 2534 2165 2610">
     <span class='ocr_line' id='line_1_28' title="bbox 509 2534 2165 2610; baseline -0.004 -15"><span class='ocrx_word' id='word_1_206' title='bbox 509 2539 685 2595; x_wconf 91' lang='lat' dir='ltr'><strong>homo</strong></span> <span class='ocrx_word' id='word_1_207' title='bbox 709 2540 1043 2610; x_wconf 87' lang='lat' dir='ltr'><strong>quadrupes</strong></span> <span class='ocrx_word' id='word_1_208' title='bbox 1068 2541 1453 2607; x_wconf 89' lang='lat' dir='ltr'><strong>est,veraest:</strong></span> <span class='ocrx_word' id='word_1_209' title='bbox 1483 2536 1634 2591; x_wconf 89' lang='lat' dir='ltr'><strong>unde</strong></span> <span class='ocrx_word' id='word_1_210' title='bbox 1650 2536 1785 2591; x_wconf 90' lang='lat' dir='ltr'><strong>hinc</strong></span> <span class='ocrx_word' id='word_1_211' title='bbox 1800 2534 2165 2607; x_wconf 86' lang='lat' dir='ltr'><strong>quoquecol-</strong></span> 
     </span>
    </p>
   </div>
   <div class='ocr_carea' id='block_1_29' title="bbox 510 2625 2165 2701">
    <p class='ocr_par' dir='ltr' id='par_1_29' title="bbox 510 2625 2165 2701">
     <span class='ocr_line' id='line_1_29' title="bbox 510 2625 2165 2701; baseline -0.004 -17"><span class='ocrx_word' id='word_1_212' title='bbox 510 2631 690 2701; x_wconf 87' lang='lat' dir='ltr'><strong>ligere</strong></span> <span class='ocrx_word' id='word_1_213' title='bbox 710 2628 842 2683; x_wconf 91' lang='lat' dir='ltr'><strong>licet</strong></span> <span class='ocrx_word' id='word_1_214' title='bbox 875 2627 1430 2683; x_wconf 81' lang='lat' dir='ltr'><strong>omnesindeﬁnitas</strong></span> <span class='ocrx_word' id='word_1_215' title='bbox 1454 2629 1740 2697; x_wconf 85' lang='lat' dir='ltr'><strong>potestate</strong></span> <span class='ocrx_word' id='word_1_216' title='bbox 1763 2630 1818 2679; x_wconf 93' lang='lat' dir='ltr'><strong>et</strong></span> <span class='ocrx_word' id='word_1_217' title='bbox 1839 2628 1889 2679; x_wconf 87' lang='lat' dir='ltr'><strong>vi</strong></span> <span class='ocrx_word' id='word_1_218' title='bbox 1915 2625 2165 2694; x_wconf 69' lang='lat' dir='ltr'><strong>aequales</strong></span> 
     </span>
    </p>
   </div>
   <div class='ocr_carea' id='block_1_30' title="bbox 508 2713 2165 2789">
    <p class='ocr_par' dir='ltr' id='par_1_30' title="bbox 508 2713 2165 2789">
     <span class='ocr_line' id='line_1_30' title="bbox 508 2713 2165 2789; baseline -0.003 -16"><span class='ocrx_word' id='word_1_219' title='bbox 508 2735 638 2773; x_wconf 87' lang='lat' dir='ltr'><strong>esse</strong></span> <span class='ocrx_word' id='word_1_220' title='bbox 670 2716 1127 2789; x_wconf 90' lang='lat' dir='ltr'><strong>particularibus</strong></span> <span class='ocrx_word' id='word_1_221' title='bbox 1157 2717 1305 2771; x_wconf 88' lang='lat' dir='ltr'><strong>Sunt</strong></span> <span class='ocrx_word' id='word_1_222' title='bbox 1331 2714 1505 2769; x_wconf 90' lang='lat' dir='ltr'><strong>etiam</strong></span> <span class='ocrx_word' id='word_1_223' title='bbox 1528 2715 1797 2786; x_wconf 63' lang='lat' dir='ltr'><strong>quer-dam</strong></span> <span class='ocrx_word' id='word_1_224' title='bbox 1821 2713 2165 2784; x_wconf 87' lang='lat' dir='ltr'><strong>propositio-</strong></span> 
     </span>
    </p>
   </div>
   <div class='ocr_carea' id='block_1_31' title="bbox 509 2801 2162 2878">
    <p class='ocr_par' dir='ltr' id='par_1_31' title="bbox 509 2801 2162 2878">
     <span class='ocr_line' id='line_1_31' title="bbox 509 2801 2162 2878; baseline -0.004 -17"><span class='ocrx_word' id='word_1_225' title='bbox 509 2824 615 2861; x_wconf 88' lang='lat' dir='ltr'><strong>nes</strong></span> <span class='ocrx_word' id='word_1_226' title='bbox 646 2824 771 2878; x_wconf 73' lang='lat' dir='ltr'><strong>qua:</strong></span> <span class='ocrx_word' id='word_1_227' title='bbox 791 2806 1059 2860; x_wconf 87' lang='lat' dir='ltr'><strong>dividunt</strong></span> <span class='ocrx_word' id='word_1_228' title='bbox 1082 2805 1319 2875; x_wconf 88' lang='lat' dir='ltr'><strong>quidem</strong></span> <span class='ocrx_word' id='word_1_229' title='bbox 1355 2808 1410 2857; x_wconf 91' lang='lat' dir='ltr'><strong>et</strong></span> <span class='ocrx_word' id='word_1_230' title='bbox 1437 2804 1576 2874; x_wconf 62' lang='lat' dir='ltr'><strong>ipsa;</strong></span> <span class='ocrx_word' id='word_1_231' title='bbox 1607 2820 1806 2857; x_wconf 90' lang='lat' dir='ltr'><strong>verum</strong></span> <span class='ocrx_word' id='word_1_232' title='bbox 1841 2807 1897 2856; x_wconf 90' lang='lat' dir='ltr'><strong>et</strong></span> <span class='ocrx_word' id='word_1_233' title='bbox 1930 2801 2162 2856; x_wconf 73' lang='lat' dir='ltr'><strong>falsum.</strong></span> 
     </span>
    </p>
   </div>
   <div class='ocr_carea' id='block_1_32' title="bbox 507 2890 2165 2961">
    <p class='ocr_par' dir='ltr' id='par_1_32' title="bbox 507 2890 2165 2961">
     <span class='ocr_line' id='line_1_32' title="bbox 507 2890 2165 2961; baseline -0.003 -11"><span class='ocrx_word' id='word_1_234' title='bbox 507 2905 568 2949; x_wconf 87' lang='lat' dir='ltr'><strong>ut</strong></span> <span class='ocrx_word' id='word_1_235' title='bbox 600 2896 752 2950; x_wconf 91' lang='lat' dir='ltr'><strong>Deus</strong></span> <span class='ocrx_word' id='word_1_236' title='bbox 782 2895 1078 2961; x_wconf 78' lang='lat' dir='ltr'><strong>fulminat,</strong></span> <span class='ocrx_word' id='word_1_237' title='bbox 1111 2894 1264 2949; x_wconf 91' lang='lat' dir='ltr'><strong>Deus</strong></span> <span class='ocrx_word' id='word_1_238' title='bbox 1290 2910 1400 2947; x_wconf 91' lang='lat' dir='ltr'><strong>non</strong></span> <span class='ocrx_word' id='word_1_239' title='bbox 1430 2891 1723 2946; x_wconf 78' lang='lat' dir='ltr'><strong>fulminat.</strong></span> <span class='ocrx_word' id='word_1_240' title='bbox 1746 2892 1851 2945; x_wconf 90' lang='lat' dir='ltr'><strong>Sed</strong></span> <span class='ocrx_word' id='word_1_241' title='bbox 1878 2890 2001 2945; x_wconf 72' lang='lat' dir='ltr'><strong>ista:</strong></span> <span class='ocrx_word' id='word_1_242' title='bbox 2024 2895 2165 2945; x_wconf 90' lang='lat' dir='ltr'><strong>tunc</strong></span> 
     </span>
    </p>
   </div>
   <div class='ocr_carea' id='block_1_33' title="bbox 505 2980 2163 3050">
    <p class='ocr_par' dir='ltr' id='par_1_33' title="bbox 505 2980 2163 3050">
     <span class='ocr_line' id='line_1_33' title="bbox 505 2980 2163 3050; baseline -0.002 -12"><span class='ocrx_word' id='word_1_243' title='bbox 505 2986 778 3039; x_wconf 90' lang='lat' dir='ltr'><strong>dividunt</strong></span> <span class='ocrx_word' id='word_1_244' title='bbox 796 2986 945 3039; x_wconf 87' lang='lat' dir='ltr'><strong>inter</strong></span> <span class='ocrx_word' id='word_1_245' title='bbox 967 3002 1027 3038; x_wconf 88' lang='lat' dir='ltr'><strong>se</strong></span> <span class='ocrx_word' id='word_1_246' title='bbox 1042 3001 1241 3038; x_wconf 89' lang='lat' dir='ltr'><strong>verum</strong></span> <span class='ocrx_word' id='word_1_247' title='bbox 1259 2990 1316 3037; x_wconf 89' lang='lat' dir='ltr'><strong>et</strong></span> <span class='ocrx_word' id='word_1_248' title='bbox 1333 2982 1569 3046; x_wconf 83' lang='lat' dir='ltr'><strong>falsum,</strong></span> <span class='ocrx_word' id='word_1_249' title='bbox 1586 2998 1720 3035; x_wconf 91' lang='lat' dir='ltr'><strong>cum</strong></span> <span class='ocrx_word' id='word_1_250' title='bbox 1739 2980 1890 3034; x_wconf 90' lang='lat' dir='ltr'><strong>idem</strong></span> <span class='ocrx_word' id='word_1_251' title='bbox 1908 2986 2163 3050; x_wconf 83' lang='lat' dir='ltr'><strong>tempus,</strong></span> 
     </span>
    </p>
   </div>
   <div class='ocr_carea' id='block_1_34' title="bbox 506 3069 2162 3144">
    <p class='ocr_par' dir='ltr' id='par_1_34' title="bbox 506 3069 2162 3144">
     <span class='ocr_line' id='line_1_34' title="bbox 506 3069 2162 3144; baseline -0.004 -16"><span class='ocrx_word' id='word_1_252' title='bbox 506 3074 659 3129; x_wconf 91' lang='lat' dir='ltr'><strong>idem</strong></span> <span class='ocrx_word' id='word_1_253' title='bbox 681 3073 1035 3144; x_wconf 85' lang='lat' dir='ltr'><strong>subjectum,</strong></span> <span class='ocrx_word' id='word_1_254' title='bbox 1062 3074 1215 3128; x_wconf 84' lang='lat' dir='ltr'><strong>idem</strong></span> <span class='ocrx_word' id='word_1_255' title='bbox 1248 3072 1623 3143; x_wconf 64' lang='lat' dir='ltr'><strong>praedicatum</strong></span> <span class='ocrx_word' id='word_1_256' title='bbox 1655 3071 1750 3125; x_wconf 88' lang='lat' dir='ltr'><strong>sit.</strong></span> <span class='ocrx_word' id='word_1_257' title='bbox 1779 3069 1940 3133; x_wconf 88' lang='lat' dir='ltr'><strong>Quod</strong></span> <span class='ocrx_word' id='word_1_258' title='bbox 1966 3074 2162 3123; x_wconf 83' lang='lat' dir='ltr'><strong>autem</strong></span> 
     </span>
    </p>
   </div>
   <div class='ocr_carea' id='block_1_35' title="bbox 2270 485 3835 558">
    <p class='ocr_par' dir='ltr' id='par_1_35' title="bbox 2270 485 3835 558">
     <span class='ocr_line' id='line_1_35' title="bbox 2270 485 3835 558; baseline 0.002 -16"><span class='ocrx_word' id='word_1_259' title='bbox 2270 492 2327 542; x_wconf 89' lang='lat' dir='ltr'><strong>et</strong></span> <span class='ocrx_word' id='word_1_260' title='bbox 2356 504 2565 541; x_wconf 89' lang='lat' dir='ltr'><strong>rursus</strong></span> <span class='ocrx_word' id='word_1_261' title='bbox 2599 485 2796 541; x_wconf 89' lang='lat' dir='ltr'><strong>nullus</strong></span> <span class='ocrx_word' id='word_1_262' title='bbox 2831 486 2999 542; x_wconf 87' lang='lat' dir='ltr'><strong>homo</strong></span> <span class='ocrx_word' id='word_1_263' title='bbox 3023 486 3226 556; x_wconf 90' lang='lat' dir='ltr'><strong>justus</strong></span> <span class='ocrx_word' id='word_1_264' title='bbox 3256 489 3363 552; x_wconf 88' lang='lat' dir='ltr'><strong>est,</strong></span> <span class='ocrx_word' id='word_1_265' title='bbox 3390 491 3442 541; x_wconf 90' lang='lat' dir='ltr'><strong>et</strong></span> <span class='ocrx_word' id='word_1_266' title='bbox 3472 487 3682 558; x_wconf 90' lang='lat' dir='ltr'><strong>quidam</strong></span> <span class='ocrx_word' id='word_1_267' title='bbox 3702 489 3835 545; x_wconf 86' lang='lat' dir='ltr'><strong>homo</strong></span> 
     </span>
    </p>
   </div>
   <div class='ocr_carea' id='block_1_36' title="bbox 2262 575 3837 646">
    <p class='ocr_par' dir='ltr' id='par_1_36' title="bbox 2262 575 3837 646">
     <span class='ocr_line' id='line_1_36' title="bbox 2262 575 3837 646; baseline 0.001 -17"><span class='ocrx_word' id='word_1_268' title='bbox 2262 577 2463 646; x_wconf 89' lang='lat' dir='ltr'><strong>justus</strong></span> <span class='ocrx_word' id='word_1_269' title='bbox 2482 582 2590 643; x_wconf 89' lang='lat' dir='ltr'><strong>est,</strong></span> <span class='ocrx_word' id='word_1_270' title='bbox 2612 575 2669 629; x_wconf 94' lang='lat' dir='ltr'><strong>in</strong></span> <span class='ocrx_word' id='word_1_271' title='bbox 2690 576 2781 631; x_wconf 88' lang='lat' dir='ltr'><strong>his</strong></span> <span class='ocrx_word' id='word_1_272' title='bbox 2799 578 2952 630; x_wconf 90' lang='lat' dir='ltr'><strong>enim</strong></span> <span class='ocrx_word' id='word_1_273' title='bbox 2978 575 3324 631; x_wconf 87' lang='lat' dir='ltr'><strong>universalis</strong></span> <span class='ocrx_word' id='word_1_274' title='bbox 3338 575 3837 634; x_wconf 86' lang='lat' dir='ltr'><strong>determinatiotolli-</strong></span> 
     </span>
    </p>
   </div>
   <div class='ocr_carea' id='block_1_37' title="bbox 2270 664 3839 738">
    <p class='ocr_par' dir='ltr' id='par_1_37' title="bbox 2270 664 3839 738">
     <span class='ocr_line' id='line_1_37' title="bbox 2270 664 3839 738; baseline 0.003 -19"><span class='ocrx_word' id='word_1_275' title='bbox 2270 668 2389 733; x_wconf 88' lang='lat' dir='ltr'><strong>tur,</strong></span> <span class='ocrx_word' id='word_1_276' title='bbox 2414 666 2511 721; x_wconf 90' lang='lat' dir='ltr'><strong>sed</strong></span> <span class='ocrx_word' id='word_1_277' title='bbox 2547 666 2618 719; x_wconf 90' lang='lat' dir='ltr'><strong>de</strong></span> <span class='ocrx_word' id='word_1_278' title='bbox 2650 664 2739 719; x_wconf 88' lang='lat' dir='ltr'><strong>his</strong></span> <span class='ocrx_word' id='word_1_279' title='bbox 2772 664 2935 720; x_wconf 88' lang='lat' dir='ltr'><strong>alias.</strong></span> <span class='ocrx_word' id='word_1_280' title='bbox 2975 666 3334 738; x_wconf 86' lang='lat' dir='ltr'><strong>thuoniam</strong></span> <span class='ocrx_word' id='word_1_281' title='bbox 3378 665 3583 720; x_wconf 87' lang='lat' dir='ltr'><strong>dictum</strong></span> <span class='ocrx_word' id='word_1_282' title='bbox 3606 668 3755 722; x_wconf 75' lang='lat' dir='ltr'><strong>estde</strong></span> <span class='ocrx_word' id='word_1_283' title='bbox 3772 669 3839 723; x_wconf 84' lang='lat' dir='ltr'><strong>his</strong></span> 
     </span>
    </p>
   </div>
   <div class='ocr_carea' id='block_1_38' title="bbox 2270 754 3840 826">
    <p class='ocr_par' dir='ltr' id='par_1_38' title="bbox 2270 754 3840 826">
     <span class='ocr_line' id='line_1_38' title="bbox 2270 754 3840 826; baseline 0.003 -19"><span class='ocrx_word' id='word_1_284' title='bbox 2270 770 2398 825; x_wconf 72' lang='lat' dir='ltr'><strong>qua:</strong></span> <span class='ocrx_word' id='word_1_285' title='bbox 2426 755 2627 809; x_wconf 90' lang='lat' dir='ltr'><strong>eodem</strong></span> <span class='ocrx_word' id='word_1_286' title='bbox 2654 754 2856 809; x_wconf 89' lang='lat' dir='ltr'><strong>ordine</strong></span> <span class='ocrx_word' id='word_1_287' title='bbox 2874 755 3247 826; x_wconf 87' lang='lat' dir='ltr'><strong>participant,</strong></span> <span class='ocrx_word' id='word_1_288' title='bbox 3272 756 3529 810; x_wconf 62' lang='lat' dir='ltr'><strong>dicamus</strong></span> <span class='ocrx_word' id='word_1_289' title='bbox 3548 772 3683 810; x_wconf 88' lang='lat' dir='ltr'><strong>nunc</strong></span> <span class='ocrx_word' id='word_1_290' title='bbox 3701 759 3757 811; x_wconf 89' lang='lat' dir='ltr'><strong>de</strong></span> <span class='ocrx_word' id='word_1_291' title='bbox 3774 756 3840 813; x_wconf 84' lang='lat' dir='ltr'><strong>his</strong></span> 
     </span>
    </p>
   </div>
   <div class='ocr_carea' id='block_1_39' title="bbox 2270 844 3843 917">
    <p class='ocr_par' dir='ltr' id='par_1_39' title="bbox 2270 844 3843 917">
     <span class='ocr_line' id='line_1_39' title="bbox 2270 844 3843 917; baseline 0.001 -19"><span class='ocrx_word' id='word_1_292' title='bbox 2270 859 2395 914; x_wconf 73' lang='lat' dir='ltr'><strong>quae</strong></span> <span class='ocrx_word' id='word_1_293' title='bbox 2427 845 2651 900; x_wconf 86' lang='lat' dir='ltr'><strong>ordinis</strong></span> <span class='ocrx_word' id='word_1_294' title='bbox 2673 844 3131 899; x_wconf 78' lang='lat' dir='ltr'><strong>commutatione</strong></span> <span class='ocrx_word' id='word_1_295' title='bbox 3156 844 3714 916; x_wconf 86' lang='lat' dir='ltr'><strong>participant.Harum</strong></span> <span class='ocrx_word' id='word_1_296' title='bbox 3735 863 3843 917; x_wconf 89' lang='lat' dir='ltr'><strong>quo-</strong></span> 
     </span>
    </p>
   </div>
   <div class='ocr_carea' id='block_1_40' title="bbox 2270 934 3847 1005">
    <p class='ocr_par' dir='ltr' id='par_1_40' title="bbox 2270 934 3847 1005">
     <span class='ocr_line' id='line_1_40' title="bbox 2270 934 3847 1005; baseline 0.002 -17"><span class='ocrx_word' id='word_1_297' title='bbox 2270 949 2383 1004; x_wconf 87' lang='lat' dir='ltr'><strong>que</strong></span> <span class='ocrx_word' id='word_1_298' title='bbox 2417 934 2883 1005; x_wconf 86' lang='lat' dir='ltr'><strong>propositionum</strong></span> <span class='ocrx_word' id='word_1_299' title='bbox 2912 950 3037 1005; x_wconf 63' lang='lat' dir='ltr'><strong>quae</strong></span> <span class='ocrx_word' id='word_1_300' title='bbox 3060 935 3130 988; x_wconf 90' lang='lat' dir='ltr'><strong>ad</strong></span> <span class='ocrx_word' id='word_1_301' title='bbox 3156 934 3652 988; x_wconf 88' lang='lat' dir='ltr'><strong>commutationem</strong></span> <span class='ocrx_word' id='word_1_302' title='bbox 3673 936 3847 991; x_wconf 85' lang='lat' dir='ltr'><strong>ordinis</strong></span> 
     </span>
    </p>
   </div>
   <div class='ocr_carea' id='block_1_41' title="bbox 2269 1022 3846 1095">
    <p class='ocr_par' dir='ltr' id='par_1_41' title="bbox 2269 1022 3846 1095">
     <span class='ocr_line' id='line_1_41' title="bbox 2269 1022 3846 1095; baseline 0.001 -18"><span class='ocrx_word' id='word_1_303' title='bbox 2269 1026 2626 1094; x_wconf 87' lang='lat' dir='ltr'><strong>participant</strong></span> <span class='ocrx_word' id='word_1_304' title='bbox 2648 1022 2861 1095; x_wconf 82' lang='lat' dir='ltr'><strong>duplex</strong></span> <span class='ocrx_word' id='word_1_305' title='bbox 2878 1024 3084 1078; x_wconf 91' lang='lat' dir='ltr'><strong>modus</strong></span> <span class='ocrx_word' id='word_1_306' title='bbox 3116 1028 3225 1077; x_wconf 88' lang='lat' dir='ltr'><strong>est.</strong></span> <span class='ocrx_word' id='word_1_307' title='bbox 3251 1023 3352 1077; x_wconf 80' lang='lat' dir='ltr'><strong>Est</strong></span> <span class='ocrx_word' id='word_1_308' title='bbox 3382 1022 3531 1077; x_wconf 84' lang='lat' dir='ltr'><strong>enim</strong></span> <span class='ocrx_word' id='word_1_309' title='bbox 3559 1040 3648 1094; x_wconf 86' lang='lat' dir='ltr'><strong>per</strong></span> <span class='ocrx_word' id='word_1_310' title='bbox 3664 1030 3846 1078; x_wconf 85' lang='lat' dir='ltr'><strong>contra-</strong></span> 
     </span>
    </p>
   </div>
   <div class='ocr_carea' id='block_1_42' title="bbox 2271 1112 3847 1183">
    <p class='ocr_par' dir='ltr' id='par_1_42' title="bbox 2271 1112 3847 1183">
     <span class='ocr_line' id='line_1_42' title="bbox 2271 1112 3847 1183; baseline -0.001 -16"><span class='ocrx_word' id='word_1_311' title='bbox 2271 1112 2620 1183; x_wconf 88' lang='lat' dir='ltr'><strong>positionem</strong></span> <span class='ocrx_word' id='word_1_312' title='bbox 2646 1114 2967 1180; x_wconf 84' lang='lat' dir='ltr'><strong>conversio,</strong></span> <span class='ocrx_word' id='word_1_313' title='bbox 2998 1118 3063 1167; x_wconf 90' lang='lat' dir='ltr'><strong>ut</strong></span> <span class='ocrx_word' id='word_1_314' title='bbox 3085 1112 3133 1167; x_wconf 90' lang='lat' dir='ltr'><strong>si</strong></span> <span class='ocrx_word' id='word_1_315' title='bbox 3159 1112 3341 1177; x_wconf 91' lang='lat' dir='ltr'><strong>dicas,</strong></span> <span class='ocrx_word' id='word_1_316' title='bbox 3365 1113 3550 1167; x_wconf 89' lang='lat' dir='ltr'><strong>omnis</strong></span> <span class='ocrx_word' id='word_1_317' title='bbox 3578 1112 3726 1166; x_wconf 89' lang='lat' dir='ltr'><strong>homo</strong></span> <span class='ocrx_word' id='word_1_318' title='bbox 3754 1113 3847 1166; x_wconf 81' lang='lat' dir='ltr'><strong>ani-</strong></span> 
     </span>
    </p>
   </div>
   <div class='ocr_carea' id='block_1_43' title="bbox 2269 1200 3849 1272">
    <p class='ocr_par' dir='ltr' id='par_1_43' title="bbox 2269 1200 3849 1272">
     <span class='ocr_line' id='line_1_43' title="bbox 2269 1200 3849 1272; baseline -0.001 -15"><span class='ocrx_word' id='word_1_319' title='bbox 2269 1201 2384 1257; x_wconf 86' lang='lat' dir='ltr'><strong>mal</strong></span> <span class='ocrx_word' id='word_1_320' title='bbox 2407 1208 2516 1269; x_wconf 91' lang='lat' dir='ltr'><strong>est,</strong></span> <span class='ocrx_word' id='word_1_321' title='bbox 2536 1219 2709 1258; x_wconf 91' lang='lat' dir='ltr'><strong>omne</strong></span> <span class='ocrx_word' id='word_1_322' title='bbox 2740 1219 2855 1258; x_wconf 88' lang='lat' dir='ltr'><strong>non</strong></span> <span class='ocrx_word' id='word_1_323' title='bbox 2887 1200 3100 1258; x_wconf 78' lang='lat' dir='ltr'><strong>animal</strong></span> <span class='ocrx_word' id='word_1_324' title='bbox 3135 1219 3251 1257; x_wconf 91' lang='lat' dir='ltr'><strong>non</strong></span> <span class='ocrx_word' id='word_1_325' title='bbox 3284 1202 3456 1256; x_wconf 89' lang='lat' dir='ltr'><strong>homo</strong></span> <span class='ocrx_word' id='word_1_326' title='bbox 3488 1206 3571 1256; x_wconf 89' lang='lat' dir='ltr'><strong>est</strong></span> <span class='ocrx_word' id='word_1_327' title='bbox 3601 1219 3613 1267; x_wconf 91' lang='lat'><strong>;</strong></span> <span class='ocrx_word' id='word_1_328' title='bbox 3653 1202 3849 1272; x_wconf 83' lang='lat' dir='ltr'><strong>simplex</strong></span> 
     </span>
    </p>
   </div>
   <div class='ocr_carea' id='block_1_44' title="bbox 2268 1289 3850 1359">
    <p class='ocr_par' dir='ltr' id='par_1_44' title="bbox 2268 1289 3850 1359">
     <span class='ocr_line' id='line_1_44' title="bbox 2268 1289 3850 1359; baseline -0.002 -12"><span class='ocrx_word' id='word_1_329' title='bbox 2268 1291 2571 1347; x_wconf 88' lang='lat' dir='ltr'><strong>conversio</strong></span> <span class='ocrx_word' id='word_1_330' title='bbox 2621 1297 2730 1355; x_wconf 89' lang='lat' dir='ltr'><strong>est,</strong></span> <span class='ocrx_word' id='word_1_331' title='bbox 2759 1297 2824 1346; x_wconf 90' lang='lat' dir='ltr'><strong>ut</strong></span> <span class='ocrx_word' id='word_1_332' title='bbox 2854 1292 2901 1347; x_wconf 91' lang='lat' dir='ltr'><strong>si</strong></span> <span class='ocrx_word' id='word_1_333' title='bbox 2936 1293 3119 1359; x_wconf 86' lang='lat' dir='ltr'><strong>dicas,</strong></span> <span class='ocrx_word' id='word_1_334' title='bbox 3151 1291 3340 1347; x_wconf 88' lang='lat' dir='ltr'><strong>omnis</strong></span> <span class='ocrx_word' id='word_1_335' title='bbox 3382 1290 3551 1345; x_wconf 91' lang='lat' dir='ltr'><strong>homo</strong></span> <span class='ocrx_word' id='word_1_336' title='bbox 3580 1289 3785 1355; x_wconf 83' lang='lat' dir='ltr'><strong>risibile,</strong></span> <span class='ocrx_word' id='word_1_337' title='bbox 3808 1298 3850 1344; x_wconf 90' lang='lat' dir='ltr'><strong>et</strong></span> 
     </span>
    </p>
   </div>
   <div class='ocr_carea' id='block_1_45' title="bbox 2268 1379 3849 1447">
    <p class='ocr_par' dir='ltr' id='par_1_45' title="bbox 2268 1379 3849 1447">
     <span class='ocr_line' id='line_1_45' title="bbox 2268 1379 3849 1447; baseline -0.001 -12"><span class='ocrx_word' id='word_1_338' title='bbox 2268 1385 2593 1447; x_wconf 87' lang='lat' dir='ltr'><strong>convertas,</strong></span> <span class='ocrx_word' id='word_1_339' title='bbox 2626 1380 3048 1446; x_wconf 66' lang='lat' dir='ltr'><strong>omnefrisibile</strong></span> <span class='ocrx_word' id='word_1_340' title='bbox 3074 1380 3248 1436; x_wconf 89' lang='lat' dir='ltr'><strong>homo</strong></span> <span class='ocrx_word' id='word_1_341' title='bbox 3277 1381 3411 1436; x_wconf 86' lang='lat' dir='ltr'><strong>:sed</strong></span> <span class='ocrx_word' id='word_1_342' title='bbox 3432 1381 3488 1435; x_wconf 89' lang='lat' dir='ltr'><strong>in</strong></span> <span class='ocrx_word' id='word_1_343' title='bbox 3516 1379 3849 1435; x_wconf 87' lang='lat' dir='ltr'><strong>illistermino-</strong></span> 
     </span>
    </p>
   </div>
   <div class='ocr_carea' id='block_1_46' title="bbox 2268 1469 3849 1539">
    <p class='ocr_par' dir='ltr' id='par_1_46' title="bbox 2268 1469 3849 1539">
     <span class='ocr_line' id='line_1_46' title="bbox 2268 1469 3849 1539; baseline -0.003 -14"><span class='ocrx_word' id='word_1_344' title='bbox 2268 1487 2398 1525; x_wconf 89' lang='lat' dir='ltr'><strong>rum</strong></span> <span class='ocrx_word' id='word_1_345' title='bbox 2422 1475 2652 1525; x_wconf 87' lang='lat' dir='ltr'><strong>tantum</strong></span> <span class='ocrx_word' id='word_1_346' title='bbox 2672 1471 3049 1525; x_wconf 85' lang='lat' dir='ltr'><strong>commulatio</strong></span> <span class='ocrx_word' id='word_1_347' title='bbox 3069 1470 3502 1526; x_wconf 86' lang='lat' dir='ltr'><strong>conversionem</strong></span> <span class='ocrx_word' id='word_1_348' title='bbox 3529 1469 3734 1535; x_wconf 78' lang='lat' dir='ltr'><strong>facit,in</strong></span> <span class='ocrx_word' id='word_1_349' title='bbox 3753 1471 3849 1539; x_wconf 88' lang='lat' dir='ltr'><strong>qui-</strong></span> 
     </span>
    </p>
   </div>
   <div class='ocr_carea' id='block_1_47' title="bbox 2268 1559 3849 1631">
    <p class='ocr_par' dir='ltr' id='par_1_47' title="bbox 2268 1559 3849 1631">
     <span class='ocr_line' id='line_1_47' title="bbox 2268 1559 3849 1631; baseline -0.001 -18"><span class='ocrx_word' id='word_1_350' title='bbox 2268 1559 2378 1613; x_wconf 91' lang='lat' dir='ltr'><strong>bus</strong></span> <span class='ocrx_word' id='word_1_351' title='bbox 2420 1576 2607 1631; x_wconf 89' lang='lat' dir='ltr'><strong>neque</strong></span> <span class='ocrx_word' id='word_1_352' title='bbox 2639 1560 2982 1630; x_wconf 66' lang='lat' dir='ltr'><strong>praedictum</strong></span> <span class='ocrx_word' id='word_1_353' title='bbox 3036 1560 3321 1629; x_wconf 90' lang='lat' dir='ltr'><strong>subjecto,</strong></span> <span class='ocrx_word' id='word_1_354' title='bbox 3371 1575 3555 1630; x_wconf 90' lang='lat' dir='ltr'><strong>neque</strong></span> <span class='ocrx_word' id='word_1_355' title='bbox 3580 1559 3849 1628; x_wconf 84' lang='lat' dir='ltr'><strong>subjectum</strong></span> 
     </span>
    </p>
   </div>
   <div class='ocr_carea' id='block_1_48' title="bbox 2270 1647 3850 1719">
    <p class='ocr_par' dir='ltr' id='par_1_48' title="bbox 2270 1647 3850 1719">
     <span class='ocr_line' id='line_1_48' title="bbox 2270 1647 3850 1719; baseline -0.001 -18"><span class='ocrx_word' id='word_1_356' title='bbox 2270 1648 2578 1719; x_wconf 70' lang='lat' dir='ltr'><strong>praedicato</strong></span> <span class='ocrx_word' id='word_1_357' title='bbox 2616 1648 2896 1702; x_wconf 89' lang='lat' dir='ltr'><strong>abundat.</strong></span> <span class='ocrx_word' id='word_1_358' title='bbox 2935 1647 2995 1701; x_wconf 91' lang='lat' dir='ltr'><strong>In</strong></span> <span class='ocrx_word' id='word_1_359' title='bbox 3030 1647 3136 1701; x_wconf 87' lang='lat' dir='ltr'><strong>hac</strong></span> <span class='ocrx_word' id='word_1_360' title='bbox 3167 1647 3320 1702; x_wconf 91' lang='lat' dir='ltr'><strong>enim</strong></span> <span class='ocrx_word' id='word_1_361' title='bbox 3358 1648 3731 1719; x_wconf 77' lang='lat' dir='ltr'><strong>propositione</strong></span> <span class='ocrx_word' id='word_1_362' title='bbox 3757 1664 3850 1717; x_wconf 70' lang='lat' dir='ltr'><strong>qua</strong></span> 
     </span>
    </p>
   </div>
   <div class='ocr_carea' id='block_1_49' title="bbox 2268 1734 3854 1807">
    <p class='ocr_par' dir='ltr' id='par_1_49' title="bbox 2268 1734 3854 1807">
     <span class='ocr_line' id='line_1_49' title="bbox 2268 1734 3854 1807; baseline -0.001 -18"><span class='ocrx_word' id='word_1_363' title='bbox 2268 1737 2639 1803; x_wconf 89' lang='lat' dir='ltr'><strong>dicit,omnis</strong></span> <span class='ocrx_word' id='word_1_364' title='bbox 2662 1735 2835 1791; x_wconf 91' lang='lat' dir='ltr'><strong>homo</strong></span> <span class='ocrx_word' id='word_1_365' title='bbox 2852 1736 3092 1804; x_wconf 88' lang='lat' dir='ltr'><strong>risibile,</strong></span> <span class='ocrx_word' id='word_1_366' title='bbox 3111 1736 3645 1807; x_wconf 40' lang='lat' dir='ltr'><strong>homolsubjectum,</strong></span> <span class='ocrx_word' id='word_1_367' title='bbox 3677 1734 3854 1790; x_wconf 77' lang='lat' dir='ltr'><strong>risibile</strong></span> 
     </span>
    </p>
   </div>
   <div class='ocr_carea' id='block_1_50' title="bbox 2270 1824 3852 1898">
    <p class='ocr_par' dir='ltr' id='par_1_50' title="bbox 2270 1824 3852 1898">
     <span class='ocr_line' id='line_1_50' title="bbox 2270 1824 3852 1898; baseline -0.001 -19"><span class='ocrx_word' id='word_1_368' title='bbox 2270 1826 2669 1898; x_wconf 66' lang='lat' dir='ltr'><strong>praedicatum,</strong></span> <span class='ocrx_word' id='word_1_369' title='bbox 2703 1842 2930 1897; x_wconf 69' lang='lat' dir='ltr'><strong>aequam</strong></span> <span class='ocrx_word' id='word_1_370' title='bbox 2976 1824 3090 1879; x_wconf 89' lang='lat' dir='ltr'><strong>vim</strong></span> <span class='ocrx_word' id='word_1_371' title='bbox 3137 1824 3332 1888; x_wconf 87' lang='lat' dir='ltr'><strong>habet,</strong></span> <span class='ocrx_word' id='word_1_372' title='bbox 3385 1831 3442 1881; x_wconf 91' lang='lat' dir='ltr'><strong>et</strong></span> <span class='ocrx_word' id='word_1_373' title='bbox 3485 1825 3607 1879; x_wconf 88' lang='lat' dir='ltr'><strong>ideo</strong></span> <span class='ocrx_word' id='word_1_374' title='bbox 3649 1824 3852 1880; x_wconf 82' lang='lat' dir='ltr'><strong>converti</strong></span> 
     </span>
    </p>
   </div>
   <div class='ocr_carea' id='block_1_51' title="bbox 2268 1913 3850 1986">
    <p class='ocr_par' dir='ltr' id='par_1_51' title="bbox 2268 1913 3850 1986">
     <span class='ocr_line' id='line_1_51' title="bbox 2268 1913 3850 1986; baseline -0.001 -18"><span class='ocrx_word' id='word_1_375' title='bbox 2268 1916 2456 1985; x_wconf 88' lang='lat' dir='ltr'><strong>potest</strong></span> <span class='ocrx_word' id='word_1_376' title='bbox 2476 1919 2537 1967; x_wconf 92' lang='lat' dir='ltr'><strong>ut</strong></span> <span class='ocrx_word' id='word_1_377' title='bbox 2560 1913 2606 1968; x_wconf 92' lang='lat' dir='ltr'><strong>si</strong></span> <span class='ocrx_word' id='word_1_378' title='bbox 2634 1914 2855 1969; x_wconf 90' lang='lat' dir='ltr'><strong>risibile</strong></span> <span class='ocrx_word' id='word_1_379' title='bbox 2877 1915 3210 1985; x_wconf 89' lang='lat' dir='ltr'><strong>subjectum</strong></span> <span class='ocrx_word' id='word_1_380' title='bbox 3234 1919 3291 1969; x_wconf 89' lang='lat' dir='ltr'><strong>et</strong></span> <span class='ocrx_word' id='word_1_381' title='bbox 3312 1913 3485 1970; x_wconf 89' lang='lat' dir='ltr'><strong>homo</strong></span> <span class='ocrx_word' id='word_1_382' title='bbox 3510 1914 3850 1986; x_wconf 73' lang='lat' dir='ltr'><strong>praedicatum,</strong></span> 
     </span>
    </p>
   </div>
   <div class='ocr_carea' id='block_1_52' title="bbox 2268 2002 3851 2074">
    <p class='ocr_par' dir='ltr' id='par_1_52' title="bbox 2268 2002 3851 2074">
     <span class='ocr_line' id='line_1_52' title="bbox 2268 2002 3851 2074; baseline 0 -18"><span class='ocrx_word' id='word_1_383' title='bbox 2268 2007 2323 2056; x_wconf 89' lang='lat' dir='ltr'><strong>et</strong></span> <span class='ocrx_word' id='word_1_384' title='bbox 2355 2002 2584 2056; x_wconf 87' lang='lat' dir='ltr'><strong>dicatur</strong></span> <span class='ocrx_word' id='word_1_385' title='bbox 2605 2019 2778 2058; x_wconf 91' lang='lat' dir='ltr'><strong>omne</strong></span> <span class='ocrx_word' id='word_1_386' title='bbox 2802 2002 3020 2059; x_wconf 90' lang='lat' dir='ltr'><strong>risibile</strong></span> <span class='ocrx_word' id='word_1_387' title='bbox 3044 2002 3236 2057; x_wconf 91' lang='lat' dir='ltr'><strong>homo.</strong></span> <span class='ocrx_word' id='word_1_388' title='bbox 3262 2002 3325 2058; x_wconf 90' lang='lat' dir='ltr'><strong>In</strong></span> <span class='ocrx_word' id='word_1_389' title='bbox 3367 2004 3580 2074; x_wconf 87' lang='lat' dir='ltr'><strong>quibus</strong></span> <span class='ocrx_word' id='word_1_390' title='bbox 3599 2019 3715 2057; x_wconf 90' lang='lat' dir='ltr'><strong>vero</strong></span> <span class='ocrx_word' id='word_1_391' title='bbox 3735 2018 3851 2056; x_wconf 85' lang='lat' dir='ltr'><strong>unus</strong></span> 
     </span>
    </p>
   </div>
   <div class='ocr_carea' id='block_1_53' title="bbox 2266 2090 3851 2163">
    <p class='ocr_par' dir='ltr' id='par_1_53' title="bbox 2266 2090 3851 2163">
     <span class='ocr_line' id='line_1_53' title="bbox 2266 2090 3851 2163; baseline -0.001 -19"><span class='ocrx_word' id='word_1_392' title='bbox 2266 2091 2557 2145; x_wconf 88' lang='lat' dir='ltr'><strong>terminus</strong></span> <span class='ocrx_word' id='word_1_393' title='bbox 2588 2090 2701 2146; x_wconf 91' lang='lat' dir='ltr'><strong>alio</strong></span> <span class='ocrx_word' id='word_1_394' title='bbox 2732 2091 3135 2161; x_wconf 86' lang='lat' dir='ltr'><strong>abundaverit,</strong></span> <span class='ocrx_word' id='word_1_395' title='bbox 3155 2093 3409 2147; x_wconf 86' lang='lat' dir='ltr'><strong>converti</strong></span> <span class='ocrx_word' id='word_1_396' title='bbox 3445 2091 3741 2163; x_wconf 85' lang='lat' dir='ltr'><strong>propositio</strong></span> <span class='ocrx_word' id='word_1_397' title='bbox 3769 2106 3851 2145; x_wconf 88' lang='lat' dir='ltr'><strong>non</strong></span> 
     </span>
    </p>
   </div>
   <div class='ocr_carea' id='block_1_54' title="bbox 2268 2180 3855 2251">
    <p class='ocr_par' dir='ltr' id='par_1_54' title="bbox 2268 2180 3855 2251">
     <span class='ocr_line' id='line_1_54' title="bbox 2268 2180 3855 2251; baseline -0.001 -16"><span class='ocrx_word' id='word_1_398' title='bbox 2268 2184 2475 2251; x_wconf 87' lang='lat' dir='ltr'><strong>potest.</strong></span> <span class='ocrx_word' id='word_1_399' title='bbox 2498 2180 2645 2235; x_wconf 86' lang='lat' dir='ltr'><strong>Nam</strong></span> <span class='ocrx_word' id='word_1_400' title='bbox 2676 2180 2724 2235; x_wconf 91' lang='lat' dir='ltr'><strong>si</strong></span> <span class='ocrx_word' id='word_1_401' title='bbox 2758 2180 2940 2247; x_wconf 87' lang='lat' dir='ltr'><strong>dicas,</strong></span> <span class='ocrx_word' id='word_1_402' title='bbox 2976 2181 3167 2235; x_wconf 90' lang='lat' dir='ltr'><strong>omnis</strong></span> <span class='ocrx_word' id='word_1_403' title='bbox 3202 2181 3381 2236; x_wconf 90' lang='lat' dir='ltr'><strong>homo</strong></span> <span class='ocrx_word' id='word_1_404' title='bbox 3408 2180 3619 2236; x_wconf 88' lang='lat' dir='ltr'><strong>animal</strong></span> <span class='ocrx_word' id='word_1_405' title='bbox 3639 2185 3735 2245; x_wconf 88' lang='lat' dir='ltr'><strong>est,</strong></span> <span class='ocrx_word' id='word_1_406' title='bbox 3756 2196 3855 2233; x_wconf 82' lang='lat' dir='ltr'><strong>vere</strong></span> 
     </span>
    </p>
   </div>
   <div class='ocr_carea' id='block_1_55' title="bbox 2267 2268 3854 2341">
    <p class='ocr_par' dir='ltr' id='par_1_55' title="bbox 2267 2268 3854 2341">
     <span class='ocr_line' id='line_1_55' title="bbox 2267 2268 3854 2341; baseline -0.003 -16"><span class='ocrx_word' id='word_1_407' title='bbox 2267 2274 2356 2325; x_wconf 88' lang='lat' dir='ltr'><strong>est</strong></span> <span class='ocrx_word' id='word_1_408' title='bbox 2384 2289 2397 2337; x_wconf 88' lang='lat'><strong>;</strong></span> <span class='ocrx_word' id='word_1_409' title='bbox 2436 2285 2549 2324; x_wconf 92' lang='lat' dir='ltr'><strong>non</strong></span> <span class='ocrx_word' id='word_1_410' title='bbox 2583 2275 2773 2324; x_wconf 82' lang='lat' dir='ltr'><strong>tamen</strong></span> <span class='ocrx_word' id='word_1_411' title='bbox 2807 2274 2995 2341; x_wconf 88' lang='lat' dir='ltr'><strong>potest</strong></span> <span class='ocrx_word' id='word_1_412' title='bbox 3021 2268 3145 2324; x_wconf 81' lang='lat' dir='ltr'><strong>ﬁeri</strong></span> <span class='ocrx_word' id='word_1_413' title='bbox 3178 2276 3243 2325; x_wconf 92' lang='lat' dir='ltr'><strong>ut</strong></span> <span class='ocrx_word' id='word_1_414' title='bbox 3264 2286 3545 2325; x_wconf 89' lang='lat' dir='ltr'><strong>conversa</strong></span> <span class='ocrx_word' id='word_1_415' title='bbox 3567 2268 3674 2324; x_wconf 68' lang='lat' dir='ltr'><strong>haec</strong></span> <span class='ocrx_word' id='word_1_416' title='bbox 3695 2285 3854 2340; x_wconf 89' lang='lat' dir='ltr'><strong>pr0po-</strong></span> 
     </span>
    </p>
   </div>
   <div class='ocr_carea' id='block_1_56' title="bbox 2268 2358 3852 2416">
    <p class='ocr_par' dir='ltr' id='par_1_56' title="bbox 2268 2358 3852 2416">
     <span class='ocr_line' id='line_1_56' title="bbox 2268 2358 3852 2416; baseline -0.003 -3"><span class='ocrx_word' id='word_1_417' title='bbox 2268 2358 2402 2413; x_wconf 88' lang='lat' dir='ltr'><strong>sitio</strong></span> <span class='ocrx_word' id='word_1_418' title='bbox 2425 2358 2691 2414; x_wconf 87' lang='lat' dir='ltr'><strong>terminis</strong></span> <span class='ocrx_word' id='word_1_419' title='bbox 2713 2360 3089 2414; x_wconf 89' lang='lat' dir='ltr'><strong>commutatis</strong></span> <span class='ocrx_word' id='word_1_420' title='bbox 3112 2375 3243 2414; x_wconf 87' lang='lat' dir='ltr'><strong>vera</strong></span> <span class='ocrx_word' id='word_1_421' title='bbox 3268 2359 3349 2415; x_wconf 90' lang='lat' dir='ltr'><strong>sit</strong></span> <span class='ocrx_word' id='word_1_422' title='bbox 3374 2378 3387 2416; x_wconf 90' lang='lat'><strong>:</strong></span> <span class='ocrx_word' id='word_1_423' title='bbox 3408 2360 3615 2415; x_wconf 84' lang='lat' dir='ltr'><strong>falsum</strong></span> <span class='ocrx_word' id='word_1_424' title='bbox 3638 2363 3716 2413; x_wconf 88' lang='lat' dir='ltr'><strong>est</strong></span> <span class='ocrx_word' id='word_1_425' title='bbox 3738 2358 3852 2412; x_wconf 87' lang='lat' dir='ltr'><strong>enim</strong></span> 
     </span>
    </p>
   </div>
   <div class='ocr_carea' id='block_1_57' title="bbox 2269 2448 3858 2517">
    <p class='ocr_par' dir='ltr' id='par_1_57' title="bbox 2269 2448 3858 2517">
     <span class='ocr_line' id='line_1_57' title="bbox 2269 2448 3858 2517; baseline -0.004 -12"><span class='ocrx_word' id='word_1_426' title='bbox 2269 2450 2481 2517; x_wconf 87' lang='lat' dir='ltr'><strong>dicere,</strong></span> <span class='ocrx_word' id='word_1_427' title='bbox 2514 2468 2688 2507; x_wconf 89' lang='lat' dir='ltr'><strong>omne</strong></span> <span class='ocrx_word' id='word_1_428' title='bbox 2710 2449 2925 2505; x_wconf 88' lang='lat' dir='ltr'><strong>animal</strong></span> <span class='ocrx_word' id='word_1_429' title='bbox 2958 2451 3130 2505; x_wconf 86' lang='lat' dir='ltr'><strong>homo</strong></span> <span class='ocrx_word' id='word_1_430' title='bbox 3150 2455 3257 2506; x_wconf 87' lang='lat' dir='ltr'><strong>est.</strong></span> <span class='ocrx_word' id='word_1_431' title='bbox 3286 2450 3398 2506; x_wconf 88' lang='lat' dir='ltr'><strong>Sed</strong></span> <span class='ocrx_word' id='word_1_432' title='bbox 3428 2450 3532 2506; x_wconf 90' lang='lat' dir='ltr'><strong>hoc</strong></span> <span class='ocrx_word' id='word_1_433' title='bbox 3558 2467 3653 2505; x_wconf 90' lang='lat' dir='ltr'><strong>cur</strong></span> <span class='ocrx_word' id='word_1_434' title='bbox 3674 2448 3858 2504; x_wconf 76' lang='lat' dir='ltr'><strong>evenit!</strong></span> 
     </span>
    </p>
   </div>
   <div class='ocr_carea' id='block_1_58' title="bbox 2269 2535 3855 2611">
    <p class='ocr_par' dir='ltr' id='par_1_58' title="bbox 2269 2535 3855 2611">
     <span class='ocr_line' id='line_1_58' title="bbox 2269 2535 3855 2611; baseline -0.003 -17"><span class='ocrx_word' id='word_1_435' title='bbox 2269 2538 2406 2611; x_wconf 91' lang='lat' dir='ltr'><strong>quia</strong></span> <span class='ocrx_word' id='word_1_436' title='bbox 2438 2540 2673 2595; x_wconf 86' lang='lat' dir='ltr'><strong>homine</strong></span> <span class='ocrx_word' id='word_1_437' title='bbox 2703 2536 2921 2595; x_wconf 87' lang='lat' dir='ltr'><strong>animal</strong></span> <span class='ocrx_word' id='word_1_438' title='bbox 2961 2540 3242 2595; x_wconf 88' lang='lat' dir='ltr'><strong>abundat.</strong></span> <span class='ocrx_word' id='word_1_439' title='bbox 3285 2539 3396 2595; x_wconf 90' lang='lat' dir='ltr'><strong>Illa</strong></span> <span class='ocrx_word' id='word_1_440' title='bbox 3434 2556 3562 2594; x_wconf 89' lang='lat' dir='ltr'><strong>vero</strong></span> <span class='ocrx_word' id='word_1_441' title='bbox 3594 2535 3855 2601; x_wconf 83' lang='lat' dir='ltr'><strong>conversio,</strong></span> 
     </span>
    </p>
   </div>
   <div class='ocr_carea' id='block_1_59' title="bbox 2269 2625 3857 2701">
    <p class='ocr_par' dir='ltr' id='par_1_59' title="bbox 2269 2625 3857 2701">
     <span class='ocr_line' id='line_1_59' title="bbox 2269 2625 3857 2701; baseline -0.004 -18"><span class='ocrx_word' id='word_1_442' title='bbox 2269 2646 2397 2701; x_wconf 75' lang='lat' dir='ltr'><strong>quae</strong></span> <span class='ocrx_word' id='word_1_443' title='bbox 2433 2646 2533 2700; x_wconf 91' lang='lat' dir='ltr'><strong>per</strong></span> <span class='ocrx_word' id='word_1_444' title='bbox 2564 2628 3115 2699; x_wconf 88' lang='lat' dir='ltr'><strong>contrapositionem</strong></span> <span class='ocrx_word' id='word_1_445' title='bbox 3150 2627 3216 2683; x_wconf 83' lang='lat' dir='ltr'><strong>ﬁt</strong></span> <span class='ocrx_word' id='word_1_446' title='bbox 3247 2628 3357 2683; x_wconf 85' lang='lat' dir='ltr'><strong>hoc</strong></span> <span class='ocrx_word' id='word_1_447' title='bbox 3393 2629 3561 2684; x_wconf 93' lang='lat' dir='ltr'><strong>modo</strong></span> <span class='ocrx_word' id='word_1_448' title='bbox 3594 2627 3653 2681; x_wconf 86' lang='lat' dir='ltr'><strong>ﬁt</strong></span> <span class='ocrx_word' id='word_1_449' title='bbox 3674 2625 3857 2697; x_wconf 86' lang='lat' dir='ltr'><strong>quoties</strong></span> 
     </span>
    </p>
   </div>
   <div class='ocr_carea' id='block_1_60' title="bbox 2267 2716 3859 2787">
    <p class='ocr_par' dir='ltr' id='par_1_60' title="bbox 2267 2716 3859 2787">
     <span class='ocr_line' id='line_1_60' title="bbox 2267 2716 3859 2787; baseline -0.004 -14"><span class='ocrx_word' id='word_1_450' title='bbox 2267 2717 2325 2773; x_wconf 91' lang='lat' dir='ltr'><strong>in</strong></span> <span class='ocrx_word' id='word_1_451' title='bbox 2360 2718 2705 2773; x_wconf 83' lang='lat' dir='ltr'><strong>aflirmaliva</strong></span> <span class='ocrx_word' id='word_1_452' title='bbox 2736 2718 3068 2787; x_wconf 85' lang='lat' dir='ltr'><strong>subjectum</strong></span> <span class='ocrx_word' id='word_1_453' title='bbox 3105 2718 3300 2785; x_wconf 81' lang='lat' dir='ltr'><strong>fuerit,</strong></span> <span class='ocrx_word' id='word_1_454' title='bbox 3352 2718 3502 2772; x_wconf 90' lang='lat' dir='ltr'><strong>idem</strong></span> <span class='ocrx_word' id='word_1_455' title='bbox 3537 2721 3791 2771; x_wconf 84' lang='lat' dir='ltr'><strong>mutatum</strong></span> <span class='ocrx_word' id='word_1_456' title='bbox 3818 2716 3859 2766; x_wconf 87' lang='lat' dir='ltr'><strong>et</strong></span> 
     </span>
    </p>
   </div>
   <div class='ocr_carea' id='block_1_61' title="bbox 2268 2802 3857 2878">
    <p class='ocr_par' dir='ltr' id='par_1_61' title="bbox 2268 2802 3857 2878">
     <span class='ocr_line' id='line_1_61' title="bbox 2268 2802 3857 2878; baseline -0.003 -18"><span class='ocrx_word' id='word_1_457' title='bbox 2268 2808 2483 2862; x_wconf 87' lang='lat' dir='ltr'><strong>factum</strong></span> <span class='ocrx_word' id='word_1_458' title='bbox 2517 2808 2893 2878; x_wconf 65' lang='lat' dir='ltr'><strong>praedicatum</strong></span> <span class='ocrx_word' id='word_1_459' title='bbox 2920 2810 2988 2861; x_wconf 88' lang='lat' dir='ltr'><strong>ad</strong></span> <span class='ocrx_word' id='word_1_460' title='bbox 3018 2808 3348 2878; x_wconf 87' lang='lat' dir='ltr'><strong>negativam</strong></span> <span class='ocrx_word' id='word_1_461' title='bbox 3385 2806 3713 2878; x_wconf 89' lang='lat' dir='ltr'><strong>particulam</strong></span> <span class='ocrx_word' id='word_1_462' title='bbox 3736 2802 3857 2873; x_wconf 89' lang='lat' dir='ltr'><strong>poni-</strong></span> 
     </span>
    </p>
   </div>
   <div class='ocr_carea' id='block_1_62' title="bbox 2266 2892 3857 2963">
    <p class='ocr_par' dir='ltr' id='par_1_62' title="bbox 2266 2892 3857 2963">
     <span class='ocr_line' id='line_1_62' title="bbox 2266 2892 3857 2963; baseline -0.003 -14"><span class='ocrx_word' id='word_1_463' title='bbox 2266 2900 2383 2963; x_wconf 89' lang='lat' dir='ltr'><strong>tur,</strong></span> <span class='ocrx_word' id='word_1_464' title='bbox 2411 2895 2777 2950; x_wconf 85' lang='lat' dir='ltr'><strong>utestomnis</strong></span> <span class='ocrx_word' id='word_1_465' title='bbox 2792 2895 2965 2950; x_wconf 88' lang='lat' dir='ltr'><strong>homo</strong></span> <span class='ocrx_word' id='word_1_466' title='bbox 2992 2895 3210 2950; x_wconf 90' lang='lat' dir='ltr'><strong>animal</strong></span> <span class='ocrx_word' id='word_1_467' title='bbox 3252 2901 3361 2951; x_wconf 91' lang='lat' dir='ltr'><strong>est.</strong></span> <span class='ocrx_word' id='word_1_468' title='bbox 3387 2897 3488 2951; x_wconf 83' lang='lat' dir='ltr'><strong>Hic</strong></span> <span class='ocrx_word' id='word_1_469' title='bbox 3519 2896 3679 2950; x_wconf 90' lang='lat' dir='ltr'><strong>homo</strong></span> <span class='ocrx_word' id='word_1_470' title='bbox 3705 2892 3857 2961; x_wconf 82' lang='lat' dir='ltr'><strong>subje-</strong></span> 
     </span>
    </p>
   </div>
   <div class='ocr_carea' id='block_1_63' title="bbox 2268 2979 3857 3056">
    <p class='ocr_par' dir='ltr' id='par_1_63' title="bbox 2268 2979 3857 3056">
     <span class='ocr_line' id='line_1_63' title="bbox 2268 2979 3857 3056; baseline -0.003 -18"><span class='ocrx_word' id='word_1_471' title='bbox 2268 2989 2426 3039; x_wconf 92' lang='lat' dir='ltr'><strong>ctum</strong></span> <span class='ocrx_word' id='word_1_472' title='bbox 2460 2989 2549 3039; x_wconf 89' lang='lat' dir='ltr'><strong>est</strong></span> <span class='ocrx_word' id='word_1_473' title='bbox 2581 2989 2637 3039; x_wconf 93' lang='lat' dir='ltr'><strong>et</strong></span> <span class='ocrx_word' id='word_1_474' title='bbox 2667 2985 2736 3039; x_wconf 91' lang='lat' dir='ltr'><strong>ad</strong></span> <span class='ocrx_word' id='word_1_475' title='bbox 2773 2983 2880 3039; x_wconf 95' lang='lat' dir='ltr'><strong>hoc</strong></span> <span class='ocrx_word' id='word_1_476' title='bbox 2909 2984 3123 3039; x_wconf 90' lang='lat' dir='ltr'><strong>animal</strong></span> <span class='ocrx_word' id='word_1_477' title='bbox 3148 2984 3519 3056; x_wconf 66' lang='lat' dir='ltr'><strong>praedicatur.</strong></span> <span class='ocrx_word' id='word_1_478' title='bbox 3553 2984 3607 3039; x_wconf 92' lang='lat' dir='ltr'><strong>Si</strong></span> <span class='ocrx_word' id='word_1_479' title='bbox 3627 3000 3740 3037; x_wconf 86' lang='lat' dir='ltr'><strong>vero</strong></span> <span class='ocrx_word' id='word_1_480' title='bbox 3760 2979 3857 3051; x_wconf 86' lang='lat' dir='ltr'><strong>quis</strong></span> 
     </span>
    </p>
   </div>
   <div class='ocr_carea' id='block_1_64' title="bbox 2268 3070 3854 3144">
    <p class='ocr_par' dir='ltr' id='par_1_64' title="bbox 2268 3070 3854 3144">
     <span class='ocr_line' id='line_1_64' title="bbox 2268 3070 3854 3144; baseline -0.003 -18"><span class='ocrx_word' id='word_1_481' title='bbox 2268 3088 2369 3142; x_wconf 92' lang='lat' dir='ltr'><strong>per</strong></span> <span class='ocrx_word' id='word_1_482' title='bbox 2385 3072 2937 3144; x_wconf 91' lang='lat' dir='ltr'><strong>contrapositionem</strong></span> <span class='ocrx_word' id='word_1_483' title='bbox 2955 3079 3331 3143; x_wconf 87' lang='lat' dir='ltr'><strong>convertat,et</strong></span> <span class='ocrx_word' id='word_1_484' title='bbox 3354 3070 3735 3129; x_wconf 84' lang='lat' dir='ltr'><strong>faciatanimal</strong></span> <span class='ocrx_word' id='word_1_485' title='bbox 3753 3070 3854 3124; x_wconf 87' lang='lat' dir='ltr'><strong>sub-</strong></span> 
     </span>
    </p>
   </div>
   <div class='ocr_carea' id='block_1_65' title="bbox 508 3154 3855 3233">
    <p class='ocr_par' dir='ltr' id='par_1_65' title="bbox 508 3154 3855 3233">
     <span class='ocr_line' id='line_1_65' title="bbox 508 3154 3855 3233; baseline -0.002 -16"><span class='ocrx_word' id='word_1_486' title='bbox 508 3163 637 3217; x_wconf 90' lang='lat' dir='ltr'><strong>dico</strong></span> <span class='ocrx_word' id='word_1_487' title='bbox 676 3163 789 3217; x_wconf 90' lang='lat' dir='ltr'><strong>tale</strong></span> <span class='ocrx_word' id='word_1_488' title='bbox 821 3168 931 3226; x_wconf 82' lang='lat' dir='ltr'><strong>est,</strong></span> <span class='ocrx_word' id='word_1_489' title='bbox 958 3163 1006 3216; x_wconf 88' lang='lat' dir='ltr'><strong>si</strong></span> <span class='ocrx_word' id='word_1_490' title='bbox 1032 3163 1393 3231; x_wconf 68' lang='lat' dir='ltr'><strong>aaquivocum</strong></span> <span class='ocrx_word' id='word_1_491' title='bbox 1428 3159 1761 3229; x_wconf 82' lang='lat' dir='ltr'><strong>subjectum</strong></span> <span class='ocrx_word' id='word_1_492' title='bbox 1798 3156 1990 3224; x_wconf 84' lang='lat' dir='ltr'><strong>luerit,</strong></span> <span class='ocrx_word' id='word_1_493' title='bbox 2038 3173 2156 3211; x_wconf 91' lang='lat' dir='ltr'><strong>non</strong></span> <span class='ocrx_word' id='word_1_494' title='bbox 2187 3154 2230 3222; x_wconf 91' lang='lat' dir='ltr'>C</span> <span class='ocrx_word' id='word_1_495' title='bbox 2262 3161 2486 3232; x_wconf 88' lang='lat' dir='ltr'><strong>jectum</strong></span> <span class='ocrx_word' id='word_1_496' title='bbox 2522 3161 2820 3217; x_wconf 89' lang='lat' dir='ltr'><strong>hominem</strong></span> <span class='ocrx_word' id='word_1_497' title='bbox 2858 3161 3254 3233; x_wconf 67' lang='lat' dir='ltr'><strong>praedicatum,</strong></span> <span class='ocrx_word' id='word_1_498' title='bbox 3280 3167 3336 3217; x_wconf 89' lang='lat' dir='ltr'><strong>et</strong></span> <span class='ocrx_word' id='word_1_499' title='bbox 3354 3164 3426 3217; x_wconf 82' lang='lat' dir='ltr'><strong>ad</strong></span> <span class='ocrx_word' id='word_1_500' title='bbox 3460 3162 3735 3217; x_wconf 84' lang='lat' dir='ltr'><strong>hominem</strong></span> <span class='ocrx_word' id='word_1_501' title='bbox 3759 3172 3855 3228; x_wconf 83' lang='lat' dir='ltr'><strong>par-</strong></span> 
     </span>
    </p>
   </div>
   <div class='ocr_carea' id='block_1_66' title="bbox 507 3246 2156 3318">
    <p class='ocr_par' dir='ltr' id='par_1_66' title="bbox 507 3246 2156 3318">
     <span class='ocr_line' id='line_1_66' title="bbox 507 3246 2156 3318; baseline -0.003 -12"><span class='ocrx_word' id='word_1_502' title='bbox 507 3252 773 3307; x_wconf 89' lang='lat' dir='ltr'><strong>dividunt</strong></span> <span class='ocrx_word' id='word_1_503' title='bbox 822 3268 1025 3306; x_wconf 88' lang='lat' dir='ltr'><strong>verum</strong></span> <span class='ocrx_word' id='word_1_504' title='bbox 1070 3256 1127 3304; x_wconf 93' lang='lat' dir='ltr'><strong>et</strong></span> <span class='ocrx_word' id='word_1_505' title='bbox 1178 3249 1414 3304; x_wconf 85' lang='lat' dir='ltr'><strong>falsum.</strong></span> <span class='ocrx_word' id='word_1_506' title='bbox 1474 3249 1531 3303; x_wconf 91' lang='lat' dir='ltr'><strong>Si</strong></span> <span class='ocrx_word' id='word_1_507' title='bbox 1592 3247 1724 3318; x_wconf 88' lang='lat' dir='ltr'><strong>quis</strong></span> <span class='ocrx_word' id='word_1_508' title='bbox 1773 3246 1928 3301; x_wconf 92' lang='lat' dir='ltr'><strong>enim</strong></span> <span class='ocrx_word' id='word_1_509' title='bbox 1980 3246 2156 3313; x_wconf 86' lang='lat' dir='ltr'><strong>dicat,</strong></span> 
     </span>
    </p>
   </div>
   <div class='ocr_carea' id='block_1_67' title="bbox 508 3330 2161 3408">
    <p class='ocr_par' dir='ltr' id='par_1_67' title="bbox 508 3330 2161 3408">
     <span class='ocr_line' id='line_1_67' title="bbox 508 3330 2161 3408; baseline -0.002 -14"><span class='ocrx_word' id='word_1_510' title='bbox 508 3340 645 3394; x_wconf 88' lang='lat' dir='ltr'><strong>Cato</strong></span> <span class='ocrx_word' id='word_1_511' title='bbox 677 3357 737 3395; x_wconf 91' lang='lat' dir='ltr'><strong>se</strong></span> <span class='ocrx_word' id='word_1_512' title='bbox 772 3340 947 3395; x_wconf 82' lang='lat' dir='ltr'><strong>Uticae</strong></span> <span class='ocrx_word' id='word_1_513' title='bbox 1001 3330 1233 3407; x_wconf 69' lang='lat' dir='ltr'><strong>occidit,</strong></span> <span class='ocrx_word' id='word_1_514' title='bbox 1292 3343 1349 3393; x_wconf 89' lang='lat' dir='ltr'><strong>et</strong></span> <span class='ocrx_word' id='word_1_515' title='bbox 1402 3338 1846 3408; x_wconf 88' lang='lat' dir='ltr'><strong>respondeatur,</strong></span> <span class='ocrx_word' id='word_1_516' title='bbox 1906 3336 2044 3391; x_wconf 89' lang='lat' dir='ltr'><strong>Cato</strong></span> <span class='ocrx_word' id='word_1_517' title='bbox 2096 3349 2161 3390; x_wconf 83' lang='lat' dir='ltr'><strong>se</strong></span> 
     </span>
    </p>
   </div>
   <div class='ocr_carea' id='block_1_68' title="bbox 507 3425 2158 3497">
    <p class='ocr_par' dir='ltr' id='par_1_68' title="bbox 507 3425 2158 3497">
     <span class='ocr_line' id='line_1_68' title="bbox 507 3425 2158 3497; baseline -0.002 -14"><span class='ocrx_word' id='word_1_518' title='bbox 507 3428 685 3483; x_wconf 78' lang='lat' dir='ltr'><strong>Utica:</strong></span> <span class='ocrx_word' id='word_1_519' title='bbox 722 3446 837 3483; x_wconf 93' lang='lat' dir='ltr'><strong>non</strong></span> <span class='ocrx_word' id='word_1_520' title='bbox 864 3428 1097 3492; x_wconf 88' lang='lat' dir='ltr'><strong>occidit,</strong></span> <span class='ocrx_word' id='word_1_521' title='bbox 1120 3432 1381 3497; x_wconf 66' lang='lat' dir='ltr'><strong>utrisque</strong></span> <span class='ocrx_word' id='word_1_522' title='bbox 1412 3442 1554 3480; x_wconf 76' lang='lat' dir='ltr'><strong>vera:</strong></span> <span class='ocrx_word' id='word_1_523' title='bbox 1580 3430 1740 3480; x_wconf 90' lang='lat' dir='ltr'><strong>sunt.</strong></span> <span class='ocrx_word' id='word_1_524' title='bbox 1764 3425 1908 3480; x_wconf 88' lang='lat' dir='ltr'><strong>Nam</strong></span> <span class='ocrx_word' id='word_1_525' title='bbox 1942 3430 1999 3479; x_wconf 91' lang='lat' dir='ltr'><strong>et</strong></span> <span class='ocrx_word' id='word_1_526' title='bbox 2018 3427 2158 3479; x_wconf 91' lang='lat' dir='ltr'><strong>Cato</strong></span> 
     </span>
    </p>
   </div>
   <div class='ocr_carea' id='block_1_69' title="bbox 506 3511 2153 3586">
    <p class='ocr_par' dir='ltr' id='par_1_69' title="bbox 506 3511 2153 3586">
     <span class='ocr_line' id='line_1_69' title="bbox 506 3511 2153 3586; baseline -0.004 -15"><span class='ocrx_word' id='word_1_527' title='bbox 506 3516 697 3571; x_wconf 87' lang='lat' dir='ltr'><strong>Minor</strong></span> <span class='ocrx_word' id='word_1_528' title='bbox 733 3532 795 3571; x_wconf 89' lang='lat' dir='ltr'><strong>se</strong></span> <span class='ocrx_word' id='word_1_529' title='bbox 830 3515 1096 3586; x_wconf 90' lang='lat' dir='ltr'><strong>peremit,</strong></span> <span class='ocrx_word' id='word_1_530' title='bbox 1132 3521 1189 3569; x_wconf 90' lang='lat' dir='ltr'><strong>et</strong></span> <span class='ocrx_word' id='word_1_531' title='bbox 1218 3515 1357 3569; x_wconf 89' lang='lat' dir='ltr'><strong>Cato</strong></span> <span class='ocrx_word' id='word_1_532' title='bbox 1387 3514 1706 3569; x_wconf 80' lang='lat' dir='ltr'><strong>Censorius</strong></span> <span class='ocrx_word' id='word_1_533' title='bbox 1737 3529 1797 3567; x_wconf 90' lang='lat' dir='ltr'><strong>se</strong></span> <span class='ocrx_word' id='word_1_534' title='bbox 1830 3511 2007 3568; x_wconf 65' lang='lat' dir='ltr'><strong>Uticae</strong></span> <span class='ocrx_word' id='word_1_535' title='bbox 2041 3528 2153 3567; x_wconf 93' lang='lat' dir='ltr'><strong>non</strong></span> 
     </span>
    </p>
   </div>
   <div class='ocr_carea' id='block_1_70' title="bbox 505 3601 2153 3672">
    <p class='ocr_par' dir='ltr' id='par_1_70' title="bbox 505 3601 2153 3672">
     <span class='ocr_line' id='line_1_70' title="bbox 505 3601 2153 3672; baseline -0.003 -12"><span class='ocrx_word' id='word_1_536' title='bbox 505 3605 739 3660; x_wconf 88' lang='lat' dir='ltr'><strong>occidit.</strong></span> <span class='ocrx_word' id='word_1_537' title='bbox 772 3605 878 3660; x_wconf 87' lang='lat' dir='ltr'><strong>Sed</strong></span> <span class='ocrx_word' id='word_1_538' title='bbox 903 3605 1009 3659; x_wconf 88' lang='lat' dir='ltr'><strong>hoc</strong></span> <span class='ocrx_word' id='word_1_539' title='bbox 1030 3603 1246 3657; x_wconf 90' lang='lat' dir='ltr'><strong>idcirco</strong></span> <span class='ocrx_word' id='word_1_540' title='bbox 1266 3603 1475 3665; x_wconf 87' lang='lat' dir='ltr'><strong>evenit,</strong></span> <span class='ocrx_word' id='word_1_541' title='bbox 1510 3602 1659 3672; x_wconf 92' lang='lat' dir='ltr'><strong>quod</strong></span> <span class='ocrx_word' id='word_1_542' title='bbox 1688 3601 1919 3656; x_wconf 87' lang='lat' dir='ltr'><strong>Catonis</strong></span> <span class='ocrx_word' id='word_1_543' title='bbox 1942 3616 2153 3655; x_wconf 88' lang='lat' dir='ltr'><strong>nomen</strong></span> 
     </span>
    </p>
   </div>
   <div class='ocr_carea' id='block_1_71' title="bbox 503 3688 2152 3763">
    <p class='ocr_par' dir='ltr' id='par_1_71' title="bbox 503 3688 2152 3763">
     <span class='ocr_line' id='line_1_71' title="bbox 503 3688 2152 3763; baseline -0.004 -15"><span class='ocrx_word' id='word_1_544' title='bbox 503 3694 797 3763; x_wconf 71' lang='lat' dir='ltr'><strong>mquivoce</strong></span> <span class='ocrx_word' id='word_1_545' title='bbox 830 3694 1063 3755; x_wconf 87' lang='lat' dir='ltr'><strong>dicitur,</strong></span> <span class='ocrx_word' id='word_1_546' title='bbox 1089 3691 1304 3745; x_wconf 90' lang='lat' dir='ltr'><strong>dicitur</strong></span> <span class='ocrx_word' id='word_1_547' title='bbox 1323 3691 1477 3745; x_wconf 91' lang='lat' dir='ltr'><strong>enim</strong></span> <span class='ocrx_word' id='word_1_548' title='bbox 1502 3696 1558 3744; x_wconf 92' lang='lat' dir='ltr'><strong>et</strong></span> <span class='ocrx_word' id='word_1_549' title='bbox 1579 3688 1765 3758; x_wconf 83' lang='lat' dir='ltr'><strong>Major</strong></span> <span class='ocrx_word' id='word_1_550' title='bbox 1786 3692 1922 3745; x_wconf 80' lang='lat' dir='ltr'><strong>Cato</strong></span> <span class='ocrx_word' id='word_1_551' title='bbox 1940 3690 2152 3742; x_wconf 87' lang='lat' dir='ltr'><strong>Censo-</strong></span> 
     </span>
    </p>
   </div>
   <div class='ocr_carea' id='block_1_72' title="bbox 505 3777 2153 3849">
    <p class='ocr_par' dir='ltr' id='par_1_72' title="bbox 505 3777 2153 3849">
     <span class='ocr_line' id='line_1_72' title="bbox 505 3777 2153 3849; baseline -0.002 -14"><span class='ocrx_word' id='word_1_552' title='bbox 505 3782 649 3847; x_wconf 89' lang='lat' dir='ltr'><strong>rius,</strong></span> <span class='ocrx_word' id='word_1_553' title='bbox 684 3787 740 3836; x_wconf 90' lang='lat' dir='ltr'><strong>et</strong></span> <span class='ocrx_word' id='word_1_554' title='bbox 772 3782 960 3836; x_wconf 85' lang='lat' dir='ltr'><strong>Minor</strong></span> <span class='ocrx_word' id='word_1_555' title='bbox 982 3781 1294 3836; x_wconf 86' lang='lat' dir='ltr'><strong>Uticensis.</strong></span> <span class='ocrx_word' id='word_1_556' title='bbox 1332 3782 1471 3834; x_wconf 90' lang='lat' dir='ltr'><strong>Item</strong></span> <span class='ocrx_word' id='word_1_557' title='bbox 1494 3779 1541 3833; x_wconf 92' lang='lat' dir='ltr'><strong>si</strong></span> <span class='ocrx_word' id='word_1_558' title='bbox 1574 3778 1868 3849; x_wconf 71' lang='lat' dir='ltr'><strong>azquivoca</strong></span> <span class='ocrx_word' id='word_1_559' title='bbox 1899 3777 2153 3831; x_wconf 80' lang='lat' dir='ltr'><strong>fueritin</strong></span> 
     </span>
    </p>
   </div>
   <div class='ocr_carea' id='block_1_73' title="bbox 503 3866 2153 3941">
    <p class='ocr_par' dir='ltr' id='par_1_73' title="bbox 503 3866 2153 3941">
     <span class='ocr_line' id='line_1_73' title="bbox 503 3866 2153 3941; baseline -0.002 -17"><span class='ocrx_word' id='word_1_560' title='bbox 503 3870 901 3941; x_wconf 82' lang='lat' dir='ltr'><strong>propositione</strong></span> <span class='ocrx_word' id='word_1_561' title='bbox 933 3869 1287 3941; x_wconf 62' lang='lat' dir='ltr'><strong>praedicatio,</strong></span> <span class='ocrx_word' id='word_1_562' title='bbox 1325 3885 1525 3922; x_wconf 88' lang='lat' dir='ltr'><strong>verum</strong></span> <span class='ocrx_word' id='word_1_563' title='bbox 1563 3868 1716 3921; x_wconf 89' lang='lat' dir='ltr'><strong>inter</strong></span> <span class='ocrx_word' id='word_1_564' title='bbox 1746 3883 1806 3921; x_wconf 91' lang='lat' dir='ltr'><strong>se</strong></span> <span class='ocrx_word' id='word_1_565' title='bbox 1838 3866 2153 3921; x_wconf 80' lang='lat' dir='ltr'><strong>alﬁrmatio</strong></span> 
     </span>
    </p>
   </div>
   <div class='ocr_carea' id='block_1_74' title="bbox 504 3956 2151 4031">
    <p class='ocr_par' dir='ltr' id='par_1_74' title="bbox 504 3956 2151 4031">
     <span class='ocr_line' id='line_1_74' title="bbox 504 3956 2151 4031; baseline -0.002 -18"><span class='ocrx_word' id='word_1_566' title='bbox 504 3960 851 4031; x_wconf 83' lang='lat' dir='ltr'><strong>negatioque</strong></span> <span class='ocrx_word' id='word_1_567' title='bbox 883 3976 997 4013; x_wconf 91' lang='lat' dir='ltr'><strong>non</strong></span> <span class='ocrx_word' id='word_1_568' title='bbox 1030 3958 1316 4012; x_wconf 88' lang='lat' dir='ltr'><strong>dividunt.</strong></span> <span class='ocrx_word' id='word_1_569' title='bbox 1341 3956 1401 4011; x_wconf 89' lang='lat' dir='ltr'><strong>Si</strong></span> <span class='ocrx_word' id='word_1_570' title='bbox 1433 3958 1565 4028; x_wconf 90' lang='lat' dir='ltr'><strong>quis</strong></span> <span class='ocrx_word' id='word_1_571' title='bbox 1587 3957 1742 4010; x_wconf 90' lang='lat' dir='ltr'><strong>enim</strong></span> <span class='ocrx_word' id='word_1_572' title='bbox 1775 3957 1859 4010; x_wconf 90' lang='lat' dir='ltr'><strong>sic</strong></span> <span class='ocrx_word' id='word_1_573' title='bbox 1891 3956 2068 4021; x_wconf 90' lang='lat' dir='ltr'><strong>dicat,</strong></span> <span class='ocrx_word' id='word_1_574' title='bbox 2092 3956 2151 4010; x_wconf 90' lang='lat' dir='ltr'><strong>in</strong></span> 
     </span>
    </p>
   </div>
   <div class='ocr_carea' id='block_1_75' title="bbox 502 4044 2150 4118">
    <p class='ocr_par' dir='ltr' id='par_1_75' title="bbox 502 4044 2150 4118">
     <span class='ocr_line' id='line_1_75' title="bbox 502 4044 2150 4118; baseline -0.002 -16"><span class='ocrx_word' id='word_1_575' title='bbox 502 4055 671 4103; x_wconf 89' lang='lat' dir='ltr'><strong>nocte</strong></span> <span class='ocrx_word' id='word_1_576' title='bbox 705 4050 878 4111; x_wconf 89' lang='lat' dir='ltr'><strong>lucet,</strong></span> <span class='ocrx_word' id='word_1_577' title='bbox 939 4053 996 4103; x_wconf 92' lang='lat' dir='ltr'><strong>et</strong></span> <span class='ocrx_word' id='word_1_578' title='bbox 1035 4047 1478 4118; x_wconf 88' lang='lat' dir='ltr'><strong>respondeatur,</strong></span> <span class='ocrx_word' id='word_1_579' title='bbox 1525 4046 1580 4099; x_wconf 89' lang='lat' dir='ltr'><strong>in</strong></span> <span class='ocrx_word' id='word_1_580' title='bbox 1628 4051 1795 4099; x_wconf 90' lang='lat' dir='ltr'><strong>nocte</strong></span> <span class='ocrx_word' id='word_1_581' title='bbox 1828 4062 1942 4099; x_wconf 91' lang='lat' dir='ltr'><strong>non</strong></span> <span class='ocrx_word' id='word_1_582' title='bbox 1975 4044 2150 4109; x_wconf 91' lang='lat' dir='ltr'><strong>lucet,</strong></span> 
     </span>
    </p>
   </div>
   <div class='ocr_carea' id='block_1_76' title="bbox 503 4133 2150 4210">
    <p class='ocr_par' dir='ltr' id='par_1_76' title="bbox 503 4133 2150 4210">
     <span class='ocr_line' id='line_1_76' title="bbox 503 4133 2150 4210; baseline -0.004 -19"><span class='ocrx_word' id='word_1_583' title='bbox 503 4137 622 4191; x_wconf 89' lang='lat' dir='ltr'><strong>Iieri</strong></span> <span class='ocrx_word' id='word_1_584' title='bbox 660 4143 849 4210; x_wconf 89' lang='lat' dir='ltr'><strong>potest</strong></span> <span class='ocrx_word' id='word_1_585' title='bbox 881 4144 944 4192; x_wconf 91' lang='lat' dir='ltr'><strong>ut</strong></span> <span class='ocrx_word' id='word_1_586' title='bbox 975 4144 1234 4208; x_wconf 67' lang='lat' dir='ltr'><strong>utrinque</strong></span> <span class='ocrx_word' id='word_1_587' title='bbox 1267 4152 1411 4189; x_wconf 70' lang='lat' dir='ltr'><strong>verae</strong></span> <span class='ocrx_word' id='word_1_588' title='bbox 1443 4136 1580 4189; x_wconf 91' lang='lat' dir='ltr'><strong>sint.</strong></span> <span class='ocrx_word' id='word_1_589' title='bbox 1610 4133 1753 4190; x_wconf 87' lang='lat' dir='ltr'><strong>Nam</strong></span> <span class='ocrx_word' id='word_1_590' title='bbox 1781 4133 1837 4188; x_wconf 92' lang='lat' dir='ltr'><strong>in</strong></span> <span class='ocrx_word' id='word_1_591' title='bbox 1870 4139 2038 4189; x_wconf 90' lang='lat' dir='ltr'><strong>nocte</strong></span> <span class='ocrx_word' id='word_1_592' title='bbox 2064 4133 2150 4185; x_wconf 87' lang='lat' dir='ltr'><strong>lu-</strong></span> 
     </span>
    </p>
   </div>
   <div class='ocr_carea' id='block_1_77' title="bbox 501 4222 2152 4298">
    <p class='ocr_par' dir='ltr' id='par_1_77' title="bbox 501 4222 2152 4298">
     <span class='ocr_line' id='line_1_77' title="bbox 501 4222 2152 4298; baseline -0.003 -17"><span class='ocrx_word' id='word_1_593' title='bbox 501 4244 674 4283; x_wconf 91' lang='lat' dir='ltr'><strong>cerna</strong></span> <span class='ocrx_word' id='word_1_594' title='bbox 705 4226 897 4283; x_wconf 90' lang='lat' dir='ltr'><strong>lucere</strong></span> <span class='ocrx_word' id='word_1_595' title='bbox 930 4232 1141 4298; x_wconf 90' lang='lat' dir='ltr'><strong>potest,</strong></span> <span class='ocrx_word' id='word_1_596' title='bbox 1175 4230 1232 4281; x_wconf 91' lang='lat' dir='ltr'><strong>et</strong></span> <span class='ocrx_word' id='word_1_597' title='bbox 1275 4224 1361 4279; x_wconf 92' lang='lat' dir='ltr'><strong>sol</strong></span> <span class='ocrx_word' id='word_1_598' title='bbox 1396 4223 1586 4277; x_wconf 90' lang='lat' dir='ltr'><strong>lucere</strong></span> <span class='ocrx_word' id='word_1_599' title='bbox 1639 4240 1754 4278; x_wconf 90' lang='lat' dir='ltr'><strong>non</strong></span> <span class='ocrx_word' id='word_1_600' title='bbox 1789 4228 2008 4293; x_wconf 89' lang='lat' dir='ltr'><strong>potest:</strong></span> <span class='ocrx_word' id='word_1_601' title='bbox 2042 4222 2152 4277; x_wconf 91' lang='lat' dir='ltr'><strong>hoc</strong></span> 
     </span>
    </p>
   </div>
   <div class='ocr_carea' id='block_1_78' title="bbox 499 4311 2151 4388">
    <p class='ocr_par' dir='ltr' id='par_1_78' title="bbox 499 4311 2151 4388">
     <span class='ocr_line' id='line_1_78' title="bbox 499 4311 2151 4388; baseline -0.003 -18"><span class='ocrx_word' id='word_1_602' title='bbox 499 4316 628 4371; x_wconf 91' lang='lat' dir='ltr'><strong>ideo</strong></span> <span class='ocrx_word' id='word_1_603' title='bbox 661 4317 851 4372; x_wconf 90' lang='lat' dir='ltr'><strong>evenit</strong></span> <span class='ocrx_word' id='word_1_604' title='bbox 877 4317 1016 4388; x_wconf 90' lang='lat' dir='ltr'><strong>quia</strong></span> <span class='ocrx_word' id='word_1_605' title='bbox 1050 4316 1243 4370; x_wconf 92' lang='lat' dir='ltr'><strong>lucere</strong></span> <span class='ocrx_word' id='word_1_606' title='bbox 1275 4313 1566 4385; x_wconf 74' lang='lat' dir='ltr'><strong>mquivoce</strong></span> <span class='ocrx_word' id='word_1_607' title='bbox 1597 4318 1652 4367; x_wconf 90' lang='lat' dir='ltr'><strong>et</strong></span> <span class='ocrx_word' id='word_1_608' title='bbox 1680 4313 1750 4367; x_wconf 89' lang='lat' dir='ltr'><strong>ad</strong></span> <span class='ocrx_word' id='word_1_609' title='bbox 1786 4312 2030 4367; x_wconf 66' lang='lat' dir='ltr'><strong>lucerna:</strong></span> <span class='ocrx_word' id='word_1_610' title='bbox 2061 4311 2151 4365; x_wconf 86' lang='lat' dir='ltr'><strong>lu-</strong></span> 
     </span>
    </p>
   </div>
   <div class='ocr_carea' id='block_1_79' title="bbox 502 4400 2150 4473">
    <p class='ocr_par' dir='ltr' id='par_1_79' title="bbox 502 4400 2150 4473">
     <span class='ocr_line' id='line_1_79' title="bbox 502 4400 2150 4473; baseline -0.003 -13"><span class='ocrx_word' id='word_1_611' title='bbox 502 4422 632 4460; x_wconf 91' lang='lat' dir='ltr'><strong>men</strong></span> <span class='ocrx_word' id='word_1_612' title='bbox 667 4411 722 4460; x_wconf 89' lang='lat' dir='ltr'><strong>et</strong></span> <span class='ocrx_word' id='word_1_613' title='bbox 755 4406 825 4459; x_wconf 89' lang='lat' dir='ltr'><strong>ad</strong></span> <span class='ocrx_word' id='word_1_614' title='bbox 858 4405 998 4460; x_wconf 90' lang='lat' dir='ltr'><strong>solis</strong></span> <span class='ocrx_word' id='word_1_615' title='bbox 1030 4406 1264 4460; x_wconf 92' lang='lat' dir='ltr'><strong>dicitur.</strong></span> <span class='ocrx_word' id='word_1_616' title='bbox 1298 4402 1566 4473; x_wconf 87' lang='lat' dir='ltr'><strong>Amplius</strong></span> <span class='ocrx_word' id='word_1_617' title='bbox 1597 4401 1646 4457; x_wconf 90' lang='lat' dir='ltr'><strong>si</strong></span> <span class='ocrx_word' id='word_1_618' title='bbox 1688 4401 1845 4456; x_wconf 91' lang='lat' dir='ltr'><strong>aliud</strong></span> <span class='ocrx_word' id='word_1_619' title='bbox 1878 4410 1963 4457; x_wconf 89' lang='lat' dir='ltr'><strong>est</strong></span> <span class='ocrx_word' id='word_1_620' title='bbox 1994 4400 2150 4455; x_wconf 90' lang='lat' dir='ltr'><strong>aliud</strong></span> 
     </span>
    </p>
   </div>
   <div class='ocr_carea' id='block_1_80' title="bbox 498 4490 2226 4585">
    <p class='ocr_par' dir='ltr' id='par_1_80' title="bbox 498 4490 2226 4585">
     <span class='ocr_line' id='line_1_80' title="bbox 498 4490 2226 4585; baseline -0.002 -37"><span class='ocrx_word' id='word_1_621' title='bbox 498 4494 557 4548; x_wconf 90' lang='lat' dir='ltr'><strong>in</strong></span> <span class='ocrx_word' id='word_1_622' title='bbox 593 4496 872 4564; x_wconf 87' lang='lat' dir='ltr'><strong>subjectis</strong></span> <span class='ocrx_word' id='word_1_623' title='bbox 896 4501 952 4549; x_wconf 89' lang='lat' dir='ltr'><strong>et</strong></span> <span class='ocrx_word' id='word_1_624' title='bbox 976 4495 1304 4565; x_wconf 71' lang='lat' dir='ltr'><strong>praedicatis</strong></span> <span class='ocrx_word' id='word_1_625' title='bbox 1331 4498 1556 4563; x_wconf 90' lang='lat' dir='ltr'><strong>tempus</strong></span> <span class='ocrx_word' id='word_1_626' title='bbox 1587 4491 1778 4560; x_wconf 82' lang='lat' dir='ltr'><strong>fuerit,</strong></span> <span class='ocrx_word' id='word_1_627' title='bbox 1803 4508 2003 4546; x_wconf 91' lang='lat' dir='ltr'><strong>verum</strong></span> <span class='ocrx_word' id='word_1_628' title='bbox 2043 4490 2147 4545; x_wconf 79' lang='lat' dir='ltr'><strong>fal-</strong></span> <span class='ocrx_word' id='word_1_629' title='bbox 2178 4520 2226 4585; x_wconf 81' lang='lat' dir='ltr'><strong>D</strong></span> 
     </span>
    </p>
   </div>
   <div class='ocr_carea' id='block_1_81' title="bbox 500 4580 2141 4654">
    <p class='ocr_par' dir='ltr' id='par_1_81' title="bbox 500 4580 2141 4654">
     <span class='ocr_line' id='line_1_81' title="bbox 500 4580 2141 4654; baseline -0.002 -16"><span class='ocrx_word' id='word_1_630' title='bbox 500 4599 751 4654; x_wconf 86' lang='lat' dir='ltr'><strong>sumque</strong></span> <span class='ocrx_word' id='word_1_631' title='bbox 767 4584 919 4638; x_wconf 88' lang='lat' dir='ltr'><strong>inter</strong></span> <span class='ocrx_word' id='word_1_632' title='bbox 936 4600 993 4638; x_wconf 90' lang='lat' dir='ltr'><strong>se</strong></span> <span class='ocrx_word' id='word_1_633' title='bbox 1007 4584 1322 4637; x_wconf 81' lang='lat' dir='ltr'><strong>afﬁrmatio</strong></span> <span class='ocrx_word' id='word_1_634' title='bbox 1342 4580 1685 4654; x_wconf 85' lang='lat' dir='ltr'><strong>negatioquc</strong></span> <span class='ocrx_word' id='word_1_635' title='bbox 1707 4598 1822 4636; x_wconf 90' lang='lat' dir='ltr'><strong>non</strong></span> <span class='ocrx_word' id='word_1_636' title='bbox 1854 4580 2141 4635; x_wconf 90' lang='lat' dir='ltr'><strong>dividunt.</strong></span> 
     </span>
    </p>
   </div>
   <div class='ocr_carea' id='block_1_82' title="bbox 501 4670 2141 4743">
    <p class='ocr_par' dir='ltr' id='par_1_82' title="bbox 501 4670 2141 4743">
     <span class='ocr_line' id='line_1_82' title="bbox 501 4670 2141 4743; baseline 0.001 -19"><span class='ocrx_word' id='word_1_637' title='bbox 501 4677 636 4727; x_wconf 84' lang='lat' dir='ltr'><strong>Nam</strong></span> <span class='ocrx_word' id='word_1_638' title='bbox 672 4674 720 4727; x_wconf 92' lang='lat' dir='ltr'><strong>si</strong></span> <span class='ocrx_word' id='word_1_639' title='bbox 748 4672 881 4743; x_wconf 88' lang='lat' dir='ltr'><strong>quis</strong></span> <span class='ocrx_word' id='word_1_640' title='bbox 912 4673 1085 4727; x_wconf 90' lang='lat' dir='ltr'><strong>dicat.</strong></span> <span class='ocrx_word' id='word_1_641' title='bbox 1104 4672 1371 4727; x_wconf 89' lang='lat' dir='ltr'><strong>Socrates</strong></span> <span class='ocrx_word' id='word_1_642' title='bbox 1391 4671 1676 4739; x_wconf 87' lang='lat' dir='ltr'><strong>ambulat,</strong></span> <span class='ocrx_word' id='word_1_643' title='bbox 1709 4676 1766 4724; x_wconf 90' lang='lat' dir='ltr'><strong>et</strong></span> <span class='ocrx_word' id='word_1_644' title='bbox 1790 4670 2141 4742; x_wconf 87' lang='lat' dir='ltr'><strong>respondea-</strong></span> 
     </span>
    </p>
   </div>
   <div class='ocr_carea' id='block_1_83' title="bbox 498 4760 2146 4831">
    <p class='ocr_par' dir='ltr' id='par_1_83' title="bbox 498 4760 2146 4831">
     <span class='ocr_line' id='line_1_83' title="bbox 498 4760 2146 4831; baseline -0.002 -15"><span class='ocrx_word' id='word_1_645' title='bbox 498 4766 616 4825; x_wconf 87' lang='lat' dir='ltr'><strong>tur,</strong></span> <span class='ocrx_word' id='word_1_646' title='bbox 649 4763 918 4817; x_wconf 89' lang='lat' dir='ltr'><strong>Socrates</strong></span> <span class='ocrx_word' id='word_1_647' title='bbox 951 4778 1063 4816; x_wconf 91' lang='lat' dir='ltr'><strong>non</strong></span> <span class='ocrx_word' id='word_1_648' title='bbox 1098 4760 1380 4826; x_wconf 89' lang='lat' dir='ltr'><strong>ambulat,</strong></span> <span class='ocrx_word' id='word_1_649' title='bbox 1430 4764 1678 4831; x_wconf 79' lang='lat' dir='ltr'><strong>possunt</strong></span> <span class='ocrx_word' id='word_1_650' title='bbox 1716 4765 1973 4830; x_wconf 75' lang='lat' dir='ltr'><strong>utraeque</strong></span> <span class='ocrx_word' id='word_1_651' title='bbox 2003 4776 2146 4815; x_wconf 74' lang='lat' dir='ltr'><strong>veris</strong></span> 
     </span>
    </p>
   </div>
   <div class='ocr_carea' id='block_1_84' title="bbox 500 4847 2145 4923">
    <p class='ocr_par' dir='ltr' id='par_1_84' title="bbox 500 4847 2145 4923">
     <span class='ocr_line' id='line_1_84' title="bbox 500 4847 2145 4923; baseline -0.001 -18"><span class='ocrx_word' id='word_1_652' title='bbox 500 4866 652 4914; x_wconf 88' lang='lat' dir='ltr'><strong>esse,</strong></span> <span class='ocrx_word' id='word_1_653' title='bbox 688 4858 872 4923; x_wconf 88' lang='lat' dir='ltr'><strong>potest</strong></span> <span class='ocrx_word' id='word_1_654' title='bbox 906 4851 1060 4905; x_wconf 91' lang='lat' dir='ltr'><strong>enim</strong></span> <span class='ocrx_word' id='word_1_655' title='bbox 1094 4850 1216 4903; x_wconf 84' lang='lat' dir='ltr'><strong>fieri</strong></span> <span class='ocrx_word' id='word_1_656' title='bbox 1250 4847 1722 4903; x_wconf 86' lang='lat' dir='ltr'><strong>utSocratesaIio</strong></span> <span class='ocrx_word' id='word_1_657' title='bbox 1738 4853 1996 4918; x_wconf 85' lang='lat' dir='ltr'><strong>tempore</strong></span> <span class='ocrx_word' id='word_1_658' title='bbox 2019 4865 2145 4903; x_wconf 87' lang='lat' dir='ltr'><strong>am-</strong></span> 
     </span>
    </p>
   </div>
   <div class='ocr_carea' id='block_1_85' title="bbox 502 4938 2151 5009">
    <p class='ocr_par' dir='ltr' id='par_1_85' title="bbox 502 4938 2151 5009">
     <span class='ocr_line' id='line_1_85' title="bbox 502 4938 2151 5009; baseline -0.001 -14"><span class='ocrx_word' id='word_1_659' title='bbox 502 4940 685 5004; x_wconf 80' lang='lat' dir='ltr'><strong>bulet,</strong></span> <span class='ocrx_word' id='word_1_660' title='bbox 718 4940 832 4995; x_wconf 89' lang='lat' dir='ltr'><strong>alio</strong></span> <span class='ocrx_word' id='word_1_661' title='bbox 862 4952 1115 5009; x_wconf 88' lang='lat' dir='ltr'><strong>tempore</strong></span> <span class='ocrx_word' id='word_1_662' title='bbox 1140 4957 1254 4993; x_wconf 92' lang='lat' dir='ltr'><strong>non</strong></span> <span class='ocrx_word' id='word_1_663' title='bbox 1288 4938 1553 4993; x_wconf 89' lang='lat' dir='ltr'><strong>ambulet</strong></span> <span class='ocrx_word' id='word_1_664' title='bbox 1582 4955 1597 5006; x_wconf 90' lang='lat'><strong>;</strong></span> <span class='ocrx_word' id='word_1_665' title='bbox 1622 4938 1721 4991; x_wconf 88' lang='lat' dir='ltr'><strong>sed</strong></span> <span class='ocrx_word' id='word_1_666' title='bbox 1756 4942 1857 4991; x_wconf 89' lang='lat' dir='ltr'><strong>aut</strong></span> <span class='ocrx_word' id='word_1_667' title='bbox 1905 4942 2018 4990; x_wconf 92' lang='lat' dir='ltr'><strong>stet</strong></span> <span class='ocrx_word' id='word_1_668' title='bbox 2047 4942 2151 4993; x_wconf 83' lang='lat' dir='ltr'><strong>aut</strong></span> 
     </span>
    </p>
   </div>
   <div class='ocr_carea' id='block_1_86' title="bbox 501 5024 2147 5100">
    <p class='ocr_par' dir='ltr' id='par_1_86' title="bbox 501 5024 2147 5100">
     <span class='ocr_line' id='line_1_86' title="bbox 501 5024 2147 5100; baseline -0.002 -16"><span class='ocrx_word' id='word_1_669' title='bbox 501 5030 720 5095; x_wconf 85' lang='lat' dir='ltr'><strong>sedeat,</strong></span> <span class='ocrx_word' id='word_1_670' title='bbox 752 5030 1156 5100; x_wconf 84' lang='lat' dir='ltr'><strong>autquodlibet</strong></span> <span class='ocrx_word' id='word_1_671' title='bbox 1194 5028 1351 5081; x_wconf 91' lang='lat' dir='ltr'><strong>aliud</strong></span> <span class='ocrx_word' id='word_1_672' title='bbox 1382 5024 1704 5080; x_wconf 89' lang='lat' dir='ltr'><strong>:intalibus</strong></span> <span class='ocrx_word' id='word_1_673' title='bbox 1728 5041 1863 5093; x_wconf 70' lang='lat' dir='ltr'><strong>ergo</strong></span> <span class='ocrx_word' id='word_1_674' title='bbox 1886 5027 2147 5095; x_wconf 90' lang='lat' dir='ltr'><strong>pr0posi-</strong></span> 
     </span>
    </p>
   </div>
   <div class='ocr_carea' id='block_1_87' title="bbox 500 5114 2144 5189">
    <p class='ocr_par' dir='ltr' id='par_1_87' title="bbox 500 5114 2144 5189">
     <span class='ocr_line' id='line_1_87' title="bbox 500 5114 2144 5189; baseline -0.002 -16"><span class='ocrx_word' id='word_1_675' title='bbox 500 5120 757 5173; x_wconf 75' lang='lat' dir='ltr'><strong>tionibus</strong></span> <span class='ocrx_word' id='word_1_676' title='bbox 774 5136 888 5189; x_wconf 88' lang='lat' dir='ltr'><strong>qua</strong></span> <span class='ocrx_word' id='word_1_677' title='bbox 914 5124 1146 5173; x_wconf 89' lang='lat' dir='ltr'><strong>essunt.</strong></span> <span class='ocrx_word' id='word_1_678' title='bbox 1169 5118 1432 5171; x_wconf 80' lang='lat' dir='ltr'><strong>Socrates</strong></span> <span class='ocrx_word' id='word_1_679' title='bbox 1452 5114 2012 5170; x_wconf 88' lang='lat' dir='ltr'><strong>ambulat.Socrates</strong></span> <span class='ocrx_word' id='word_1_680' title='bbox 2034 5133 2144 5170; x_wconf 93' lang='lat' dir='ltr'><strong>non</strong></span> 
     </span>
    </p>
   </div>
   <div class='ocr_carea' id='block_1_88' title="bbox 501 5204 2150 5275">
    <p class='ocr_par' dir='ltr' id='par_1_88' title="bbox 501 5204 2150 5275">
     <span class='ocr_line' id='line_1_88' title="bbox 501 5204 2150 5275; baseline -0.002 -11"><span class='ocrx_word' id='word_1_681' title='bbox 501 5209 786 5275; x_wconf 84' lang='lat' dir='ltr'><strong>ambulat,</strong></span> <span class='ocrx_word' id='word_1_682' title='bbox 820 5207 931 5261; x_wconf 59' lang='lat' dir='ltr'><strong>illa;</strong></span> <span class='ocrx_word' id='word_1_683' title='bbox 965 5207 1118 5260; x_wconf 89' lang='lat' dir='ltr'><strong>inter</strong></span> <span class='ocrx_word' id='word_1_684' title='bbox 1158 5223 1218 5259; x_wconf 89' lang='lat' dir='ltr'><strong>se</strong></span> <span class='ocrx_word' id='word_1_685' title='bbox 1251 5221 1449 5258; x_wconf 89' lang='lat' dir='ltr'><strong>verum</strong></span> <span class='ocrx_word' id='word_1_686' title='bbox 1503 5204 1835 5273; x_wconf 79' lang='lat' dir='ltr'><strong>falsumque</strong></span> <span class='ocrx_word' id='word_1_687' title='bbox 1880 5204 2150 5260; x_wconf 85' lang='lat' dir='ltr'><strong>dividunt</strong></span> 
     </span>
    </p>
   </div>
   <div class='ocr_carea' id='block_1_89' title="bbox 501 5293 2144 5366">
    <p class='ocr_par' dir='ltr' id='par_1_89' title="bbox 501 5293 2144 5366">
     <span class='ocr_line' id='line_1_89' title="bbox 501 5293 2144 5366; baseline -0.001 -16"><span class='ocrx_word' id='word_1_688' title='bbox 501 5315 626 5366; x_wconf 60' lang='lat' dir='ltr'><strong>qum</strong></span> <span class='ocrx_word' id='word_1_689' title='bbox 660 5300 730 5352; x_wconf 90' lang='lat' dir='ltr'><strong>ad</strong></span> <span class='ocrx_word' id='word_1_690' title='bbox 765 5299 915 5351; x_wconf 84' lang='lat' dir='ltr'><strong>idem</strong></span> <span class='ocrx_word' id='word_1_691' title='bbox 954 5296 1307 5364; x_wconf 83' lang='lat' dir='ltr'><strong>subjectum,</strong></span> <span class='ocrx_word' id='word_1_692' title='bbox 1342 5294 1408 5347; x_wconf 90' lang='lat' dir='ltr'><strong>ad</strong></span> <span class='ocrx_word' id='word_1_693' title='bbox 1446 5294 1597 5346; x_wconf 92' lang='lat' dir='ltr'><strong>idem</strong></span> <span class='ocrx_word' id='word_1_694' title='bbox 1644 5293 2040 5363; x_wconf 68' lang='lat' dir='ltr'><strong>praedicatum,</strong></span> <span class='ocrx_word' id='word_1_695' title='bbox 2074 5295 2144 5348; x_wconf 90' lang='lat' dir='ltr'><strong>ad</strong></span> 
     </span>
    </p>
   </div>
   <div class='ocr_carea' id='block_1_90' title="bbox 500 5381 2150 5456">
    <p class='ocr_par' dir='ltr' id='par_1_90' title="bbox 500 5381 2150 5456">
     <span class='ocr_line' id='line_1_90' title="bbox 500 5381 2150 5456; baseline -0.002 -15"><span class='ocrx_word' id='word_1_696' title='bbox 500 5388 651 5441; x_wconf 84' lang='lat' dir='ltr'><strong>idem</strong></span> <span class='ocrx_word' id='word_1_697' title='bbox 681 5395 909 5456; x_wconf 82' lang='lat' dir='ltr'><strong>tempus</strong></span> <span class='ocrx_word' id='word_1_698' title='bbox 944 5386 1238 5438; x_wconf 82' lang='lat' dir='ltr'><strong>dicuntur.</strong></span> <span class='ocrx_word' id='word_1_699' title='bbox 1266 5381 1735 5436; x_wconf 84' lang='lat' dir='ltr'><strong>Suntctiamalim</strong></span> <span class='ocrx_word' id='word_1_700' title='bbox 1763 5399 1890 5453; x_wconf 69' lang='lat' dir='ltr'><strong>quae</strong></span> <span class='ocrx_word' id='word_1_701' title='bbox 1923 5392 2150 5439; x_wconf 88' lang='lat' dir='ltr'><strong>contra-</strong></span> 
     </span>
    </p>
   </div>
   <div class='ocr_carea' id='block_1_91' title="bbox 498 5470 2147 5542">
    <p class='ocr_par' dir='ltr' id='par_1_91' title="bbox 498 5470 2147 5542">
     <span class='ocr_line' id='line_1_91' title="bbox 498 5470 2147 5542; baseline -0.002 -13"><span class='ocrx_word' id='word_1_702' title='bbox 498 5474 757 5531; x_wconf 71' lang='lat' dir='ltr'><strong>dictorise</strong></span> <span class='ocrx_word' id='word_1_703' title='bbox 789 5480 1092 5541; x_wconf 78' lang='lat' dir='ltr'><strong>vocantur,</strong></span> <span class='ocrx_word' id='word_1_704' title='bbox 1118 5488 1229 5542; x_wconf 89' lang='lat' dir='ltr'><strong>que</strong></span> <span class='ocrx_word' id='word_1_705' title='bbox 1254 5477 1393 5525; x_wconf 86' lang='lat' dir='ltr'><strong>sunt</strong></span> <span class='ocrx_word' id='word_1_706' title='bbox 1428 5470 1789 5541; x_wconf 88' lang='lat' dir='ltr'><strong>hujusmodi,</strong></span> <span class='ocrx_word' id='word_1_707' title='bbox 1816 5472 2046 5542; x_wconf 88' lang='lat' dir='ltr'><strong>quoties</strong></span> <span class='ocrx_word' id='word_1_708' title='bbox 2068 5473 2147 5527; x_wconf 77' lang='lat' dir='ltr'><strong>af-</strong></span> 
     </span>
    </p>
   </div>
   <div class='ocr_carea' id='block_1_92' title="bbox 496 5559 2148 5632">
    <p class='ocr_par' dir='ltr' id='par_1_92' title="bbox 496 5559 2148 5632">
     <span class='ocr_line' id='line_1_92' title="bbox 496 5559 2148 5632; baseline -0.001 -13"><span class='ocrx_word' id='word_1_709' title='bbox 496 5565 892 5619; x_wconf 78' lang='lat' dir='ltr'><strong>ﬂrmationem</strong></span> <span class='ocrx_word' id='word_1_710' title='bbox 918 5560 1306 5617; x_wconf 75' lang='lat' dir='ltr'><strong>universalem</strong></span> <span class='ocrx_word' id='word_1_711' title='bbox 1332 5559 1486 5616; x_wconf 91' lang='lat' dir='ltr'><strong>tollit</strong></span> <span class='ocrx_word' id='word_1_712' title='bbox 1504 5560 1732 5632; x_wconf 82' lang='lat' dir='ltr'><strong>negatio</strong></span> <span class='ocrx_word' id='word_1_713' title='bbox 1754 5561 2148 5632; x_wconf 87' lang='lat' dir='ltr'><strong>particularis,</strong></span> 
     </span>
    </p>
   </div>
   <div class='ocr_carea' id='block_1_93' title="bbox 2265 3250 3856 3323">
    <p class='ocr_par' dir='ltr' id='par_1_93' title="bbox 2265 3250 3856 3323">
     <span class='ocr_line' id='line_1_93' title="bbox 2265 3250 3856 3323; baseline -0.005 -18"><span class='ocrx_word' id='word_1_714' title='bbox 2265 3250 2500 3306; x_wconf 90' lang='lat' dir='ltr'><strong>ticulam</strong></span> <span class='ocrx_word' id='word_1_715' title='bbox 2540 3252 2867 3323; x_wconf 85' lang='lat' dir='ltr'><strong>negativam</strong></span> <span class='ocrx_word' id='word_1_716' title='bbox 2901 3256 3100 3322; x_wconf 89' lang='lat' dir='ltr'><strong>ponat,</strong></span> <span class='ocrx_word' id='word_1_717' title='bbox 3134 3251 3240 3305; x_wconf 87' lang='lat' dir='ltr'><strong>hoc</strong></span> <span class='ocrx_word' id='word_1_718' title='bbox 3272 3253 3447 3307; x_wconf 93' lang='lat' dir='ltr'><strong>modo</strong></span> <span class='ocrx_word' id='word_1_719' title='bbox 3482 3250 3641 3306; x_wconf 80' lang='lat' dir='ltr'><strong>faciet</strong></span> <span class='ocrx_word' id='word_1_720' title='bbox 3670 3265 3683 3303; x_wconf 93' lang='lat'><strong>:</strong></span> <span class='ocrx_word' id='word_1_721' title='bbox 3724 3258 3856 3301; x_wconf 88' lang='lat' dir='ltr'><strong>omne</strong></span> 
     </span>
    </p>
   </div>
   <div class='ocr_carea' id='block_1_94' title="bbox 2267 3335 3857 3407">
    <p class='ocr_par' dir='ltr' id='par_1_94' title="bbox 2267 3335 3857 3407">
     <span class='ocr_line' id='line_1_94' title="bbox 2267 3335 3857 3407; baseline -0.004 -12"><span class='ocrx_word' id='word_1_722' title='bbox 2267 3356 2378 3395; x_wconf 90' lang='lat' dir='ltr'><strong>non</strong></span> <span class='ocrx_word' id='word_1_723' title='bbox 2410 3340 2627 3395; x_wconf 87' lang='lat' dir='ltr'><strong>animal</strong></span> <span class='ocrx_word' id='word_1_724' title='bbox 2662 3358 2774 3395; x_wconf 92' lang='lat' dir='ltr'><strong>non</strong></span> <span class='ocrx_word' id='word_1_725' title='bbox 2810 3340 2983 3396; x_wconf 80' lang='lat' dir='ltr'><strong>homo</strong></span> <span class='ocrx_word' id='word_1_726' title='bbox 3015 3344 3127 3407; x_wconf 90' lang='lat' dir='ltr'><strong>est,</strong></span> <span class='ocrx_word' id='word_1_727' title='bbox 3184 3344 3243 3395; x_wconf 90' lang='lat' dir='ltr'><strong>et</strong></span> <span class='ocrx_word' id='word_1_728' title='bbox 3289 3341 3405 3395; x_wconf 91' lang='lat' dir='ltr'><strong>erit</strong></span> <span class='ocrx_word' id='word_1_729' title='bbox 3454 3341 3564 3396; x_wconf 93' lang='lat' dir='ltr'><strong>ista</strong></span> <span class='ocrx_word' id='word_1_730' title='bbox 3593 3335 3857 3399; x_wconf 86' lang='lat' dir='ltr'><strong>conversio,</strong></span> 
     </span>
    </p>
   </div>
   <div class='ocr_carea' id='block_1_95' title="bbox 2266 3425 3855 3496">
    <p class='ocr_par' dir='ltr' id='par_1_95' title="bbox 2266 3425 3855 3496">
     <span class='ocr_line' id='line_1_95' title="bbox 2266 3425 3855 3496; baseline -0.004 -13"><span class='ocrx_word' id='word_1_731' title='bbox 2266 3429 2459 3483; x_wconf 90' lang='lat' dir='ltr'><strong>omnis</strong></span> <span class='ocrx_word' id='word_1_732' title='bbox 2483 3428 2657 3483; x_wconf 92' lang='lat' dir='ltr'><strong>homo</strong></span> <span class='ocrx_word' id='word_1_733' title='bbox 2676 3428 2893 3484; x_wconf 88' lang='lat' dir='ltr'><strong>animal</strong></span> <span class='ocrx_word' id='word_1_734' title='bbox 2913 3434 3021 3496; x_wconf 91' lang='lat' dir='ltr'><strong>est,</strong></span> <span class='ocrx_word' id='word_1_735' title='bbox 3038 3445 3211 3484; x_wconf 90' lang='lat' dir='ltr'><strong>omne</strong></span> <span class='ocrx_word' id='word_1_736' title='bbox 3230 3446 3343 3483; x_wconf 93' lang='lat' dir='ltr'><strong>non</strong></span> <span class='ocrx_word' id='word_1_737' title='bbox 3364 3427 3579 3483; x_wconf 85' lang='lat' dir='ltr'><strong>animal</strong></span> <span class='ocrx_word' id='word_1_738' title='bbox 3601 3444 3701 3482; x_wconf 91' lang='lat' dir='ltr'><strong>non</strong></span> <span class='ocrx_word' id='word_1_739' title='bbox 3723 3425 3855 3479; x_wconf 86' lang='lat' dir='ltr'><strong>homo</strong></span> 
     </span>
    </p>
   </div>
   <div class='ocr_carea' id='block_1_96' title="bbox 2264 3514 3854 3589">
    <p class='ocr_par' dir='ltr' id='par_1_96' title="bbox 2264 3514 3854 3589">
     <span class='ocr_line' id='line_1_96' title="bbox 2264 3514 3854 3589; baseline -0.005 -17"><span class='ocrx_word' id='word_1_740' title='bbox 2264 3522 2389 3584; x_wconf 88' lang='lat' dir='ltr'><strong>est;</strong></span> <span class='ocrx_word' id='word_1_741' title='bbox 2418 3517 2516 3572; x_wconf 91' lang='lat' dir='ltr'><strong>sed</strong></span> <span class='ocrx_word' id='word_1_742' title='bbox 2541 3518 2609 3572; x_wconf 88' lang='lat' dir='ltr'><strong>dc</strong></span> <span class='ocrx_word' id='word_1_743' title='bbox 2628 3516 2720 3572; x_wconf 91' lang='lat' dir='ltr'><strong>his</strong></span> <span class='ocrx_word' id='word_1_744' title='bbox 2746 3517 3041 3589; x_wconf 80' lang='lat' dir='ltr'><strong>posterius</strong></span> <span class='ocrx_word' id='word_1_745' title='bbox 3062 3517 3469 3582; x_wconf 88' lang='lat' dir='ltr'><strong>tractabimus,</strong></span> <span class='ocrx_word' id='word_1_746' title='bbox 3500 3532 3644 3571; x_wconf 89' lang='lat' dir='ltr'><strong>nunc</strong></span> <span class='ocrx_word' id='word_1_747' title='bbox 3666 3515 3727 3570; x_wconf 85' lang='lat' dir='ltr'><strong>ad</strong></span> <span class='ocrx_word' id='word_1_748' title='bbox 3748 3514 3854 3567; x_wconf 88' lang='lat' dir='ltr'><strong>sim-</strong></span> 
     </span>
    </p>
   </div>
   <div class='ocr_carea' id='block_1_97' title="bbox 2264 3598 3850 3678">
    <p class='ocr_par' dir='ltr' id='par_1_97' title="bbox 2264 3598 3850 3678">
     <span class='ocr_line' id='line_1_97' title="bbox 2264 3598 3850 3678; baseline -0.005 -18"><span class='ocrx_word' id='word_1_749' title='bbox 2264 3604 2443 3676; x_wconf 91' lang='lat' dir='ltr'><strong>plices</strong></span> <span class='ocrx_word' id='word_1_750' title='bbox 2468 3611 2847 3661; x_wconf 85' lang='lat' dir='ltr'><strong>revertamur.</strong></span> <span class='ocrx_word' id='word_1_751' title='bbox 2871 3606 3012 3661; x_wconf 90' lang='lat' dir='ltr'><strong>Cum</strong></span> <span class='ocrx_word' id='word_1_752' title='bbox 3040 3606 3159 3661; x_wconf 91' lang='lat' dir='ltr'><strong>sint</strong></span> <span class='ocrx_word' id='word_1_753' title='bbox 3177 3606 3618 3678; x_wconf 84' lang='lat' dir='ltr'><strong>igiturquatuor</strong></span> <span class='ocrx_word' id='word_1_754' title='bbox 3639 3598 3850 3676; x_wconf 89' lang='lat' dir='ltr'><strong>proposi-</strong></span> 
     </span>
    </p>
   </div>
   <div class='ocr_carea' id='block_1_98' title="bbox 2261 3693 3851 3766">
    <p class='ocr_par' dir='ltr' id='par_1_98' title="bbox 2261 3693 3851 3766">
     <span class='ocr_line' id='line_1_98' title="bbox 2261 3693 3851 3766; baseline -0.004 -18"><span class='ocrx_word' id='word_1_755' title='bbox 2261 3694 2448 3749; x_wconf 89' lang='lat' dir='ltr'><strong>tiones</strong></span> <span class='ocrx_word' id='word_1_756' title='bbox 2480 3711 2729 3765; x_wconf 91' lang='lat' dir='ltr'><strong>quarum</strong></span> <span class='ocrx_word' id='word_1_757' title='bbox 2752 3712 2878 3766; x_wconf 70' lang='lat' dir='ltr'><strong>quae</strong></span> <span class='ocrx_word' id='word_1_758' title='bbox 2898 3694 3261 3750; x_wconf 87' lang='lat' dir='ltr'><strong>universales</strong></span> <span class='ocrx_word' id='word_1_759' title='bbox 3283 3701 3447 3761; x_wconf 90' lang='lat' dir='ltr'><strong>sunt,</strong></span> <span class='ocrx_word' id='word_1_760' title='bbox 3472 3695 3527 3750; x_wconf 91' lang='lat' dir='ltr'><strong>id</strong></span> <span class='ocrx_word' id='word_1_761' title='bbox 3547 3693 3851 3751; x_wconf 78' lang='lat' dir='ltr'><strong>estafﬁrma-</strong></span> 
     </span>
    </p>
   </div>
   <div class='ocr_carea' id='block_1_99' title="bbox 2262 3777 3851 3856">
    <p class='ocr_par' dir='ltr' id='par_1_99' title="bbox 2262 3777 3851 3856">
     <span class='ocr_line' id='line_1_99' title="bbox 2262 3777 3851 3856; baseline -0.004 -21"><span class='ocrx_word' id='word_1_762' title='bbox 2262 3781 2378 3837; x_wconf 88' lang='lat' dir='ltr'><strong>tiva</strong></span> <span class='ocrx_word' id='word_1_763' title='bbox 2405 3787 2460 3837; x_wconf 90' lang='lat' dir='ltr'><strong>et</strong></span> <span class='ocrx_word' id='word_1_764' title='bbox 2491 3784 2781 3854; x_wconf 84' lang='lat' dir='ltr'><strong>negativa,</strong></span> <span class='ocrx_word' id='word_1_765' title='bbox 2814 3785 2940 3838; x_wconf 70' lang='lat' dir='ltr'><strong>duae</strong></span> <span class='ocrx_word' id='word_1_766' title='bbox 2963 3799 3097 3839; x_wconf 92' lang='lat' dir='ltr'><strong>vero</strong></span> <span class='ocrx_word' id='word_1_767' title='bbox 3117 3783 3520 3856; x_wconf 90' lang='lat' dir='ltr'><strong>particulares,</strong></span> <span class='ocrx_word' id='word_1_768' title='bbox 3546 3784 3598 3838; x_wconf 92' lang='lat' dir='ltr'><strong>id</strong></span> <span class='ocrx_word' id='word_1_769' title='bbox 3630 3788 3705 3837; x_wconf 89' lang='lat' dir='ltr'><strong>est</strong></span> <span class='ocrx_word' id='word_1_770' title='bbox 3729 3777 3851 3833; x_wconf 77' lang='lat' dir='ltr'><strong>afﬁr-</strong></span> 
     </span>
    </p>
   </div>
   <div class='ocr_carea' id='block_1_100' title="bbox 2263 3868 3852 3944">
    <p class='ocr_par' dir='ltr' id='par_1_100' title="bbox 2263 3868 3852 3944">
     <span class='ocr_line' id='line_1_100' title="bbox 2263 3868 3852 3944; baseline -0.003 -18"><span class='ocrx_word' id='word_1_771' title='bbox 2263 3872 2482 3927; x_wconf 90' lang='lat' dir='ltr'><strong>mativa</strong></span> <span class='ocrx_word' id='word_1_772' title='bbox 2538 3878 2594 3926; x_wconf 89' lang='lat' dir='ltr'><strong>et</strong></span> <span class='ocrx_word' id='word_1_773' title='bbox 2651 3872 2944 3943; x_wconf 84' lang='lat' dir='ltr'><strong>negativa,</strong></span> <span class='ocrx_word' id='word_1_774' title='bbox 2993 3872 3367 3944; x_wconf 88' lang='lat' dir='ltr'><strong>particularis</strong></span> <span class='ocrx_word' id='word_1_775' title='bbox 3427 3871 3767 3935; x_wconf 79' lang='lat' dir='ltr'><strong>afﬁrmativa,</strong></span> <span class='ocrx_word' id='word_1_776' title='bbox 3811 3868 3852 3918; x_wconf 67' lang='lat' dir='ltr'><strong>et</strong></span> 
     </span>
    </p>
   </div>
   <div class='ocr_carea' id='block_1_101' title="bbox 2262 3956 3853 4033">
    <p class='ocr_par' dir='ltr' id='par_1_101' title="bbox 2262 3956 3853 4033">
     <span class='ocr_line' id='line_1_101' title="bbox 2262 3956 3853 4033; baseline -0.006 -18"><span class='ocrx_word' id='word_1_777' title='bbox 2262 3961 2608 4017; x_wconf 86' lang='lat' dir='ltr'><strong>universalis</strong></span> <span class='ocrx_word' id='word_1_778' title='bbox 2644 3960 2913 4033; x_wconf 83' lang='lat' dir='ltr'><strong>negativa</strong></span> <span class='ocrx_word' id='word_1_779' title='bbox 2943 3963 3321 4017; x_wconf 88' lang='lat' dir='ltr'><strong>commutatis</strong></span> <span class='ocrx_word' id='word_1_780' title='bbox 3349 3962 3617 4017; x_wconf 89' lang='lat' dir='ltr'><strong>terminis</strong></span> <span class='ocrx_word' id='word_1_781' title='bbox 3645 3956 3853 4025; x_wconf 77' lang='lat' dir='ltr'><strong>sibiipse</strong></span> 
     </span>
    </p>
   </div>
   <div class='ocr_carea' id='block_1_102' title="bbox 2260 4042 3852 4122">
    <p class='ocr_par' dir='ltr' id='par_1_102' title="bbox 2260 4042 3852 4122">
     <span class='ocr_line' id='line_1_102' title="bbox 2260 4042 3852 4122; baseline 0.002 -19"><span class='ocrx_word' id='word_1_782' title='bbox 2260 4049 2636 4105; x_wconf 88' lang='lat' dir='ltr'><strong>convertitur.</strong></span> <span class='ocrx_word' id='word_1_783' title='bbox 2657 4050 3088 4105; x_wconf 90' lang='lat' dir='ltr'><strong>Convertuntur</strong></span> <span class='ocrx_word' id='word_1_784' title='bbox 3113 4056 3305 4105; x_wconf 87' lang='lat' dir='ltr'><strong>autem</strong></span> <span class='ocrx_word' id='word_1_785' title='bbox 3322 4048 3435 4105; x_wconf 74' lang='lat' dir='ltr'><strong>illas</strong></span> <span class='ocrx_word' id='word_1_786' title='bbox 3459 4053 3540 4122; x_wconf 88' lang='lat' dir='ltr'><strong>(ut</strong></span> <span class='ocrx_word' id='word_1_787' title='bbox 3563 4049 3757 4104; x_wconf 87' lang='lat' dir='ltr'><strong>dictum</strong></span> <span class='ocrx_word' id='word_1_788' title='bbox 3772 4042 3852 4105; x_wconf 73' lang='lat' dir='ltr'><strong>est)</strong></span> 
     </span>
    </p>
   </div>
   <div class='ocr_carea' id='block_1_103' title="bbox 2260 4132 3849 4209">
    <p class='ocr_par' dir='ltr' id='par_1_103' title="bbox 2260 4132 3849 4209">
     <span class='ocr_line' id='line_1_103' title="bbox 2260 4132 3849 4209; baseline 0.001 -18"><span class='ocrx_word' id='word_1_789' title='bbox 2260 4138 2509 4209; x_wconf 90' lang='lat' dir='ltr'><strong>quoties,</strong></span> <span class='ocrx_word' id='word_1_790' title='bbox 2545 4140 2924 4194; x_wconf 89' lang='lat' dir='ltr'><strong>commutatis</strong></span> <span class='ocrx_word' id='word_1_791' title='bbox 2947 4139 3236 4207; x_wconf 87' lang='lat' dir='ltr'><strong>terminis,</strong></span> <span class='ocrx_word' id='word_1_792' title='bbox 3269 4138 3355 4195; x_wconf 91' lang='lat' dir='ltr'><strong>vel</strong></span> <span class='ocrx_word' id='word_1_793' title='bbox 3381 4138 3556 4195; x_wconf 91' lang='lat' dir='ltr'><strong>simul</strong></span> <span class='ocrx_word' id='word_1_794' title='bbox 3581 4153 3709 4192; x_wconf 73' lang='lat' dir='ltr'><strong>versa</strong></span> <span class='ocrx_word' id='word_1_795' title='bbox 3728 4132 3849 4192; x_wconf 65' lang='lat' dir='ltr'><strong>sunt.</strong></span> 
     </span>
    </p>
   </div>
   <div class='ocr_carea' id='block_1_104' title="bbox 2260 4223 3850 4299">
    <p class='ocr_par' dir='ltr' id='par_1_104' title="bbox 2260 4223 3850 4299">
     <span class='ocr_line' id='line_1_104' title="bbox 2260 4223 3850 4299; baseline -0.005 -19"><span class='ocrx_word' id='word_1_796' title='bbox 2260 4224 2345 4280; x_wconf 87' lang='lat' dir='ltr'><strong>vel</strong></span> <span class='ocrx_word' id='word_1_797' title='bbox 2379 4225 2559 4280; x_wconf 90' lang='lat' dir='ltr'><strong>simul</strong></span> <span class='ocrx_word' id='word_1_798' title='bbox 2592 4226 2767 4282; x_wconf 77' lang='lat' dir='ltr'><strong>falsae.</strong></span> <span class='ocrx_word' id='word_1_799' title='bbox 2806 4227 2949 4284; x_wconf 84' lang='lat' dir='ltr'><strong>Nam</strong></span> <span class='ocrx_word' id='word_1_800' title='bbox 3004 4229 3053 4282; x_wconf 90' lang='lat' dir='ltr'><strong>si</strong></span> <span class='ocrx_word' id='word_1_801' title='bbox 3084 4228 3218 4299; x_wconf 91' lang='lat' dir='ltr'><strong>quis</strong></span> <span class='ocrx_word' id='word_1_802' title='bbox 3249 4228 3424 4293; x_wconf 89' lang='lat' dir='ltr'><strong>dicat,</strong></span> <span class='ocrx_word' id='word_1_803' title='bbox 3460 4227 3686 4299; x_wconf 88' lang='lat' dir='ltr'><strong>quidam</strong></span> <span class='ocrx_word' id='word_1_804' title='bbox 3720 4223 3850 4276; x_wconf 87' lang='lat' dir='ltr'><strong>homo</strong></span> 
     </span>
    </p>
   </div>
   <div class='ocr_carea' id='block_1_105' title="bbox 2258 4311 3849 4389">
    <p class='ocr_par' dir='ltr' id='par_1_105' title="bbox 2258 4311 3849 4389">
     <span class='ocr_line' id='line_1_105' title="bbox 2258 4311 3849 4389; baseline -0.004 -20"><span class='ocrx_word' id='word_1_805' title='bbox 2258 4313 2476 4370; x_wconf 87' lang='lat' dir='ltr'><strong>animal</strong></span> <span class='ocrx_word' id='word_1_806' title='bbox 2501 4321 2610 4383; x_wconf 88' lang='lat' dir='ltr'><strong>est,</strong></span> <span class='ocrx_word' id='word_1_807' title='bbox 2641 4333 2778 4372; x_wconf 79' lang='lat' dir='ltr'><strong>vera</strong></span> <span class='ocrx_word' id='word_1_808' title='bbox 2805 4322 2912 4372; x_wconf 90' lang='lat' dir='ltr'><strong>est.</strong></span> <span class='ocrx_word' id='word_1_809' title='bbox 2943 4317 3255 4373; x_wconf 88' lang='lat' dir='ltr'><strong>Conversio</strong></span> <span class='ocrx_word' id='word_1_810' title='bbox 3286 4334 3421 4373; x_wconf 88' lang='lat' dir='ltr'><strong>vero</strong></span> <span class='ocrx_word' id='word_1_811' title='bbox 3453 4319 3575 4389; x_wconf 88' lang='lat' dir='ltr'><strong>ejus</strong></span> <span class='ocrx_word' id='word_1_812' title='bbox 3606 4311 3849 4386; x_wconf 85' lang='lat' dir='ltr'><strong>quoddam</strong></span> 
     </span>
    </p>
   </div>
   <div class='ocr_carea' id='block_1_106' title="bbox 2258 4398 3851 4478">
    <p class='ocr_par' dir='ltr' id='par_1_106' title="bbox 2258 4398 3851 4478">
     <span class='ocr_line' id='line_1_106' title="bbox 2258 4398 3851 4478; baseline 0.001 -22"><span class='ocrx_word' id='word_1_813' title='bbox 2258 4403 2478 4458; x_wconf 89' lang='lat' dir='ltr'><strong>animal</strong></span> <span class='ocrx_word' id='word_1_814' title='bbox 2503 4403 2679 4461; x_wconf 88' lang='lat' dir='ltr'><strong>homo</strong></span> <span class='ocrx_word' id='word_1_815' title='bbox 2701 4414 2812 4476; x_wconf 85' lang='lat' dir='ltr'><strong>est,</strong></span> <span class='ocrx_word' id='word_1_816' title='bbox 2838 4422 2970 4460; x_wconf 89' lang='lat' dir='ltr'><strong>vera</strong></span> <span class='ocrx_word' id='word_1_817' title='bbox 2991 4411 3099 4462; x_wconf 89' lang='lat' dir='ltr'><strong>est.</strong></span> <span class='ocrx_word' id='word_1_818' title='bbox 3125 4408 3270 4461; x_wconf 88' lang='lat' dir='ltr'><strong>Item</strong></span> <span class='ocrx_word' id='word_1_819' title='bbox 3299 4407 3537 4478; x_wconf 78' lang='lat' dir='ltr'><strong>quidam</strong></span> <span class='ocrx_word' id='word_1_820' title='bbox 3560 4406 3718 4460; x_wconf 88' lang='lat' dir='ltr'><strong>homo</strong></span> <span class='ocrx_word' id='word_1_821' title='bbox 3737 4398 3851 4467; x_wconf 67' lang='lat' dir='ltr'><strong>lupi!</strong></span> 
     </span>
    </p>
   </div>
   <div class='ocr_carea' id='block_1_107' title="bbox 2260 4483 3850 4566">
    <p class='ocr_par' dir='ltr' id='par_1_107' title="bbox 2260 4483 3850 4566">
     <span class='ocr_line' id='line_1_107' title="bbox 2260 4483 3850 4566; baseline 0 -20"><span class='ocrx_word' id='word_1_822' title='bbox 2260 4497 2368 4557; x_wconf 79' lang='lat' dir='ltr'><strong>est,</strong></span> <span class='ocrx_word' id='word_1_823' title='bbox 2386 4492 2532 4548; x_wconf 87' lang='lat' dir='ltr'><strong>falsa</strong></span> <span class='ocrx_word' id='word_1_824' title='bbox 2546 4499 2655 4561; x_wconf 89' lang='lat' dir='ltr'><strong>est,</strong></span> <span class='ocrx_word' id='word_1_825' title='bbox 2679 4495 3181 4565; x_wconf 91' lang='lat' dir='ltr'><strong>quemadmodum</strong></span> <span class='ocrx_word' id='word_1_826' title='bbox 3205 4499 3262 4550; x_wconf 88' lang='lat' dir='ltr'><strong>et</strong></span> <span class='ocrx_word' id='word_1_827' title='bbox 3281 4496 3412 4566; x_wconf 88' lang='lat' dir='ltr'><strong>ejus</strong></span> <span class='ocrx_word' id='word_1_828' title='bbox 3436 4492 3730 4557; x_wconf 89' lang='lat' dir='ltr'><strong>conversio,</strong></span> <span class='ocrx_word' id='word_1_829' title='bbox 3752 4483 3850 4558; x_wconf 73' lang='lat' dir='ltr'><strong>qui-</strong></span> 
     </span>
    </p>
   </div>
   <div class='ocr_carea' id='block_1_108' title="bbox 2259 4575 3852 4655">
    <p class='ocr_par' dir='ltr' id='par_1_108' title="bbox 2259 4575 3852 4655">
     <span class='ocr_line' id='line_1_108' title="bbox 2259 4575 3852 4655; baseline 0.001 -20"><span class='ocrx_word' id='word_1_830' title='bbox 2259 4581 2393 4637; x_wconf 90' lang='lat' dir='ltr'><strong>dam</strong></span> <span class='ocrx_word' id='word_1_831' title='bbox 2430 4582 2581 4655; x_wconf 89' lang='lat' dir='ltr'><strong>lapis</strong></span> <span class='ocrx_word' id='word_1_832' title='bbox 2612 4582 2787 4639; x_wconf 92' lang='lat' dir='ltr'><strong>homo</strong></span> <span class='ocrx_word' id='word_1_833' title='bbox 2804 4589 3059 4652; x_wconf 89' lang='lat' dir='ltr'><strong>est,nam</strong></span> <span class='ocrx_word' id='word_1_834' title='bbox 3083 4589 3139 4640; x_wconf 92' lang='lat' dir='ltr'><strong>et</strong></span> <span class='ocrx_word' id='word_1_835' title='bbox 3163 4584 3277 4639; x_wconf 89' lang='lat' dir='ltr'><strong>ista</strong></span> <span class='ocrx_word' id='word_1_836' title='bbox 3304 4584 3450 4640; x_wconf 87' lang='lat' dir='ltr'><strong>falsa</strong></span> <span class='ocrx_word' id='word_1_837' title='bbox 3477 4590 3580 4639; x_wconf 90' lang='lat' dir='ltr'><strong>est.</strong></span> <span class='ocrx_word' id='word_1_838' title='bbox 3604 4582 3694 4638; x_wconf 87' lang='lat' dir='ltr'><strong>Est</strong></span> <span class='ocrx_word' id='word_1_839' title='bbox 3712 4575 3852 4649; x_wconf 61' lang='lat' dir='ltr'><strong>igitur</strong></span> 
     </span>
    </p>
   </div>
   <div class='ocr_carea' id='block_1_109' title="bbox 2258 4659 3847 4744">
    <p class='ocr_par' dir='ltr' id='par_1_109' title="bbox 2258 4659 3847 4744">
     <span class='ocr_line' id='line_1_109' title="bbox 2258 4659 3847 4744; baseline -0.008 -18"><span class='ocrx_word' id='word_1_840' title='bbox 2258 4670 2628 4742; x_wconf 87' lang='lat' dir='ltr'><strong>particularis</strong></span> <span class='ocrx_word' id='word_1_841' title='bbox 2641 4673 3129 4744; x_wconf 65' lang='lat' dir='ltr'><strong>afﬁrmativaquaa</strong></span> <span class='ocrx_word' id='word_1_842' title='bbox 3142 4674 3509 4728; x_wconf 88' lang='lat' dir='ltr'><strong>commutatis</strong></span> <span class='ocrx_word' id='word_1_843' title='bbox 3530 4659 3847 4727; x_wconf 80' lang='lat' dir='ltr'><strong>terminissibi</strong></span> 
     </span>
    </p>
   </div>
   <div class='ocr_carea' id='block_1_110' title="bbox 2258 4759 3847 4834">
    <p class='ocr_par' dir='ltr' id='par_1_110' title="bbox 2258 4759 3847 4834">
     <span class='ocr_line' id='line_1_110' title="bbox 2258 4759 3847 4834; baseline -0.004 -20"><span class='ocrx_word' id='word_1_844' title='bbox 2258 4760 2386 4831; x_wconf 85' lang='lat' dir='ltr'><strong>ipsa</strong></span> <span class='ocrx_word' id='word_1_845' title='bbox 2400 4761 2775 4816; x_wconf 89' lang='lat' dir='ltr'><strong>convertitur.</strong></span> <span class='ocrx_word' id='word_1_846' title='bbox 2798 4761 2955 4817; x_wconf 86' lang='lat' dir='ltr'><strong>Idem</strong></span> <span class='ocrx_word' id='word_1_847' title='bbox 2970 4778 3101 4818; x_wconf 89' lang='lat' dir='ltr'><strong>vere</strong></span> <span class='ocrx_word' id='word_1_848' title='bbox 3126 4763 3341 4834; x_wconf 90' lang='lat' dir='ltr'><strong>patitur</strong></span> <span class='ocrx_word' id='word_1_849' title='bbox 3358 4759 3692 4818; x_wconf 88' lang='lat' dir='ltr'><strong>universalis</strong></span> <span class='ocrx_word' id='word_1_850' title='bbox 3711 4766 3847 4823; x_wconf 77' lang='lat' dir='ltr'><strong>nega-</strong></span> 
     </span>
    </p>
   </div>
   <div class='ocr_carea' id='block_1_111' title="bbox 2258 4849 3847 4922">
    <p class='ocr_par' dir='ltr' id='par_1_111' title="bbox 2258 4849 3847 4922">
     <span class='ocr_line' id='line_1_111' title="bbox 2258 4849 3847 4922; baseline -0.003 -18"><span class='ocrx_word' id='word_1_851' title='bbox 2258 4850 2361 4905; x_wconf 89' lang='lat' dir='ltr'><strong>tio.</strong></span> <span class='ocrx_word' id='word_1_852' title='bbox 2398 4849 2457 4904; x_wconf 89' lang='lat' dir='ltr'><strong>Si</strong></span> <span class='ocrx_word' id='word_1_853' title='bbox 2491 4849 2621 4919; x_wconf 89' lang='lat' dir='ltr'><strong>quis</strong></span> <span class='ocrx_word' id='word_1_854' title='bbox 2652 4851 2806 4905; x_wconf 88' lang='lat' dir='ltr'><strong>enim</strong></span> <span class='ocrx_word' id='word_1_855' title='bbox 2842 4850 3017 4918; x_wconf 88' lang='lat' dir='ltr'><strong>dicat,</strong></span> <span class='ocrx_word' id='word_1_856' title='bbox 3053 4851 3255 4907; x_wconf 90' lang='lat' dir='ltr'><strong>nullus</strong></span> <span class='ocrx_word' id='word_1_857' title='bbox 3274 4851 3446 4906; x_wconf 91' lang='lat' dir='ltr'><strong>homo</strong></span> <span class='ocrx_word' id='word_1_858' title='bbox 3476 4850 3617 4922; x_wconf 87' lang='lat' dir='ltr'><strong>lapis</strong></span> <span class='ocrx_word' id='word_1_859' title='bbox 3635 4851 3847 4912; x_wconf 73' lang='lat' dir='ltr'><strong>est,ver8</strong></span> 
     </span>
    </p>
   </div>
   <div class='ocr_carea' id='block_1_112' title="bbox 2259 4929 3848 5011">
    <p class='ocr_par' dir='ltr' id='par_1_112' title="bbox 2259 4929 3848 5011">
     <span class='ocr_line' id='line_1_112' title="bbox 2259 4929 3848 5011; baseline -0.006 -17"><span class='ocrx_word' id='word_1_860' title='bbox 2259 4942 2369 5003; x_wconf 90' lang='lat' dir='ltr'><strong>est,</strong></span> <span class='ocrx_word' id='word_1_861' title='bbox 2392 4941 2448 4993; x_wconf 91' lang='lat' dir='ltr'><strong>et</strong></span> <span class='ocrx_word' id='word_1_862' title='bbox 2474 4944 2665 5009; x_wconf 88' lang='lat' dir='ltr'><strong>potest</strong></span> <span class='ocrx_word' id='word_1_863' title='bbox 2686 4940 2941 4994; x_wconf 90' lang='lat' dir='ltr'><strong>converti</strong></span> <span class='ocrx_word' id='word_1_864' title='bbox 2967 4941 3166 4994; x_wconf 87' lang='lat' dir='ltr'><strong>nullus</strong></span> <span class='ocrx_word' id='word_1_865' title='bbox 3188 4939 3334 5011; x_wconf 77' lang='lat' dir='ltr'><strong>lapis</strong></span> <span class='ocrx_word' id='word_1_866' title='bbox 3356 4940 3528 4995; x_wconf 91' lang='lat' dir='ltr'><strong>homo</strong></span> <span class='ocrx_word' id='word_1_867' title='bbox 3554 4943 3653 4999; x_wconf 90' lang='lat' dir='ltr'><strong>est,</strong></span> <span class='ocrx_word' id='word_1_868' title='bbox 3676 4946 3785 4988; x_wconf 86' lang='lat' dir='ltr'><strong>nam</strong></span> <span class='ocrx_word' id='word_1_869' title='bbox 3807 4929 3848 4980; x_wconf 73' lang='lat' dir='ltr'><strong>el</strong></span> 
     </span>
    </p>
   </div>
   <div class='ocr_carea' id='block_1_113' title="bbox 2260 5018 3845 5095">
    <p class='ocr_par' dir='ltr' id='par_1_113' title="bbox 2260 5018 3845 5095">
     <span class='ocr_line' id='line_1_113' title="bbox 2260 5018 3845 5095; baseline -0.003 -14"><span class='ocrx_word' id='word_1_870' title='bbox 2260 5028 2375 5083; x_wconf 89' lang='lat' dir='ltr'><strong>ista</strong></span> <span class='ocrx_word' id='word_1_871' title='bbox 2404 5044 2537 5082; x_wconf 87' lang='lat' dir='ltr'><strong>vera</strong></span> <span class='ocrx_word' id='word_1_872' title='bbox 2566 5034 2675 5082; x_wconf 91' lang='lat' dir='ltr'><strong>est.</strong></span> <span class='ocrx_word' id='word_1_873' title='bbox 2700 5028 2838 5083; x_wconf 90' lang='lat' dir='ltr'><strong>Item</strong></span> <span class='ocrx_word' id='word_1_874' title='bbox 2867 5028 3066 5084; x_wconf 92' lang='lat' dir='ltr'><strong>nullus</strong></span> <span class='ocrx_word' id='word_1_875' title='bbox 3090 5030 3264 5084; x_wconf 91' lang='lat' dir='ltr'><strong>homo</strong></span> <span class='ocrx_word' id='word_1_876' title='bbox 3289 5029 3483 5083; x_wconf 79' lang='lat' dir='ltr'><strong>rhetor</strong></span> <span class='ocrx_word' id='word_1_877' title='bbox 3499 5032 3600 5095; x_wconf 89' lang='lat' dir='ltr'><strong>est,</strong></span> <span class='ocrx_word' id='word_1_878' title='bbox 3626 5018 3845 5078; x_wconf 70' lang='lat' dir='ltr'><strong>falsaest.</strong></span> 
     </span>
    </p>
   </div>
   <div class='ocr_carea' id='block_1_114' title="bbox 2259 5104 3842 5187">
    <p class='ocr_par' dir='ltr' id='par_1_114' title="bbox 2259 5104 3842 5187">
     <span class='ocr_line' id='line_1_114' title="bbox 2259 5104 3842 5187; baseline -0.006 -16"><span class='ocrx_word' id='word_1_879' title='bbox 2259 5122 2316 5171; x_wconf 91' lang='lat' dir='ltr'><strong>et</strong></span> <span class='ocrx_word' id='word_1_880' title='bbox 2345 5119 2473 5187; x_wconf 86' lang='lat' dir='ltr'><strong>ejus</strong></span> <span class='ocrx_word' id='word_1_881' title='bbox 2504 5118 2827 5185; x_wconf 88' lang='lat' dir='ltr'><strong>conversio,</strong></span> <span class='ocrx_word' id='word_1_882' title='bbox 2853 5117 3051 5172; x_wconf 87' lang='lat' dir='ltr'><strong>nullus</strong></span> <span class='ocrx_word' id='word_1_883' title='bbox 3076 5119 3274 5173; x_wconf 88' lang='lat' dir='ltr'><strong>rhetor</strong></span> <span class='ocrx_word' id='word_1_884' title='bbox 3297 5119 3468 5172; x_wconf 89' lang='lat' dir='ltr'><strong>homo</strong></span> <span class='ocrx_word' id='word_1_885' title='bbox 3491 5121 3594 5183; x_wconf 86' lang='lat' dir='ltr'><strong>est,</strong></span> <span class='ocrx_word' id='word_1_886' title='bbox 3619 5113 3745 5167; x_wconf 88' lang='lat' dir='ltr'><strong>falsa</strong></span> <span class='ocrx_word' id='word_1_887' title='bbox 3763 5104 3842 5158; x_wconf 54' lang='lat' dir='ltr'><strong>est.</strong></span> 
     </span>
    </p>
   </div>
   <div class='ocr_carea' id='block_1_115' title="bbox 2260 5202 3840 5279">
    <p class='ocr_par' dir='ltr' id='par_1_115' title="bbox 2260 5202 3840 5279">
     <span class='ocr_line' id='line_1_115' title="bbox 2260 5202 3840 5279; baseline -0.008 -18"><span class='ocrx_word' id='word_1_888' title='bbox 2260 5207 2320 5261; x_wconf 93' lang='lat' dir='ltr'><strong>In</strong></span> <span class='ocrx_word' id='word_1_889' title='bbox 2357 5212 2608 5277; x_wconf 89' lang='lat' dir='ltr'><strong>quatuor</strong></span> <span class='ocrx_word' id='word_1_890' title='bbox 2639 5208 2820 5279; x_wconf 85' lang='lat' dir='ltr'><strong>igitur</strong></span> <span class='ocrx_word' id='word_1_891' title='bbox 2850 5207 2943 5261; x_wconf 90' lang='lat' dir='ltr'><strong>his</strong></span> <span class='ocrx_word' id='word_1_892' title='bbox 2975 5208 3466 5278; x_wconf 81' lang='lat' dir='ltr'><strong>propositionibus</strong></span> <span class='ocrx_word' id='word_1_893' title='bbox 3508 5221 3625 5275; x_wconf 68' lang='lat' dir='ltr'><strong>quas</strong></span> <span class='ocrx_word' id='word_1_894' title='bbox 3659 5202 3840 5279; x_wconf 82' lang='lat' dir='ltr'><strong>tantum</strong></span> 
     </span>
    </p>
   </div>
   <div class='ocr_carea' id='block_1_116' title="bbox 2260 5278 3841 5367">
    <p class='ocr_par' dir='ltr' id='par_1_116' title="bbox 2260 5278 3841 5367">
     <span class='ocr_line' id='line_1_116' title="bbox 2260 5278 3841 5367; baseline -0.012 -17"><span class='ocrx_word' id='word_1_895' title='bbox 2260 5294 2727 5364; x_wconf 66' lang='lat' dir='ltr'><strong>contrajacentts</strong></span> <span class='ocrx_word' id='word_1_896' title='bbox 2760 5295 2873 5351; x_wconf 90' lang='lat' dir='ltr'><strong>sibi</strong></span> <span class='ocrx_word' id='word_1_897' title='bbox 2897 5298 3036 5367; x_wconf 67' lang='lat' dir='ltr'><strong>ipsa:</strong></span> <span class='ocrx_word' id='word_1_898' title='bbox 3056 5302 3491 5362; x_wconf 91' lang='lat' dir='ltr'><strong>convertuntur,</strong></span> <span class='ocrx_word' id='word_1_899' title='bbox 3517 5294 3568 5348; x_wconf 92' lang='lat' dir='ltr'><strong>id</strong></span> <span class='ocrx_word' id='word_1_900' title='bbox 3599 5294 3678 5346; x_wconf 88' lang='lat' dir='ltr'><strong>est</strong></span> <span class='ocrx_word' id='word_1_901' title='bbox 3698 5278 3841 5357; x_wconf 91' lang='lat' dir='ltr'><strong>parti-</strong></span> 
     </span>
    </p>
   </div>
   <div class='ocr_carea' id='block_1_117' title="bbox 2260 5377 3841 5455">
    <p class='ocr_par' dir='ltr' id='par_1_117' title="bbox 2260 5377 3841 5455">
     <span class='ocr_line' id='line_1_117' title="bbox 2260 5377 3841 5455; baseline -0.006 -17"><span class='ocrx_word' id='word_1_902' title='bbox 2260 5382 2497 5449; x_wconf 91' lang='lat' dir='ltr'><strong>cularis,</strong></span> <span class='ocrx_word' id='word_1_903' title='bbox 2532 5384 2848 5439; x_wconf 73' lang='lat' dir='ltr'><strong>afﬁrmatio</strong></span> <span class='ocrx_word' id='word_1_904' title='bbox 2880 5391 2935 5440; x_wconf 89' lang='lat' dir='ltr'><strong>et</strong></span> <span class='ocrx_word' id='word_1_905' title='bbox 2957 5384 3307 5440; x_wconf 86' lang='lat' dir='ltr'><strong>universalis</strong></span> <span class='ocrx_word' id='word_1_906' title='bbox 3331 5383 3574 5455; x_wconf 84' lang='lat' dir='ltr'><strong>negatio.</strong></span> <span class='ocrx_word' id='word_1_907' title='bbox 3599 5377 3721 5433; x_wconf 73' lang='lat' dir='ltr'><strong>Alia:</strong></span> <span class='ocrx_word' id='word_1_908' title='bbox 3741 5380 3841 5425; x_wconf 71' lang='lat' dir='ltr'><strong>vero</strong></span> 
     </span>
    </p>
   </div>
   <div class='ocr_carea' id='block_1_118' title="bbox 2260 5463 3838 5544">
    <p class='ocr_par' dir='ltr' id='par_1_118' title="bbox 2260 5463 3838 5544">
     <span class='ocr_line' id='line_1_118' title="bbox 2260 5463 3838 5544; baseline -0.011 -17"><span class='ocrx_word' id='word_1_909' title='bbox 2260 5473 2387 5527; x_wconf 76' lang='lat' dir='ltr'><strong>duae</strong></span> <span class='ocrx_word' id='word_1_910' title='bbox 2410 5472 2521 5526; x_wconf 86' lang='lat' dir='ltr'><strong>sibi</strong></span> <span class='ocrx_word' id='word_1_911' title='bbox 2546 5474 2690 5544; x_wconf 90' lang='lat' dir='ltr'><strong>ipsis</strong></span> <span class='ocrx_word' id='word_1_912' title='bbox 2715 5491 2827 5529; x_wconf 89' lang='lat' dir='ltr'><strong>non</strong></span> <span class='ocrx_word' id='word_1_913' title='bbox 2854 5478 3447 5531; x_wconf 86' lang='lat' dir='ltr'><strong>convertuntur.Nam</strong></span> <span class='ocrx_word' id='word_1_914' title='bbox 3468 5484 3640 5541; x_wconf 88' lang='lat' dir='ltr'><strong>neque</strong></span> <span class='ocrx_word' id='word_1_915' title='bbox 3654 5463 3838 5519; x_wconf 88' lang='lat' dir='ltr'><strong>univer-</strong></span> 
     </span>
    </p>
   </div>
   <div class='ocr_carea' id='block_1_119' title="bbox 2261 5551 3840 5636">
    <p class='ocr_par' dir='ltr' id='par_1_119' title="bbox 2261 5551 3840 5636">
     <span class='ocr_line' id='line_1_119' title="bbox 2261 5551 3840 5636; baseline -0.006 -19"><span class='ocrx_word' id='word_1_916' title='bbox 2261 5560 2402 5617; x_wconf 86' lang='lat' dir='ltr'><strong>salis</strong></span> <span class='ocrx_word' id='word_1_917' title='bbox 2425 5562 2762 5630; x_wconf 82' lang='lat' dir='ltr'><strong>afﬁrmatio,</strong></span> <span class='ocrx_word' id='word_1_918' title='bbox 2793 5579 2983 5634; x_wconf 88' lang='lat' dir='ltr'><strong>neque</strong></span> <span class='ocrx_word' id='word_1_919' title='bbox 3002 5563 3374 5636; x_wconf 87' lang='lat' dir='ltr'><strong>particularis</strong></span> <span class='ocrx_word' id='word_1_920' title='bbox 3395 5560 3613 5633; x_wconf 81' lang='lat' dir='ltr'><strong>negatio</strong></span> <span class='ocrx_word' id='word_1_921' title='bbox 3629 5553 3723 5611; x_wconf 86' lang='lat' dir='ltr'><strong>sibi</strong></span> <span class='ocrx_word' id='word_1_922' title='bbox 3744 5551 3840 5619; x_wconf 65' lang='lat' dir='ltr'><strong>ipsa</strong></span> 
     </span>
    </p>
   </div>
  </div>
