  <div class='ocr_page' id='page_1' title='image "/cluster/home/n/w/nwhite01/storage/ocr_20150623/64/hvd.32044073505125/411.png"; bbox 0 0 4056 6176; ppageno 0'>
   <div class='ocr_carea' id='block_1_1' title="bbox 481 289 587 344">
    <p class='ocr_par' dir='ltr' id='par_1_1' title="bbox 481 289 587 344">
     <span class='ocr_line' id='line_1_1' title="bbox 481 289 587 344; baseline 0.009 -1"><span class='ocrx_word' id='word_1_1' title='bbox 481 289 587 344; x_wconf 84' lang='grc'><strong>811</strong></span> 
     </span>
    </p>
   </div>
   <div class='ocr_carea' id='block_1_2' title="bbox 1751 293 2154 359">
    <p class='ocr_par' dir='ltr' id='par_1_2' title="bbox 1751 293 2134 347">
     <span class='ocr_line' id='line_1_2' title="bbox 1751 293 2134 347; baseline -0.008 -2"><span class='ocrx_word' id='word_1_2' title='bbox 1751 294 1873 347; x_wconf 79' lang='grc' dir='ltr'>ΔΝ.</span> <span class='ocrx_word' id='word_1_3' title='bbox 1913 293 2134 346; x_wconf 78' lang='lat' dir='ltr'>MANL.</span> 
     </span>
    </p>
   </div>
   <div class='ocr_carea' id='block_1_3' title="bbox 2264 293 3812 359">
    <p class='ocr_par' dir='ltr' id='par_1_3' title="bbox 2267 294 3812 359">
     <span class='ocr_line' id='line_1_3' title="bbox 2267 294 3812 359; baseline -0.001 -13"><span class='ocrx_word' id='word_1_4' title='bbox 2267 294 2334 346; x_wconf 78' lang='grc' dir='ltr'><strong>ν.</strong></span> <span class='ocrx_word' id='word_1_5' title='bbox 2374 294 2615 347; x_wconf 83' lang='lat' dir='ltr'>BOETII</span> <span class='ocrx_word' id='word_1_6' title='bbox 3730 306 3812 359; x_wconf 69' lang='lat'>312</span> 
     </span>
    </p>
   </div>
   <div class='ocr_carea' id='block_1_4' title="bbox 480 416 3816 490">
    <p class='ocr_par' dir='ltr' id='par_1_4' title="bbox 480 416 3816 490">
     <span class='ocr_line' id='line_1_4' title="bbox 480 416 3816 490; baseline 0.004 -19"><span class='ocrx_word' id='word_1_7' title='bbox 480 416 727 473; x_wconf 82' lang='lat' dir='ltr'>connexi</span> <span class='ocrx_word' id='word_1_8' title='bbox 759 417 898 483; x_wconf 88' lang='lat' dir='ltr'>sint,</span> <span class='ocrx_word' id='word_1_9' title='bbox 932 421 1048 471; x_wconf 88' lang='lat' dir='ltr'>tres</span> <span class='ocrx_word' id='word_1_10' title='bbox 1081 433 1196 470; x_wconf 92' lang='lat' dir='ltr'>non</span> <span class='ocrx_word' id='word_1_11' title='bbox 1229 416 1385 471; x_wconf 89' lang='lat' dir='ltr'>ultra</span> <span class='ocrx_word' id='word_1_12' title='bbox 1414 417 1541 470; x_wconf 84' lang='lat' dir='ltr'>ﬁeri</span> <span class='ocrx_word' id='word_1_13' title='bbox 1568 416 1999 488; x_wconf 81' lang='lat' dir='ltr'>complexiones</span> <span class='ocrx_word' id='word_1_14' title='bbox 2028 435 2128 474; x_wconf 90' lang='lat' dir='ltr'>ne-</span> <span class='ocrx_word' id='word_1_15' title='bbox 2161 421 2213 485; x_wconf 83' lang='grc' dir='ltr'><strong>Α</strong></span> <span class='ocrx_word' id='word_1_16' title='bbox 2242 418 2396 490; x_wconf 90' lang='lat' dir='ltr'>quod</span> <span class='ocrx_word' id='word_1_17' title='bbox 2429 417 2660 473; x_wconf 90' lang='lat' dir='ltr'>videtur</span> <span class='ocrx_word' id='word_1_18' title='bbox 2691 418 3037 476; x_wconf 79' lang='lat' dir='ltr'>universalis</span> <span class='ocrx_word' id='word_1_19' title='bbox 3063 422 3375 479; x_wconf 79' lang='lat' dir='ltr'>afﬁrmatio</span> <span class='ocrx_word' id='word_1_20' title='bbox 3408 441 3677 482; x_wconf 86' lang='lat' dir='ltr'>conversa.</span> <span class='ocrx_word' id='word_1_21' title='bbox 3703 429 3816 485; x_wconf 86' lang='lat' dir='ltr'>Nam</span> 
     </span>
    </p>
   </div>
   <div class='ocr_carea' id='block_1_5' title="bbox 486 504 2139 576">
    <p class='ocr_par' dir='ltr' id='par_1_5' title="bbox 486 504 2139 576">
     <span class='ocr_line' id='line_1_5' title="bbox 486 504 2139 576; baseline 0 -14"><span class='ocrx_word' id='word_1_22' title='bbox 486 510 751 562; x_wconf 89' lang='lat' dir='ltr'>cesseest</span> <span class='ocrx_word' id='word_1_23' title='bbox 774 505 881 560; x_wconf 93' lang='lat' dir='ltr'>hoc</span> <span class='ocrx_word' id='word_1_24' title='bbox 905 506 1100 560; x_wconf 89' lang='lat' dir='ltr'>modo:</span> <span class='ocrx_word' id='word_1_25' title='bbox 1120 504 1195 559; x_wconf 90' lang='lat' dir='ltr'>sit</span> <span class='ocrx_word' id='word_1_26' title='bbox 1220 507 1377 559; x_wconf 89' lang='lat' dir='ltr'>enim</span> <span class='ocrx_word' id='word_1_27' title='bbox 1401 523 1455 574; x_wconf 91' lang='lat' dir='ltr'>a,</span> <span class='ocrx_word' id='word_1_28' title='bbox 1479 506 1554 560; x_wconf 87' lang='lat' dir='ltr'>sit</span> <span class='ocrx_word' id='word_1_29' title='bbox 1580 506 1634 573; x_wconf 86' lang='lat' dir='ltr'>b,</span> <span class='ocrx_word' id='word_1_30' title='bbox 1661 507 1736 561; x_wconf 86' lang='lat' dir='ltr'>sit</span> <span class='ocrx_word' id='word_1_31' title='bbox 1767 523 1814 576; x_wconf 85' lang='lat' dir='ltr'>c;</span> <span class='ocrx_word' id='word_1_32' title='bbox 1850 512 1949 562; x_wconf 90' lang='lat' dir='ltr'>aut</span> <span class='ocrx_word' id='word_1_33' title='bbox 1981 508 2139 563; x_wconf 88' lang='lat' dir='ltr'>enim</span> 
     </span>
    </p>
   </div>
   <div class='ocr_carea' id='block_1_6' title="bbox 480 595 2141 666">
    <p class='ocr_par' dir='ltr' id='par_1_6' title="bbox 480 595 2141 666">
     <span class='ocr_line' id='line_1_6' title="bbox 480 595 2141 666; baseline 0.001 -14"><span class='ocrx_word' id='word_1_34' title='bbox 480 613 514 652; x_wconf 88' lang='lat' dir='ltr'>a</span> <span class='ocrx_word' id='word_1_35' title='bbox 546 597 615 651; x_wconf 93' lang='lat' dir='ltr'>de</span> <span class='ocrx_word' id='word_1_36' title='bbox 648 597 677 651; x_wconf 87' lang='lat' dir='ltr'>b</span> <span class='ocrx_word' id='word_1_37' title='bbox 712 596 1081 666; x_wconf 80' lang='lat' dir='ltr'>praedicatur,</span> <span class='ocrx_word' id='word_1_38' title='bbox 1114 600 1170 649; x_wconf 89' lang='lat' dir='ltr'>et</span> <span class='ocrx_word' id='word_1_39' title='bbox 1195 595 1223 649; x_wconf 78' lang='grc' dir='ltr'>ἱ)</span> <span class='ocrx_word' id='word_1_40' title='bbox 1270 596 1340 651; x_wconf 87' lang='lat' dir='ltr'>de</span> <span class='ocrx_word' id='word_1_41' title='bbox 1370 613 1419 660; x_wconf 79' lang='grc' dir='ltr'>ο,</span> <span class='ocrx_word' id='word_1_42' title='bbox 1476 602 1577 650; x_wconf 88' lang='lat' dir='ltr'>aut</span> <span class='ocrx_word' id='word_1_43' title='bbox 1632 602 1785 652; x_wconf 89' lang='lat' dir='ltr'>certe</span> <span class='ocrx_word' id='word_1_44' title='bbox 1808 615 1842 651; x_wconf 88' lang='lat' dir='ltr'>a</span> <span class='ocrx_word' id='word_1_45' title='bbox 1897 606 1953 652; x_wconf 89' lang='lat' dir='ltr'>et</span> <span class='ocrx_word' id='word_1_46' title='bbox 1984 599 2054 652; x_wconf 89' lang='lat' dir='ltr'>de</span> <span class='ocrx_word' id='word_1_47' title='bbox 2112 599 2141 653; x_wconf 73' lang='grc' dir='ltr'><em>ὑ</em></span> 
     </span>
    </p>
   </div>
   <div class='ocr_carea' id='block_1_7' title="bbox 485 684 2141 757">
    <p class='ocr_par' dir='ltr' id='par_1_7' title="bbox 485 684 2141 757">
     <span class='ocr_line' id='line_1_7' title="bbox 485 684 2141 757; baseline 0 -17"><span class='ocrx_word' id='word_1_48' title='bbox 485 686 901 756; x_wconf 65' lang='lat' dir='ltr'>praedicabitur</span> <span class='ocrx_word' id='word_1_49' title='bbox 931 690 987 739; x_wconf 88' lang='lat' dir='ltr'>et</span> <span class='ocrx_word' id='word_1_50' title='bbox 1018 686 1086 739; x_wconf 84' lang='lat' dir='ltr'>de</span> <span class='ocrx_word' id='word_1_51' title='bbox 1116 701 1169 749; x_wconf 77' lang='grc' dir='ltr'>ε,</span> <span class='ocrx_word' id='word_1_52' title='bbox 1203 684 1289 738; x_wconf 88' lang='lat' dir='ltr'>vel</span> <span class='ocrx_word' id='word_1_53' title='bbox 1339 684 1549 740; x_wconf 86' lang='lat' dir='ltr'>iisdem</span> <span class='ocrx_word' id='word_1_54' title='bbox 1587 685 1729 757; x_wconf 87' lang='lat' dir='ltr'>ipsis</span> <span class='ocrx_word' id='word_1_55' title='bbox 1757 703 1795 741; x_wconf 87' lang='lat' dir='ltr'>a</span> <span class='ocrx_word' id='word_1_56' title='bbox 1825 693 1883 741; x_wconf 88' lang='lat' dir='ltr'>et</span> <span class='ocrx_word' id='word_1_57' title='bbox 1914 688 1943 742; x_wconf 88' lang='lat' dir='ltr'>b</span> <span class='ocrx_word' id='word_1_58' title='bbox 1967 704 1994 741; x_wconf 76' lang='grc' dir='ltr'><em>θ</em></span> <span class='ocrx_word' id='word_1_59' title='bbox 2020 692 2141 741; x_wconf 87' lang='lat' dir='ltr'>ter-</span> 
     </span>
    </p>
   </div>
   <div class='ocr_carea' id='block_1_8' title="bbox 488 773 2141 845">
    <p class='ocr_par' dir='ltr' id='par_1_8' title="bbox 488 773 2141 845">
     <span class='ocr_line' id='line_1_8' title="bbox 488 773 2141 845; baseline 0.002 -18"><span class='ocrx_word' id='word_1_60' title='bbox 488 773 685 827; x_wconf 83' lang='lat' dir='ltr'>minus</span> <span class='ocrx_word' id='word_1_61' title='bbox 717 774 1006 827; x_wconf 76' lang='lat' dir='ltr'>videbitur</span> <span class='ocrx_word' id='word_1_62' title='bbox 1036 791 1165 829; x_wconf 79' lang='lat' dir='ltr'>esse</span> <span class='ocrx_word' id='word_1_63' title='bbox 1196 776 1521 843; x_wconf 73' lang='lat' dir='ltr'>subjectus.</span> <span class='ocrx_word' id='word_1_64' title='bbox 1544 777 1629 830; x_wconf 89' lang='lat' dir='ltr'>Sit</span> <span class='ocrx_word' id='word_1_65' title='bbox 1655 776 1811 829; x_wconf 91' lang='lat' dir='ltr'>enim</span> <span class='ocrx_word' id='word_1_66' title='bbox 1839 794 1872 829; x_wconf 90' lang='lat' dir='ltr'>a</span> <span class='ocrx_word' id='word_1_67' title='bbox 1896 777 2141 845; x_wconf 90' lang='lat' dir='ltr'>bonum,</span> 
     </span>
    </p>
   </div>
   <div class='ocr_carea' id='block_1_9' title="bbox 492 860 2142 931">
    <p class='ocr_par' dir='ltr' id='par_1_9' title="bbox 492 860 2142 931">
     <span class='ocr_line' id='line_1_9' title="bbox 492 860 2142 931; baseline 0.003 -17"><span class='ocrx_word' id='word_1_68' title='bbox 492 860 884 930; x_wconf 84' lang='lat' dir='ltr'>sitbjustum,</span> <span class='ocrx_word' id='word_1_69' title='bbox 922 863 997 916; x_wconf 88' lang='lat' dir='ltr'>sit</span> <span class='ocrx_word' id='word_1_70' title='bbox 1027 879 1055 915; x_wconf 85' lang='lat' dir='ltr'>c</span> <span class='ocrx_word' id='word_1_71' title='bbox 1084 862 1293 929; x_wconf 86' lang='lat' dir='ltr'>virtus,</span> <span class='ocrx_word' id='word_1_72' title='bbox 1327 868 1431 917; x_wconf 90' lang='lat' dir='ltr'>aut</span> <span class='ocrx_word' id='word_1_73' title='bbox 1457 865 1612 918; x_wconf 88' lang='lat' dir='ltr'>enim</span> <span class='ocrx_word' id='word_1_74' title='bbox 1637 883 1689 931; x_wconf 87' lang='lat' dir='ltr'>a,</span> <span class='ocrx_word' id='word_1_75' title='bbox 1720 864 1776 918; x_wconf 90' lang='lat' dir='ltr'>id</span> <span class='ocrx_word' id='word_1_76' title='bbox 1802 870 1889 919; x_wconf 89' lang='lat' dir='ltr'>est</span> <span class='ocrx_word' id='word_1_77' title='bbox 1922 866 2142 920; x_wconf 89' lang='lat' dir='ltr'>bonum</span> 
     </span>
    </p>
   </div>
   <div class='ocr_carea' id='block_1_10' title="bbox 488 949 2142 1023">
    <p class='ocr_par' dir='ltr' id='par_1_10' title="bbox 488 949 2142 1023">
     <span class='ocr_line' id='line_1_10' title="bbox 488 949 2142 1023; baseline 0.002 -19"><span class='ocrx_word' id='word_1_78' title='bbox 488 949 598 1004; x_wconf 86' lang='lat' dir='ltr'>erit</span> <span class='ocrx_word' id='word_1_79' title='bbox 622 950 677 1003; x_wconf 92' lang='lat' dir='ltr'>in</span> <span class='ocrx_word' id='word_1_80' title='bbox 706 951 863 1004; x_wconf 90' lang='lat' dir='ltr'>omni</span> <span class='ocrx_word' id='word_1_81' title='bbox 885 952 935 1015; x_wconf 67' lang='grc' dir='ltr'>ὁ,</span> <span class='ocrx_word' id='word_1_82' title='bbox 964 951 1015 1004; x_wconf 92' lang='lat' dir='ltr'>id</span> <span class='ocrx_word' id='word_1_83' title='bbox 1048 952 1342 1022; x_wconf 80' lang='lat' dir='ltr'>estjusto,</span> <span class='ocrx_word' id='word_1_84' title='bbox 1366 959 1423 1007; x_wconf 87' lang='lat' dir='ltr'>et</span> <span class='ocrx_word' id='word_1_85' title='bbox 1445 952 1881 1019; x_wconf 88' lang='lat' dir='ltr'>dicetur,omne</span> <span class='ocrx_word' id='word_1_86' title='bbox 1908 954 2142 1023; x_wconf 87' lang='lat' dir='ltr'>justum</span> 
     </span>
    </p>
   </div>
   <div class='ocr_carea' id='block_1_11' title="bbox 485 1038 2143 1110">
    <p class='ocr_par' dir='ltr' id='par_1_11' title="bbox 485 1038 2143 1110">
     <span class='ocr_line' id='line_1_11' title="bbox 485 1038 2143 1110; baseline 0.004 -19"><span class='ocrx_word' id='word_1_87' title='bbox 485 1038 704 1092; x_wconf 87' lang='lat' dir='ltr'>bonum</span> <span class='ocrx_word' id='word_1_88' title='bbox 734 1044 841 1106; x_wconf 86' lang='lat' dir='ltr'>est,</span> <span class='ocrx_word' id='word_1_89' title='bbox 877 1040 1016 1094; x_wconf 83' lang='lat' dir='ltr'>item</span> <span class='ocrx_word' id='word_1_90' title='bbox 1053 1040 1080 1094; x_wconf 76' lang='grc' dir='ltr'>ὁ</span> <span class='ocrx_word' id='word_1_91' title='bbox 1106 1042 1331 1109; x_wconf 86' lang='lat' dir='ltr'>justum</span> <span class='ocrx_word' id='word_1_92' title='bbox 1360 1041 1419 1095; x_wconf 92' lang='lat' dir='ltr'>in</span> <span class='ocrx_word' id='word_1_93' title='bbox 1472 1043 1632 1096; x_wconf 90' lang='lat' dir='ltr'>omni</span> <span class='ocrx_word' id='word_1_94' title='bbox 1664 1059 1715 1110; x_wconf 73' lang='grc' dir='ltr'>υ,</span> <span class='ocrx_word' id='word_1_95' title='bbox 1772 1042 1830 1096; x_wconf 87' lang='lat' dir='ltr'>id</span> <span class='ocrx_word' id='word_1_96' title='bbox 1893 1050 1983 1098; x_wconf 88' lang='lat' dir='ltr'>est</span> <span class='ocrx_word' id='word_1_97' title='bbox 2030 1043 2143 1097; x_wconf 89' lang='lat' dir='ltr'>vir-</span> 
     </span>
    </p>
   </div>
   <div class='ocr_carea' id='block_1_12' title="bbox 484 1128 2147 1199">
    <p class='ocr_par' dir='ltr' id='par_1_12' title="bbox 484 1128 2147 1199">
     <span class='ocr_line' id='line_1_12' title="bbox 484 1128 2147 1199; baseline 0.004 -18"><span class='ocrx_word' id='word_1_98' title='bbox 484 1131 633 1191; x_wconf 85' lang='lat' dir='ltr'>tute,</span> <span class='ocrx_word' id='word_1_99' title='bbox 666 1132 723 1181; x_wconf 90' lang='lat' dir='ltr'>et</span> <span class='ocrx_word' id='word_1_100' title='bbox 752 1128 1001 1191; x_wconf 89' lang='lat' dir='ltr'>dicetur,</span> <span class='ocrx_word' id='word_1_101' title='bbox 1032 1130 1228 1183; x_wconf 89' lang='lat' dir='ltr'>omnis</span> <span class='ocrx_word' id='word_1_102' title='bbox 1256 1130 1443 1184; x_wconf 89' lang='lat' dir='ltr'>virtus</span> <span class='ocrx_word' id='word_1_103' title='bbox 1496 1132 1659 1199; x_wconf 86' lang='lat' dir='ltr'>justa</span> <span class='ocrx_word' id='word_1_104' title='bbox 1710 1141 1817 1186; x_wconf 89' lang='lat' dir='ltr'>est.</span> <span class='ocrx_word' id='word_1_105' title='bbox 1873 1134 1937 1186; x_wconf 84' lang='lat' dir='ltr'>Et</span> <span class='ocrx_word' id='word_1_106' title='bbox 1975 1137 2147 1187; x_wconf 89' lang='lat' dir='ltr'>erunt</span> 
     </span>
    </p>
   </div>
   <div class='ocr_carea' id='block_1_13' title="bbox 486 1216 2144 1290">
    <p class='ocr_par' dir='ltr' id='par_1_13' title="bbox 486 1216 2144 1290">
     <span class='ocr_line' id='line_1_13' title="bbox 486 1216 2144 1290; baseline 0.004 -19"><span class='ocrx_word' id='word_1_107' title='bbox 486 1216 830 1285; x_wconf 83' lang='lat' dir='ltr'>huiusmodi</span> <span class='ocrx_word' id='word_1_108' title='bbox 863 1220 1291 1289; x_wconf 85' lang='lat' dir='ltr'>propositiones</span> <span class='ocrx_word' id='word_1_109' title='bbox 1317 1222 1766 1290; x_wconf 90' lang='lat' dir='ltr'>:omnejustum</span> <span class='ocrx_word' id='word_1_110' title='bbox 1791 1222 2009 1277; x_wconf 91' lang='lat' dir='ltr'>bonum</span> <span class='ocrx_word' id='word_1_111' title='bbox 2033 1227 2144 1290; x_wconf 89' lang='lat' dir='ltr'>est,</span> 
     </span>
    </p>
   </div>
   <div class='ocr_carea' id='block_1_14' title="bbox 492 1307 2143 1378">
    <p class='ocr_par' dir='ltr' id='par_1_14' title="bbox 492 1307 2143 1378">
     <span class='ocr_line' id='line_1_14' title="bbox 492 1307 2143 1378; baseline 0.002 -17"><span class='ocrx_word' id='word_1_112' title='bbox 492 1310 551 1361; x_wconf 90' lang='lat' dir='ltr'>et</span> <span class='ocrx_word' id='word_1_113' title='bbox 579 1307 771 1362; x_wconf 89' lang='lat' dir='ltr'>omnis</span> <span class='ocrx_word' id='word_1_114' title='bbox 794 1307 977 1362; x_wconf 88' lang='lat' dir='ltr'>virtus</span> <span class='ocrx_word' id='word_1_115' title='bbox 999 1309 1163 1378; x_wconf 86' lang='lat' dir='ltr'>justa</span> <span class='ocrx_word' id='word_1_116' title='bbox 1193 1314 1301 1375; x_wconf 90' lang='lat' dir='ltr'>est,</span> <span class='ocrx_word' id='word_1_117' title='bbox 1327 1314 1428 1364; x_wconf 89' lang='lat' dir='ltr'>aut</span> <span class='ocrx_word' id='word_1_118' title='bbox 1456 1326 1509 1375; x_wconf 85' lang='grc' dir='ltr'><em>α,</em></span> <span class='ocrx_word' id='word_1_119' title='bbox 1536 1310 1590 1364; x_wconf 87' lang='lat' dir='ltr'>id</span> <span class='ocrx_word' id='word_1_120' title='bbox 1618 1316 1706 1365; x_wconf 89' lang='lat' dir='ltr'>est</span> <span class='ocrx_word' id='word_1_121' title='bbox 1730 1311 1971 1377; x_wconf 89' lang='lat' dir='ltr'>bonum,</span> <span class='ocrx_word' id='word_1_122' title='bbox 1997 1311 2067 1365; x_wconf 89' lang='lat' dir='ltr'>de</span> <span class='ocrx_word' id='word_1_123' title='bbox 2094 1312 2143 1378; x_wconf 90' lang='lat' dir='ltr'>b,</span> 
     </span>
    </p>
   </div>
   <div class='ocr_carea' id='block_1_15' title="bbox 495 1396 2148 1470">
    <p class='ocr_par' dir='ltr' id='par_1_15' title="bbox 495 1396 2148 1470">
     <span class='ocr_line' id='line_1_15' title="bbox 495 1396 2148 1470; baseline 0.003 -22"><span class='ocrx_word' id='word_1_124' title='bbox 495 1396 651 1466; x_wconf 91' lang='lat' dir='ltr'>quod</span> <span class='ocrx_word' id='word_1_125' title='bbox 674 1396 905 1465; x_wconf 88' lang='lat' dir='ltr'>justum</span> <span class='ocrx_word' id='word_1_126' title='bbox 940 1402 1053 1466; x_wconf 89' lang='lat' dir='ltr'>est,</span> <span class='ocrx_word' id='word_1_127' title='bbox 1084 1405 1137 1452; x_wconf 88' lang='lat' dir='ltr'>et</span> <span class='ocrx_word' id='word_1_128' title='bbox 1169 1400 1238 1453; x_wconf 88' lang='lat' dir='ltr'>de</span> <span class='ocrx_word' id='word_1_129' title='bbox 1265 1416 1311 1464; x_wconf 82' lang='grc' dir='ltr'>ο,</span> <span class='ocrx_word' id='word_1_130' title='bbox 1349 1400 1503 1469; x_wconf 90' lang='lat' dir='ltr'>quod</span> <span class='ocrx_word' id='word_1_131' title='bbox 1530 1398 1714 1453; x_wconf 90' lang='lat' dir='ltr'>virtus</span> <span class='ocrx_word' id='word_1_132' title='bbox 1738 1404 1847 1464; x_wconf 89' lang='lat' dir='ltr'>est,</span> <span class='ocrx_word' id='word_1_133' title='bbox 1870 1400 2148 1470; x_wconf 66' lang='lat' dir='ltr'>praedica-</span> 
     </span>
    </p>
   </div>
   <div class='ocr_carea' id='block_1_16' title="bbox 495 1484 2147 1561">
    <p class='ocr_par' dir='ltr' id='par_1_16' title="bbox 495 1484 2147 1561">
     <span class='ocr_line' id='line_1_16' title="bbox 495 1484 2147 1561; baseline 0.004 -24"><span class='ocrx_word' id='word_1_134' title='bbox 495 1485 681 1561; x_wconf 86' lang='lat' dir='ltr'>bitur,</span> <span class='ocrx_word' id='word_1_135' title='bbox 718 1489 781 1537; x_wconf 86' lang='lat' dir='ltr'>ut</span> <span class='ocrx_word' id='word_1_136' title='bbox 810 1484 857 1538; x_wconf 92' lang='lat' dir='ltr'>si</span> <span class='ocrx_word' id='word_1_137' title='bbox 890 1487 1306 1555; x_wconf 88' lang='lat' dir='ltr'>omnejustum</span> <span class='ocrx_word' id='word_1_138' title='bbox 1342 1488 1559 1542; x_wconf 91' lang='lat' dir='ltr'>bonum</span> <span class='ocrx_word' id='word_1_139' title='bbox 1592 1493 1702 1554; x_wconf 89' lang='lat' dir='ltr'>est,</span> <span class='ocrx_word' id='word_1_140' title='bbox 1737 1488 1930 1543; x_wconf 90' lang='lat' dir='ltr'>omnis</span> <span class='ocrx_word' id='word_1_141' title='bbox 1962 1488 2147 1544; x_wconf 88' lang='lat' dir='ltr'>virtus</span> 
     </span>
    </p>
   </div>
   <div class='ocr_carea' id='block_1_17' title="bbox 498 1576 2147 1648">
    <p class='ocr_par' dir='ltr' id='par_1_17' title="bbox 498 1576 2147 1648">
     <span class='ocr_line' id='line_1_17' title="bbox 498 1576 2147 1648; baseline -0.001 -16"><span class='ocrx_word' id='word_1_142' title='bbox 498 1577 653 1632; x_wconf 88' lang='lat' dir='ltr'>bona</span> <span class='ocrx_word' id='word_1_143' title='bbox 686 1580 795 1645; x_wconf 91' lang='lat' dir='ltr'>est,</span> <span class='ocrx_word' id='word_1_144' title='bbox 828 1580 927 1630; x_wconf 87' lang='lat' dir='ltr'>aut</span> <span class='ocrx_word' id='word_1_145' title='bbox 957 1582 1110 1631; x_wconf 84' lang='lat' dir='ltr'>certe</span> <span class='ocrx_word' id='word_1_146' title='bbox 1140 1595 1171 1632; x_wconf 90' lang='lat' dir='ltr'>a</span> <span class='ocrx_word' id='word_1_147' title='bbox 1202 1576 1448 1645; x_wconf 89' lang='lat' dir='ltr'>bonum,</span> <span class='ocrx_word' id='word_1_148' title='bbox 1485 1579 1514 1631; x_wconf 88' lang='lat' dir='ltr'>b</span> <span class='ocrx_word' id='word_1_149' title='bbox 1540 1578 1724 1648; x_wconf 84' lang='lat' dir='ltr'>justo,</span> <span class='ocrx_word' id='word_1_150' title='bbox 1786 1583 1843 1632; x_wconf 89' lang='lat' dir='ltr'>et</span> <span class='ocrx_word' id='word_1_151' title='bbox 1899 1576 2147 1633; x_wconf 86' lang='lat' dir='ltr'>cvirtuti</span> 
     </span>
    </p>
   </div>
   <div class='ocr_carea' id='block_1_18' title="bbox 496 1666 2149 1735">
    <p class='ocr_par' dir='ltr' id='par_1_18' title="bbox 496 1666 2149 1735">
     <span class='ocr_line' id='line_1_18' title="bbox 496 1666 2149 1735; baseline 0 -14"><span class='ocrx_word' id='word_1_152' title='bbox 496 1666 843 1735; x_wconf 88' lang='lat' dir='ltr'>subjacebit,</span> <span class='ocrx_word' id='word_1_153' title='bbox 880 1670 942 1719; x_wconf 88' lang='lat' dir='ltr'>ut</span> <span class='ocrx_word' id='word_1_154' title='bbox 972 1666 1219 1734; x_wconf 87' lang='lat' dir='ltr'>dicatur,</span> <span class='ocrx_word' id='word_1_155' title='bbox 1245 1684 1417 1721; x_wconf 90' lang='lat' dir='ltr'>omne</span> <span class='ocrx_word' id='word_1_156' title='bbox 1440 1667 1662 1722; x_wconf 91' lang='lat' dir='ltr'>bonum</span> <span class='ocrx_word' id='word_1_157' title='bbox 1686 1669 1915 1735; x_wconf 90' lang='lat' dir='ltr'>justum</span> <span class='ocrx_word' id='word_1_158' title='bbox 1949 1673 2061 1733; x_wconf 81' lang='lat' dir='ltr'>est,</span> <span class='ocrx_word' id='word_1_159' title='bbox 2092 1671 2149 1721; x_wconf 87' lang='lat' dir='ltr'>et</span> 
     </span>
    </p>
   </div>
   <div class='ocr_carea' id='block_1_19' title="bbox 2246 508 3820 580">
    <p class='ocr_par' dir='ltr' id='par_1_19' title="bbox 2246 508 3820 580">
     <span class='ocr_line' id='line_1_19' title="bbox 2246 508 3820 580; baseline 0.007 -18"><span class='ocrx_word' id='word_1_160' title='bbox 2246 509 2317 563; x_wconf 91' lang='lat' dir='ltr'>de</span> <span class='ocrx_word' id='word_1_161' title='bbox 2347 508 2456 563; x_wconf 90' lang='lat' dir='ltr'>hoc</span> <span class='ocrx_word' id='word_1_162' title='bbox 2490 524 2724 579; x_wconf 91' lang='lat' dir='ltr'>quoque</span> <span class='ocrx_word' id='word_1_163' title='bbox 2754 510 3028 580; x_wconf 88' lang='lat' dir='ltr'>superius</span> <span class='ocrx_word' id='word_1_164' title='bbox 3057 511 3279 566; x_wconf 89' lang='lat' dir='ltr'>dictum</span> <span class='ocrx_word' id='word_1_165' title='bbox 3306 521 3409 569; x_wconf 88' lang='lat' dir='ltr'>est.</span> <span class='ocrx_word' id='word_1_166' title='bbox 3434 513 3590 570; x_wconf 89' lang='lat' dir='ltr'>Modo</span> <span class='ocrx_word' id='word_1_167' title='bbox 3609 532 3717 572; x_wconf 86' lang='lat' dir='ltr'>vero</span> <span class='ocrx_word' id='word_1_168' title='bbox 3734 517 3820 574; x_wconf 86' lang='lat' dir='ltr'>hoc</span> 
     </span>
    </p>
   </div>
   <div class='ocr_carea' id='block_1_20' title="bbox 2247 596 3820 674">
    <p class='ocr_par' dir='ltr' id='par_1_20' title="bbox 2247 596 3820 674">
     <span class='ocr_line' id='line_1_20' title="bbox 2247 596 3820 674; baseline 0.006 -23"><span class='ocrx_word' id='word_1_169' title='bbox 2247 596 2437 651; x_wconf 87' lang='lat' dir='ltr'>solum</span> <span class='ocrx_word' id='word_1_170' title='bbox 2472 604 2801 653; x_wconf 88' lang='lat' dir='ltr'>monstrare</span> <span class='ocrx_word' id='word_1_171' title='bbox 2830 599 3119 667; x_wconf 87' lang='lat' dir='ltr'>volumus,</span> <span class='ocrx_word' id='word_1_172' title='bbox 3155 603 3305 671; x_wconf 89' lang='lat' dir='ltr'>quod</span> <span class='ocrx_word' id='word_1_173' title='bbox 3340 619 3465 674; x_wconf 67' lang='lat' dir='ltr'>quae</span> <span class='ocrx_word' id='word_1_174' title='bbox 3495 608 3695 659; x_wconf 88' lang='lat' dir='ltr'>suntin</span> <span class='ocrx_word' id='word_1_175' title='bbox 3730 612 3820 662; x_wconf 91' lang='lat' dir='ltr'>toto</span> 
     </span>
    </p>
   </div>
   <div class='ocr_carea' id='block_1_21' title="bbox 2248 686 3815 761">
    <p class='ocr_par' dir='ltr' id='par_1_21' title="bbox 2248 686 3815 761">
     <span class='ocr_line' id='line_1_21' title="bbox 2248 686 3815 761; baseline 0.006 -22"><span class='ocrx_word' id='word_1_176' title='bbox 2248 688 2409 757; x_wconf 87' lang='lat' dir='ltr'>paria</span> <span class='ocrx_word' id='word_1_177' title='bbox 2440 686 2559 740; x_wconf 88' lang='lat' dir='ltr'>sola</span> <span class='ocrx_word' id='word_1_178' title='bbox 2591 692 3021 742; x_wconf 80' lang='lat' dir='ltr'>convertantur.</span> <span class='ocrx_word' id='word_1_179' title='bbox 3059 692 3174 744; x_wconf 84' lang='lat' dir='ltr'>Hoc</span> <span class='ocrx_word' id='word_1_180' title='bbox 3192 696 3386 745; x_wconf 89' lang='lat' dir='ltr'>tamen</span> <span class='ocrx_word' id='word_1_181' title='bbox 3422 693 3637 761; x_wconf 85' lang='lat' dir='ltr'>prodest</span> <span class='ocrx_word' id='word_1_182' title='bbox 3661 694 3719 746; x_wconf 85' lang='lat' dir='ltr'>ad</span> <span class='ocrx_word' id='word_1_183' title='bbox 3744 710 3815 749; x_wconf 89' lang='lat' dir='ltr'>os-</span> 
     </span>
    </p>
   </div>
   <div class='ocr_carea' id='block_1_22' title="bbox 2247 775 3825 850">
    <p class='ocr_par' dir='ltr' id='par_1_22' title="bbox 2247 775 3825 850">
     <span class='ocr_line' id='line_1_22' title="bbox 2247 775 3825 850; baseline 0.004 -22"><span class='ocrx_word' id='word_1_184' title='bbox 2247 776 2574 830; x_wconf 86' lang='lat' dir='ltr'>tensionem</span> <span class='ocrx_word' id='word_1_185' title='bbox 2610 775 3087 847; x_wconf 81' lang='lat' dir='ltr'>syllogismorum</span> <span class='ocrx_word' id='word_1_186' title='bbox 3120 795 3246 849; x_wconf 74' lang='lat' dir='ltr'>quae</span> <span class='ocrx_word' id='word_1_187' title='bbox 3271 779 3336 833; x_wconf 91' lang='lat' dir='ltr'>ﬁt</span> <span class='ocrx_word' id='word_1_188' title='bbox 3364 779 3420 833; x_wconf 90' lang='lat' dir='ltr'>in</span> <span class='ocrx_word' id='word_1_189' title='bbox 3446 779 3661 848; x_wconf 89' lang='lat' dir='ltr'>circulo,</span> <span class='ocrx_word' id='word_1_190' title='bbox 3689 797 3825 850; x_wconf 77' lang='lat' dir='ltr'>quam</span> 
     </span>
    </p>
   </div>
   <div class='ocr_carea' id='block_1_23' title="bbox 2246 863 3829 941">
    <p class='ocr_par' dir='ltr' id='par_1_23' title="bbox 2246 863 3829 941">
     <span class='ocr_line' id='line_1_23' title="bbox 2246 863 3829 941; baseline 0.005 -24"><span class='ocrx_word' id='word_1_191' title='bbox 2246 863 2307 918; x_wconf 91' lang='lat' dir='ltr'>in</span> <span class='ocrx_word' id='word_1_192' title='bbox 2328 864 2645 937; x_wconf 86' lang='lat' dir='ltr'>Analyticis</span> <span class='ocrx_word' id='word_1_193' title='bbox 2681 866 2961 921; x_wconf 87' lang='lat' dir='ltr'>diximus.</span> <span class='ocrx_word' id='word_1_194' title='bbox 2997 874 3071 923; x_wconf 81' lang='lat' dir='ltr'>Ac</span> <span class='ocrx_word' id='word_1_195' title='bbox 3099 868 3170 921; x_wconf 92' lang='lat' dir='ltr'>de</span> <span class='ocrx_word' id='word_1_196' title='bbox 3194 868 3383 938; x_wconf 89' lang='lat' dir='ltr'>prima</span> <span class='ocrx_word' id='word_1_197' title='bbox 3413 868 3829 941; x_wconf 82' lang='lat' dir='ltr'>Syllogismorum</span> 
     </span>
    </p>
   </div>
   <div class='ocr_carea' id='block_1_24' title="bbox 2248 953 3829 1026">
    <p class='ocr_par' dir='ltr' id='par_1_24' title="bbox 2248 953 3829 1026">
     <span class='ocr_line' id='line_1_24' title="bbox 2248 953 3829 1026; baseline 0.004 -18"><span class='ocrx_word' id='word_1_198' title='bbox 2248 953 2712 1024; x_wconf 87' lang='lat' dir='ltr'>Categoricorum</span> <span class='ocrx_word' id='word_1_199' title='bbox 2744 953 2930 1026; x_wconf 91' lang='lat' dir='ltr'>ﬁgura</span> <span class='ocrx_word' id='word_1_200' title='bbox 2951 957 3287 1026; x_wconf 86' lang='lat' dir='ltr'>expeditum</span> <span class='ocrx_word' id='word_1_201' title='bbox 3321 962 3427 1012; x_wconf 84' lang='lat' dir='ltr'>est.</span> <span class='ocrx_word' id='word_1_202' title='bbox 3460 958 3703 1012; x_wconf 86' lang='lat' dir='ltr'>Secunda</span> <span class='ocrx_word' id='word_1_203' title='bbox 3725 974 3829 1014; x_wconf 87' lang='lat' dir='ltr'>vero</span> 
     </span>
    </p>
   </div>
   <div class='ocr_carea' id='block_1_25' title="bbox 2250 1043 3835 1116">
    <p class='ocr_par' dir='ltr' id='par_1_25' title="bbox 2250 1043 3835 1116">
     <span class='ocr_line' id='line_1_25' title="bbox 2250 1043 3835 1116; baseline 0.001 -20"><span class='ocrx_word' id='word_1_204' title='bbox 2250 1043 2437 1114; x_wconf 87' lang='lat' dir='ltr'>ﬁgura</span> <span class='ocrx_word' id='word_1_205' title='bbox 2467 1048 2555 1097; x_wconf 90' lang='lat' dir='ltr'>est</span> <span class='ocrx_word' id='word_1_206' title='bbox 2578 1044 2805 1113; x_wconf 89' lang='lat' dir='ltr'>quoties</span> <span class='ocrx_word' id='word_1_207' title='bbox 2836 1062 2868 1097; x_wconf 85' lang='grc' dir='ltr'><strong><em>α</em></strong></span> <span class='ocrx_word' id='word_1_208' title='bbox 2900 1046 3186 1100; x_wconf 89' lang='lat' dir='ltr'>terminus</span> <span class='ocrx_word' id='word_1_209' title='bbox 3219 1047 3289 1101; x_wconf 89' lang='lat' dir='ltr'>de</span> <span class='ocrx_word' id='word_1_210' title='bbox 3321 1048 3572 1116; x_wconf 88' lang='lat' dir='ltr'>utrisque</span> <span class='ocrx_word' id='word_1_211' title='bbox 3594 1047 3835 1102; x_wconf 84' lang='lat' dir='ltr'>betcter.</span> 
     </span>
    </p>
   </div>
   <div class='ocr_carea' id='block_1_26' title="bbox 2251 1131 3834 1203">
    <p class='ocr_par' dir='ltr' id='par_1_26' title="bbox 2251 1131 3834 1203">
     <span class='ocr_line' id='line_1_26' title="bbox 2251 1131 3834 1203; baseline 0.003 -18"><span class='ocrx_word' id='word_1_212' title='bbox 2251 1131 2427 1186; x_wconf 86' lang='lat' dir='ltr'>minis</span> <span class='ocrx_word' id='word_1_213' title='bbox 2451 1132 2797 1203; x_wconf 70' lang='lat' dir='ltr'>praedicatur</span> <span class='ocrx_word' id='word_1_214' title='bbox 2816 1134 2921 1187; x_wconf 90' lang='lat' dir='ltr'>hoc</span> <span class='ocrx_word' id='word_1_215' title='bbox 2947 1135 3118 1188; x_wconf 90' lang='lat' dir='ltr'>modo</span> <span class='ocrx_word' id='word_1_216' title='bbox 3145 1149 3156 1187; x_wconf 91' lang='lat'>:</span> <span class='ocrx_word' id='word_1_217' title='bbox 3179 1134 3238 1188; x_wconf 89' lang='lat' dir='ltr'>Si</span> <span class='ocrx_word' id='word_1_218' title='bbox 3266 1137 3417 1189; x_wconf 90' lang='lat' dir='ltr'>enim</span> <span class='ocrx_word' id='word_1_219' title='bbox 3445 1135 3594 1189; x_wconf 84' lang='lat' dir='ltr'>dicas</span> <span class='ocrx_word' id='word_1_220' title='bbox 3615 1136 3834 1190; x_wconf 86' lang='lat' dir='ltr'>ahenum</span> 
     </span>
    </p>
   </div>
   <div class='ocr_carea' id='block_1_27' title="bbox 2252 1220 3839 1292">
    <p class='ocr_par' dir='ltr' id='par_1_27' title="bbox 2252 1220 3839 1292">
     <span class='ocr_line' id='line_1_27' title="bbox 2252 1220 3839 1292; baseline 0.002 -18"><span class='ocrx_word' id='word_1_221' title='bbox 2252 1220 2321 1275; x_wconf 91' lang='lat' dir='ltr'>de</span> <span class='ocrx_word' id='word_1_222' title='bbox 2350 1221 2510 1276; x_wconf 90' lang='lat' dir='ltr'>omni</span> <span class='ocrx_word' id='word_1_223' title='bbox 2548 1222 2576 1275; x_wconf 90' lang='lat' dir='ltr'>b</span> <span class='ocrx_word' id='word_1_224' title='bbox 2600 1223 2783 1291; x_wconf 84' lang='lat' dir='ltr'>justo,</span> <span class='ocrx_word' id='word_1_225' title='bbox 2823 1227 2886 1276; x_wconf 90' lang='lat' dir='ltr'>ut</span> <span class='ocrx_word' id='word_1_226' title='bbox 2915 1222 2988 1276; x_wconf 87' lang='lat' dir='ltr'>sit</span> <span class='ocrx_word' id='word_1_227' title='bbox 3020 1222 3128 1277; x_wconf 89' lang='lat' dir='ltr'>hoc</span> <span class='ocrx_word' id='word_1_228' title='bbox 3158 1224 3329 1277; x_wconf 90' lang='lat' dir='ltr'>modo</span> <span class='ocrx_word' id='word_1_229' title='bbox 3360 1222 3677 1292; x_wconf 85' lang='lat' dir='ltr'>propositio,</span> <span class='ocrx_word' id='word_1_230' title='bbox 3704 1238 3839 1277; x_wconf 85' lang='lat' dir='ltr'>omne</span> 
     </span>
    </p>
   </div>
   <div class='ocr_carea' id='block_1_28' title="bbox 2242 1310 3840 1379">
    <p class='ocr_par' dir='ltr' id='par_1_28' title="bbox 2242 1310 3840 1379">
     <span class='ocr_line' id='line_1_28' title="bbox 2242 1310 3840 1379; baseline 0.001 -15"><span class='ocrx_word' id='word_1_231' title='bbox 2242 1310 2477 1379; x_wconf 89' lang='lat' dir='ltr'>justum</span> <span class='ocrx_word' id='word_1_232' title='bbox 2508 1310 2726 1364; x_wconf 90' lang='lat' dir='ltr'>bonum</span> <span class='ocrx_word' id='word_1_233' title='bbox 2758 1315 2864 1377; x_wconf 88' lang='lat' dir='ltr'>est,</span> <span class='ocrx_word' id='word_1_234' title='bbox 2899 1316 2957 1365; x_wconf 91' lang='lat' dir='ltr'>et</span> <span class='ocrx_word' id='word_1_235' title='bbox 2985 1311 3121 1365; x_wconf 90' lang='lat' dir='ltr'>inde</span> <span class='ocrx_word' id='word_1_236' title='bbox 3152 1327 3186 1365; x_wconf 89' lang='lat' dir='ltr'>a</span> <span class='ocrx_word' id='word_1_237' title='bbox 3214 1310 3435 1367; x_wconf 90' lang='lat' dir='ltr'>bonum</span> <span class='ocrx_word' id='word_1_238' title='bbox 3467 1312 3535 1365; x_wconf 84' lang='lat' dir='ltr'>de</span> <span class='ocrx_word' id='word_1_239' title='bbox 3554 1311 3840 1367; x_wconf 84' lang='lat' dir='ltr'>omnicvir-</span> 
     </span>
    </p>
   </div>
   <div class='ocr_carea' id='block_1_29' title="bbox 2253 1397 3839 1465">
    <p class='ocr_par' dir='ltr' id='par_1_29' title="bbox 2253 1397 3839 1465">
     <span class='ocr_line' id='line_1_29' title="bbox 2253 1397 3839 1465; baseline 0.001 -13"><span class='ocrx_word' id='word_1_240' title='bbox 2253 1404 2399 1462; x_wconf 89' lang='lat' dir='ltr'>tute,</span> <span class='ocrx_word' id='word_1_241' title='bbox 2434 1405 2493 1451; x_wconf 93' lang='lat' dir='ltr'>ut</span> <span class='ocrx_word' id='word_1_242' title='bbox 2523 1397 2707 1462; x_wconf 87' lang='lat' dir='ltr'>dicas,</span> <span class='ocrx_word' id='word_1_243' title='bbox 2740 1400 2930 1453; x_wconf 89' lang='lat' dir='ltr'>omnis</span> <span class='ocrx_word' id='word_1_244' title='bbox 2953 1398 3138 1454; x_wconf 89' lang='lat' dir='ltr'>virtus</span> <span class='ocrx_word' id='word_1_245' title='bbox 3168 1400 3391 1453; x_wconf 90' lang='lat' dir='ltr'>bonum</span> <span class='ocrx_word' id='word_1_246' title='bbox 3421 1405 3529 1465; x_wconf 89' lang='lat' dir='ltr'>est,</span> <span class='ocrx_word' id='word_1_247' title='bbox 3553 1399 3722 1454; x_wconf 91' lang='lat' dir='ltr'>solum</span> <span class='ocrx_word' id='word_1_248' title='bbox 3742 1417 3766 1453; x_wconf 91' lang='lat' dir='ltr'>a</span> <span class='ocrx_word' id='word_1_249' title='bbox 3787 1401 3839 1455; x_wconf 85' lang='lat' dir='ltr'>de</span> 
     </span>
    </p>
   </div>
   <div class='ocr_carea' id='block_1_30' title="bbox 2254 1487 3837 1558">
    <p class='ocr_par' dir='ltr' id='par_1_30' title="bbox 2254 1487 3837 1558">
     <span class='ocr_line' id='line_1_30' title="bbox 2254 1487 3837 1558; baseline 0 -17"><span class='ocrx_word' id='word_1_250' title='bbox 2254 1487 2519 1557; x_wconf 90' lang='lat' dir='ltr'>utrisque</span> <span class='ocrx_word' id='word_1_251' title='bbox 2552 1487 2581 1539; x_wconf 89' lang='lat' dir='ltr'>b</span> <span class='ocrx_word' id='word_1_252' title='bbox 2605 1492 2663 1541; x_wconf 86' lang='lat' dir='ltr'>et</span> <span class='ocrx_word' id='word_1_253' title='bbox 2691 1503 2721 1541; x_wconf 78' lang='grc' dir='ltr'><em>ο</em></span> <span class='ocrx_word' id='word_1_254' title='bbox 2751 1487 3020 1542; x_wconf 89' lang='lat' dir='ltr'>terminis</span> <span class='ocrx_word' id='word_1_255' title='bbox 3052 1487 3405 1558; x_wconf 71' lang='lat' dir='ltr'>praedicasti,</span> <span class='ocrx_word' id='word_1_256' title='bbox 3439 1493 3496 1542; x_wconf 88' lang='lat' dir='ltr'>et</span> <span class='ocrx_word' id='word_1_257' title='bbox 3524 1487 3627 1542; x_wconf 88' lang='lat' dir='ltr'>erit</span> <span class='ocrx_word' id='word_1_258' title='bbox 3644 1487 3746 1541; x_wconf 68' lang='lat' dir='ltr'>hac</span> <span class='ocrx_word' id='word_1_259' title='bbox 3772 1503 3837 1542; x_wconf 84' lang='lat' dir='ltr'>se-</span> 
     </span>
    </p>
   </div>
   <div class='ocr_carea' id='block_1_31' title="bbox 2255 1575 3843 1646">
    <p class='ocr_par' dir='ltr' id='par_1_31' title="bbox 2255 1575 3843 1646">
     <span class='ocr_line' id='line_1_31' title="bbox 2255 1575 3843 1646; baseline -0.001 -16"><span class='ocrx_word' id='word_1_260' title='bbox 2255 1576 2449 1630; x_wconf 90' lang='lat' dir='ltr'>cunda</span> <span class='ocrx_word' id='word_1_261' title='bbox 2481 1576 2689 1646; x_wconf 86' lang='lat' dir='ltr'>ﬁgura.</span> <span class='ocrx_word' id='word_1_262' title='bbox 2722 1576 2948 1631; x_wconf 84' lang='lat' dir='ltr'>Medius</span> <span class='ocrx_word' id='word_1_263' title='bbox 2971 1582 3167 1631; x_wconf 89' lang='lat' dir='ltr'>autem</span> <span class='ocrx_word' id='word_1_264' title='bbox 3194 1576 3481 1630; x_wconf 88' lang='lat' dir='ltr'>terminus</span> <span class='ocrx_word' id='word_1_265' title='bbox 3500 1575 3555 1630; x_wconf 90' lang='lat' dir='ltr'>in</span> <span class='ocrx_word' id='word_1_266' title='bbox 3581 1576 3677 1630; x_wconf 87' lang='lat' dir='ltr'>hac</span> <span class='ocrx_word' id='word_1_267' title='bbox 3698 1576 3843 1646; x_wconf 77' lang='lat' dir='ltr'>ﬁgura</span> 
     </span>
    </p>
   </div>
   <div class='ocr_carea' id='block_1_32' title="bbox 2252 1663 3843 1735">
    <p class='ocr_par' dir='ltr' id='par_1_32' title="bbox 2252 1663 3843 1735">
     <span class='ocr_line' id='line_1_32' title="bbox 2252 1663 3843 1735; baseline -0.002 -16"><span class='ocrx_word' id='word_1_268' title='bbox 2252 1670 2361 1719; x_wconf 89' lang='lat' dir='ltr'>erit</span> <span class='ocrx_word' id='word_1_269' title='bbox 2391 1664 2488 1734; x_wconf 90' lang='lat' dir='ltr'>qui</span> <span class='ocrx_word' id='word_1_270' title='bbox 2523 1665 2594 1718; x_wconf 90' lang='lat' dir='ltr'>de</span> <span class='ocrx_word' id='word_1_271' title='bbox 2628 1666 2894 1735; x_wconf 90' lang='lat' dir='ltr'>utrisque</span> <span class='ocrx_word' id='word_1_272' title='bbox 2929 1665 3295 1735; x_wconf 54' lang='lat' dir='ltr'>praedicatur,</span> <span class='ocrx_word' id='word_1_273' title='bbox 3321 1665 3375 1718; x_wconf 88' lang='lat' dir='ltr'>id</span> <span class='ocrx_word' id='word_1_274' title='bbox 3411 1670 3501 1720; x_wconf 90' lang='lat' dir='ltr'>est</span> <span class='ocrx_word' id='word_1_275' title='bbox 3527 1682 3578 1720; x_wconf 89' lang='lat' dir='ltr'>a.</span> <span class='ocrx_word' id='word_1_276' title='bbox 3612 1663 3843 1719; x_wconf 83' lang='lat' dir='ltr'>Extremi-</span> 
     </span>
    </p>
   </div>
   <div class='ocr_carea' id='block_1_33' title="bbox 498 1753 3851 1854">
    <p class='ocr_par' dir='ltr' id='par_1_33' title="bbox 498 1753 3851 1854">
     <span class='ocr_line' id='line_1_33' title="bbox 498 1753 3851 1854; baseline -0.002 -44"><span class='ocrx_word' id='word_1_277' title='bbox 498 1772 671 1811; x_wconf 89' lang='lat' dir='ltr'>omne</span> <span class='ocrx_word' id='word_1_278' title='bbox 702 1756 922 1809; x_wconf 89' lang='lat' dir='ltr'>bonum</span> <span class='ocrx_word' id='word_1_279' title='bbox 955 1756 1141 1809; x_wconf 87' lang='lat' dir='ltr'>virtus</span> <span class='ocrx_word' id='word_1_280' title='bbox 1163 1761 1271 1809; x_wconf 88' lang='lat' dir='ltr'>est.</span> <span class='ocrx_word' id='word_1_281' title='bbox 1308 1756 1369 1810; x_wconf 93' lang='lat' dir='ltr'>ln</span> <span class='ocrx_word' id='word_1_282' title='bbox 1403 1756 1511 1810; x_wconf 89' lang='lat' dir='ltr'>hac</span> <span class='ocrx_word' id='word_1_283' title='bbox 1558 1758 1713 1810; x_wconf 90' lang='lat' dir='ltr'>enim</span> <span class='ocrx_word' id='word_1_284' title='bbox 1747 1757 2145 1827; x_wconf 78' lang='lat' dir='ltr'>complexione</span> <span class='ocrx_word' id='word_1_285' title='bbox 2177 1791 2221 1854; x_wconf 78' lang='grc' dir='ltr'>Β</span> <span class='ocrx_word' id='word_1_286' title='bbox 2255 1756 2403 1806; x_wconf 81' lang='lat' dir='ltr'>tates</span> <span class='ocrx_word' id='word_1_287' title='bbox 2436 1770 2565 1807; x_wconf 88' lang='lat' dir='ltr'>vero</span> <span class='ocrx_word' id='word_1_288' title='bbox 2594 1770 2661 1807; x_wconf 87' lang='lat' dir='ltr'>ea</span> <span class='ocrx_word' id='word_1_289' title='bbox 2692 1770 2819 1823; x_wconf 69' lang='lat' dir='ltr'>quas</span> <span class='ocrx_word' id='word_1_290' title='bbox 2839 1754 3103 1822; x_wconf 86' lang='lat' dir='ltr'>subjecta</span> <span class='ocrx_word' id='word_1_291' title='bbox 3123 1760 3285 1820; x_wconf 90' lang='lat' dir='ltr'>sunt,</span> <span class='ocrx_word' id='word_1_292' title='bbox 3319 1754 3373 1807; x_wconf 93' lang='lat' dir='ltr'>id</span> <span class='ocrx_word' id='word_1_293' title='bbox 3400 1760 3487 1808; x_wconf 86' lang='lat' dir='ltr'>est</span> <span class='ocrx_word' id='word_1_294' title='bbox 3508 1754 3543 1808; x_wconf 71' lang='grc' dir='ltr'><strong><em>ὸ</em></strong></span> <span class='ocrx_word' id='word_1_295' title='bbox 3570 1758 3685 1809; x_wconf 88' lang='lat' dir='ltr'>etc.</span> <span class='ocrx_word' id='word_1_296' title='bbox 3713 1753 3851 1822; x_wconf 80' lang='lat' dir='ltr'>Major</span> 
     </span>
    </p>
   </div>
   <div class='ocr_carea' id='block_1_34' title="bbox 496 1844 2145 1915">
    <p class='ocr_par' dir='ltr' id='par_1_34' title="bbox 496 1844 2145 1915">
     <span class='ocr_line' id='line_1_34' title="bbox 496 1844 2145 1915; baseline 0.001 -17"><span class='ocrx_word' id='word_1_297' title='bbox 496 1845 525 1898; x_wconf 86' lang='lat' dir='ltr'>b</span> <span class='ocrx_word' id='word_1_298' title='bbox 559 1849 615 1897; x_wconf 91' lang='lat' dir='ltr'>et</span> <span class='ocrx_word' id='word_1_299' title='bbox 644 1861 671 1897; x_wconf 90' lang='lat' dir='ltr'>c</span> <span class='ocrx_word' id='word_1_300' title='bbox 693 1845 761 1897; x_wconf 89' lang='lat' dir='ltr'>de</span> <span class='ocrx_word' id='word_1_301' title='bbox 795 1844 916 1899; x_wconf 89' lang='lat' dir='ltr'>sola</span> <span class='ocrx_word' id='word_1_302' title='bbox 950 1860 982 1897; x_wconf 88' lang='lat' dir='ltr'>a</span> <span class='ocrx_word' id='word_1_303' title='bbox 1015 1844 1263 1899; x_wconf 89' lang='lat' dir='ltr'>termino</span> <span class='ocrx_word' id='word_1_304' title='bbox 1298 1846 1662 1915; x_wconf 70' lang='lat' dir='ltr'>prmdicatur.</span> <span class='ocrx_word' id='word_1_305' title='bbox 1708 1844 1814 1899; x_wconf 89' lang='lat' dir='ltr'>Ubi</span> <span class='ocrx_word' id='word_1_306' title='bbox 1844 1862 1977 1900; x_wconf 87' lang='lat' dir='ltr'>vero</span> <span class='ocrx_word' id='word_1_307' title='bbox 2008 1862 2041 1899; x_wconf 88' lang='lat' dir='ltr'>a</span> <span class='ocrx_word' id='word_1_308' title='bbox 2075 1847 2145 1900; x_wconf 90' lang='lat' dir='ltr'>de</span> 
     </span>
    </p>
   </div>
   <div class='ocr_carea' id='block_1_35' title="bbox 496 1932 2141 2005">
    <p class='ocr_par' dir='ltr' id='par_1_35' title="bbox 496 1932 2141 2005">
     <span class='ocr_line' id='line_1_35' title="bbox 496 1932 2141 2005; baseline 0.003 -19"><span class='ocrx_word' id='word_1_309' title='bbox 496 1934 655 1986; x_wconf 90' lang='lat' dir='ltr'>omni</span> <span class='ocrx_word' id='word_1_310' title='bbox 690 1932 719 1986; x_wconf 82' lang='grc' dir='ltr'>Ι)</span> <span class='ocrx_word' id='word_1_311' title='bbox 753 1932 1025 1999; x_wconf 87' lang='lat' dir='ltr'>termino,</span> <span class='ocrx_word' id='word_1_312' title='bbox 1062 1939 1115 1987; x_wconf 87' lang='lat' dir='ltr'>et</span> <span class='ocrx_word' id='word_1_313' title='bbox 1138 1935 1166 1987; x_wconf 87' lang='lat' dir='ltr'>b</span> <span class='ocrx_word' id='word_1_314' title='bbox 1200 1935 1338 1988; x_wconf 90' lang='lat' dir='ltr'>item</span> <span class='ocrx_word' id='word_1_315' title='bbox 1397 1935 1747 2005; x_wconf 68' lang='lat' dir='ltr'>praedicatur</span> <span class='ocrx_word' id='word_1_316' title='bbox 1777 1936 1848 1989; x_wconf 91' lang='lat' dir='ltr'>de</span> <span class='ocrx_word' id='word_1_317' title='bbox 1907 1934 2065 1989; x_wconf 90' lang='lat' dir='ltr'>omni</span> <span class='ocrx_word' id='word_1_318' title='bbox 2094 1952 2141 1993; x_wconf 90' lang='lat' dir='ltr'>c.</span> 
     </span>
    </p>
   </div>
   <div class='ocr_carea' id='block_1_36' title="bbox 498 2021 2146 2094">
    <p class='ocr_par' dir='ltr' id='par_1_36' title="bbox 498 2021 2146 2094">
     <span class='ocr_line' id='line_1_36' title="bbox 498 2021 2146 2094; baseline 0.002 -19"><span class='ocrx_word' id='word_1_319' title='bbox 498 2021 658 2076; x_wconf 76' lang='lat' dir='ltr'>lianc</span> <span class='ocrx_word' id='word_1_320' title='bbox 680 2022 926 2093; x_wconf 86' lang='lat' dir='ltr'>ﬁguram</span> <span class='ocrx_word' id='word_1_321' title='bbox 952 2039 1086 2077; x_wconf 83' lang='lat' dir='ltr'>voco</span> <span class='ocrx_word' id='word_1_322' title='bbox 1110 2023 1355 2093; x_wconf 79' lang='lat' dir='ltr'>primum</span> <span class='ocrx_word' id='word_1_323' title='bbox 1375 2023 1924 2094; x_wconf 70' lang='lat' dir='ltr'>quaadifﬁnitursic:</span> <span class='ocrx_word' id='word_1_324' title='bbox 1951 2024 2146 2078; x_wconf 87' lang='lat' dir='ltr'>Prima</span> 
     </span>
    </p>
   </div>
   <div class='ocr_carea' id='block_1_37' title="bbox 496 2110 2146 2182">
    <p class='ocr_par' dir='ltr' id='par_1_37' title="bbox 496 2110 2146 2182">
     <span class='ocr_line' id='line_1_37' title="bbox 496 2110 2146 2182; baseline 0.001 -18"><span class='ocrx_word' id='word_1_325' title='bbox 496 2110 687 2181; x_wconf 86' lang='lat' dir='ltr'>ﬁgura</span> <span class='ocrx_word' id='word_1_326' title='bbox 718 2117 809 2165; x_wconf 91' lang='lat' dir='ltr'>est</span> <span class='ocrx_word' id='word_1_327' title='bbox 841 2112 897 2165; x_wconf 93' lang='lat' dir='ltr'>in</span> <span class='ocrx_word' id='word_1_328' title='bbox 926 2129 1043 2181; x_wconf 87' lang='lat' dir='ltr'>qua</span> <span class='ocrx_word' id='word_1_329' title='bbox 1074 2112 1123 2166; x_wconf 90' lang='lat' dir='ltr'>is</span> <span class='ocrx_word' id='word_1_330' title='bbox 1156 2111 1253 2182; x_wconf 90' lang='lat' dir='ltr'>qui</span> <span class='ocrx_word' id='word_1_331' title='bbox 1282 2113 1581 2179; x_wconf 86' lang='lat' dir='ltr'>subjectus</span> <span class='ocrx_word' id='word_1_332' title='bbox 1607 2118 1695 2167; x_wconf 90' lang='lat' dir='ltr'>est</span> <span class='ocrx_word' id='word_1_333' title='bbox 1725 2112 1919 2166; x_wconf 90' lang='lat' dir='ltr'>dealio</span> <span class='ocrx_word' id='word_1_334' title='bbox 1944 2111 2146 2182; x_wconf 66' lang='lat' dir='ltr'>praedi-</span> 
     </span>
    </p>
   </div>
   <div class='ocr_carea' id='block_1_38' title="bbox 496 2200 2143 2271">
    <p class='ocr_par' dir='ltr' id='par_1_38' title="bbox 496 2200 2143 2271">
     <span class='ocr_line' id='line_1_38' title="bbox 496 2200 2143 2271; baseline 0.001 -17"><span class='ocrx_word' id='word_1_335' title='bbox 496 2205 679 2254; x_wconf 87' lang='lat' dir='ltr'>catur.</span> <span class='ocrx_word' id='word_1_336' title='bbox 710 2204 975 2270; x_wconf 87' lang='lat' dir='ltr'>Namque</span> <span class='ocrx_word' id='word_1_337' title='bbox 1007 2200 1055 2265; x_wconf 87' lang='lat' dir='ltr'>b,</span> <span class='ocrx_word' id='word_1_338' title='bbox 1090 2201 1240 2271; x_wconf 90' lang='lat' dir='ltr'>quod</span> <span class='ocrx_word' id='word_1_339' title='bbox 1276 2218 1309 2255; x_wconf 91' lang='lat' dir='ltr'>a</span> <span class='ocrx_word' id='word_1_340' title='bbox 1338 2202 1586 2255; x_wconf 89' lang='lat' dir='ltr'>termino</span> <span class='ocrx_word' id='word_1_341' title='bbox 1606 2202 1933 2271; x_wconf 85' lang='lat' dir='ltr'>subjectum</span> <span class='ocrx_word' id='word_1_342' title='bbox 1956 2201 2143 2266; x_wconf 85' lang='lat' dir='ltr'>est,ad</span> 
     </span>
    </p>
   </div>
   <div class='ocr_carea' id='block_1_39' title="bbox 502 2288 2145 2359">
    <p class='ocr_par' dir='ltr' id='par_1_39' title="bbox 502 2288 2145 2359">
     <span class='ocr_line' id='line_1_39' title="bbox 502 2288 2145 2359; baseline 0.001 -15"><span class='ocrx_word' id='word_1_343' title='bbox 502 2302 533 2344; x_wconf 86' lang='lat' dir='ltr'>c</span> <span class='ocrx_word' id='word_1_344' title='bbox 564 2288 698 2343; x_wconf 83' lang='lat' dir='ltr'>item</span> <span class='ocrx_word' id='word_1_345' title='bbox 725 2290 1039 2343; x_wconf 88' lang='lat' dir='ltr'>terminum</span> <span class='ocrx_word' id='word_1_346' title='bbox 1066 2289 1845 2359; x_wconf 66' lang='lat' dir='ltr'>prmdicaturExtremitates</span> <span class='ocrx_word' id='word_1_347' title='bbox 1862 2306 1993 2344; x_wconf 90' lang='lat' dir='ltr'>vero</span> <span class='ocrx_word' id='word_1_348' title='bbox 2017 2290 2145 2345; x_wconf 90' lang='lat' dir='ltr'>dico</span> 
     </span>
    </p>
   </div>
   <div class='ocr_carea' id='block_1_40' title="bbox 506 2377 2145 2450">
    <p class='ocr_par' dir='ltr' id='par_1_40' title="bbox 506 2377 2145 2450">
     <span class='ocr_line' id='line_1_40' title="bbox 506 2377 2145 2450; baseline 0.001 -18"><span class='ocrx_word' id='word_1_349' title='bbox 506 2377 686 2448; x_wconf 84' lang='lat' dir='ltr'>hujus</span> <span class='ocrx_word' id='word_1_350' title='bbox 722 2378 918 2449; x_wconf 72' lang='lat' dir='ltr'>ﬁgura:</span> <span class='ocrx_word' id='word_1_351' title='bbox 945 2380 1096 2449; x_wconf 92' lang='lat' dir='ltr'>quod</span> <span class='ocrx_word' id='word_1_352' title='bbox 1134 2379 1481 2448; x_wconf 65' lang='lat' dir='ltr'>praedicatur</span> <span class='ocrx_word' id='word_1_353' title='bbox 1509 2384 1564 2434; x_wconf 91' lang='lat' dir='ltr'>et</span> <span class='ocrx_word' id='word_1_354' title='bbox 1597 2380 1749 2450; x_wconf 91' lang='lat' dir='ltr'>quod</span> <span class='ocrx_word' id='word_1_355' title='bbox 1813 2380 2145 2449; x_wconf 88' lang='lat' dir='ltr'>subjectum</span> 
     </span>
    </p>
   </div>
   <div class='ocr_carea' id='block_1_41' title="bbox 501 2466 2147 2538">
    <p class='ocr_par' dir='ltr' id='par_1_41' title="bbox 501 2466 2147 2538">
     <span class='ocr_line' id='line_1_41' title="bbox 501 2466 2147 2538; baseline 0 -15"><span class='ocrx_word' id='word_1_356' title='bbox 501 2472 612 2536; x_wconf 87' lang='lat' dir='ltr'>est,</span> <span class='ocrx_word' id='word_1_357' title='bbox 642 2467 698 2522; x_wconf 93' lang='lat' dir='ltr'>id</span> <span class='ocrx_word' id='word_1_358' title='bbox 727 2469 811 2522; x_wconf 89' lang='lat' dir='ltr'>est</span> <span class='ocrx_word' id='word_1_359' title='bbox 843 2485 875 2521; x_wconf 83' lang='grc' dir='ltr'><em>α</em></span> <span class='ocrx_word' id='word_1_360' title='bbox 906 2484 948 2521; x_wconf 89' lang='lat' dir='ltr'>c.</span> <span class='ocrx_word' id='word_1_361' title='bbox 985 2466 1245 2537; x_wconf 82' lang='lat' dir='ltr'>Namque</span> <span class='ocrx_word' id='word_1_362' title='bbox 1275 2486 1308 2522; x_wconf 83' lang='grc' dir='ltr'><em>α</em></span> <span class='ocrx_word' id='word_1_363' title='bbox 1340 2468 1693 2538; x_wconf 83' lang='lat' dir='ltr'>prmdicatur</span> <span class='ocrx_word' id='word_1_364' title='bbox 1719 2469 1788 2523; x_wconf 90' lang='lat' dir='ltr'>de</span> <span class='ocrx_word' id='word_1_365' title='bbox 1820 2469 1848 2523; x_wconf 90' lang='lat' dir='ltr'><em>b</em></span> <span class='ocrx_word' id='word_1_366' title='bbox 1873 2468 2147 2537; x_wconf 85' lang='lat' dir='ltr'>termino,</span> 
     </span>
    </p>
   </div>
   <div class='ocr_carea' id='block_1_42' title="bbox 503 2557 2145 2626">
    <p class='ocr_par' dir='ltr' id='par_1_42' title="bbox 503 2557 2145 2626">
     <span class='ocr_line' id='line_1_42' title="bbox 503 2557 2145 2626; baseline 0 -15"><span class='ocrx_word' id='word_1_367' title='bbox 503 2573 531 2611; x_wconf 90' lang='lat' dir='ltr'>c</span> <span class='ocrx_word' id='word_1_368' title='bbox 561 2573 694 2612; x_wconf 91' lang='lat' dir='ltr'>vero</span> <span class='ocrx_word' id='word_1_369' title='bbox 726 2558 1014 2611; x_wconf 83' lang='lat' dir='ltr'>terminus</span> <span class='ocrx_word' id='word_1_370' title='bbox 1040 2557 1067 2610; x_wconf 91' lang='lat' dir='ltr'>b</span> <span class='ocrx_word' id='word_1_371' title='bbox 1091 2557 1341 2611; x_wconf 86' lang='lat' dir='ltr'>termino</span> <span class='ocrx_word' id='word_1_372' title='bbox 1365 2558 1648 2626; x_wconf 87' lang='lat' dir='ltr'>subjacet.</span> <span class='ocrx_word' id='word_1_373' title='bbox 1671 2557 1926 2611; x_wconf 89' lang='lat' dir='ltr'>Medium</span> <span class='ocrx_word' id='word_1_374' title='bbox 1953 2562 2145 2611; x_wconf 88' lang='lat' dir='ltr'>autem</span> 
     </span>
    </p>
   </div>
   <div class='ocr_carea' id='block_1_43' title="bbox 500 2645 2145 2718">
    <p class='ocr_par' dir='ltr' id='par_1_43' title="bbox 500 2645 2145 2718">
     <span class='ocr_line' id='line_1_43' title="bbox 500 2645 2145 2718; baseline -0.001 -18"><span class='ocrx_word' id='word_1_375' title='bbox 500 2646 645 2700; x_wconf 91' lang='lat' dir='ltr'>illud</span> <span class='ocrx_word' id='word_1_376' title='bbox 681 2661 817 2701; x_wconf 85' lang='lat' dir='ltr'>voco</span> <span class='ocrx_word' id='word_1_377' title='bbox 851 2647 1002 2717; x_wconf 88' lang='lat' dir='ltr'>quod</span> <span class='ocrx_word' id='word_1_378' title='bbox 1037 2645 1134 2700; x_wconf 84' lang='lat' dir='ltr'>alii</span> <span class='ocrx_word' id='word_1_379' title='bbox 1167 2648 1449 2715; x_wconf 85' lang='lat' dir='ltr'>subjacet,</span> <span class='ocrx_word' id='word_1_380' title='bbox 1473 2651 1529 2701; x_wconf 91' lang='lat' dir='ltr'>et</span> <span class='ocrx_word' id='word_1_381' title='bbox 1552 2647 1620 2699; x_wconf 91' lang='lat' dir='ltr'>de</span> <span class='ocrx_word' id='word_1_382' title='bbox 1644 2646 1756 2701; x_wconf 89' lang='lat' dir='ltr'>alio</span> <span class='ocrx_word' id='word_1_383' title='bbox 1779 2646 2145 2718; x_wconf 78' lang='lat' dir='ltr'>praedicatur,</span> 
     </span>
    </p>
   </div>
   <div class='ocr_carea' id='block_1_44' title="bbox 505 2734 2153 2806">
    <p class='ocr_par' dir='ltr' id='par_1_44' title="bbox 505 2734 2153 2806">
     <span class='ocr_line' id='line_1_44' title="bbox 505 2734 2153 2806; baseline 0.001 -18"><span class='ocrx_word' id='word_1_384' title='bbox 505 2734 559 2789; x_wconf 90' lang='lat' dir='ltr'>id</span> <span class='ocrx_word' id='word_1_385' title='bbox 595 2740 683 2791; x_wconf 90' lang='lat' dir='ltr'>est</span> <span class='ocrx_word' id='word_1_386' title='bbox 710 2736 763 2791; x_wconf 88' lang='lat' dir='ltr'>b.</span> <span class='ocrx_word' id='word_1_387' title='bbox 797 2735 936 2789; x_wconf 83' lang='lat' dir='ltr'>Nam</span> <span class='ocrx_word' id='word_1_388' title='bbox 974 2736 1000 2789; x_wconf 75' lang='grc' dir='ltr'><em>Ι)</em></span> <span class='ocrx_word' id='word_1_389' title='bbox 1036 2735 1322 2789; x_wconf 87' lang='lat' dir='ltr'>terminus</span> <span class='ocrx_word' id='word_1_390' title='bbox 1348 2752 1380 2790; x_wconf 93' lang='lat' dir='ltr'>a</span> <span class='ocrx_word' id='word_1_391' title='bbox 1413 2735 1660 2791; x_wconf 86' lang='lat' dir='ltr'>termino</span> <span class='ocrx_word' id='word_1_392' title='bbox 1706 2737 1992 2806; x_wconf 88' lang='lat' dir='ltr'>subjacet,</span> <span class='ocrx_word' id='word_1_393' title='bbox 2026 2736 2097 2789; x_wconf 92' lang='lat' dir='ltr'>de</span> <span class='ocrx_word' id='word_1_394' title='bbox 2125 2751 2153 2789; x_wconf 81' lang='grc' dir='ltr'><em>ο</em></span> 
     </span>
    </p>
   </div>
   <div class='ocr_carea' id='block_1_45' title="bbox 500 2824 2149 2895">
    <p class='ocr_par' dir='ltr' id='par_1_45' title="bbox 500 2824 2149 2895">
     <span class='ocr_line' id='line_1_45' title="bbox 500 2824 2149 2895; baseline -0.001 -17"><span class='ocrx_word' id='word_1_395' title='bbox 500 2841 635 2879; x_wconf 90' lang='lat' dir='ltr'>vero</span> <span class='ocrx_word' id='word_1_396' title='bbox 671 2824 920 2879; x_wconf 89' lang='lat' dir='ltr'>termino</span> <span class='ocrx_word' id='word_1_397' title='bbox 940 2824 1510 2895; x_wconf 67' lang='lat' dir='ltr'>praedicatur.Major</span> <span class='ocrx_word' id='word_1_398' title='bbox 1528 2842 1659 2879; x_wconf 91' lang='lat' dir='ltr'>vero</span> <span class='ocrx_word' id='word_1_399' title='bbox 1691 2826 2149 2889; x_wconf 81' lang='lat' dir='ltr'>extremitasest,</span> 
     </span>
    </p>
   </div>
   <div class='ocr_carea' id='block_1_46' title="bbox 505 2914 2154 2985">
    <p class='ocr_par' dir='ltr' id='par_1_46' title="bbox 505 2914 2154 2985">
     <span class='ocr_line' id='line_1_46' title="bbox 505 2914 2154 2985; baseline 0 -18"><span class='ocrx_word' id='word_1_400' title='bbox 505 2930 634 2984; x_wconf 66' lang='lat' dir='ltr'>quae</span> <span class='ocrx_word' id='word_1_401' title='bbox 668 2914 858 2985; x_wconf 89' lang='lat' dir='ltr'>prima</span> <span class='ocrx_word' id='word_1_402' title='bbox 886 2914 1322 2985; x_wconf 64' lang='lat' dir='ltr'>prredicatur,id</span> <span class='ocrx_word' id='word_1_403' title='bbox 1360 2921 1447 2967; x_wconf 89' lang='lat' dir='ltr'>est</span> <span class='ocrx_word' id='word_1_404' title='bbox 1476 2914 1808 2985; x_wconf 85' lang='lat' dir='ltr'>a.Namque</span> <span class='ocrx_word' id='word_1_405' title='bbox 1840 2915 1993 2968; x_wconf 88' lang='lat' dir='ltr'>idem</span> <span class='ocrx_word' id='word_1_406' title='bbox 2027 2931 2059 2967; x_wconf 89' lang='lat' dir='ltr'>a</span> <span class='ocrx_word' id='word_1_407' title='bbox 2083 2914 2154 2968; x_wconf 88' lang='lat' dir='ltr'>de</span> 
     </span>
    </p>
   </div>
   <div class='ocr_carea' id='block_1_47' title="bbox 506 3002 2156 3074">
    <p class='ocr_par' dir='ltr' id='par_1_47' title="bbox 506 3002 2156 3074">
     <span class='ocr_line' id='line_1_47' title="bbox 506 3002 2156 3074; baseline 0 -17"><span class='ocrx_word' id='word_1_408' title='bbox 506 3002 805 3058; x_wconf 87' lang='lat' dir='ltr'>btermino</span> <span class='ocrx_word' id='word_1_409' title='bbox 840 3004 1206 3073; x_wconf 68' lang='lat' dir='ltr'>praedicatur.</span> <span class='ocrx_word' id='word_1_410' title='bbox 1244 3004 1429 3058; x_wconf 88' lang='lat' dir='ltr'>Minor</span> <span class='ocrx_word' id='word_1_411' title='bbox 1459 3020 1590 3057; x_wconf 90' lang='lat' dir='ltr'>vero</span> <span class='ocrx_word' id='word_1_412' title='bbox 1638 3021 1763 3074; x_wconf 68' lang='lat' dir='ltr'>quae</span> <span class='ocrx_word' id='word_1_413' title='bbox 1825 3003 2011 3059; x_wconf 85' lang='lat' dir='ltr'>medio</span> <span class='ocrx_word' id='word_1_414' title='bbox 2043 3007 2156 3057; x_wconf 90' lang='lat' dir='ltr'>ter-</span> 
     </span>
    </p>
   </div>
   <div class='ocr_carea' id='block_1_48' title="bbox 507 3092 2154 3163">
    <p class='ocr_par' dir='ltr' id='par_1_48' title="bbox 507 3092 2154 3163">
     <span class='ocr_line' id='line_1_48' title="bbox 507 3092 2154 3163; baseline -0.001 -16"><span class='ocrx_word' id='word_1_415' title='bbox 507 3092 668 3148; x_wconf 89' lang='lat' dir='ltr'>mino</span> <span class='ocrx_word' id='word_1_416' title='bbox 702 3092 1032 3162; x_wconf 85' lang='lat' dir='ltr'>subjicitur,</span> <span class='ocrx_word' id='word_1_417' title='bbox 1052 3092 1110 3146; x_wconf 87' lang='lat' dir='ltr'>id</span> <span class='ocrx_word' id='word_1_418' title='bbox 1130 3099 1286 3159; x_wconf 88' lang='lat' dir='ltr'>estc,</span> <span class='ocrx_word' id='word_1_419' title='bbox 1316 3110 1615 3163; x_wconf 69' lang='lat' dir='ltr'>nai‘nquec</span> <span class='ocrx_word' id='word_1_420' title='bbox 1650 3095 1931 3148; x_wconf 84' lang='lat' dir='ltr'>terminus</span> <span class='ocrx_word' id='word_1_421' title='bbox 1968 3093 2154 3147; x_wconf 88' lang='lat' dir='ltr'>medio</span> 
     </span>
    </p>
   </div>
   <div class='ocr_carea' id='block_1_49' title="bbox 507 3181 2154 3251">
    <p class='ocr_par' dir='ltr' id='par_1_49' title="bbox 507 3181 2154 3251">
     <span class='ocr_line' id='line_1_49' title="bbox 507 3181 2154 3251; baseline 0.001 -16"><span class='ocrx_word' id='word_1_422' title='bbox 507 3181 779 3247; x_wconf 85' lang='lat' dir='ltr'>termino,</span> <span class='ocrx_word' id='word_1_423' title='bbox 814 3182 869 3234; x_wconf 91' lang='lat' dir='ltr'>id</span> <span class='ocrx_word' id='word_1_424' title='bbox 906 3186 992 3235; x_wconf 85' lang='lat' dir='ltr'>est</span> <span class='ocrx_word' id='word_1_425' title='bbox 1024 3182 1072 3249; x_wconf 88' lang='lat' dir='ltr'>b,</span> <span class='ocrx_word' id='word_1_426' title='bbox 1110 3182 1411 3251; x_wconf 83' lang='lat' dir='ltr'>subjectus</span> <span class='ocrx_word' id='word_1_427' title='bbox 1442 3188 1564 3249; x_wconf 88' lang='lat' dir='ltr'>est;</span> <span class='ocrx_word' id='word_1_428' title='bbox 1596 3183 1665 3236; x_wconf 88' lang='lat' dir='ltr'>de</span> <span class='ocrx_word' id='word_1_429' title='bbox 1696 3199 1761 3236; x_wconf 91' lang='lat' dir='ltr'>co</span> <span class='ocrx_word' id='word_1_430' title='bbox 1792 3183 1943 3237; x_wconf 86' lang='lat' dir='ltr'>enim</span> <span class='ocrx_word' id='word_1_431' title='bbox 1979 3186 2008 3237; x_wconf 78' lang='grc' dir='ltr'>ὁ</span> <span class='ocrx_word' id='word_1_432' title='bbox 2041 3200 2154 3238; x_wconf 88' lang='lat' dir='ltr'>me-</span> 
     </span>
    </p>
   </div>
   <div class='ocr_carea' id='block_1_50' title="bbox 511 3268 2155 3341">
    <p class='ocr_par' dir='ltr' id='par_1_50' title="bbox 511 3268 2155 3341">
     <span class='ocr_line' id='line_1_50' title="bbox 511 3268 2155 3341; baseline 0.002 -19"><span class='ocrx_word' id='word_1_433' title='bbox 511 3269 644 3323; x_wconf 91' lang='lat' dir='ltr'>dius</span> <span class='ocrx_word' id='word_1_434' title='bbox 678 3268 963 3323; x_wconf 87' lang='lat' dir='ltr'>terminus</span> <span class='ocrx_word' id='word_1_435' title='bbox 999 3270 1233 3325; x_wconf 91' lang='lat' dir='ltr'>dicitur.</span> <span class='ocrx_word' id='word_1_436' title='bbox 1271 3271 1454 3341; x_wconf 76' lang='lat' dir='ltr'>Major</span> <span class='ocrx_word' id='word_1_437' title='bbox 1476 3288 1606 3325; x_wconf 91' lang='lat' dir='ltr'>vero</span> <span class='ocrx_word' id='word_1_438' title='bbox 1629 3272 1967 3326; x_wconf 88' lang='lat' dir='ltr'>terminusa</span> <span class='ocrx_word' id='word_1_439' title='bbox 1990 3289 2155 3326; x_wconf 88' lang='lat' dir='ltr'>voca-</span> 
     </span>
    </p>
   </div>
   <div class='ocr_carea' id='block_1_51' title="bbox 509 3358 2155 3431">
    <p class='ocr_par' dir='ltr' id='par_1_51' title="bbox 509 3358 2155 3431">
     <span class='ocr_line' id='line_1_51' title="bbox 509 3358 2155 3431; baseline 0.002 -21"><span class='ocrx_word' id='word_1_440' title='bbox 509 3361 605 3410; x_wconf 78' lang='lat' dir='ltr'>tus</span> <span class='ocrx_word' id='word_1_441' title='bbox 632 3361 739 3423; x_wconf 87' lang='lat' dir='ltr'>est,</span> <span class='ocrx_word' id='word_1_442' title='bbox 772 3358 828 3410; x_wconf 91' lang='lat' dir='ltr'>id</span> <span class='ocrx_word' id='word_1_443' title='bbox 862 3362 950 3411; x_wconf 86' lang='lat' dir='ltr'>est</span> <span class='ocrx_word' id='word_1_444' title='bbox 981 3358 1078 3427; x_wconf 88' lang='lat' dir='ltr'>qui</span> <span class='ocrx_word' id='word_1_445' title='bbox 1113 3358 1480 3427; x_wconf 68' lang='lat' dir='ltr'>praedicatur,</span> <span class='ocrx_word' id='word_1_446' title='bbox 1508 3361 1785 3429; x_wconf 89' lang='lat' dir='ltr'>quoniam</span> <span class='ocrx_word' id='word_1_447' title='bbox 1812 3378 1985 3415; x_wconf 91' lang='lat' dir='ltr'>omne</span> <span class='ocrx_word' id='word_1_448' title='bbox 2010 3378 2155 3431; x_wconf 78' lang='lat' dir='ltr'>prse-</span> 
     </span>
    </p>
   </div>
   <div class='ocr_carea' id='block_1_52' title="bbox 510 3445 2156 3518">
    <p class='ocr_par' dir='ltr' id='par_1_52' title="bbox 510 3445 2156 3518">
     <span class='ocr_line' id='line_1_52' title="bbox 510 3445 2156 3518; baseline 0.001 -17"><span class='ocrx_word' id='word_1_449' title='bbox 510 3445 771 3501; x_wconf 88' lang='lat' dir='ltr'>dicatum</span> <span class='ocrx_word' id='word_1_450' title='bbox 803 3446 874 3500; x_wconf 88' lang='lat' dir='ltr'>ab</span> <span class='ocrx_word' id='word_1_451' title='bbox 907 3462 972 3499; x_wconf 93' lang='lat' dir='ltr'>eo</span> <span class='ocrx_word' id='word_1_452' title='bbox 1007 3448 1211 3517; x_wconf 88' lang='lat' dir='ltr'>dequo</span> <span class='ocrx_word' id='word_1_453' title='bbox 1245 3446 1598 3517; x_wconf 75' lang='lat' dir='ltr'>praedicatur</span> <span class='ocrx_word' id='word_1_454' title='bbox 1634 3450 1826 3518; x_wconf 86' lang='lat' dir='ltr'>majus</span> <span class='ocrx_word' id='word_1_455' title='bbox 1856 3454 1961 3504; x_wconf 89' lang='lat' dir='ltr'>est.</span> <span class='ocrx_word' id='word_1_456' title='bbox 1998 3451 2066 3505; x_wconf 88' lang='lat' dir='ltr'>Et</span> <span class='ocrx_word' id='word_1_457' title='bbox 2099 3450 2156 3503; x_wconf 89' lang='lat' dir='ltr'>in</span> 
     </span>
    </p>
   </div>
   <div class='ocr_carea' id='block_1_53' title="bbox 509 3533 2159 3608">
    <p class='ocr_par' dir='ltr' id='par_1_53' title="bbox 509 3533 2159 3608">
     <span class='ocr_line' id='line_1_53' title="bbox 509 3533 2159 3608; baseline 0.002 -18"><span class='ocrx_word' id='word_1_458' title='bbox 509 3533 903 3601; x_wconf 88' lang='lat' dir='ltr'>conclusione,</span> <span class='ocrx_word' id='word_1_459' title='bbox 939 3534 1091 3589; x_wconf 84' lang='lat' dir='ltr'>sicut</span> <span class='ocrx_word' id='word_1_460' title='bbox 1117 3536 1175 3589; x_wconf 87' lang='lat' dir='ltr'>iu</span> <span class='ocrx_word' id='word_1_461' title='bbox 1208 3537 1397 3605; x_wconf 87' lang='lat' dir='ltr'>prima</span> <span class='ocrx_word' id='word_1_462' title='bbox 1430 3537 1849 3607; x_wconf 86' lang='lat' dir='ltr'>propositione.</span> <span class='ocrx_word' id='word_1_463' title='bbox 1876 3555 2105 3608; x_wconf 88' lang='lat' dir='ltr'>semper</span> <span class='ocrx_word' id='word_1_464' title='bbox 2127 3556 2159 3593; x_wconf 89' lang='lat' dir='ltr'>a</span> 
     </span>
    </p>
   </div>
   <div class='ocr_carea' id='block_1_54' title="bbox 508 3625 2159 3697">
    <p class='ocr_par' dir='ltr' id='par_1_54' title="bbox 508 3625 2159 3697">
     <span class='ocr_line' id='line_1_54' title="bbox 508 3625 2159 3697; baseline 0.001 -16"><span class='ocrx_word' id='word_1_465' title='bbox 508 3625 797 3681; x_wconf 87' lang='lat' dir='ltr'>terminus</span> <span class='ocrx_word' id='word_1_466' title='bbox 834 3625 1203 3696; x_wconf 80' lang='lat' dir='ltr'>praedicatur,</span> <span class='ocrx_word' id='word_1_467' title='bbox 1228 3642 1261 3678; x_wconf 84' lang='grc' dir='ltr'><em>α</em></span> <span class='ocrx_word' id='word_1_468' title='bbox 1293 3625 1448 3679; x_wconf 86' lang='lat' dir='ltr'>enim</span> <span class='ocrx_word' id='word_1_469' title='bbox 1476 3628 1691 3681; x_wconf 90' lang='lat' dir='ltr'>bonum</span> <span class='ocrx_word' id='word_1_470' title='bbox 1722 3630 2069 3697; x_wconf 83' lang='lat' dir='ltr'>praedicatur</span> <span class='ocrx_word' id='word_1_471' title='bbox 2089 3630 2159 3683; x_wconf 92' lang='lat' dir='ltr'>de</span> 
     </span>
    </p>
   </div>
   <div class='ocr_carea' id='block_1_55' title="bbox 516 3714 2160 3785">
    <p class='ocr_par' dir='ltr' id='par_1_55' title="bbox 516 3714 2160 3785">
     <span class='ocr_line' id='line_1_55' title="bbox 516 3714 2160 3785; baseline 0.002 -16"><span class='ocrx_word' id='word_1_472' title='bbox 516 3717 543 3769; x_wconf 86' lang='lat' dir='ltr'>b</span> <span class='ocrx_word' id='word_1_473' title='bbox 573 3717 756 3785; x_wconf 88' lang='lat' dir='ltr'>justo,</span> <span class='ocrx_word' id='word_1_474' title='bbox 790 3721 846 3769; x_wconf 89' lang='lat' dir='ltr'>et</span> <span class='ocrx_word' id='word_1_475' title='bbox 877 3714 1302 3784; x_wconf 85' lang='lat' dir='ltr'>dicitur,omnc</span> <span class='ocrx_word' id='word_1_476' title='bbox 1328 3715 1557 3783; x_wconf 89' lang='lat' dir='ltr'>justum</span> <span class='ocrx_word' id='word_1_477' title='bbox 1591 3716 1806 3770; x_wconf 88' lang='lat' dir='ltr'>bonum</span> <span class='ocrx_word' id='word_1_478' title='bbox 1844 3722 1949 3784; x_wconf 89' lang='lat' dir='ltr'>est,</span> <span class='ocrx_word' id='word_1_479' title='bbox 1972 3718 2001 3772; x_wconf 88' lang='lat' dir='ltr'>b</span> <span class='ocrx_word' id='word_1_480' title='bbox 2028 3734 2160 3773; x_wconf 90' lang='lat' dir='ltr'>vero</span> 
     </span>
    </p>
   </div>
   <div class='ocr_carea' id='block_1_56' title="bbox 516 3806 2164 3876">
    <p class='ocr_par' dir='ltr' id='par_1_56' title="bbox 516 3806 2164 3876">
     <span class='ocr_line' id='line_1_56' title="bbox 516 3806 2164 3876; baseline 0.003 -15"><span class='ocrx_word' id='word_1_481' title='bbox 516 3806 746 3861; x_wconf 87' lang='lat' dir='ltr'>medius</span> <span class='ocrx_word' id='word_1_482' title='bbox 776 3806 1065 3861; x_wconf 90' lang='lat' dir='ltr'>terminus</span> <span class='ocrx_word' id='word_1_483' title='bbox 1100 3807 1530 3876; x_wconf 70' lang='lat' dir='ltr'>praedicaturde</span> <span class='ocrx_word' id='word_1_484' title='bbox 1560 3814 1681 3875; x_wconf 74' lang='lat' dir='ltr'>c,et</span> <span class='ocrx_word' id='word_1_485' title='bbox 1712 3809 1944 3873; x_wconf 81' lang='lat' dir='ltr'>dicitur,</span> <span class='ocrx_word' id='word_1_486' title='bbox 1972 3810 2164 3866; x_wconf 85' lang='lat' dir='ltr'>omnis</span> 
     </span>
    </p>
   </div>
   <div class='ocr_carea' id='block_1_57' title="bbox 516 3895 2162 3970">
    <p class='ocr_par' dir='ltr' id='par_1_57' title="bbox 516 3895 2162 3970">
     <span class='ocr_line' id='line_1_57' title="bbox 516 3895 2162 3970; baseline 0.004 -22"><span class='ocrx_word' id='word_1_487' title='bbox 516 3895 705 3949; x_wconf 90' lang='lat' dir='ltr'>virtus</span> <span class='ocrx_word' id='word_1_488' title='bbox 730 3897 893 3965; x_wconf 89' lang='lat' dir='ltr'>justa</span> <span class='ocrx_word' id='word_1_489' title='bbox 922 3901 1029 3951; x_wconf 88' lang='lat' dir='ltr'>est.</span> <span class='ocrx_word' id='word_1_490' title='bbox 1062 3896 1142 3951; x_wconf 82' lang='lat' dir='ltr'>Ex</span> <span class='ocrx_word' id='word_1_491' title='bbox 1173 3896 1265 3950; x_wconf 90' lang='lat' dir='ltr'>his</span> <span class='ocrx_word' id='word_1_492' title='bbox 1298 3896 1479 3967; x_wconf 85' lang='lat' dir='ltr'>igitur</span> <span class='ocrx_word' id='word_1_493' title='bbox 1500 3897 1868 3951; x_wconf 89' lang='lat' dir='ltr'>concluditur</span> <span class='ocrx_word' id='word_1_494' title='bbox 1899 3900 1955 3953; x_wconf 91' lang='lat' dir='ltr'>in</span> <span class='ocrx_word' id='word_1_495' title='bbox 1984 3898 2162 3970; x_wconf 84' lang='lat' dir='ltr'>syllo-</span> 
     </span>
    </p>
   </div>
   <div class='ocr_carea' id='block_1_58' title="bbox 512 3984 2164 4056">
    <p class='ocr_par' dir='ltr' id='par_1_58' title="bbox 512 3984 2164 4056">
     <span class='ocr_line' id='line_1_58' title="bbox 512 3984 2164 4056; baseline 0.003 -19"><span class='ocrx_word' id='word_1_496' title='bbox 512 3984 724 4056; x_wconf 88' lang='lat' dir='ltr'>gismo,</span> <span class='ocrx_word' id='word_1_497' title='bbox 753 3984 945 4039; x_wconf 87' lang='lat' dir='ltr'>omnis</span> <span class='ocrx_word' id='word_1_498' title='bbox 977 3986 1161 4039; x_wconf 89' lang='lat' dir='ltr'>virtus</span> <span class='ocrx_word' id='word_1_499' title='bbox 1193 3985 1409 4039; x_wconf 88' lang='lat' dir='ltr'>bonum</span> <span class='ocrx_word' id='word_1_500' title='bbox 1446 3991 1549 4051; x_wconf 81' lang='lat' dir='ltr'>est,</span> <span class='ocrx_word' id='word_1_501' title='bbox 1575 3994 1631 4040; x_wconf 90' lang='lat' dir='ltr'>et</span> <span class='ocrx_word' id='word_1_502' title='bbox 1660 4004 1693 4040; x_wconf 88' lang='lat' dir='ltr'>a</span> <span class='ocrx_word' id='word_1_503' title='bbox 1726 3987 1943 4041; x_wconf 91' lang='lat' dir='ltr'>bonum</span> <span class='ocrx_word' id='word_1_504' title='bbox 1979 3989 2164 4043; x_wconf 91' lang='lat' dir='ltr'>nomi-</span> 
     </span>
    </p>
   </div>
   <div class='ocr_carea' id='block_1_59' title="bbox 512 4075 2164 4147">
    <p class='ocr_par' dir='ltr' id='par_1_59' title="bbox 512 4075 2164 4147">
     <span class='ocr_line' id='line_1_59' title="bbox 512 4075 2164 4147; baseline 0.003 -18"><span class='ocrx_word' id='word_1_505' title='bbox 512 4075 749 4129; x_wconf 89' lang='lat' dir='ltr'>nabitur</span> <span class='ocrx_word' id='word_1_506' title='bbox 780 4076 849 4130; x_wconf 90' lang='lat' dir='ltr'>de</span> <span class='ocrx_word' id='word_1_507' title='bbox 880 4092 907 4129; x_wconf 76' lang='lat' dir='ltr'>c</span> <span class='ocrx_word' id='word_1_508' title='bbox 936 4075 1168 4146; x_wconf 88' lang='lat' dir='ltr'>virtute,</span> <span class='ocrx_word' id='word_1_509' title='bbox 1204 4081 1378 4146; x_wconf 87' lang='lat' dir='ltr'>atque</span> <span class='ocrx_word' id='word_1_510' title='bbox 1410 4077 1537 4131; x_wconf 90' lang='lat' dir='ltr'>ideo</span> <span class='ocrx_word' id='word_1_511' title='bbox 1573 4078 1760 4147; x_wconf 86' lang='lat' dir='ltr'>major</span> <span class='ocrx_word' id='word_1_512' title='bbox 1788 4095 1819 4132; x_wconf 92' lang='lat' dir='ltr'>a</span> <span class='ocrx_word' id='word_1_513' title='bbox 1853 4080 2022 4134; x_wconf 90' lang='lat' dir='ltr'>nobis</span> <span class='ocrx_word' id='word_1_514' title='bbox 2062 4095 2164 4133; x_wconf 84' lang='lat' dir='ltr'>ex-</span> 
     </span>
    </p>
   </div>
   <div class='ocr_carea' id='block_1_60' title="bbox 511 4164 2161 4236">
    <p class='ocr_par' dir='ltr' id='par_1_60' title="bbox 511 4164 2161 4236">
     <span class='ocr_line' id='line_1_60' title="bbox 511 4164 2161 4236; baseline 0.002 -16"><span class='ocrx_word' id='word_1_515' title='bbox 511 4168 780 4220; x_wconf 86' lang='lat' dir='ltr'>tremitas</span> <span class='ocrx_word' id='word_1_516' title='bbox 812 4164 1157 4236; x_wconf 84' lang='lat' dir='ltr'>appellatur.</span> <span class='ocrx_word' id='word_1_517' title='bbox 1195 4166 1250 4219; x_wconf 89' lang='lat' dir='ltr'>Id</span> <span class='ocrx_word' id='word_1_518' title='bbox 1287 4182 1416 4220; x_wconf 90' lang='lat' dir='ltr'>vero</span> <span class='ocrx_word' id='word_1_519' title='bbox 1467 4166 1802 4222; x_wconf 88' lang='lat' dir='ltr'>meminisse</span> <span class='ocrx_word' id='word_1_520' title='bbox 1858 4168 2161 4236; x_wconf 88' lang='lat' dir='ltr'>debemus,</span> 
     </span>
    </p>
   </div>
   <div class='ocr_carea' id='block_1_61' title="bbox 514 4254 2164 4327">
    <p class='ocr_par' dir='ltr' id='par_1_61' title="bbox 514 4254 2164 4327">
     <span class='ocr_line' id='line_1_61' title="bbox 514 4254 2164 4327; baseline 0.002 -18"><span class='ocrx_word' id='word_1_521' title='bbox 514 4256 669 4326; x_wconf 91' lang='lat' dir='ltr'>quod</span> <span class='ocrx_word' id='word_1_522' title='bbox 702 4271 769 4309; x_wconf 90' lang='lat' dir='ltr'>ea</span> <span class='ocrx_word' id='word_1_523' title='bbox 795 4272 918 4325; x_wconf 79' lang='lat' dir='ltr'>quae</span> <span class='ocrx_word' id='word_1_524' title='bbox 950 4254 1109 4324; x_wconf 86' lang='lat' dir='ltr'>paria</span> <span class='ocrx_word' id='word_1_525' title='bbox 1139 4260 1275 4309; x_wconf 90' lang='lat' dir='ltr'>sunt</span> <span class='ocrx_word' id='word_1_526' title='bbox 1306 4257 1619 4324; x_wconf 76' lang='lat' dir='ltr'>retorqueri</span> <span class='ocrx_word' id='word_1_527' title='bbox 1647 4262 1911 4327; x_wconf 90' lang='lat' dir='ltr'>possunt,</span> <span class='ocrx_word' id='word_1_528' title='bbox 1931 4261 1987 4311; x_wconf 92' lang='lat' dir='ltr'>et</span> <span class='ocrx_word' id='word_1_529' title='bbox 2008 4258 2077 4311; x_wconf 90' lang='lat' dir='ltr'>ad</span> <span class='ocrx_word' id='word_1_530' title='bbox 2103 4273 2164 4313; x_wconf 87' lang='lat' dir='ltr'>se</span> 
     </span>
    </p>
   </div>
   <div class='ocr_carea' id='block_1_62' title="bbox 512 4343 2164 4415">
    <p class='ocr_par' dir='ltr' id='par_1_62' title="bbox 512 4343 2164 4415">
     <span class='ocr_line' id='line_1_62' title="bbox 512 4343 2164 4415; baseline 0.003 -18"><span class='ocrx_word' id='word_1_531' title='bbox 512 4343 760 4398; x_wconf 86' lang='lat' dir='ltr'>invicem</span> <span class='ocrx_word' id='word_1_532' title='bbox 797 4344 1120 4413; x_wconf 67' lang='lat' dir='ltr'>praedicari,</span> <span class='ocrx_word' id='word_1_533' title='bbox 1143 4349 1199 4397; x_wconf 90' lang='lat' dir='ltr'>et</span> <span class='ocrx_word' id='word_1_534' title='bbox 1221 4343 1443 4398; x_wconf 88' lang='lat' dir='ltr'>sicutid</span> <span class='ocrx_word' id='word_1_535' title='bbox 1472 4344 1626 4415; x_wconf 90' lang='lat' dir='ltr'>quod</span> <span class='ocrx_word' id='word_1_536' title='bbox 1656 4345 2076 4415; x_wconf 72' lang='lat' dir='ltr'>praedicaturin</span> <span class='ocrx_word' id='word_1_537' title='bbox 2099 4362 2164 4402; x_wconf 88' lang='lat' dir='ltr'>eo</span> 
     </span>
    </p>
   </div>
   <div class='ocr_carea' id='block_1_63' title="bbox 515 4432 2163 4503">
    <p class='ocr_par' dir='ltr' id='par_1_63' title="bbox 515 4432 2163 4503">
     <span class='ocr_line' id='line_1_63' title="bbox 515 4432 2163 4503; baseline 0.003 -17"><span class='ocrx_word' id='word_1_538' title='bbox 515 4433 671 4503; x_wconf 91' lang='lat' dir='ltr'>quod</span> <span class='ocrx_word' id='word_1_539' title='bbox 706 4433 1040 4502; x_wconf 87' lang='lat' dir='ltr'>subjectum</span> <span class='ocrx_word' id='word_1_540' title='bbox 1058 4438 1167 4498; x_wconf 90' lang='lat' dir='ltr'>est,</span> <span class='ocrx_word' id='word_1_541' title='bbox 1185 4432 1342 4487; x_wconf 90' lang='lat' dir='ltr'>omni</span> <span class='ocrx_word' id='word_1_542' title='bbox 1362 4438 1470 4500; x_wconf 87' lang='lat' dir='ltr'>est,</span> <span class='ocrx_word' id='word_1_543' title='bbox 1495 4434 1575 4489; x_wconf 88' lang='lat' dir='ltr'>ita</span> <span class='ocrx_word' id='word_1_544' title='bbox 1599 4452 2163 4491; x_wconf 88' lang='lat' dir='ltr'>rursusconversum</span> 
     </span>
    </p>
   </div>
   <div class='ocr_carea' id='block_1_64' title="bbox 2256 1840 3849 1913">
    <p class='ocr_par' dir='ltr' id='par_1_64' title="bbox 2256 1840 3849 1913">
     <span class='ocr_line' id='line_1_64' title="bbox 2256 1840 3849 1913; baseline 0.001 -21"><span class='ocrx_word' id='word_1_545' title='bbox 2256 1855 2390 1895; x_wconf 89' lang='lat' dir='ltr'>vero</span> <span class='ocrx_word' id='word_1_546' title='bbox 2420 1844 2755 1897; x_wconf 88' lang='lat' dir='ltr'>extremitas</span> <span class='ocrx_word' id='word_1_547' title='bbox 2788 1852 2875 1896; x_wconf 90' lang='lat' dir='ltr'>est</span> <span class='ocrx_word' id='word_1_548' title='bbox 2906 1844 2977 1896; x_wconf 90' lang='lat' dir='ltr'>de</span> <span class='ocrx_word' id='word_1_549' title='bbox 3001 1858 3117 1913; x_wconf 88' lang='lat' dir='ltr'>qua</span> <span class='ocrx_word' id='word_1_550' title='bbox 3142 1844 3326 1912; x_wconf 91' lang='lat' dir='ltr'>primo</span> <span class='ocrx_word' id='word_1_551' title='bbox 3349 1860 3383 1896; x_wconf 88' lang='lat' dir='ltr'>a</span> <span class='ocrx_word' id='word_1_552' title='bbox 3404 1842 3676 1897; x_wconf 86' lang='lat' dir='ltr'>terminus</span> <span class='ocrx_word' id='word_1_553' title='bbox 3696 1840 3849 1912; x_wconf 78' lang='lat' dir='ltr'>appel~</span> 
     </span>
    </p>
   </div>
   <div class='ocr_carea' id='block_1_65' title="bbox 2258 1929 3850 2003">
    <p class='ocr_par' dir='ltr' id='par_1_65' title="bbox 2258 1929 3850 2003">
     <span class='ocr_line' id='line_1_65' title="bbox 2258 1929 3850 2003; baseline -0.001 -20"><span class='ocrx_word' id='word_1_554' title='bbox 2258 1929 2497 1994; x_wconf 88' lang='lat' dir='ltr'>latur,id</span> <span class='ocrx_word' id='word_1_555' title='bbox 2544 1938 2633 1986; x_wconf 90' lang='lat' dir='ltr'>est</span> <span class='ocrx_word' id='word_1_556' title='bbox 2656 1932 2684 1985; x_wconf 81' lang='grc' dir='ltr'><strong><em>Ι)</em></strong></span> <span class='ocrx_word' id='word_1_557' title='bbox 2713 1936 2959 2000; x_wconf 80' lang='lat' dir='ltr'>justum;</span> <span class='ocrx_word' id='word_1_558' title='bbox 2997 1932 3081 1986; x_wconf 88' lang='lat' dir='ltr'>vel</span> <span class='ocrx_word' id='word_1_559' title='bbox 3114 1932 3162 1986; x_wconf 89' lang='lat' dir='ltr'>si</span> <span class='ocrx_word' id='word_1_560' title='bbox 3186 1932 3258 1986; x_wconf 83' lang='lat' dir='ltr'>ad</span> <span class='ocrx_word' id='word_1_561' title='bbox 3281 1947 3310 1985; x_wconf 80' lang='grc' dir='ltr'><em>ο</em></span> <span class='ocrx_word' id='word_1_562' title='bbox 3342 1931 3529 2002; x_wconf 87' lang='lat' dir='ltr'>primo</span> <span class='ocrx_word' id='word_1_563' title='bbox 3562 1930 3850 2003; x_wconf 54' lang='lat' dir='ltr'>praedicabi-</span> 
     </span>
    </p>
   </div>
   <div class='ocr_carea' id='block_1_66' title="bbox 2258 2019 3851 2089">
    <p class='ocr_par' dir='ltr' id='par_1_66' title="bbox 2258 2019 3851 2089">
     <span class='ocr_line' id='line_1_66' title="bbox 2258 2019 3851 2089; baseline 0 -18"><span class='ocrx_word' id='word_1_564' title='bbox 2258 2021 2375 2085; x_wconf 90' lang='lat' dir='ltr'>tur,</span> <span class='ocrx_word' id='word_1_565' title='bbox 2411 2035 2442 2074; x_wconf 89' lang='lat' dir='ltr'>c</span> <span class='ocrx_word' id='word_1_566' title='bbox 2467 2019 2754 2074; x_wconf 84' lang='lat' dir='ltr'>terminus</span> <span class='ocrx_word' id='word_1_567' title='bbox 2787 2021 2975 2089; x_wconf 87' lang='lat' dir='ltr'>major</span> <span class='ocrx_word' id='word_1_568' title='bbox 2993 2019 3650 2075; x_wconf 83' lang='lat' dir='ltr'>extremitasinvenitur.</span> <span class='ocrx_word' id='word_1_569' title='bbox 3679 2019 3851 2074; x_wconf 81' lang='lat' dir='ltr'>Idcirco</span> 
     </span>
    </p>
   </div>
   <div class='ocr_carea' id='block_1_67' title="bbox 2260 2106 3851 2180">
    <p class='ocr_par' dir='ltr' id='par_1_67' title="bbox 2260 2106 3851 2180">
     <span class='ocr_line' id='line_1_67' title="bbox 2260 2106 3851 2180; baseline -0.001 -19"><span class='ocrx_word' id='word_1_570' title='bbox 2260 2108 2413 2175; x_wconf 90' lang='lat' dir='ltr'>quod</span> <span class='ocrx_word' id='word_1_571' title='bbox 2446 2125 2514 2162; x_wconf 89' lang='lat' dir='ltr'>ea</span> <span class='ocrx_word' id='word_1_572' title='bbox 2542 2108 2881 2163; x_wconf 86' lang='lat' dir='ltr'>extremitas</span> <span class='ocrx_word' id='word_1_573' title='bbox 2897 2110 2967 2163; x_wconf 87' lang='lat' dir='ltr'>de</span> <span class='ocrx_word' id='word_1_574' title='bbox 2999 2126 3113 2180; x_wconf 87' lang='lat' dir='ltr'>qua</span> <span class='ocrx_word' id='word_1_575' title='bbox 3144 2109 3376 2163; x_wconf 88' lang='lat' dir='ltr'>medius</span> <span class='ocrx_word' id='word_1_576' title='bbox 3402 2108 3678 2164; x_wconf 87' lang='lat' dir='ltr'>terminus</span> <span class='ocrx_word' id='word_1_577' title='bbox 3706 2106 3851 2178; x_wconf 89' lang='lat' dir='ltr'>primo</span> 
     </span>
    </p>
   </div>
   <div class='ocr_carea' id='block_1_68' title="bbox 2261 2195 3853 2268">
    <p class='ocr_par' dir='ltr' id='par_1_68' title="bbox 2261 2195 3853 2268">
     <span class='ocr_line' id='line_1_68' title="bbox 2261 2195 3853 2268; baseline -0.002 -17"><span class='ocrx_word' id='word_1_578' title='bbox 2261 2196 2627 2267; x_wconf 68' lang='lat' dir='ltr'>praedicatur,</span> <span class='ocrx_word' id='word_1_579' title='bbox 2664 2200 2721 2251; x_wconf 85' lang='lat' dir='ltr'>in</span> <span class='ocrx_word' id='word_1_580' title='bbox 2753 2197 3128 2253; x_wconf 87' lang='lat' dir='ltr'>conclusione</span> <span class='ocrx_word' id='word_1_581' title='bbox 3158 2199 3285 2268; x_wconf 88' lang='lat' dir='ltr'>ipsa</span> <span class='ocrx_word' id='word_1_582' title='bbox 3305 2214 3543 2268; x_wconf 90' lang='lat' dir='ltr'>quoque</span> <span class='ocrx_word' id='word_1_583' title='bbox 3565 2195 3853 2268; x_wconf 65' lang='lat' dir='ltr'>praedicabi-</span> 
     </span>
    </p>
   </div>
   <div class='ocr_carea' id='block_1_69' title="bbox 2259 2288 3851 2359">
    <p class='ocr_par' dir='ltr' id='par_1_69' title="bbox 2259 2288 3851 2359">
     <span class='ocr_line' id='line_1_69' title="bbox 2259 2288 3851 2359; baseline -0.001 -18"><span class='ocrx_word' id='word_1_584' title='bbox 2259 2291 2376 2357; x_wconf 88' lang='lat' dir='ltr'>tur,</span> <span class='ocrx_word' id='word_1_585' title='bbox 2412 2293 2474 2342; x_wconf 89' lang='lat' dir='ltr'>ut</span> <span class='ocrx_word' id='word_1_586' title='bbox 2506 2289 2795 2359; x_wconf 87' lang='lat' dir='ltr'>posterius</span> <span class='ocrx_word' id='word_1_587' title='bbox 2826 2289 3355 2344; x_wconf 87' lang='lat' dir='ltr'>demonstrandum</span> <span class='ocrx_word' id='word_1_588' title='bbox 3391 2294 3500 2343; x_wconf 87' lang='lat' dir='ltr'>est.</span> <span class='ocrx_word' id='word_1_589' title='bbox 3558 2288 3728 2342; x_wconf 87' lang='lat' dir='ltr'>Minor</span> <span class='ocrx_word' id='word_1_590' title='bbox 3751 2299 3851 2341; x_wconf 87' lang='lat' dir='ltr'>vero</span> 
     </span>
    </p>
   </div>
   <div class='ocr_carea' id='block_1_70' title="bbox 2263 2375 3853 2449">
    <p class='ocr_par' dir='ltr' id='par_1_70' title="bbox 2263 2375 3853 2449">
     <span class='ocr_line' id='line_1_70' title="bbox 2263 2375 3853 2449; baseline -0.003 -17"><span class='ocrx_word' id='word_1_591' title='bbox 2263 2378 2596 2432; x_wconf 85' lang='lat' dir='ltr'>extremitas</span> <span class='ocrx_word' id='word_1_592' title='bbox 2627 2378 2839 2442; x_wconf 90' lang='lat' dir='ltr'>erit,ad</span> <span class='ocrx_word' id='word_1_593' title='bbox 2865 2382 3013 2447; x_wconf 82' lang='lat' dir='ltr'>quod</span> <span class='ocrx_word' id='word_1_594' title='bbox 3041 2377 3273 2432; x_wconf 90' lang='lat' dir='ltr'>modius</span> <span class='ocrx_word' id='word_1_595' title='bbox 3298 2379 3590 2432; x_wconf 87' lang='lat' dir='ltr'>terminus</span> <span class='ocrx_word' id='word_1_596' title='bbox 3614 2375 3853 2449; x_wconf 85' lang='lat' dir='ltr'>posterius</span> 
     </span>
    </p>
   </div>
   <div class='ocr_carea' id='block_1_71' title="bbox 2264 2460 3853 2537">
    <p class='ocr_par' dir='ltr' id='par_1_71' title="bbox 2264 2460 3853 2537">
     <span class='ocr_line' id='line_1_71' title="bbox 2264 2460 3853 2537; baseline -0.003 -18"><span class='ocrx_word' id='word_1_597' title='bbox 2264 2466 2694 2537; x_wconf 82' lang='lat' dir='ltr'>praedicabitur.</span> <span class='ocrx_word' id='word_1_598' title='bbox 2731 2466 2925 2520; x_wconf 89' lang='lat' dir='ltr'>Tertia</span> <span class='ocrx_word' id='word_1_599' title='bbox 2946 2483 3077 2520; x_wconf 90' lang='lat' dir='ltr'>vero</span> <span class='ocrx_word' id='word_1_600' title='bbox 3111 2466 3294 2536; x_wconf 86' lang='lat' dir='ltr'>ﬁgura</span> <span class='ocrx_word' id='word_1_601' title='bbox 3324 2472 3439 2533; x_wconf 89' lang='lat' dir='ltr'>est,</span> <span class='ocrx_word' id='word_1_602' title='bbox 3474 2465 3695 2537; x_wconf 89' lang='lat' dir='ltr'>quoties</span> <span class='ocrx_word' id='word_1_603' title='bbox 3722 2480 3748 2517; x_wconf 91' lang='lat' dir='ltr'>a</span> <span class='ocrx_word' id='word_1_604' title='bbox 3773 2460 3853 2517; x_wconf 86' lang='lat' dir='ltr'>etb</span> 
     </span>
    </p>
   </div>
   <div class='ocr_carea' id='block_1_72' title="bbox 2263 2549 3855 2627">
    <p class='ocr_par' dir='ltr' id='par_1_72' title="bbox 2263 2549 3855 2627">
     <span class='ocr_line' id='line_1_72' title="bbox 2263 2549 3855 2627; baseline -0.004 -17"><span class='ocrx_word' id='word_1_605' title='bbox 2263 2555 2499 2610; x_wconf 89' lang='lat' dir='ltr'>termini</span> <span class='ocrx_word' id='word_1_606' title='bbox 2533 2556 2604 2609; x_wconf 90' lang='lat' dir='ltr'>de</span> <span class='ocrx_word' id='word_1_607' title='bbox 2634 2571 2794 2609; x_wconf 86' lang='lat' dir='ltr'>unoc</span> <span class='ocrx_word' id='word_1_608' title='bbox 2824 2556 3229 2624; x_wconf 67' lang='lat' dir='ltr'>praedicantur.</span> <span class='ocrx_word' id='word_1_609' title='bbox 3265 2554 3322 2610; x_wconf 91' lang='lat' dir='ltr'>Si</span> <span class='ocrx_word' id='word_1_610' title='bbox 3355 2555 3494 2627; x_wconf 89' lang='lat' dir='ltr'>quis</span> <span class='ocrx_word' id='word_1_611' title='bbox 3519 2556 3666 2610; x_wconf 91' lang='lat' dir='ltr'>enim</span> <span class='ocrx_word' id='word_1_612' title='bbox 3692 2549 3855 2624; x_wconf 73' lang='lat' dir='ltr'>praedi-</span> 
     </span>
    </p>
   </div>
   <div class='ocr_carea' id='block_1_73' title="bbox 2266 2641 3860 2714">
    <p class='ocr_par' dir='ltr' id='par_1_73' title="bbox 2266 2641 3860 2714">
     <span class='ocr_line' id='line_1_73' title="bbox 2266 2641 3860 2714; baseline -0.004 -14"><span class='ocrx_word' id='word_1_613' title='bbox 2266 2652 2355 2700; x_wconf 90' lang='lat' dir='ltr'>cet</span> <span class='ocrx_word' id='word_1_614' title='bbox 2384 2663 2438 2711; x_wconf 85' lang='grc' dir='ltr'>(ι,</span> <span class='ocrx_word' id='word_1_615' title='bbox 2474 2646 2527 2699; x_wconf 93' lang='lat' dir='ltr'>id</span> <span class='ocrx_word' id='word_1_616' title='bbox 2562 2651 2649 2700; x_wconf 87' lang='lat' dir='ltr'>est</span> <span class='ocrx_word' id='word_1_617' title='bbox 2680 2646 2920 2712; x_wconf 91' lang='lat' dir='ltr'>bonum,</span> <span class='ocrx_word' id='word_1_618' title='bbox 2955 2648 3025 2700; x_wconf 91' lang='lat' dir='ltr'>de</span> <span class='ocrx_word' id='word_1_619' title='bbox 3050 2662 3097 2714; x_wconf 88' lang='lat' dir='ltr'>c,</span> <span class='ocrx_word' id='word_1_620' title='bbox 3130 2644 3188 2699; x_wconf 91' lang='lat' dir='ltr'>id</span> <span class='ocrx_word' id='word_1_621' title='bbox 3222 2652 3310 2700; x_wconf 88' lang='lat' dir='ltr'>est</span> <span class='ocrx_word' id='word_1_622' title='bbox 3340 2647 3579 2714; x_wconf 88' lang='lat' dir='ltr'>virtute,</span> <span class='ocrx_word' id='word_1_623' title='bbox 3612 2641 3860 2698; x_wconf 88' lang='lat' dir='ltr'>utsithu-</span> 
     </span>
    </p>
   </div>
   <div class='ocr_carea' id='block_1_74' title="bbox 2257 2726 3862 2805">
    <p class='ocr_par' dir='ltr' id='par_1_74' title="bbox 2257 2726 3862 2805">
     <span class='ocr_line' id='line_1_74' title="bbox 2257 2726 3862 2805; baseline -0.004 -16"><span class='ocrx_word' id='word_1_624' title='bbox 2257 2734 2517 2805; x_wconf 89' lang='lat' dir='ltr'>jusmodi</span> <span class='ocrx_word' id='word_1_625' title='bbox 2546 2734 2885 2805; x_wconf 89' lang='lat' dir='ltr'>propositio,</span> <span class='ocrx_word' id='word_1_626' title='bbox 2912 2735 3103 2789; x_wconf 90' lang='lat' dir='ltr'>omnis</span> <span class='ocrx_word' id='word_1_627' title='bbox 3125 2735 3309 2789; x_wconf 89' lang='lat' dir='ltr'>virtus</span> <span class='ocrx_word' id='word_1_628' title='bbox 3342 2734 3566 2789; x_wconf 89' lang='lat' dir='ltr'>bonum</span> <span class='ocrx_word' id='word_1_629' title='bbox 3599 2732 3815 2799; x_wconf 82' lang='lat' dir='ltr'>est;item</span> <span class='ocrx_word' id='word_1_630' title='bbox 3842 2726 3862 2782; x_wconf 85' lang='lat' dir='ltr'><strong><em>b</em></strong></span> 
     </span>
    </p>
   </div>
   <div class='ocr_carea' id='block_1_75' title="bbox 2269 2823 3863 2894">
    <p class='ocr_par' dir='ltr' id='par_1_75' title="bbox 2269 2823 3863 2894">
     <span class='ocr_line' id='line_1_75' title="bbox 2269 2823 3863 2894; baseline -0.004 -17"><span class='ocrx_word' id='word_1_631' title='bbox 2269 2824 2608 2893; x_wconf 66' lang='lat' dir='ltr'>prmdicetur</span> <span class='ocrx_word' id='word_1_632' title='bbox 2637 2824 2708 2878; x_wconf 89' lang='lat' dir='ltr'>de</span> <span class='ocrx_word' id='word_1_633' title='bbox 2729 2840 2778 2891; x_wconf 79' lang='grc' dir='ltr'>ε,</span> <span class='ocrx_word' id='word_1_634' title='bbox 2802 2834 2863 2877; x_wconf 89' lang='lat' dir='ltr'>ut</span> <span class='ocrx_word' id='word_1_635' title='bbox 2883 2823 2981 2886; x_wconf 90' lang='lat' dir='ltr'>sit,</span> <span class='ocrx_word' id='word_1_636' title='bbox 3006 2823 3199 2878; x_wconf 88' lang='lat' dir='ltr'>omnis</span> <span class='ocrx_word' id='word_1_637' title='bbox 3220 2824 3656 2894; x_wconf 90' lang='lat' dir='ltr'>virtusjustum</span> <span class='ocrx_word' id='word_1_638' title='bbox 3678 2825 3863 2885; x_wconf 84' lang='lat' dir='ltr'>est,ter-</span> 
     </span>
    </p>
   </div>
   <div class='ocr_carea' id='block_1_76' title="bbox 2265 2904 3867 2982">
    <p class='ocr_par' dir='ltr' id='par_1_76' title="bbox 2265 2904 3867 2982">
     <span class='ocr_line' id='line_1_76' title="bbox 2265 2904 3867 2982; baseline -0.004 -17"><span class='ocrx_word' id='word_1_639' title='bbox 2265 2911 2405 2965; x_wconf 87' lang='lat' dir='ltr'>tiam</span> <span class='ocrx_word' id='word_1_640' title='bbox 2445 2912 2690 2982; x_wconf 75' lang='lat' dir='ltr'>figuram</span> <span class='ocrx_word' id='word_1_641' title='bbox 2717 2912 2875 2965; x_wconf 80' lang='lat' dir='ltr'>facit.</span> <span class='ocrx_word' id='word_1_642' title='bbox 2899 2911 2962 2965; x_wconf 89' lang='lat' dir='ltr'>In</span> <span class='ocrx_word' id='word_1_643' title='bbox 2983 2911 3090 2965; x_wconf 90' lang='lat' dir='ltr'>hac</span> <span class='ocrx_word' id='word_1_644' title='bbox 3109 2926 3240 2965; x_wconf 85' lang='lat' dir='ltr'>vero</span> <span class='ocrx_word' id='word_1_645' title='bbox 3258 2911 3449 2981; x_wconf 88' lang='lat' dir='ltr'>ﬁgura</span> <span class='ocrx_word' id='word_1_646' title='bbox 3473 2910 3692 2966; x_wconf 90' lang='lat' dir='ltr'>medius</span> <span class='ocrx_word' id='word_1_647' title='bbox 3711 2904 3867 2961; x_wconf 88' lang='lat' dir='ltr'>termi-</span> 
     </span>
    </p>
   </div>
   <div class='ocr_carea' id='block_1_77' title="bbox 2269 2996 3865 3071">
    <p class='ocr_par' dir='ltr' id='par_1_77' title="bbox 2269 2996 3865 3071">
     <span class='ocr_line' id='line_1_77' title="bbox 2269 2996 3865 3071; baseline -0.007 -16"><span class='ocrx_word' id='word_1_648' title='bbox 2269 3018 2379 3055; x_wconf 87' lang='lat' dir='ltr'>nus</span> <span class='ocrx_word' id='word_1_649' title='bbox 2402 3002 2512 3055; x_wconf 91' lang='lat' dir='ltr'>erit</span> <span class='ocrx_word' id='word_1_650' title='bbox 2533 3000 2631 3071; x_wconf 91' lang='lat' dir='ltr'>qui</span> <span class='ocrx_word' id='word_1_651' title='bbox 2659 3000 2920 3070; x_wconf 90' lang='lat' dir='ltr'>utrisque</span> <span class='ocrx_word' id='word_1_652' title='bbox 2942 2999 3240 3068; x_wconf 86' lang='lat' dir='ltr'>subjectus</span> <span class='ocrx_word' id='word_1_653' title='bbox 3258 3003 3369 3064; x_wconf 83' lang='lat' dir='ltr'>est,</span> <span class='ocrx_word' id='word_1_654' title='bbox 3395 2999 3453 3053; x_wconf 91' lang='lat' dir='ltr'>id</span> <span class='ocrx_word' id='word_1_655' title='bbox 3478 3004 3567 3054; x_wconf 89' lang='lat' dir='ltr'>est</span> <span class='ocrx_word' id='word_1_656' title='bbox 3590 3014 3635 3052; x_wconf 78' lang='grc' dir='ltr'>ε.</span> <span class='ocrx_word' id='word_1_657' title='bbox 3657 2996 3865 3062; x_wconf 84' lang='lat' dir='ltr'>Namque</span> 
     </span>
    </p>
   </div>
   <div class='ocr_carea' id='block_1_78' title="bbox 2270 3086 3865 3157">
    <p class='ocr_par' dir='ltr' id='par_1_78' title="bbox 2270 3086 3865 3157">
     <span class='ocr_line' id='line_1_78' title="bbox 2270 3086 3865 3157; baseline -0.006 -14"><span class='ocrx_word' id='word_1_658' title='bbox 2270 3090 2339 3144; x_wconf 90' lang='lat' dir='ltr'>de</span> <span class='ocrx_word' id='word_1_659' title='bbox 2368 3106 2397 3143; x_wconf 81' lang='grc' dir='ltr'><em>ο</em></span> <span class='ocrx_word' id='word_1_660' title='bbox 2426 3089 2673 3144; x_wconf 88' lang='lat' dir='ltr'>termino</span> <span class='ocrx_word' id='word_1_661' title='bbox 2698 3106 2730 3143; x_wconf 83' lang='grc' dir='ltr'><em>α</em></span> <span class='ocrx_word' id='word_1_662' title='bbox 2751 3095 2806 3143; x_wconf 89' lang='lat' dir='ltr'>et</span> <span class='ocrx_word' id='word_1_663' title='bbox 2827 3089 2854 3143; x_wconf 87' lang='lat' dir='ltr'>b</span> <span class='ocrx_word' id='word_1_664' title='bbox 2875 3087 3109 3142; x_wconf 89' lang='lat' dir='ltr'>termini</span> <span class='ocrx_word' id='word_1_665' title='bbox 3140 3088 3559 3157; x_wconf 70' lang='lat' dir='ltr'>praedicantur.</span> <span class='ocrx_word' id='word_1_666' title='bbox 3581 3086 3865 3156; x_wconf 85' lang='lat' dir='ltr'>Majorvero</span> 
     </span>
    </p>
   </div>
   <div class='ocr_carea' id='block_1_79' title="bbox 2268 3168 3867 3248">
    <p class='ocr_par' dir='ltr' id='par_1_79' title="bbox 2268 3168 3867 3248">
     <span class='ocr_line' id='line_1_79' title="bbox 2268 3168 3867 3248; baseline -0.006 -14"><span class='ocrx_word' id='word_1_667' title='bbox 2268 3178 2605 3234; x_wconf 83' lang='lat' dir='ltr'>extremitas</span> <span class='ocrx_word' id='word_1_668' title='bbox 2632 3186 2716 3233; x_wconf 90' lang='lat' dir='ltr'>est</span> <span class='ocrx_word' id='word_1_669' title='bbox 2748 3194 2874 3248; x_wconf 66' lang='lat' dir='ltr'>quae</span> <span class='ocrx_word' id='word_1_670' title='bbox 2909 3177 3093 3247; x_wconf 91' lang='lat' dir='ltr'>primo</span> <span class='ocrx_word' id='word_1_671' title='bbox 3118 3176 3495 3248; x_wconf 72' lang='lat' dir='ltr'>praedicatur,</span> <span class='ocrx_word' id='word_1_672' title='bbox 3527 3176 3585 3231; x_wconf 92' lang='lat' dir='ltr'>id</span> <span class='ocrx_word' id='word_1_673' title='bbox 3617 3180 3701 3230; x_wconf 89' lang='lat' dir='ltr'>est</span> <span class='ocrx_word' id='word_1_674' title='bbox 3720 3190 3765 3238; x_wconf 86' lang='lat' dir='ltr'>a;</span> <span class='ocrx_word' id='word_1_675' title='bbox 3788 3168 3867 3224; x_wconf 88' lang='lat' dir='ltr'>mi-</span> 
     </span>
    </p>
   </div>
   <div class='ocr_carea' id='block_1_80' title="bbox 2268 3256 3871 3338">
    <p class='ocr_par' dir='ltr' id='par_1_80' title="bbox 2268 3256 3871 3338">
     <span class='ocr_line' id='line_1_80' title="bbox 2268 3256 3871 3338; baseline -0.007 -17"><span class='ocrx_word' id='word_1_676' title='bbox 2268 3284 2375 3321; x_wconf 93' lang='lat' dir='ltr'>nor</span> <span class='ocrx_word' id='word_1_677' title='bbox 2406 3283 2536 3322; x_wconf 88' lang='lat' dir='ltr'>vero</span> <span class='ocrx_word' id='word_1_678' title='bbox 2567 3284 2693 3338; x_wconf 77' lang='lat' dir='ltr'>quae</span> <span class='ocrx_word' id='word_1_679' title='bbox 2728 3270 2950 3337; x_wconf 90' lang='lat' dir='ltr'>postea,</span> <span class='ocrx_word' id='word_1_680' title='bbox 2984 3266 3039 3319; x_wconf 91' lang='lat' dir='ltr'>id</span> <span class='ocrx_word' id='word_1_681' title='bbox 3074 3272 3159 3319; x_wconf 89' lang='lat' dir='ltr'>est</span> <span class='ocrx_word' id='word_1_682' title='bbox 3192 3264 3240 3332; x_wconf 81' lang='lat' dir='ltr'>b;</span> <span class='ocrx_word' id='word_1_683' title='bbox 3278 3264 3363 3319; x_wconf 87' lang='lat' dir='ltr'>vel</span> <span class='ocrx_word' id='word_1_684' title='bbox 3397 3266 3447 3319; x_wconf 88' lang='lat' dir='ltr'>si</span> <span class='ocrx_word' id='word_1_685' title='bbox 3481 3281 3653 3336; x_wconf 89' lang='lat' dir='ltr'>quem</span> <span class='ocrx_word' id='word_1_686' title='bbox 3684 3256 3871 3316; x_wconf 89' lang='lat' dir='ltr'>libuerit</span> 
     </span>
    </p>
   </div>
   <div class='ocr_carea' id='block_1_81' title="bbox 2270 3351 3865 3427">
    <p class='ocr_par' dir='ltr' id='par_1_81' title="bbox 2270 3351 3865 3427">
     <span class='ocr_line' id='line_1_81' title="bbox 2270 3351 3865 3427; baseline -0.007 -16"><span class='ocrx_word' id='word_1_687' title='bbox 2270 3357 2298 3411; x_wconf 89' lang='lat' dir='ltr'>b</span> <span class='ocrx_word' id='word_1_688' title='bbox 2332 3357 2514 3427; x_wconf 84' lang='lat' dir='ltr'>prius,</span> <span class='ocrx_word' id='word_1_689' title='bbox 2548 3373 2580 3409; x_wconf 90' lang='lat' dir='ltr'>a</span> <span class='ocrx_word' id='word_1_690' title='bbox 2613 3357 2901 3427; x_wconf 89' lang='lat' dir='ltr'>posterius</span> <span class='ocrx_word' id='word_1_691' title='bbox 2936 3353 3249 3424; x_wconf 72' lang='lat' dir='ltr'>przedicare</span> <span class='ocrx_word' id='word_1_692' title='bbox 3280 3355 3609 3409; x_wconf 88' lang='lat' dir='ltr'>secundum</span> <span class='ocrx_word' id='word_1_693' title='bbox 3662 3351 3865 3423; x_wconf 87' lang='lat' dir='ltr'>priorem</span> 
     </span>
    </p>
   </div>
   <div class='ocr_carea' id='block_1_82' title="bbox 2270 3441 3967 3515">
    <p class='ocr_par' dir='ltr' id='par_1_82' title="bbox 2270 3441 3967 3515">
     <span class='ocr_line' id='line_1_82' title="bbox 2270 3441 3967 3515; baseline -0.006 -16"><span class='ocrx_word' id='word_1_694' title='bbox 2270 3445 2767 3515; x_wconf 86' lang='lat' dir='ltr'>posterioremque</span> <span class='ocrx_word' id='word_1_695' title='bbox 2801 3443 3293 3515; x_wconf 75' lang='lat' dir='ltr'>przedicationem,</span> <span class='ocrx_word' id='word_1_696' title='bbox 3329 3443 3521 3513; x_wconf 89' lang='lat' dir='ltr'>major</span> <span class='ocrx_word' id='word_1_697' title='bbox 3542 3441 3781 3496; x_wconf 90' lang='lat' dir='ltr'>minorve</span> <span class='ocrx_word' id='word_1_698' title='bbox 3798 3449 3868 3490; x_wconf 71' lang='grc' dir='ltr'>ει·</span> <span class='ocrx_word' id='word_1_699' title='bbox 3966 3441 3967 3515; x_wconf 72' lang='lat' dir='ltr'>l</span> 
     </span>
    </p>
   </div>
   <div class='ocr_carea' id='block_1_83' title="bbox 2271 3526 3967 3602">
    <p class='ocr_par' dir='ltr' id='par_1_83' title="bbox 2271 3526 3967 3602">
     <span class='ocr_line' id='line_1_83' title="bbox 2271 3526 3967 3602; baseline -0.008 -13"><span class='ocrx_word' id='word_1_700' title='bbox 2271 3536 2534 3589; x_wconf 90' lang='lat' dir='ltr'>tremitas</span> <span class='ocrx_word' id='word_1_701' title='bbox 2566 3533 2909 3597; x_wconf 86' lang='lat' dir='ltr'>invenietur,</span> <span class='ocrx_word' id='word_1_702' title='bbox 2926 3537 2983 3587; x_wconf 88' lang='lat' dir='ltr'>et</span> <span class='ocrx_word' id='word_1_703' title='bbox 3008 3531 3099 3588; x_wconf 89' lang='lat' dir='ltr'>hic</span> <span class='ocrx_word' id='word_1_704' title='bbox 3122 3547 3351 3602; x_wconf 91' lang='lat' dir='ltr'>quoque</span> <span class='ocrx_word' id='word_1_705' title='bbox 3376 3534 3566 3601; x_wconf 88' lang='lat' dir='ltr'>major</span> <span class='ocrx_word' id='word_1_706' title='bbox 3586 3528 3872 3585; x_wconf 79' lang='lat' dir='ltr'>extremitas</span> 
     </span>
    </p>
   </div>
   <div class='ocr_carea' id='block_1_84' title="bbox 2270 3594 3967 3692">
    <p class='ocr_par' dir='ltr' id='par_1_84' title="bbox 2270 3612 3967 3692">
     <span class='ocr_line' id='line_1_84' title="bbox 2270 3612 3967 3692; baseline -0.008 -14"><span class='ocrx_word' id='word_1_707' title='bbox 2270 3625 2327 3678; x_wconf 89' lang='lat' dir='ltr'>in</span> <span class='ocrx_word' id='word_1_708' title='bbox 2359 3623 2825 3687; x_wconf 87' lang='lat' dir='ltr'>conlusionibus,</span> <span class='ocrx_word' id='word_1_709' title='bbox 2846 3622 3073 3676; x_wconf 85' lang='lat' dir='ltr'>sicutin</span> <span class='ocrx_word' id='word_1_710' title='bbox 3091 3620 3501 3692; x_wconf 88' lang='lat' dir='ltr'>superioribus</span> <span class='ocrx_word' id='word_1_711' title='bbox 3534 3620 3659 3674; x_wconf 85' lang='lat' dir='ltr'>aliis</span> <span class='ocrx_word' id='word_1_712' title='bbox 3689 3612 3869 3687; x_wconf 79' lang='lat' dir='ltr'>ﬁguris,</span> <span class='ocrx_word' id='word_1_713' title='bbox 3966 3646 3967 3692; x_wconf 10' lang='grc' dir='ltr'><em>ἐ</em></span> 
     </span>
    </p>
   </div>
   <div class='ocr_carea' id='block_1_85' title="bbox 2271 3702 3876 3782">
    <p class='ocr_par' dir='ltr' id='par_1_85' title="bbox 2271 3702 3876 3782">
     <span class='ocr_line' id='line_1_85' title="bbox 2271 3702 3876 3782; baseline -0.008 -15"><span class='ocrx_word' id='word_1_714' title='bbox 2271 3715 2339 3768; x_wconf 89' lang='lat' dir='ltr'>de</span> <span class='ocrx_word' id='word_1_715' title='bbox 2371 3714 2562 3766; x_wconf 89' lang='lat' dir='ltr'>minor</span> <span class='ocrx_word' id='word_1_716' title='bbox 2595 3712 2961 3782; x_wconf 59' lang='lat' dir='ltr'>pradicatur.</span> <span class='ocrx_word' id='word_1_717' title='bbox 2996 3709 3292 3780; x_wconf 82' lang='lat' dir='ltr'>Expeditis</span> <span class='ocrx_word' id='word_1_718' title='bbox 3324 3710 3509 3780; x_wconf 86' lang='lat' dir='ltr'>igitur</span> <span class='ocrx_word' id='word_1_719' title='bbox 3541 3709 3718 3762; x_wconf 88' lang='lat' dir='ltr'>tribus</span> <span class='ocrx_word' id='word_1_720' title='bbox 3736 3702 3876 3775; x_wconf 79' lang='lat' dir='ltr'>syllo-</span> 
     </span>
    </p>
   </div>
   <div class='ocr_carea' id='block_1_86' title="bbox 2272 3787 3967 3872">
    <p class='ocr_par' dir='ltr' id='par_1_86' title="bbox 2272 3787 3967 3872">
     <span class='ocr_line' id='line_1_86' title="bbox 2272 3787 3967 3872; baseline -0.005 -18"><span class='ocrx_word' id='word_1_721' title='bbox 2272 3802 2597 3872; x_wconf 85' lang='lat' dir='ltr'>gismorum</span> <span class='ocrx_word' id='word_1_722' title='bbox 2635 3801 2859 3872; x_wconf 84' lang='lat' dir='ltr'>tiguris,</span> <span class='ocrx_word' id='word_1_723' title='bbox 2893 3800 3203 3854; x_wconf 88' lang='lat' dir='ltr'>dicendum</span> <span class='ocrx_word' id='word_1_724' title='bbox 3235 3800 3477 3869; x_wconf 88' lang='lat' dir='ltr'>estquia</span> <span class='ocrx_word' id='word_1_725' title='bbox 3494 3798 3768 3869; x_wconf 77' lang='lat' dir='ltr'>perfectus</span> <span class='ocrx_word' id='word_1_726' title='bbox 3784 3787 3873 3860; x_wconf 80' lang='lat' dir='ltr'>syl-</span> <span class='ocrx_word' id='word_1_727' title='bbox 3966 3794 3967 3863; x_wconf 70' lang='lat' dir='ltr'>l</span> 
     </span>
    </p>
   </div>
   <div class='ocr_carea' id='block_1_87' title="bbox 2271 3884 3967 3961">
    <p class='ocr_par' dir='ltr' id='par_1_87' title="bbox 2271 3884 3967 3961">
     <span class='ocr_line' id='line_1_87' title="bbox 2271 3884 3967 3961; baseline -0.009 -16"><span class='ocrx_word' id='word_1_728' title='bbox 2271 3890 2560 3961; x_wconf 81' lang='lat' dir='ltr'>lcigismus</span> <span class='ocrx_word' id='word_1_729' title='bbox 2605 3898 2695 3945; x_wconf 88' lang='lat' dir='ltr'>est</span> <span class='ocrx_word' id='word_1_730' title='bbox 2741 3890 2834 3944; x_wconf 92' lang='lat' dir='ltr'>cui</span> <span class='ocrx_word' id='word_1_731' title='bbox 2874 3891 2946 3943; x_wconf 90' lang='lat' dir='ltr'>ad</span> <span class='ocrx_word' id='word_1_732' title='bbox 2980 3890 3264 3958; x_wconf 82' lang='lat' dir='ltr'>integram</span> <span class='ocrx_word' id='word_1_733' title='bbox 3306 3888 3733 3958; x_wconf 88' lang='lat' dir='ltr'>probatamque</span> <span class='ocrx_word' id='word_1_734' title='bbox 3770 3894 3877 3935; x_wconf 90' lang='lat' dir='ltr'>con-</span> 
     </span>
    </p>
   </div>
   <div class='ocr_carea' id='block_1_88' title="bbox 2271 3963 3967 4051">
    <p class='ocr_par' dir='ltr' id='par_1_88' title="bbox 2271 3963 3967 4051">
     <span class='ocr_line' id='line_1_88' title="bbox 2271 3963 3967 4051; baseline -0.011 -16"><span class='ocrx_word' id='word_1_735' title='bbox 2271 3982 2593 4035; x_wconf 88' lang='lat' dir='ltr'>clusionem</span> <span class='ocrx_word' id='word_1_736' title='bbox 2644 3997 2709 4035; x_wconf 86' lang='lat' dir='ltr'>ex</span> <span class='ocrx_word' id='word_1_737' title='bbox 2751 3979 3023 4051; x_wconf 91' lang='lat' dir='ltr'>superius</span> <span class='ocrx_word' id='word_1_738' title='bbox 3062 3978 3317 4049; x_wconf 86' lang='lat' dir='ltr'>sumptis</span> <span class='ocrx_word' id='word_1_739' title='bbox 3352 3985 3413 4032; x_wconf 86' lang='lat' dir='ltr'>et</span> <span class='ocrx_word' id='word_1_740' title='bbox 3438 3973 3744 4049; x_wconf 86' lang='lat' dir='ltr'>propositis</span> <span class='ocrx_word' id='word_1_741' title='bbox 3762 3963 3877 4025; x_wconf 88' lang='lat' dir='ltr'>nihil</span> <span class='ocrx_word' id='word_1_742' title='bbox 3966 3986 3967 3991; x_wconf 50' lang='grc' dir='ltr'><strong>η</strong></span> 
     </span>
    </p>
   </div>
   <div class='ocr_carea' id='block_1_89' title="bbox 2271 4052 3880 4138">
    <p class='ocr_par' dir='ltr' id='par_1_89' title="bbox 2271 4052 3880 4138">
     <span class='ocr_line' id='line_1_89' title="bbox 2271 4052 3880 4138; baseline -0.011 -14"><span class='ocrx_word' id='word_1_743' title='bbox 2271 4071 2453 4126; x_wconf 87' lang='lat' dir='ltr'>deest.</span> <span class='ocrx_word' id='word_1_744' title='bbox 2486 4070 2596 4124; x_wconf 88' lang='lat' dir='ltr'>Sed</span> <span class='ocrx_word' id='word_1_745' title='bbox 2634 4070 2803 4123; x_wconf 91' lang='lat' dir='ltr'>modo</span> <span class='ocrx_word' id='word_1_746' title='bbox 2831 4075 3005 4138; x_wconf 87' lang='lat' dir='ltr'>atque</span> <span class='ocrx_word' id='word_1_747' title='bbox 3030 4069 3232 4121; x_wconf 91' lang='lat' dir='ltr'>ordine</span> <span class='ocrx_word' id='word_1_748' title='bbox 3272 4068 3425 4121; x_wconf 79' lang='lat' dir='ltr'>facta</span> <span class='ocrx_word' id='word_1_749' title='bbox 3456 4062 3744 4122; x_wconf 89' lang='lat' dir='ltr'>conclusio</span> <span class='ocrx_word' id='word_1_750' title='bbox 3768 4052 3880 4114; x_wconf 83' lang='lat' dir='ltr'>nihil</span> 
     </span>
    </p>
   </div>
   <div class='ocr_carea' id='block_1_90' title="bbox 2274 4155 3879 4232">
    <p class='ocr_par' dir='ltr' id='par_1_90' title="bbox 2274 4155 3879 4232">
     <span class='ocr_line' id='line_1_90' title="bbox 2274 4155 3879 4232; baseline -0.009 -19"><span class='ocrx_word' id='word_1_751' title='bbox 2274 4161 2591 4228; x_wconf 81' lang='lat' dir='ltr'>dehabens,</span> <span class='ocrx_word' id='word_1_752' title='bbox 2624 4178 2724 4232; x_wconf 87' lang='lat' dir='ltr'>per</span> <span class='ocrx_word' id='word_1_753' title='bbox 2753 4178 2820 4215; x_wconf 93' lang='lat' dir='ltr'>ea</span> <span class='ocrx_word' id='word_1_754' title='bbox 2852 4178 2977 4231; x_wconf 75' lang='lat' dir='ltr'>quae</span> <span class='ocrx_word' id='word_1_755' title='bbox 3012 4164 3181 4213; x_wconf 89' lang='lat' dir='ltr'>antea</span> <span class='ocrx_word' id='word_1_756' title='bbox 3213 4161 3525 4229; x_wconf 89' lang='lat' dir='ltr'>proposuit</span> <span class='ocrx_word' id='word_1_757' title='bbox 3555 4155 3879 4211; x_wconf 84' lang='lat' dir='ltr'>terminatur.</span> 
     </span>
    </p>
   </div>
   <div class='ocr_carea' id='block_1_91' title="bbox 2273 4233 3881 4321">
    <p class='ocr_par' dir='ltr' id='par_1_91' title="bbox 2273 4233 3881 4321">
     <span class='ocr_line' id='line_1_91' title="bbox 2273 4233 3881 4321; baseline -0.009 -14"><span class='ocrx_word' id='word_1_758' title='bbox 2273 4250 2657 4321; x_wconf 80' lang='lat' dir='ltr'>Imperfectus</span> <span class='ocrx_word' id='word_1_759' title='bbox 2687 4267 2819 4304; x_wconf 84' lang='lat' dir='ltr'>vero</span> <span class='ocrx_word' id='word_1_760' title='bbox 2852 4248 3231 4321; x_wconf 80' lang='lat' dir='ltr'>syllogismus</span> <span class='ocrx_word' id='word_1_761' title='bbox 3262 4253 3350 4302; x_wconf 90' lang='lat' dir='ltr'>est</span> <span class='ocrx_word' id='word_1_762' title='bbox 3374 4250 3469 4302; x_wconf 90' lang='lat' dir='ltr'>cui</span> <span class='ocrx_word' id='word_1_763' title='bbox 3494 4244 3643 4301; x_wconf 86' lang='lat' dir='ltr'>nihil</span> <span class='ocrx_word' id='word_1_764' title='bbox 3678 4233 3881 4312; x_wconf 69' lang='lat' dir='ltr'>saquead</span> 
     </span>
    </p>
   </div>
   <div class='ocr_carea' id='block_1_92' title="bbox 2277 4330 3883 4411">
    <p class='ocr_par' dir='ltr' id='par_1_92' title="bbox 2277 4330 3883 4411">
     <span class='ocr_line' id='line_1_92' title="bbox 2277 4330 3883 4411; baseline -0.006 -18"><span class='ocrx_word' id='word_1_765' title='bbox 2277 4338 2683 4411; x_wconf 73' lang='lat' dir='ltr'>perfectionem</span> <span class='ocrx_word' id='word_1_766' title='bbox 2708 4340 2891 4402; x_wconf 88' lang='lat' dir='ltr'>deest,</span> <span class='ocrx_word' id='word_1_767' title='bbox 2924 4342 3325 4391; x_wconf 86' lang='lat' dir='ltr'>verumtamen</span> <span class='ocrx_word' id='word_1_768' title='bbox 3354 4335 3411 4389; x_wconf 87' lang='lat' dir='ltr'>in</span> <span class='ocrx_word' id='word_1_769' title='bbox 3447 4334 3545 4389; x_wconf 89' lang='lat' dir='ltr'>his</span> <span class='ocrx_word' id='word_1_770' title='bbox 3569 4350 3693 4405; x_wconf 66' lang='lat' dir='ltr'>quae</span> <span class='ocrx_word' id='word_1_771' title='bbox 3714 4330 3765 4384; x_wconf 89' lang='lat' dir='ltr'>in</span> <span class='ocrx_word' id='word_1_772' title='bbox 3786 4338 3883 4397; x_wconf 70' lang='lat' dir='ltr'>pro-</span> 
     </span>
    </p>
   </div>
   <div class='ocr_carea' id='block_1_93' title="bbox 2274 4420 3885 4500">
    <p class='ocr_par' dir='ltr' id='par_1_93' title="bbox 2274 4420 3885 4500">
     <span class='ocr_line' id='line_1_93' title="bbox 2274 4420 3885 4500; baseline -0.009 -17"><span class='ocrx_word' id='word_1_773' title='bbox 2274 4431 2660 4500; x_wconf 90' lang='lat' dir='ltr'>positionibus</span> <span class='ocrx_word' id='word_1_774' title='bbox 2692 4434 2927 4499; x_wconf 86' lang='lat' dir='ltr'>sumpta</span> <span class='ocrx_word' id='word_1_775' title='bbox 2951 4434 3087 4482; x_wconf 89' lang='lat' dir='ltr'>sunt</span> <span class='ocrx_word' id='word_1_776' title='bbox 3101 4426 3294 4496; x_wconf 86' lang='lat' dir='ltr'>aliqua</span> <span class='ocrx_word' id='word_1_777' title='bbox 3319 4427 3559 4491; x_wconf 85' lang='lat' dir='ltr'>desunt,</span> <span class='ocrx_word' id='word_1_778' title='bbox 3591 4420 3769 4478; x_wconf 89' lang='lat' dir='ltr'>curita</span> <span class='ocrx_word' id='word_1_779' title='bbox 3786 4426 3885 4471; x_wconf 77' lang='lat' dir='ltr'>esse</span> 
     </span>
    </p>
   </div>
   <div class='ocr_carea' id='block_1_94' title="bbox 512 4503 3884 4596">
    <p class='ocr_par' dir='ltr' id='par_1_94' title="bbox 512 4503 3884 4596">
     <span class='ocr_line' id='line_1_94' title="bbox 512 4503 3884 4596; baseline -0.007 -20"><span class='ocrx_word' id='word_1_780' title='bbox 512 4522 666 4592; x_wconf 90' lang='lat' dir='ltr'>quod</span> <span class='ocrx_word' id='word_1_781' title='bbox 694 4520 865 4575; x_wconf 85' lang='lat' dir='ltr'>fuerit</span> <span class='ocrx_word' id='word_1_782' title='bbox 887 4522 1320 4591; x_wconf 85' lang='lat' dir='ltr'>subjectum,in</span> <span class='ocrx_word' id='word_1_783' title='bbox 1343 4540 1408 4578; x_wconf 92' lang='lat' dir='ltr'>eo</span> <span class='ocrx_word' id='word_1_784' title='bbox 1442 4524 1597 4595; x_wconf 92' lang='lat' dir='ltr'>quod</span> <span class='ocrx_word' id='word_1_785' title='bbox 1626 4531 1799 4580; x_wconf 87' lang='lat' dir='ltr'>antea</span> <span class='ocrx_word' id='word_1_786' title='bbox 1824 4525 2173 4596; x_wconf 59' lang='lat' dir='ltr'>pradicaba-</span> <span class='ocrx_word' id='word_1_787' title='bbox 2201 4509 2246 4573; x_wconf 88' lang='lat' dir='ltr'><strong>D</strong></span> <span class='ocrx_word' id='word_1_788' title='bbox 2280 4520 2526 4572; x_wconf 90' lang='lat' dir='ltr'>videtur.</span> <span class='ocrx_word' id='word_1_789' title='bbox 2563 4518 2671 4572; x_wconf 89' lang='lat' dir='ltr'>Sed</span> <span class='ocrx_word' id='word_1_790' title='bbox 2709 4522 2764 4571; x_wconf 91' lang='lat' dir='ltr'>et</span> <span class='ocrx_word' id='word_1_791' title='bbox 2792 4517 2876 4570; x_wconf 78' lang='lat' dir='ltr'>hae</span> <span class='ocrx_word' id='word_1_792' title='bbox 2928 4516 3312 4570; x_wconf 84' lang='lat' dir='ltr'>difﬁnitiones</span> <span class='ocrx_word' id='word_1_793' title='bbox 3368 4529 3580 4569; x_wconf 88' lang='lat' dir='ltr'>omnes</span> <span class='ocrx_word' id='word_1_794' title='bbox 3639 4503 3884 4582; x_wconf 87' lang='lat' dir='ltr'>posterius</span> 
     </span>
    </p>
   </div>
   <div class='ocr_carea' id='block_1_95' title="bbox 515 4610 2168 4681">
    <p class='ocr_par' dir='ltr' id='par_1_95' title="bbox 515 4610 2168 4681">
     <span class='ocr_line' id='line_1_95' title="bbox 515 4610 2168 4681; baseline 0.002 -17"><span class='ocrx_word' id='word_1_795' title='bbox 515 4614 612 4665; x_wconf 92' lang='lat' dir='ltr'>tur</span> <span class='ocrx_word' id='word_1_796' title='bbox 637 4610 1095 4667; x_wconf 85' lang='lat' dir='ltr'>omnierit.Nam</span> <span class='ocrx_word' id='word_1_797' title='bbox 1127 4611 1175 4665; x_wconf 90' lang='lat' dir='ltr'>si</span> <span class='ocrx_word' id='word_1_798' title='bbox 1206 4614 1239 4681; x_wconf 72' lang='grc' dir='ltr'><em>Γ</em></span> <span class='ocrx_word' id='word_1_799' title='bbox 1261 4618 1317 4665; x_wconf 85' lang='lat' dir='ltr'>et</span> <span class='ocrx_word' id='word_1_800' title='bbox 1348 4630 1379 4681; x_wconf 87' lang='lat' dir='ltr'>g</span> <span class='ocrx_word' id='word_1_801' title='bbox 1412 4614 1527 4668; x_wconf 92' lang='lat' dir='ltr'>duo</span> <span class='ocrx_word' id='word_1_802' title='bbox 1552 4615 1785 4669; x_wconf 87' lang='lat' dir='ltr'>termini</span> <span class='ocrx_word' id='word_1_803' title='bbox 1812 4616 1887 4669; x_wconf 87' lang='lat' dir='ltr'>ita</span> <span class='ocrx_word' id='word_1_804' title='bbox 1918 4614 2029 4670; x_wconf 88' lang='lat' dir='ltr'>sibi</span> <span class='ocrx_word' id='word_1_805' title='bbox 2053 4614 2168 4668; x_wconf 88' lang='lat' dir='ltr'>sint</span> 
     </span>
    </p>
   </div>
   <div class='ocr_carea' id='block_1_96' title="bbox 516 4698 2170 4772">
    <p class='ocr_par' dir='ltr' id='par_1_96' title="bbox 516 4698 2170 4772">
     <span class='ocr_line' id='line_1_96' title="bbox 516 4698 2170 4772; baseline 0.002 -19"><span class='ocrx_word' id='word_1_806' title='bbox 516 4698 864 4769; x_wconf 80' lang='lat' dir='ltr'>aequales,ut</span> <span class='ocrx_word' id='word_1_807' title='bbox 880 4704 1084 4754; x_wconf 87' lang='lat' dir='ltr'>neuter</span> <span class='ocrx_word' id='word_1_808' title='bbox 1098 4707 1302 4755; x_wconf 88' lang='lat' dir='ltr'>neutro</span> <span class='ocrx_word' id='word_1_809' title='bbox 1321 4702 1503 4770; x_wconf 87' lang='lat' dir='ltr'>major</span> <span class='ocrx_word' id='word_1_810' title='bbox 1516 4704 1609 4767; x_wconf 82' lang='lat' dir='ltr'>sit,</span> <span class='ocrx_word' id='word_1_811' title='bbox 1627 4719 1753 4756; x_wconf 83' lang='lat' dir='ltr'>curr.</span> <span class='ocrx_word' id='word_1_812' title='bbox 1768 4703 2170 4772; x_wconf 72' lang='lat' dir='ltr'>praedicaveris</span> 
     </span>
    </p>
   </div>
   <div class='ocr_carea' id='block_1_97' title="bbox 513 4788 2168 4859">
    <p class='ocr_par' dir='ltr' id='par_1_97' title="bbox 513 4788 2168 4859">
     <span class='ocr_line' id='line_1_97' title="bbox 513 4788 2168 4859; baseline 0.002 -16"><span class='ocrx_word' id='word_1_813' title='bbox 513 4788 1906 4859; x_wconf 78' lang='lat' dir='ltr'>fdeomnig,erit/terminusinomnigtermino.</span> <span class='ocrx_word' id='word_1_814' title='bbox 1934 4792 1989 4843; x_wconf 87' lang='lat' dir='ltr'>Si</span> <span class='ocrx_word' id='word_1_815' title='bbox 2036 4808 2168 4846; x_wconf 90' lang='lat' dir='ltr'>vero</span> 
     </span>
    </p>
   </div>
   <div class='ocr_carea' id='block_1_98' title="bbox 516 4876 2169 4948">
    <p class='ocr_par' dir='ltr' id='par_1_98' title="bbox 516 4876 2169 4948">
     <span class='ocr_line' id='line_1_98' title="bbox 516 4876 2169 4948; baseline 0.001 -17"><span class='ocrx_word' id='word_1_816' title='bbox 516 4882 817 4933; x_wconf 86' lang='lat' dir='ltr'>convertas</span> <span class='ocrx_word' id='word_1_817' title='bbox 836 4884 892 4932; x_wconf 88' lang='lat' dir='ltr'>et</span> <span class='ocrx_word' id='word_1_818' title='bbox 918 4877 1191 4948; x_wconf 85' lang='lat' dir='ltr'>praedices</span> <span class='ocrx_word' id='word_1_819' title='bbox 1211 4895 1244 4945; x_wconf 90' lang='lat' dir='ltr'>g</span> <span class='ocrx_word' id='word_1_820' title='bbox 1268 4878 1581 4931; x_wconf 89' lang='lat' dir='ltr'>terminum</span> <span class='ocrx_word' id='word_1_821' title='bbox 1627 4877 1697 4931; x_wconf 87' lang='lat' dir='ltr'>de</span> <span class='ocrx_word' id='word_1_822' title='bbox 1717 4876 2028 4944; x_wconf 80' lang='lat' dir='ltr'>ftermino,</span> <span class='ocrx_word' id='word_1_823' title='bbox 2062 4879 2169 4932; x_wconf 90' lang='lat' dir='ltr'>erit</span> 
     </span>
    </p>
   </div>
   <div class='ocr_carea' id='block_1_99' title="bbox 514 4963 2168 5037">
    <p class='ocr_par' dir='ltr' id='par_1_99' title="bbox 514 4963 2168 5037">
     <span class='ocr_line' id='line_1_99' title="bbox 514 4963 2168 5037; baseline 0 -17"><span class='ocrx_word' id='word_1_824' title='bbox 514 4966 770 5037; x_wconf 80' lang='lat' dir='ltr'>iterumg</span> <span class='ocrx_word' id='word_1_825' title='bbox 786 4969 1071 5021; x_wconf 87' lang='lat' dir='ltr'>terminus</span> <span class='ocrx_word' id='word_1_826' title='bbox 1093 4968 1146 5019; x_wconf 90' lang='lat' dir='ltr'>in</span> <span class='ocrx_word' id='word_1_827' title='bbox 1165 4963 2168 5035; x_wconf 75' lang='lat' dir='ltr'>omniftermino.Sitenim/‘risibiIe,</span> 
     </span>
    </p>
   </div>
   <div class='ocr_carea' id='block_1_100' title="bbox 515 5053 2169 5127">
    <p class='ocr_par' dir='ltr' id='par_1_100' title="bbox 515 5053 2169 5127">
     <span class='ocr_line' id='line_1_100' title="bbox 515 5053 2169 5127; baseline -0.001 -18"><span class='ocrx_word' id='word_1_828' title='bbox 515 5072 547 5126; x_wconf 85' lang='lat' dir='ltr'>g</span> <span class='ocrx_word' id='word_1_829' title='bbox 571 5055 919 5127; x_wconf 87' lang='lat' dir='ltr'>homo.Ergo</span> <span class='ocrx_word' id='word_1_830' title='bbox 943 5058 987 5110; x_wconf 90' lang='lat' dir='ltr'>si</span> <span class='ocrx_word' id='word_1_831' title='bbox 1008 5054 1681 5125; x_wconf 78' lang='lat' dir='ltr'>praedicesfrisiblle,etg</span> <span class='ocrx_word' id='word_1_832' title='bbox 1708 5053 2003 5107; x_wconf 87' lang='lat' dir='ltr'>hominem</span> <span class='ocrx_word' id='word_1_833' title='bbox 2027 5056 2169 5108; x_wconf 90' lang='lat' dir='ltr'>sub-</span> 
     </span>
    </p>
   </div>
   <div class='ocr_carea' id='block_1_101' title="bbox 508 5144 2167 5218">
    <p class='ocr_par' dir='ltr' id='par_1_101' title="bbox 508 5144 2167 5218">
     <span class='ocr_line' id='line_1_101' title="bbox 508 5144 2167 5218; baseline -0.001 -18"><span class='ocrx_word' id='word_1_834' title='bbox 508 5144 1803 5218; x_wconf 79' lang='lat' dir='ltr'>jicias./‘risibileinomniginvenitur.0mnis</span> <span class='ocrx_word' id='word_1_835' title='bbox 1822 5144 1974 5198; x_wconf 90' lang='lat' dir='ltr'>enim</span> <span class='ocrx_word' id='word_1_836' title='bbox 1992 5144 2167 5199; x_wconf 89' lang='lat' dir='ltr'>homo</span> 
     </span>
    </p>
   </div>
   <div class='ocr_carea' id='block_1_102' title="bbox 514 5233 2167 5304">
    <p class='ocr_par' dir='ltr' id='par_1_102' title="bbox 514 5233 2167 5304">
     <span class='ocr_line' id='line_1_102' title="bbox 514 5233 2167 5304; baseline 0 -16"><span class='ocrx_word' id='word_1_837' title='bbox 514 5234 757 5291; x_wconf 89' lang='lat' dir='ltr'>risibilis</span> <span class='ocrx_word' id='word_1_838' title='bbox 790 5241 878 5291; x_wconf 90' lang='lat' dir='ltr'>est</span> <span class='ocrx_word' id='word_1_839' title='bbox 922 5235 981 5289; x_wconf 93' lang='lat' dir='ltr'>Si</span> <span class='ocrx_word' id='word_1_840' title='bbox 1006 5249 1139 5287; x_wconf 87' lang='lat' dir='ltr'>vero</span> <span class='ocrx_word' id='word_1_841' title='bbox 1177 5234 1453 5302; x_wconf 53' lang='lat' dir='ltr'>praedices</span> <span class='ocrx_word' id='word_1_842' title='bbox 1484 5251 1515 5304; x_wconf 87' lang='lat' dir='ltr'>g</span> <span class='ocrx_word' id='word_1_843' title='bbox 1549 5233 1847 5289; x_wconf 86' lang='lat' dir='ltr'>hominem</span> <span class='ocrx_word' id='word_1_844' title='bbox 1881 5235 1950 5288; x_wconf 86' lang='lat' dir='ltr'>ad</span> <span class='ocrx_word' id='word_1_845' title='bbox 1988 5234 2167 5303; x_wconf 85' lang='lat' dir='ltr'>frisi-</span> 
     </span>
    </p>
   </div>
   <div class='ocr_carea' id='block_1_103' title="bbox 516 5320 2170 5394">
    <p class='ocr_par' dir='ltr' id='par_1_103' title="bbox 516 5320 2170 5394">
     <span class='ocr_line' id='line_1_103' title="bbox 516 5320 2170 5394; baseline 0 -15"><span class='ocrx_word' id='word_1_846' title='bbox 516 5323 650 5389; x_wconf 91' lang='lat' dir='ltr'>bile,</span> <span class='ocrx_word' id='word_1_847' title='bbox 686 5342 720 5392; x_wconf 73' lang='grc' dir='ltr'><strong><em>ς]</em></strong></span> <span class='ocrx_word' id='word_1_848' title='bbox 752 5326 926 5379; x_wconf 86' lang='lat' dir='ltr'>homo</span> <span class='ocrx_word' id='word_1_849' title='bbox 961 5324 1018 5375; x_wconf 92' lang='lat' dir='ltr'>in</span> <span class='ocrx_word' id='word_1_850' title='bbox 1042 5321 1206 5376; x_wconf 89' lang='lat' dir='ltr'>omni</span> <span class='ocrx_word' id='word_1_851' title='bbox 1236 5323 1261 5390; x_wconf 78' lang='lat' dir='ltr'><em>f</em></span> <span class='ocrx_word' id='word_1_852' title='bbox 1312 5320 1535 5376; x_wconf 88' lang='lat' dir='ltr'>risibile</span> <span class='ocrx_word' id='word_1_853' title='bbox 1616 5324 1921 5394; x_wconf 89' lang='lat' dir='ltr'>reperitur.</span> <span class='ocrx_word' id='word_1_854' title='bbox 1984 5324 2170 5379; x_wconf 87' lang='lat' dir='ltr'>Omne</span> 
     </span>
    </p>
   </div>
   <div class='ocr_carea' id='block_1_104' title="bbox 516 5409 2168 5478">
    <p class='ocr_par' dir='ltr' id='par_1_104' title="bbox 516 5409 2168 5478">
     <span class='ocr_line' id='line_1_104' title="bbox 516 5409 2168 5478; baseline -0.001 -10"><span class='ocrx_word' id='word_1_855' title='bbox 516 5413 673 5468; x_wconf 85' lang='lat' dir='ltr'>enim</span> <span class='ocrx_word' id='word_1_856' title='bbox 707 5412 927 5467; x_wconf 90' lang='lat' dir='ltr'>risibile</span> <span class='ocrx_word' id='word_1_857' title='bbox 950 5411 1123 5465; x_wconf 89' lang='lat' dir='ltr'>homo</span> <span class='ocrx_word' id='word_1_858' title='bbox 1155 5415 1263 5463; x_wconf 87' lang='lat' dir='ltr'>est.</span> <span class='ocrx_word' id='word_1_859' title='bbox 1288 5409 1436 5472; x_wconf 88' lang='lat' dir='ltr'>Quid</span> <span class='ocrx_word' id='word_1_860' title='bbox 1463 5415 1655 5465; x_wconf 87' lang='lat' dir='ltr'>autem</span> <span class='ocrx_word' id='word_1_861' title='bbox 1680 5414 1915 5467; x_wconf 89' lang='lat' dir='ltr'>termini</span> <span class='ocrx_word' id='word_1_862' title='bbox 1935 5412 2168 5478; x_wconf 85' lang='lat' dir='ltr'>sint,vel</span> 
     </span>
    </p>
   </div>
   <div class='ocr_carea' id='block_1_105' title="bbox 517 5498 2169 5573">
    <p class='ocr_par' dir='ltr' id='par_1_105' title="bbox 517 5498 2169 5573">
     <span class='ocr_line' id='line_1_105' title="bbox 517 5498 2169 5573; baseline 0.002 -19"><span class='ocrx_word' id='word_1_863' title='bbox 517 5500 659 5571; x_wconf 89' lang='lat' dir='ltr'>quid</span> <span class='ocrx_word' id='word_1_864' title='bbox 683 5501 1036 5573; x_wconf 65' lang='lat' dir='ltr'>praedicatio,</span> <span class='ocrx_word' id='word_1_865' title='bbox 1062 5502 1163 5553; x_wconf 90' lang='lat' dir='ltr'>aut</span> <span class='ocrx_word' id='word_1_866' title='bbox 1183 5498 1496 5569; x_wconf 81' lang='lat' dir='ltr'>subjectio,</span> <span class='ocrx_word' id='word_1_867' title='bbox 1520 5500 1699 5571; x_wconf 91' lang='lat' dir='ltr'>priori</span> <span class='ocrx_word' id='word_1_868' title='bbox 1731 5502 1799 5554; x_wconf 81' lang='lat' dir='ltr'>de</span> <span class='ocrx_word' id='word_1_869' title='bbox 1822 5502 2169 5572; x_wconf 86' lang='lat' dir='ltr'>propositio-</span> 
     </span>
    </p>
   </div>
   <div class='ocr_carea' id='block_1_106' title="bbox 520 5589 2171 5648">
    <p class='ocr_par' dir='ltr' id='par_1_106' title="bbox 520 5589 2171 5648">
     <span class='ocr_line' id='line_1_106' title="bbox 520 5589 2171 5648; baseline 0.002 -4"><span class='ocrx_word' id='word_1_870' title='bbox 520 5591 695 5646; x_wconf 88' lang='lat' dir='ltr'>nibus</span> <span class='ocrx_word' id='word_1_871' title='bbox 730 5591 878 5645; x_wconf 86' lang='lat' dir='ltr'>libro</span> <span class='ocrx_word' id='word_1_872' title='bbox 911 5590 1056 5644; x_wconf 85' lang='lat' dir='ltr'>satis</span> <span class='ocrx_word' id='word_1_873' title='bbox 1080 5589 1305 5645; x_wconf 88' lang='lat' dir='ltr'>dictum</span> <span class='ocrx_word' id='word_1_874' title='bbox 1338 5594 1447 5645; x_wconf 86' lang='lat' dir='ltr'>est.</span> <span class='ocrx_word' id='word_1_875' title='bbox 1479 5591 1586 5645; x_wconf 83' lang='lat' dir='ltr'>Sed</span> <span class='ocrx_word' id='word_1_876' title='bbox 1631 5608 1700 5646; x_wconf 90' lang='lat' dir='ltr'>ne</span> <span class='ocrx_word' id='word_1_877' title='bbox 1732 5592 1876 5647; x_wconf 84' lang='lat' dir='ltr'>forte</span> <span class='ocrx_word' id='word_1_878' title='bbox 1906 5608 2171 5648; x_wconf 87' lang='lat' dir='ltr'>erremus</span> 
     </span>
    </p>
   </div>
   <div class='ocr_carea' id='block_1_107' title="bbox 2274 4600 3886 4679">
    <p class='ocr_par' dir='ltr' id='par_1_107' title="bbox 2274 4600 3886 4679">
     <span class='ocr_line' id='line_1_107' title="bbox 2274 4600 3886 4679; baseline -0.013 -16"><span class='ocrx_word' id='word_1_879' title='bbox 2274 4608 2605 4679; x_wconf 90' lang='lat' dir='ltr'>liquebunt.</span> <span class='ocrx_word' id='word_1_880' title='bbox 2640 4607 2807 4662; x_wconf 89' lang='lat' dir='ltr'>Nunc</span> <span class='ocrx_word' id='word_1_881' title='bbox 2838 4615 3033 4661; x_wconf 89' lang='lat' dir='ltr'>autem</span> <span class='ocrx_word' id='word_1_882' title='bbox 3068 4606 3223 4661; x_wconf 88' lang='lat' dir='ltr'>unde</span> <span class='ocrx_word' id='word_1_883' title='bbox 3256 4605 3339 4660; x_wconf 79' lang='lat' dir='ltr'>hae</span> <span class='ocrx_word' id='word_1_884' title='bbox 3374 4604 3578 4675; x_wconf 66' lang='lat' dir='ltr'>ﬁguras</span> <span class='ocrx_word' id='word_1_885' title='bbox 3619 4600 3886 4655; x_wconf 87' lang='lat' dir='ltr'>nascantur</span> 
     </span>
    </p>
   </div>
   <div class='ocr_carea' id='block_1_108' title="bbox 2276 4689 3885 4778">
    <p class='ocr_par' dir='ltr' id='par_1_108' title="bbox 2276 4689 3885 4778">
     <span class='ocr_line' id='line_1_108' title="bbox 2276 4689 3885 4778; baseline -0.009 -21"><span class='ocrx_word' id='word_1_886' title='bbox 2276 4700 2525 4757; x_wconf 89' lang='lat' dir='ltr'>breviter</span> <span class='ocrx_word' id='word_1_887' title='bbox 2540 4700 2943 4769; x_wconf 81' lang='lat' dir='ltr'>explicandum</span> <span class='ocrx_word' id='word_1_888' title='bbox 2969 4697 3381 4761; x_wconf 88' lang='lat' dir='ltr'>est.Quoniam</span> <span class='ocrx_word' id='word_1_889' title='bbox 3401 4698 3561 4750; x_wconf 91' lang='lat' dir='ltr'>unde</span> <span class='ocrx_word' id='word_1_890' title='bbox 3588 4689 3885 4778; x_wconf 62' lang='lat' dir='ltr'>nascuntur.</span> 
     </span>
    </p>
   </div>
   <div class='ocr_carea' id='block_1_109' title="bbox 2274 4778 3886 4844">
    <p class='ocr_par' dir='ltr' id='par_1_109' title="bbox 2274 4778 3886 4844">
     <span class='ocr_line' id='line_1_109' title="bbox 2274 4778 3886 4844; baseline -0.011 -1"><span class='ocrx_word' id='word_1_891' title='bbox 2274 4792 2334 4844; x_wconf 90' lang='lat' dir='ltr'>in</span> <span class='ocrx_word' id='word_1_892' title='bbox 2366 4790 2565 4844; x_wconf 84' lang='lat' dir='ltr'>eadem</span> <span class='ocrx_word' id='word_1_893' title='bbox 2596 4790 2809 4841; x_wconf 90' lang='lat' dir='ltr'>iterum</span> <span class='ocrx_word' id='word_1_894' title='bbox 2826 4785 3220 4841; x_wconf 89' lang='lat' dir='ltr'>resolvuntur.</span> <span class='ocrx_word' id='word_1_895' title='bbox 3247 4786 3356 4840; x_wconf 89' lang='lat' dir='ltr'>Sed</span> <span class='ocrx_word' id='word_1_896' title='bbox 3374 4783 3639 4840; x_wconf 87' lang='lat' dir='ltr'>secunda</span> <span class='ocrx_word' id='word_1_897' title='bbox 3668 4784 3721 4835; x_wconf 91' lang='lat' dir='ltr'>et</span> <span class='ocrx_word' id='word_1_898' title='bbox 3749 4778 3886 4829; x_wconf 68' lang='lat' dir='ltr'>tertia</span> 
     </span>
    </p>
   </div>
   <div class='ocr_carea' id='block_1_110' title="bbox 2277 4868 3884 4955">
    <p class='ocr_par' dir='ltr' id='par_1_110' title="bbox 2277 4868 3884 4955">
     <span class='ocr_line' id='line_1_110' title="bbox 2277 4868 3884 4955; baseline -0.013 -22"><span class='ocrx_word' id='word_1_899' title='bbox 2277 4881 2462 4950; x_wconf 87' lang='lat' dir='ltr'>ﬁgura</span> <span class='ocrx_word' id='word_1_900' title='bbox 2495 4878 2563 4931; x_wconf 92' lang='lat' dir='ltr'>de</span> <span class='ocrx_word' id='word_1_901' title='bbox 2596 4877 2785 4947; x_wconf 88' lang='lat' dir='ltr'>prima</span> <span class='ocrx_word' id='word_1_902' title='bbox 2812 4877 2993 4945; x_wconf 80' lang='lat' dir='ltr'>ﬁgura</span> <span class='ocrx_word' id='word_1_903' title='bbox 3026 4875 3185 4930; x_wconf 88' lang='lat' dir='ltr'>nasci</span> <span class='ocrx_word' id='word_1_904' title='bbox 3221 4879 3278 4929; x_wconf 89' lang='lat' dir='ltr'>et</span> <span class='ocrx_word' id='word_1_905' title='bbox 3308 4872 3601 4945; x_wconf 89' lang='lat' dir='ltr'>procreari</span> <span class='ocrx_word' id='word_1_906' title='bbox 3634 4868 3884 4955; x_wconf 57' lang='lat' dir='ltr'>videntur:</span> 
     </span>
    </p>
   </div>
   <div class='ocr_carea' id='block_1_111' title="bbox 2277 4956 3883 5026">
    <p class='ocr_par' dir='ltr' id='par_1_111' title="bbox 2277 4956 3883 5026">
     <span class='ocr_line' id='line_1_111' title="bbox 2277 4956 3883 5026; baseline -0.01 -5"><span class='ocrx_word' id='word_1_907' title='bbox 2277 4968 2364 5021; x_wconf 84' lang='lat' dir='ltr'>Sit</span> <span class='ocrx_word' id='word_1_908' title='bbox 2393 4967 2549 5021; x_wconf 87' lang='lat' dir='ltr'>enim</span> <span class='ocrx_word' id='word_1_909' title='bbox 2582 4983 2614 5019; x_wconf 83' lang='grc' dir='ltr'><em>α</em></span> <span class='ocrx_word' id='word_1_910' title='bbox 2649 4967 2940 5019; x_wconf 88' lang='lat' dir='ltr'>terminus</span> <span class='ocrx_word' id='word_1_911' title='bbox 2968 4963 3023 5016; x_wconf 90' lang='lat' dir='ltr'>in</span> <span class='ocrx_word' id='word_1_912' title='bbox 3048 4961 3208 5016; x_wconf 91' lang='lat' dir='ltr'>omni</span> <span class='ocrx_word' id='word_1_913' title='bbox 3236 4962 3263 5016; x_wconf 86' lang='lat' dir='ltr'><em>b</em></span> <span class='ocrx_word' id='word_1_914' title='bbox 3287 4962 3560 5026; x_wconf 90' lang='lat' dir='ltr'>termino,</span> <span class='ocrx_word' id='word_1_915' title='bbox 3592 4962 3648 5013; x_wconf 91' lang='lat' dir='ltr'>et</span> <span class='ocrx_word' id='word_1_916' title='bbox 3676 4956 3740 5009; x_wconf 88' lang='lat' dir='ltr'>de</span> <span class='ocrx_word' id='word_1_917' title='bbox 3758 4960 3883 5005; x_wconf 82' lang='lat' dir='ltr'>0mm</span> 
     </span>
    </p>
   </div>
   <div class='ocr_carea' id='block_1_112' title="bbox 2277 5036 3882 5124">
    <p class='ocr_par' dir='ltr' id='par_1_112' title="bbox 2277 5036 3882 5124">
     <span class='ocr_line' id='line_1_112' title="bbox 2277 5036 3882 5124; baseline -0.011 -13"><span class='ocrx_word' id='word_1_918' title='bbox 2277 5074 2343 5111; x_wconf 90' lang='lat' dir='ltr'>eo</span> <span class='ocrx_word' id='word_1_919' title='bbox 2379 5055 2742 5124; x_wconf 69' lang='lat' dir='ltr'>prmdicetur,</span> <span class='ocrx_word' id='word_1_920' title='bbox 2780 5053 2811 5107; x_wconf 80' lang='grc' dir='ltr'>ὁ</span> <span class='ocrx_word' id='word_1_921' title='bbox 2843 5068 2976 5107; x_wconf 88' lang='lat' dir='ltr'>vero</span> <span class='ocrx_word' id='word_1_922' title='bbox 3009 5052 3300 5107; x_wconf 88' lang='lat' dir='ltr'>terminus</span> <span class='ocrx_word' id='word_1_923' title='bbox 3334 5054 3401 5105; x_wconf 90' lang='lat' dir='ltr'>de</span> <span class='ocrx_word' id='word_1_924' title='bbox 3435 5048 3597 5105; x_wconf 90' lang='lat' dir='ltr'>omni</span> <span class='ocrx_word' id='word_1_925' title='bbox 3619 5063 3647 5101; x_wconf 77' lang='grc' dir='ltr'><strong><em>ε</em></strong></span> <span class='ocrx_word' id='word_1_926' title='bbox 3675 5036 3882 5099; x_wconf 83' lang='lat' dir='ltr'>termino</span> 
     </span>
    </p>
   </div>
   <div class='ocr_carea' id='block_1_113' title="bbox 2279 5130 3883 5215">
    <p class='ocr_par' dir='ltr' id='par_1_113' title="bbox 2279 5130 3883 5215">
     <span class='ocr_line' id='line_1_113' title="bbox 2279 5130 3883 5215; baseline -0.014 -17"><span class='ocrx_word' id='word_1_927' title='bbox 2279 5145 2647 5215; x_wconf 62' lang='lat' dir='ltr'>praedicatur.</span> <span class='ocrx_word' id='word_1_928' title='bbox 2674 5147 2825 5206; x_wconf 61' lang='lat' dir='ltr'>Hac,</span> <span class='ocrx_word' id='word_1_929' title='bbox 2853 5139 3153 5194; x_wconf 88' lang='lat' dir='ltr'>utdictum</span> <span class='ocrx_word' id='word_1_930' title='bbox 3186 5145 3294 5207; x_wconf 89' lang='lat' dir='ltr'>est,</span> <span class='ocrx_word' id='word_1_931' title='bbox 3332 5138 3520 5209; x_wconf 82' lang='lat' dir='ltr'>prima</span> <span class='ocrx_word' id='word_1_932' title='bbox 3548 5130 3883 5207; x_wconf 77' lang='lat' dir='ltr'>syllogismo-</span> 
     </span>
    </p>
   </div>
   <div class='ocr_carea' id='block_1_114' title="bbox 2278 5216 3881 5299">
    <p class='ocr_par' dir='ltr' id='par_1_114' title="bbox 2278 5216 3881 5299">
     <span class='ocr_line' id='line_1_114' title="bbox 2278 5216 3881 5299; baseline -0.011 -13"><span class='ocrx_word' id='word_1_933' title='bbox 2278 5250 2404 5286; x_wconf 90' lang='lat' dir='ltr'>rum</span> <span class='ocrx_word' id='word_1_934' title='bbox 2424 5232 2608 5299; x_wconf 76' lang='lat' dir='ltr'>ﬁgura</span> <span class='ocrx_word' id='word_1_935' title='bbox 2639 5236 2746 5284; x_wconf 90' lang='lat' dir='ltr'>est.</span> <span class='ocrx_word' id='word_1_936' title='bbox 2769 5228 2974 5298; x_wconf 90' lang='lat' dir='ltr'>Siquis</span> <span class='ocrx_word' id='word_1_937' title='bbox 2992 5228 3170 5297; x_wconf 80' lang='lat' dir='ltr'>igitur</span> <span class='ocrx_word' id='word_1_938' title='bbox 3190 5229 3470 5298; x_wconf 86' lang='lat' dir='ltr'>majorem</span> <span class='ocrx_word' id='word_1_939' title='bbox 3494 5216 3881 5279; x_wconf 80' lang='lat' dir='ltr'>extremitatem</span> 
     </span>
    </p>
   </div>
   <div class='ocr_carea' id='block_1_115' title="bbox 2278 5305 3883 5399">
    <p class='ocr_par' dir='ltr' id='par_1_115' title="bbox 2278 5305 3883 5399">
     <span class='ocr_line' id='line_1_115' title="bbox 2278 5305 3883 5399; baseline -0.011 -23"><span class='ocrx_word' id='word_1_940' title='bbox 2278 5321 2854 5392; x_wconf 86' lang='lat' dir='ltr'>prupositionemque</span> <span class='ocrx_word' id='word_1_941' title='bbox 2885 5322 3206 5380; x_wconf 87' lang='lat' dir='ltr'>convertat,</span> <span class='ocrx_word' id='word_1_942' title='bbox 3239 5321 3294 5371; x_wconf 90' lang='lat' dir='ltr'>et</span> <span class='ocrx_word' id='word_1_943' title='bbox 3324 5315 3477 5387; x_wconf 91' lang='lat' dir='ltr'>quod</span> <span class='ocrx_word' id='word_1_944' title='bbox 3510 5313 3702 5367; x_wconf 78' lang='lat' dir='ltr'>fuerat</span> <span class='ocrx_word' id='word_1_945' title='bbox 3750 5305 3883 5399; x_wconf 41' lang='lat' dir='ltr'>antea.</span> 
     </span>
    </p>
   </div>
   <div class='ocr_carea' id='block_1_116' title="bbox 2281 5387 3885 5484">
    <p class='ocr_par' dir='ltr' id='par_1_116' title="bbox 2281 5387 3885 5484">
     <span class='ocr_line' id='line_1_116' title="bbox 2281 5387 3885 5484; baseline -0.016 -17"><span class='ocrx_word' id='word_1_946' title='bbox 2281 5387 2661 5484; x_wconf 40' lang='lat' dir='ltr'>prae-dicatum</span> <span class='ocrx_word' id='word_1_947' title='bbox 2695 5387 3381 5479; x_wconf 79' lang='lat' dir='ltr'>faciatessesubjectum,</span> <span class='ocrx_word' id='word_1_948' title='bbox 3404 5404 3717 5462; x_wconf 89' lang='lat' dir='ltr'>secundam</span> <span class='ocrx_word' id='word_1_949' title='bbox 3747 5387 3885 5449; x_wconf 73' lang='lat' dir='ltr'>faciei</span> 
     </span>
    </p>
   </div>
   <div class='ocr_carea' id='block_1_117' title="bbox 2280 5484 3887 5573">
    <p class='ocr_par' dir='ltr' id='par_1_117' title="bbox 2280 5484 3887 5573">
     <span class='ocr_line' id='line_1_117' title="bbox 2280 5484 3887 5573; baseline -0.013 -18"><span class='ocrx_word' id='word_1_950' title='bbox 2280 5501 2702 5573; x_wconf 79' lang='lat' dir='ltr'>ﬁguram.Nam</span> <span class='ocrx_word' id='word_1_951' title='bbox 2719 5500 3218 5571; x_wconf 84' lang='lat' dir='ltr'>quemadmodum</span> <span class='ocrx_word' id='word_1_952' title='bbox 3239 5515 3273 5552; x_wconf 90' lang='lat' dir='ltr'>a</span> <span class='ocrx_word' id='word_1_953' title='bbox 3287 5497 3569 5553; x_wconf 89' lang='lat' dir='ltr'>terminus</span> <span class='ocrx_word' id='word_1_954' title='bbox 3586 5484 3887 5573; x_wconf 50' lang='lat' dir='ltr'>praedicatur:</span> 
     </span>
    </p>
   </div>
   <div class='ocr_carea' id='block_1_118' title="bbox 2282 5564 3887 5659">
    <p class='ocr_par' dir='ltr' id='par_1_118' title="bbox 2282 5564 3887 5659">
     <span class='ocr_line' id='line_1_118' title="bbox 2282 5564 3887 5659; baseline -0.016 -13"><span class='ocrx_word' id='word_1_955' title='bbox 2282 5564 2353 5646; x_wconf 73' lang='lat' dir='ltr'>de</span> <span class='ocrx_word' id='word_1_956' title='bbox 2384 5591 2412 5645; x_wconf 88' lang='lat' dir='ltr'><strong><em>b</em></strong></span> <span class='ocrx_word' id='word_1_957' title='bbox 2447 5564 2810 5658; x_wconf 79' lang='lat' dir='ltr'>termino,ita</span> <span class='ocrx_word' id='word_1_958' title='bbox 2841 5587 2870 5643; x_wconf 88' lang='lat' dir='ltr'><strong><em>b</em></strong></span> <span class='ocrx_word' id='word_1_959' title='bbox 2900 5587 2971 5642; x_wconf 89' lang='lat' dir='ltr'>de</span> <span class='ocrx_word' id='word_1_960' title='bbox 3001 5602 3050 5643; x_wconf 79' lang='grc' dir='ltr'>ο.</span> <span class='ocrx_word' id='word_1_961' title='bbox 3074 5587 3134 5642; x_wconf 86' lang='lat' dir='ltr'>Si</span> <span class='ocrx_word' id='word_1_962' title='bbox 3165 5603 3302 5659; x_wconf 84' lang='lat' dir='ltr'>ergo</span> <span class='ocrx_word' id='word_1_963' title='bbox 3326 5586 3709 5646; x_wconf 78' lang='lat' dir='ltr'>convertatur,</span> <span class='ocrx_word' id='word_1_964' title='bbox 3737 5573 3788 5628; x_wconf 85' lang='lat' dir='ltr'>et</span> <span class='ocrx_word' id='word_1_965' title='bbox 3809 5564 3887 5622; x_wconf 75' lang='lat' dir='ltr'>ﬂat</span> 
     </span>
    </p>
   </div>
  </div>
