4056 6176
277 341 378 398 821

1457 356 1552 407 DE
1592 357 2040 416 SYLLOGISMO
2076 362 2551 419 CATEGORICO.

3586 377 3693 431 8'22

278 476 482 572 minus
498 477 569 532 de
587 478 840 572 quodam
864 480 895 533 b
917 480 1167 572 termino
1187 480 1557 551 praedicetur,
1581 486 1637 538 et
1657 499 1691 538 α
1721 484 1929 539 termi-
1959 488 2013 554 Α
2044 498 2103 553 in
2159 489 2563 560 superioribus
2633 494 2912 549 omnibus
2971 496 3333 568 syllogismis
3408 517 3557 572 quos
3630 502 3689 558 in

280 582 397 620 nus
419 569 490 622 de
508 568 762 638 quodam
788 569 817 623 b
842 570 1092 624 termino
1117 587 1229 624 non
1246 572 1612 641 praedicetur.
1641 573 1785 629 Sita
1809 591 1925 630 ma-

276 653 428 721 lum,
455 656 747 726 bjustum,
770 674 798 711 c
819 659 1059 714 bonum.
1086 659 1143 715 Si
1168 662 1301 730 quis
1324 661 1505 733 igitur
1526 662 1721 719 dicat:

496 745 734 801 Nullum
770 748 989 802 bonum
1025 749 1245 805 malum
1282 757 1394 817 est,

497 835 802 898 Quoddam
840 838 1052 892 bonum
1087 840 1314 909 justum
1349 846 1458 911 est,
1493 843 1830 898 concludit:

502 926 803 989 Quoddam
836 927 1064 995 justum
1102 930 1323 985 malum
1357 949 1467 987 non
1502 938 1612 987 est.

280 1015 389 1073 His
412 1016 905 1086 igiturexpeditis,
932 1018 1066 1086 quid
1100 1020 1223 1090 ipse
1268 1020 1646 1094 syllogismus
1678 1024 1753 1077 sit
1774 1024 1927 1078 diffi-

281 1105 568 1161 niendum
595 1110 701 1161 est.
739 1107 1034 1161 Difﬁnitur
1056 1114 1251 1164 autem
1277 1110 1359 1165 sic
1384 1128 1396 1166 :
1432 1112 1811 1184 syllogismus
1843 1117 1931 1168 est

281 1195 472 1251 oratio
501 1197 557 1249 in
592 1213 708 1267 qua
738 1198 944 1269 positis
988 1199 1341 1268 quibusdam
1392 1206 1569 1272 atque
1613 1202 1926 1269 concessis,

282 1285 445 1341 aliud
481 1290 763 1359 quiddam
797 1308 973 1363 quam
995 1292 1116 1347 sint
1132 1309 1199 1348 ea
1221 1308 1347 1362 quae
1371 1292 1559 1363 posita
1577 1296 1633 1345 et
1654 1306 1932 1346 concessa

282 1381 449 1444 sunt,
484 1380 815 1436 necessaria
853 1382 1143 1454 contingit
1177 1398 1278 1454 per
1308 1382 1436 1453 ipsa
1480 1398 1605 1452 qua
1656 1398 1933 1438 concessa

283 1472 446 1522 sunt.
480 1467 814 1525 Orationem
849 1472 1107 1535 diximus
1126 1489 1255 1527 esse
1276 1472 1684 1542 syllogismum
1711 1471 1927 1526 idcirco

281 1558 568 1627 quoniam
590 1560 1072 1615 omnisdifﬁnitio
1096 1578 1128 1614 a
1157 1561 1410 1632 generali
1436 1560 1711 1627 trahitur,
1745 1576 1930 1631 genus

281 1654 483 1705 autem
508 1651 832 1724 syllogismi
860 1658 948 1709 est
970 1654 1174 1710 oratio.
1200 1653 1363 1719 Quod
1396 1656 1592 1707 autem
1615 1652 1929 1721 dictum,in

278 1754 400 1809 qua
413 1740 618 1810 positis
633 1742 987 1812 quibusdam
1001 1742 1469 1810 etconcessis,ita
1482 1741 1928 1815 intelligendum

280 1832 396 1897 est,
421 1830 590 1900 quasi
614 1831 698 1886 sic
720 1832 946 1887 dictum
972 1838 1148 1898 esset,
1174 1832 1497 1887 secondum
1523 1848 1696 1902 quam
1721 1832 1927 1902 positis
1958 1858 2006 1921 Β

280 1924 341 1974 θῖ
364 1919 696 1988 concessis;
732 1926 796 1975 ut
816 1921 971 1975 enim
996 1920 1375 1993 syllogismus
1399 1922 1516 1985 ﬁat,
1536 1927 1671 1974 ante
1706 1920 1929 1991 aliquid

276 2027 309 2065 a
336 2015 696 2081 proponente
717 2010 949 2079 dicitur,
972 2012 1123 2082 quod
1162 2011 1407 2064 audiens
1430 2010 1744 2077 concedat,
1773 2011 1927 2082 quod

275 2099 329 2155 si
354 2099 452 2154 ille
476 2100 851 2166 concesserit,
876 2099 1174 2156 concludit
1187 2106 1242 2154 et
1257 2099 1481 2171 perficit
1496 2098 1793 2170 syllogism
1806 2116 1836 2153 u
1849 2116 1925 2167 m,

274 2189 519 2257 idcirco,
554 2192 693 2261 quia
725 2191 915 2245 dubia:
955 2207 1046 2244 res
1086 2207 1189 2261 per
1234 2190 1501 2260 quaedam
1555 2204 1831 2243 concessa
1873 2193 1930 2243 et

276 2282 523 2352 probata
543 2279 1314 2338 monstrantur.conceditur
1330 2284 1522 2332 autem
1547 2277 1851 2347 aequaliter
1872 2284 1929 2333 et

277 2371 515 2441 negatio
541 2388 695 2426 vera.
730 2376 948 2428 Caetera
979 2387 1114 2425 vero
1144 2371 1201 2423 in
1227 2369 1550 2441 syllogismi
1576 2370 1926 2423 difﬁnitione

275 2460 423 2517 talia
446 2466 584 2516 sunt
614 2478 742 2532 quae
769 2478 882 2515 non
917 2461 1141 2532 integre
1175 2459 1491 2530 dispositos
1553 2457 1926 2529 syllogismos

275 2550 811 2622 asyllogismorum
844 2550 1197 2604 diffinitione
1241 2565 1509 2603 verorum
1562 2549 1923 2603 discernant.

274 2638 426 2694 Nam
460 2640 612 2710 quod
646 2639 871 2705 dictum,
897 2642 1006 2705 est,
1041 2637 1099 2692 in
1134 2654 1250 2709 qua
1282 2638 1489 2708 positis
1547 2636 1924 2707 quibusdam,

276 2734 655 2803 sumptorum
714 2729 937 2786 scilicet
984 2734 1040 2784 et
1094 2726 1562 2800 propositionum
1607 2726 1925 2793 multitudo

275 2819 820 2875 monstratur.Snnt
838 2817 992 2874 enim
1019 2817 1119 2889 qui
1140 2820 1559 2888 putanturesse
1582 2814 1925 2884 hujusmodi

274 2908 632 2983 syllogismi,
668 2910 727 2963 in
762 2908 975 2979 quibus
1006 2912 1241 2962 tantum
1282 2922 1396 2960 una
1421 2905 1738 2975 propositio
1763 2909 1851 2958 est
1871 2908 1928 2959 et

272 3016 399 3054 una
443 2998 760 3054 conclusio.
796 2996 998 3062 Qualis
1031 3000 1119 3051 est
1160 2996 1276 3060 hic,
1320 2995 1505 3055 vides,
1530 2993 1675 3047 vivis
1709 2992 1924 3064 igitur;

272 3090 455 3143 homo
487 3103 570 3155 es,
607 3086 824 3142 animal
850 3086 1029 3157 igitur
1050 3102 1131 3151 es,
1157 3090 1211 3139 et
1236 3083 1350 3139 alia
1380 3082 1743 3152 hujusmodi,
1778 3098 1925 3153 quos

274 3176 504 3232 scilicet
536 3182 758 3232 veteres
790 3177 846 3230 in
874 3174 1230 3248 syllogismis
1264 3190 1377 3227 non
1403 3175 1774 3243 acceperunt,
1808 3171 1927 3241 syl-

272 3267 568 3339 logismus
596 3267 749 3320 enim
779 3272 866 3322 est
896 3266 1228 3338 aliquorum
1263 3267 1544 3322 collectio.
1566 3267 1637 3319 At
1659 3279 1787 3319 vero
1806 3267 1923 3322 col-

272 3358 451 3414 lectio
471 3374 585 3412 non
606 3357 716 3411 nisi
742 3356 1131 3428 plurimorum
1172 3362 1281 3425 est,
1305 3363 1360 3412 et
1387 3357 1723 3428 quicunque
1748 3373 1926 3412 unam

274 3447 478 3520 posuit
536 3447 1151 3519 propositionem,ille
1206 3464 1319 3502 non
1379 3446 1621 3517 colligit.
1683 3446 1922 3502 Nullum

272 3536 464 3611 igitur
485 3538 654 3593 faciet
676 3536 1106 3609 syllogismum.
1132 3538 1311 3593 Debet
1332 3537 1488 3592 enim
1524 3537 1922 3609 syllogismus,

276 3634 347 3685 ut
369 3627 829 3700 augustissimus
848 3627 1191 3693 sit,duabus
1216 3627 1719 3698 propositionibus
1755 3642 1919 3681 com-

277 3720 537 3791 probari.
562 3720 721 3784 Quod
740 3724 933 3774 autem
956 3718 1177 3772 dictum
1208 3718 1485 3785 est,aliud
1509 3718 1791 3788 quiddam
1817 3734 1919 3773 ne-

266 3810 528 3867 cessario
561 3809 788 3867 evenire
820 3826 997 3882 quam
1024 3809 1141 3864 sint
1161 3808 1283 3879 ipsa
1307 3824 1437 3879 quae
1459 3824 1737 3863 concessa
1759 3812 1915 3874 sunt,

263 3903 551 3975 quoniam
580 3901 915 3973 frequenter
941 3900 1082 3955 tales
1130 3899 1202 3955 ab
1225 3897 1523 3970 aliquibus
1552 3898 1702 3953 ﬁunt
1752 3897 1922 3969 syllo-

258 3991 466 4065 gismi,
495 3995 560 4045 ut
587 4007 655 4046 ea
685 4007 814 4063 quae
847 3993 1300 4062 proposuerunt,
1334 3989 1462 4059 ipsa
1488 3987 1662 4043 etiam
1695 3987 1754 4042 in
1780 4003 1918 4042 con-

262 4081 533 4138 clusione
562 4080 933 4145 concludant,
970 4084 1033 4133 ut
1058 4084 1147 4133 est
1178 4078 1308 4132 hic:
1343 4077 1402 4132 Si
1428 4077 1600 4131 homo
1632 4092 1717 4145 es,
1742 4076 1915 4131 homo

262 4188 370 4238 es;
406 4172 580 4226 homo
635 4176 829 4225 autem
864 4186 947 4237 es,
982 4169 1152 4223 homo
1182 4168 1361 4239 igitur
1405 4183 1486 4222 es.
1551 4166 1705 4220 Idem
1755 4166 1913 4220 enim

264 4262 561 4319 conclusit
590 4278 705 4332 quo
738 4261 910 4315 dante
944 4261 1264 4331 proposuit.
1290 4262 1473 4327 Atque
1495 4257 1643 4323 ideo,
1670 4256 1739 4310 ad
1774 4256 1912 4310 isto-

264 4369 404 4409 rum
436 4352 867 4417 discretionem,
892 4349 1049 4405 aliud
1076 4348 1353 4420 quiddam
1374 4346 1707 4416 contingere
1741 4345 1911 4399 debe-

261 4459 330 4499 re
363 4442 586 4497 dictum
619 4445 706 4497 est
740 4455 917 4511 quam
949 4437 1069 4495 sint
1100 4454 1166 4494 ea
1196 4454 1322 4509 qua)
1355 4451 1634 4491 concessa
1665 4438 1822 4501 sunt,
1850 4438 1913 4489 ut

2035 577 2215 631 trium
2252 581 2571 649 figurarum
2608 583 2797 637 modis
2829 588 2883 639 et
2935 586 3438 643 demonstratione
3488 590 3689 660 posui-

2038 683 2191 722 mus.
2226 668 2393 723 Tales
2426 687 2558 726 vero
2590 671 2914 745 syllogismi
2951 674 3152 746 quales
3187 694 3340 732 nunc
3376 678 3516 733 dicti
3548 683 3688 736 sunt

2038 758 2375 826 perridiculi
2408 766 2565 830 sunt,
2596 763 2749 831 quod
2812 764 2866 817 id
2931 766 3081 832 quod
3144 771 3278 821 ante
3338 784 3683 825 concessum

2036 851 2125 899 est
2144 847 2309 916 quasi
2331 848 2572 902 dubium
2596 851 2875 919 quiddam
2900 851 2958 905 in
2976 855 3350 909 conclusione
3369 856 3681 928 colligitur.

2039 936 2179 990 Nam
2217 938 2371 1007 quod
2410 939 2665 1008 positum
2699 945 2807 1009 est,
2842 944 3168 997 necessario
3218 945 3577 1015 contingere,
3614 948 3684 1001 ad

2041 1027 2143 1081 hoc
2179 1028 2453 1098 pertinet,
2483 1030 2761 1098 quoniam
2800 1032 3135 1102 frequenter
3160 1035 3228 1088 ad
3283 1035 3682 1093 inductionem

2036 1133 2178 1171 verre
2205 1118 2470 1187 quaedam
2499 1120 2927 1189 propositiones
2951 1128 3089 1177 sunt
3111 1139 3362 1194 quarum
3387 1125 3683 1182 conclusio

2038 1207 2197 1262 nullo
2233 1209 2405 1263 modo
2438 1225 2573 1263 vera
2605 1216 2713 1277 est,
2748 1216 2813 1265 ut
2846 1211 2895 1266 si
2928 1213 3061 1283 quis
3093 1215 3175 1268 sic
3204 1215 3388 1270 dicat:
3424 1218 3529 1281 Qui
3562 1234 3687 1271 mu-

2036 1296 2218 1352 sicam
2255 1297 2415 1352 novit
2453 1299 2715 1354 musicus
2768 1304 2878 1366 est,
2941 1308 2998 1355 et
3058 1305 3445 1371 concedatur;
3477 1310 3533 1359 et
3584 1306 3688 1378 qui

2036 1386 2467 1442 arithmeticam
2519 1387 2923 1444 arithmeticus
2973 1395 3080 1460 est,
3115 1397 3170 1446 et
3202 1392 3301 1463 qui
3334 1394 3684 1449 medicinam

2037 1477 2294 1532 medicus
2325 1481 2433 1541 est,
2469 1482 2525 1531 et
2554 1478 2654 1547 qui
2688 1478 2906 1533 bonum
2940 1481 3128 1535 bonus
3160 1486 3267 1535 est.
3300 1486 3447 1538 Cum
3502 1483 3686 1554 igitur

2040 1567 2157 1621 haec
2188 1565 2386 1621 omnia
2408 1582 2686 1621 concessa
2703 1573 2863 1632 sunt,
2885 1569 3062 1635 dicat,
3089 1576 3144 1624 et
3170 1572 3270 1640 qui
3297 1572 3683 1639 malum,ma-

2038 1654 2129 1709 lus
2152 1659 2258 1724 est,
2284 1656 2436 1726 quod
2468 1654 2630 1725 quasi
2662 1656 3063 1727 superioribus
3096 1659 3287 1714 simile
3306 1660 3555 1730 videtur,
3581 1662 3683 1717 sed

2037 1745 2198 1801 omni
2222 1746 2617 1801 modofalsum
2633 1751 2739 1801 est:
2760 1747 2892 1801 boni
2914 1748 3068 1803 enim
3089 1750 3356 1805 homines
3379 1768 3493 1806 non
3518 1750 3685 1807 aliter

2039 1839 2263 1905 cavent,
2300 1833 2412 1888 nisi
2445 1834 2597 1889 mala
2629 1837 2913 1891 noverint.
2947 1840 3135 1908 Atque
3168 1830 3552 1911 ideo‘propter
3583 1857 3682 1897 eas

2041 1926 2447 1983 conclusiones
2481 1944 2607 1997 quae
2636 1932 2776 1981 sunt
2819 1945 2923 1999 per
2952 1946 3049 1984 eas
3100 1930 3530 2001 propositiones
3557 1949 3683 2003 qua:

2040 2034 2141 2088 per
2173 2016 2571 2071 inductionem
2607 2018 2908 2084 dicuntur,
2941 2018 3203 2074 additum
3239 2027 3328 2074 est
3358 2018 3684 2076 conclusio-

2040 2123 2143 2162 nes
2174 2106 2231 2159 in
2268 2105 2624 2177 syllogismis
2675 2107 3032 2161 necessarias
3076 2108 3436 2179 contingere,
3489 2109 3545 2162 id
3596 2113 3688 2165 est

2040 2212 2109 2251 ex
2137 2195 2482 2249 necessitate
2523 2194 2882 2265 contingere.
2918 2197 3020 2251 Est
3041 2197 3217 2252 etiam
3245 2197 3357 2252 alia
3381 2199 3684 2270 expositio,

2039 2285 2139 2340 sed
2174 2285 2232 2338 in
2265 2283 2586 2355 Analyticis
2619 2285 2837 2339 nostris
2867 2285 2986 2353 jam
3023 2286 3179 2340 dicta
3229 2293 3335 2341 est.
3373 2287 3521 2342 Illud
3553 2304 3687 2344 vero

2038 2376 2193 2445 quod
2230 2375 2450 2428 dictum
2484 2379 2593 2441 est,
2628 2390 2729 2444 per
2761 2375 2885 2445 ipsa
2943 2391 3073 2445 quae
3126 2376 3319 2446 posita
3378 2382 3540 2443 sunt,
3577 2378 3687 2432 hoc

2039 2469 2276 2534 propter
2296 2479 2395 2518 eos
2427 2462 2645 2517 dictum
2675 2467 2764 2518 est
2794 2464 2895 2533 qui
2948 2463 3095 2519 tales
3148 2465 3373 2520 faciunt
3417 2465 3685 2539 syllogis-

2038 2570 2188 2621 mos,
2220 2552 2279 2607 in
2313 2553 2528 2624 quibus
2562 2557 2661 2607 aut
2689 2552 2886 2606 minus
2918 2552 3159 2624 aliquid,
3211 2560 3313 2610 aut
3372 2556 3524 2627 plus,
3582 2559 3685 2612 aut

2040 2643 2195 2699 aliud
2223 2642 2588 2713 propositum
2613 2647 2891 2712 estquam
2920 2643 3165 2713 proponi
3185 2644 3486 2701 debuerat.
3512 2645 3686 2701 Fiunt

2038 2736 2193 2787 enim
2227 2730 2569 2801 bujusmodi
2602 2729 2946 2802 syllogismi.
2981 2732 3037 2786 Si
3073 2733 3206 2803 quis
3256 2734 3411 2787 enim
3464 2735 3544 2789 ita
3593 2734 3680 2788 di-

2039 2825 2167 2876 cat:
2199 2824 2466 2876 Socrates
2496 2819 2674 2874 bomo
2705 2824 2812 2886 est,
2848 2820 3040 2874 omnis
3083 2820 3258 2875 homo
3320 2821 3536 2876 animal
3571 2826 3679 2894 est,

2037 2914 2093 2965 et
2124 2909 2459 2975 concludat,
2488 2910 2754 2964 Socrates
2787 2908 2966 2980 igitur
2993 2910 3288 2965 animatus
3346 2915 3454 2979 est,
3488 2910 3683 2967 minus

2037 2999 2366 3070 proposuit,
2399 2999 2550 3067 quod
2586 3013 2701 3053 non
2734 2998 2876 3052 dixit
2907 3014 3079 3053 omne
3122 2999 3340 3053 animal
3398 3016 3527 3056 esse
3562 3000 3686 3056 ani-

2039 3095 2284 3145 matum.
2322 3088 2489 3142 Nunc
2523 3089 2571 3143 si
2604 3088 2686 3143 sic
2732 3089 3156 3158 proposuisset,
3208 3094 3359 3143 recte
3416 3090 3684 3146 Socrates

2040 3180 2363 3234 animatum
2398 3193 2526 3233 esse
2566 3175 2960 3242 concluderet,
2994 3176 3073 3231 ita
3104 3177 3383 3233 dicendo:
3416 3178 3683 3236 Socrates

2041 3270 2217 3324 homo
2244 3272 2352 3334 est,
2383 3267 2575 3321 omnis
2608 3266 2782 3322 homo
2817 3266 3035 3321 animal
3058 3272 3166 3334 est,
3192 3272 3248 3322 et
3269 3284 3441 3323 omne
3463 3269 3683 3325 animal

2040 3359 2365 3414 animatum
2398 3361 2507 3423 est,
2538 3357 2806 3412 Socrates
2836 3356 3017 3428 igitur
3046 3357 3343 3413 animatus
3402 3363 3509 3413 est.
3545 3358 3682 3414 Plus

2036 3455 2229 3503 autem
2264 3463 2587 3519 proponere
2618 3446 2724 3501 hoc
2756 3456 2864 3506 est.
2900 3452 2961 3500 ut
2991 3448 3038 3501 si
3066 3448 3201 3518 quis
3228 3449 3311 3501 sic
3338 3448 3526 3503 dicat:
3550 3448 3682 3503 Om-

2035 3537 2126 3593 nis
2160 3538 2333 3592 homo
2366 3534 2587 3591 animal
2617 3543 2725 3600 est,
2757 3550 2930 3590 omne
2959 3535 3176 3589 animal
3210 3536 3533 3591 animatum
3566 3542 3680 3607 est,

2031 3628 2131 3683 sed
2164 3632 2220 3681 et
2250 3626 2335 3682 sol
2365 3626 2425 3681 in
2458 3624 2647 3680 Ariete
2679 3629 2786 3692 est,
2822 3626 3006 3680 omnis
3041 3625 3218 3696 igitur
3247 3626 3421 3682 homo
3458 3626 3676 3682 anima-

2030 3724 2128 3772 tus
2150 3721 2276 3782 est;
2309 3716 2405 3771 hic
2431 3732 2563 3770 vero
2595 3714 2957 3785 superﬂuum
3015 3720 3104 3771 est
3159 3716 3311 3786 quod
3370 3715 3551 3771 solem
3610 3717 3668 3772 in

2028 3806 2217 3862 Ariete
2248 3822 2377 3861 esse
2402 3804 2772 3875 interposuit.
2806 3803 2975 3859 Aliud
3005 3809 3199 3859 autem
3226 3821 3403 3875 quam
3438 3820 3673 3861 necesse

2028 3900 2117 3952 est
2145 3895 2383 3966 quidam
2418 3898 2751 3966 proponunt
2779 3893 2889 3948 hoc
2920 3894 3113 3963 modo,
3149 3899 3209 3948 ut
3241 3895 3291 3949 si
3324 3896 3457 3966 quis
3486 3895 3571 3950 sic
3594 3895 3678 3949 di-

2028 3991 2122 4041 cat
2143 4004 2163 4040 :
2194 3983 2380 4039 Omne
2412 3983 2585 4037 homo
2618 3982 2829 4038 animal
2867 3988 2976 4051 est,
3009 3982 3194 4038 virtus
3224 3988 3419 4038 autem
3454 3984 3675 4039 bonum

2027 4078 2136 4143 est,
2165 4074 2360 4129 omnis
2392 4072 2573 4144 igitur
2602 4072 2776 4127 homo
2807 4070 3131 4127 animatum
3163 4077 3270 4126 est.
3304 4071 3476 4127 Nulla
3503 4073 3683 4144 igitur

2030 4164 2244 4218 harum
2278 4162 2745 4234 propositionum
2780 4162 2849 4215 ad
2882 4177 3003 4215 rem
3040 4160 3288 4231 pertinet
3333 4162 3489 4230 quod
3540 4176 3677 4214 con-

2029 4253 2264 4309 cludere
2282 4252 2571 4323 cupiebat.
2600 4250 2877 4321 Expedita
2907 4249 3085 4320 igitur
3108 4248 3435 4320 syllogismi
3461 4248 3682 4303 difﬁni-

2024 4342 2285 4409 tione,ad
2304 4342 2561 4413 priorum
2602 4340 2909 4395 modorum
2953 4343 3219 4393 naturam
3254 4337 3688 4394 resolutionem-

2023 4448 2138 4503 que
2152 4430 2381 4485 veniam
2392 4435 2545 4499 us,et
2559 4429 2721 4501 prius
2736 4444 2943 4484 omnes
2958 4427 3017 4482 in
3033 4426 3298 4483 ordinem
3312 4428 3684 4500 disponatur.

1662 4524 1866 4580 Prima?
1895 4523 2097 4594 ﬁgurae
2126 4519 2292 4574 modi.

594 4618 829 4674 Primus
1118 4616 1299 4671 Omne
1321 4614 1555 4684 justum
1590 4612 1809 4667 bonum
1843 4616 1951 4667 est.
1985 4609 2186 4668 Omnis
2217 4607 2583 4677 virtusjusta
2611 4610 2719 4663 est.

1119 4704 1323 4761 Omnis
1350 4703 1530 4777 igitur
1557 4702 1746 4758 virtus
1778 4702 1932 4757 bona
1960 4704 2067 4757 est.

596 4798 904 4855 Secundus
1120 4794 1361 4853 Nullum
1391 4794 1609 4848 bonum
1649 4790 1868 4846 malum
1901 4794 2005 4847 est.
2038 4792 2223 4845 Omne
2250 4788 2476 4858 justum
2507 4786 2729 4843 bonum
2761 4789 2873 4843 est.

1120 4882 1359 4939 Nullum
1390 4882 1570 4955 igitur
1592 4882 1826 4953 justum
1861 4879 2082 4935 malum
2113 4882 2221 4934 est.

596 4976 826 5033 Tertius
1119 4972 1303 5028 Omne
1334 4973 1552 5028 bonum
1583 4969 1768 5025 virtus
1800 4976 1908 5024 est.
1933 4967 2233 5036 Quoddam
2260 4966 2491 5037 justum
2519 4965 2739 5019 bonum
2766 4966 2872 5021 est.

1123 5062 1427 5130 Quoddam
1456 5060 1638 5133 igitur
1659 5061 1891 5131 justum
1922 5058 2109 5114 virtus
2140 5060 2249 5111 est.

598 5158 851 5224 Quartus
1120 5152 1359 5209 Nullum
1394 5152 1614 5207 bonum
1648 5148 1869 5204 malum
1900 5152 2009 5204 est.
2040 5146 2344 5211 Quoddam
2368 5145 2597 5216 justum
2632 5143 2851 5200 bonum
2878 5146 2983 5200 est.

1129 5242 1433 5307 Quoddam
1466 5237 1891 5309 igiturjustum
1926 5234 2148 5291 malum
2179 5250 2293 5289 non
2325 5238 2433 5291 est.

598 5335 850 5402 Quintus
1113 5332 1295 5387 Omne
1318 5331 1550 5401 justum
1586 5328 1804 5381 bonum
1838 5328 1946 5380 est.
1980 5323 2183 5379 Omnis
2211 5322 2397 5378 virtus
2422 5322 2588 5392 justa
2615 5324 2725 5377 est.

1120 5421 1419 5488 Quoddam
1451 5416 1633 5489 igitur
1662 5417 1882 5472 bonum
1912 5413 2097 5469 virtus
2127 5417 2234 5469 est.

601 5519 808 5575 Sextus
1113 5511 1352 5569 Nullum
1386 5509 1606 5563 bonum
1633 5506 1854 5562 malum
1882 5508 1990 5561 est.
2025 5505 2210 5559 Omne
2235 5504 2461 5575 justum
2496 5502 2717 5557 bonum
2752 5504 2860 5557 est.

1110 5602 1344 5657 Nullum
1382 5600 1562 5671 igitur
1598 5598 1818 5653 malum
1846 5596 2075 5667 justum
2110 5598 2217 5649 est.

603 5698 898 5772 Septimus
1125 5693 1311 5748 Omne
1340 5690 1560 5746 bonum
1592 5688 1780 5743 virtus
1808 5689 1917 5741 est.
1951 5684 2253 5749 Quoddam
2278 5684 2509 5755 justum
2546 5681 2763 5737 bonum
2800 5683 2911 5734 est.

1128 5780 1405 5846 Quaedam
1439 5779 1623 5852 igitur
1651 5775 1841 5833 virtus
1863 5774 2031 5845 justa
2062 5776 2170 5830 est.
