4070 6170
442 269 551 325 823
1736 273 1834 326 AN
1899 274 2049 327 MAN

2201 273 2323 328 εν.
2365 269 2605 325 ΒΟΕΤΙῙ
3725 273 3808 329 824

775 396 1028 453 Octavus
1279 397 1461 453 Omne
1497 396 1714 454 bonum
1749 398 1982 468 justum
2013 402 2120 453 est.
2158 396 2396 453 Nullum
2432 393 2652 450 malum
2684 395 2906 452 bonum
2939 398 3052 451 est.

1273 487 1576 550 Quoddam
1607 488 1785 558 igitur
1808 488 2044 556 justum
2078 487 2302 542 malum
2336 502 2450 540 non
2485 490 2589 539 est.

771 573 973 632 Nonus
1284 576 1588 638 Quoddam
1624 579 1844 630 bonum
1871 578 2104 646 justum
2140 581 2246 630 est.
2284 575 2523 628 Nullum
2559 573 2779 630 malum
2811 574 3034 629 bonum
3065 578 3182 630 est.

1269 664 1570 728 Quoddim
1600 665 2031 737 igiturjustum
2065 664 2286 720 malum
2315 681 2430 720 non
2463 667 2571 719 est.

1819 773 2082 829 Secunda:
2112 774 2313 843 ﬁgura?
2343 771 2513 826 modi.

773 857 1004 914 Primus
1274 861 1513 916 Nullum
1550 862 1771 917 malum
1805 863 2026 918 bonum
2058 867 2165 917 est.
2201 862 2640 931 Omnejustum
2672 860 2893 916 bonum
2929 863 3038 916 est.

1279 950 1519 1006 Nullum
1554 952 1985 1022 igiturjustum
2021 951 2238 1007 malum
2271 956 2379 1006 est.

772 1038 1082 1094 Secundus
1277 1040 1711 1110 Omnejustum
1735 1041 1954 1097 bonum
1988 1047 2095 1097 est.
2130 1040 2370 1095 Nullum
2404 1037 2628 1095 malum
2658 1039 2874 1094 bonum
2915 1042 3022 1094 est.

1278 1128 1518 1184 Nullum
1551 1131 1733 1202 igitur
1767 1131 1982 1186 malum
2010 1134 2243 1201 justum
2278 1135 2387 1184 est.

779 1216 1013 1272 Tertius
1267 1218 1505 1274 Nullum
1541 1219 1760 1274 malum
1798 1221 2012 1275 bonum
2041 1224 2148 1275 est.
2183 1219 2484 1285 Quoddam
2507 1218 2738 1288 justum
2768 1218 2986 1273 bonum
3019 1221 3126 1275 est.

1272 1309 1574 1373 Quoddam
1607 1309 1785 1380 igitur
1813 1310 2039 1379 iustum
2075 1308 2296 1362 malum
2331 1324 2442 1362 non
2479 1312 2586 1361 est.

779 1397 1034 1459 Quartus
1268 1397 1699 1469 Omuejustum
1730 1401 1950 1453 bonum
1983 1403 2091 1453 est.
2117 1397 2417 1463 Quoddam
2454 1395 2672 1451 malum
2711 1397 2928 1453 bonum
2971 1411 3085 1454 non
3121 1399 3232 1452 est.

1278 1487 1581 1552 Quoddam
1616 1489 1797 1558 igitur
1829 1488 2050 1542 malum
2081 1487 2320 1541 Justum
2358 1501 2470 1540 non
2503 1490 2612 1541 est.

1837 1593 2032 1650 Tertiae
2055 1594 2254 1663 ﬁgura:
2283 1590 2450 1646 modi.

786 1677 1019 1735 Primus
1299 1683 1480 1737 Omne
1511 1682 1730 1738 bonum
1754 1683 1986 1754 justum
2017 1686 2124 1737 est.
2159 1682 2344 1736 Omne
2374 1681 2592 1734 bonum
2624 1678 2811 1734 virtus
2842 1682 2949 1735 est.

1316 1773 1592 1838 Quaedam
1623 1772 1804 1844 igitur
1833 1772 2016 1826 virtus
2041 1773 2208 1841 justa
2240 1778 2347 1825 est.

790 1858 1095 1915 Secundus
1322 1861 1506 1916 Omne
1537 1863 1754 1917 bonum
1784 1862 1972 1916 virtus
2004 1866 2113 1916 est.
2148 1859 2333 1915 Omne
2357 1860 2577 1913 bonum
2601 1859 2834 1928 justum
2867 1861 2976 1914 est.

1330 1949 1634 2012 Quoddam
1670 1950 1846 2020 igitur
1866 1951 2095 2019 justum
2124 1948 2311 2003 virtus
2345 1951 2453 2002 est.

793 2035 1027 2093 Tertius
1333 2039 1573 2096 Nullum
1604 2041 1824 2095 bonum
1848 2039 2070 2095 malum
2102 2042 2209 2093 est.
2244 2040 2421 2091 Omne
2455 2036 2674 2090 bonum
2701 2036 2935 2106 justum
2968 2037 3077 2091 est.

1325 2130 1628 2194 Quoddam
1660 2129 1842 2200 igitur
1863 2130 2096 2199 justum
2130 2125 2352 2181 malum
2387 2142 2499 2180 non
2529 2130 2638 2180 est-

794 2215 1045 2277 Quartus
1325 2219 1626 2282 Quoddam
1659 2219 1878 2273 bonum
1907 2220 2136 2288 justum
2164 2220 2269 2272 est.
2304 2214 2490 2270 Omne
2521 2216 2740 2270 bonum
2772 2214 2956 2270 virtus
2987 2218 3095 2270 cst.

1329 2309 1604 2373 Quasdam
1638 2307 1819 2379 igitur
1847 2308 2035 2362 virtus
2055 2307 2222 2377 justa
2253 2309 2361 2360 θεῖ.

785 2393 1037 2458 Quintus
1327 2395 1511 2451 Omne
1541 2397 1760 2451 bonum
1793 2396 1975 2450 virtus
2006 2400 2113 2450 est.
2147 2395 2450 2459 Quoddam
2472 2392 2694 2448 bonum
2718 2393 2948 2464 justum
2983 2394 3093 2448 est.

1337 2486 1640 2550 Quoddam
1671 2485 1852 2556 igitur
1873 2486 2105 2555 justum
2136 2483 2324 2538 virtus
2353 2486 2460 2538 est.

792 2573 1003 2628 Sextus
1329 2574 1630 2636 Quoddam
1663 2575 1884 2630 bonum
1918 2575 2140 2629 malum
2173 2589 2286 2627 non
2321 2577 2425 2627 est.
2452 2571 2638 2627 Omne
2668 2571 2889 2626 bonum
2913 2571 3148 2641 justum
3183 2574 3291 2627 est.

1329 2665 1630 2728 Quoddam
1664 2665 2097 2736 igiturjustum
2131 2662 2353 2717 malum
2387 2678 2500 2716 non
2534 2666 2644 2716 est.

789 2753 1085 2823 Septimus
1321 2754 1560 2809 Nullum
1594 2755 1814 2809 bonum
1847 2753 2071 2809 malum
2103 2756 2210 2807 est.
2243 2751 2541 2816 Quoddam
2577 2749 3046 2820 bonumjustum
3072 2752 3181 2805 est.

1328 2845 1632 2909 Quoddam
1667 2845 1848 2917 igitur
1870 2845 2103 2915 justum
2137 2842 2359 2896 malum
2393 2857 2507 2896 non
2541 2845 2651 2896 est.

467 2950 535 3005 Hi
563 2950 895 3022 suntigitur
911 2967 1115 3006 omnes
1138 2951 1312 3007 trium
1337 2953 1661 3023 ﬁgurarum
1687 2953 1843 3006 modi
1865 2968 2113 3023 quorum
2147 2956 2200 3021 Α
2231 2949 2468 3016 bantur,
2503 2963 2760 3019 namque
2792 2948 2851 3003 in
2885 2948 3046 3020 ipsos
3074 2946 3487 3003 resolvuntur:
3535 2950 3595 3002 ut
3624 2960 3711 3000 eos
3751 2955 3830 3014 per

468 3041 670 3112 primae
705 3041 906 3111 ﬁgura
938 3046 1189 3111 quatuor
1213 3042 1412 3113 primo:
1436 3041 1994 3097 indemonstrabiles
2020 3059 2121 3096 no-
2231 3038 2668 3094 conversionem
2705 3037 3162 3108 resolvamus,et
3186 3055 3286 3110 per
3309 3035 3822 3109 impossibilitatem,

470 3130 770 3184 minantur
799 3135 856 3184 et
889 3130 1116 3198 directi,
1147 3131 1203 3184 id
1236 3136 1326 3185 est
1356 3131 1483 3186 sine
1507 3131 1705 3203 aliqua
1746 3130 2122 3185 conversione
2232 3133 2296 3182 ut
2340 3129 2454 3182 duo
2511 3128 2593 3181 illi
2627 3128 2902 3198 superius
2933 3128 3318 3183 demonstrati
3351 3134 3515 3193 sunt,
3548 3123 3829 3181 considere-

468 3219 1876 3290 monstrati;indemonstrabilesautemquoniam
1895 3238 2006 3274 non
2024 3237 2123 3290 per
2233 3234 2367 3272 mus
2400 3216 2579 3288 igitur
2618 3234 2816 3271 eorum
2855 3216 3163 3288 principia,
3197 3215 3480 3289 quoniam
3543 3215 3681 3269 unde
3724 3226 3826 3265 nas-

471 3306 617 3362 alios
640 3308 1143 3375 demonstrantur,
1173 3313 1228 3363 et
1253 3309 1490 3380 perfecti
1513 3309 1810 3377 dicuntur,
1842 3309 2117 3380 quoniam
2232 3310 2446 3360 cuntur
2477 3306 2534 3359 in
2569 3305 2825 3376 idipsum
2861 3304 3526 3370 resolvuntur.0uintus
3550 3303 3712 3372 igitur
3739 3297 3828 3370 pri-

470 3412 575 3468 per
596 3396 821 3467 seipsos
847 3398 1324 3469 comprobantur.
1362 3399 1426 3452 Et
1451 3398 1623 3468 primi
1649 3399 1927 3468 quoniam
1962 3399 2120 3468 posi-
2233 3411 2340 3450 mai
2374 3396 2572 3466 figurae
2603 3395 2814 3451 modus
2847 3395 2916 3449 de
2957 3396 3162 3467 prima:
3221 3393 3413 3465 primo
3464 3394 3653 3465 figurae
3695 3386 3831 3443 modo

471 3486 629 3541 tione
657 3489 714 3540 et
747 3493 955 3540 natura
988 3487 1160 3557 primi
1195 3491 1356 3552 sunt,
1386 3493 1444 3542 et
1471 3487 1528 3540 in
1557 3503 1654 3541 eos
1695 3503 1899 3542 omnes
1931 3488 2118 3542 caeteri
2234 3490 2592 3558 procreatur.
2628 3485 2788 3540 Binis
2821 3486 2978 3540 enim
3031 3485 3536 3557 propositionibus
3584 3479 3828 3554 prioribus

470 3574 1218 3647 resolvunturJlliquoque
1235 3577 1497 3647 quinque
1524 3577 1721 3646 prima:
1744 3577 1940 3646 figurae
1964 3577 2120 3631 modi
2235 3576 2632 3644 manentibus,
2669 3575 2965 3631 conclusio
2999 3577 3171 3647 primi
3233 3576 3392 3630 modi
3447 3568 3827 3647 particulariter

473 3665 797 3736 imperfecti
829 3671 884 3720 et
907 3683 1008 3736 per
1031 3668 1468 3721 conversionem
1493 3671 1652 3721 sunt.
1681 3666 1960 3719 Secundae
1990 3683 2120 3721 vero
2233 3681 2511 3720 conversa
2569 3665 2844 3736 quintum
2903 3665 3084 3719 efﬁcit
3142 3663 3575 3736 syllogismum,
3610 3658 3742 3733 quod
3787 3655 3829 3707 in

475 3755 698 3826 ﬁgurae,
729 3757 815 3809 vel
850 3759 1054 3823 tertiae,
1079 3772 1283 3810 omnes
1307 3757 1627 3825 imperfecti
1654 3762 1812 3823 sunt,
1840 3756 2119 3826 quoniam
2232 3756 2498 3825 subjecta
2529 3756 2858 3811 declaratur
2887 3755 3321 3827 descriptione:

471 3861 574 3915 per
604 3845 827 3916 primos
859 3846 1063 3917 prima;
1099 3847 1296 3918 figurae
1333 3847 1533 3901 modos
1567 3853 1819 3917 quatuor
1849 3863 2118 3918 compro-

1047 3953 1479 4024 Omnejustum
1511 3955 1728 4008 bonum
1762 3958 1852 4008 est
2033 3955 2235 4009 eadem
2419 3956 2600 4010 Omne
2623 3956 2858 4025 justum
2890 3955 3106 4009 bonum
3139 3958 3250 4010 θεῖ.

1041 4043 1241 4099 Omnis
1273 4044 1459 4097 virtus
1483 4045 1649 4113 justa
1682 4049 1771 4097 est
2032 4045 2234 4100 eadem
2416 4046 2609 4100 Omnis
2640 4045 2826 4099 virtus
2856 4045 3018 4115 justa
3046 4048 3154 4099 est.

1041 4136 1244 4190 Omnis
1277 4134 1461 4188 virtus
1497 4135 1647 4188 bona
1677 4138 1766 4188 est
2033 4151 2201 4189 versa
2420 4135 2723 4198 Quoddam
2759 4135 2971 4190 bonum
3005 4134 3191 4189 virtus
3222 4137 3332 4189 est.

478 4243 686 4300 Sextus
715 4258 850 4298 vero
869 4241 1069 4314 primae
1094 4241 1288 4314 ﬁgura:
1311 4241 1520 4297 modus
1545 4241 1614 4294 de
1637 4241 1892 4295 secundo
1917 4241 2116 4311 primae
2151 4246 2194 4307 Β
2223 4241 2431 4297 versali
2463 4241 2838 4297 conclusione
2887 4239 3297 4297 universaliter
3347 4255 3638 4305 conversa,
3679 4236 3836 4290 sextus

481 4333 680 4403 figura:
713 4332 886 4387 modo
924 4331 1083 4403 capit
1140 4331 1517 4404 principium.
1554 4329 1924 4385 Manentibus
1973 4330 2131 4386 enim
2244 4331 2505 4386 nascitur
2535 4330 2936 4402 syllogismus,
2971 4335 3029 4387 ut
3063 4330 3330 4402 subjecta
3356 4331 3522 4386 docet
3542 4321 3834 4395 descriptio:

481 4422 709 4476 duabus
723 4421 1018 4492 prioribus
1040 4420 1539 4492 propositionibus
1555 4420 1797 4475 secundi
1813 4419 2130 4487 modi,uni-

1055 4525 1293 4581 Nullum
1325 4527 1544 4581 bonum
1579 4526 1801 4582 malum
1836 4531 1925 4582 est
2034 4528 2238 4583 eadem
2384 4526 2634 4582 Nullum
2668 4527 2888 4583 bonum
2923 4526 3144 4582 malum
3179 4532 3280 4582 est.

1061 4615 1240 4670 Omne
1265 4617 1495 4684 justum
1528 4616 1747 4670 bonum
1772 4621 1860 4671 est
2034 4620 2241 4673 eadem
2389 4617 2574 4672 Omne
2606 4617 2827 4686 justum
2863 4617 3081 4672 bonum
3115 4621 3222 4671 est.

1060 4703 1302 4758 Nullum
1327 4705 1559 4773 justum
1593 4705 1816 4760 malum
1849 4708 1935 4759 est
2046 4722 2213 4762 versa
2393 4705 2637 4760 Nullum
2674 4705 2895 4760 malum
2921 4706 3149 4775 justum
3184 4708 3288 4759 est.

482 4811 774 4881 Septimus
797 4811 1008 4866 modus
1033 4811 1233 4882 prima
1257 4813 1457 4883 ﬁgurze
1482 4812 1736 4866 detertio
1760 4812 1959 4882 prima:
1985 4813 2134 4882 ﬁgu-
2257 4813 2519 4867 tionibus
2539 4813 2856 4883 prioribus,
2883 4811 3215 4883 particulari
3233 4809 3576 4866 affirmativa
3596 4807 3646 4861 in
3660 4795 3833 4858 conclu-

483 4917 560 4955 raa
591 4900 856 4954 nascitur
889 4902 1080 4955 modo.
1106 4901 1479 4955 Manentibus
1505 4901 1663 4955 enim
1691 4900 1846 4955 binis
1871 4902 2138 4972 proposi-
2255 4902 2420 4958 sione
2444 4919 2747 4965 conversa,
2773 4902 3008 4972 septimi
3034 4901 3190 4956 modi
3209 4900 3509 4956 collocatio
3529 4893 3826 4969 procreatur,

1059 5007 1238 5062 Omne
1270 5007 1487 5060 bonum
1519 5007 1704 5061 virtus
1737 5012 1825 5061 est
2044 5009 2246 5064 eadem
2440 5011 2624 5064 Omne
2660 5011 2876 5064 bonum
2911 5007 3095 5064 virtus
3127 5021 3235 5063 est.

1054 5096 1600 5164 Quodriamjustum
1625 5097 1842 5150 bonum
1870 5100 1958 5151 est
2036 5099 2244 5154 eadem
2442 5101 2742 5164 Quoddam
2773 5100 3005 5170 justum
3039 5099 3256 5152 bonum
3290 5101 3395 5152 est.

1053 5185 1351 5248 Quoddam
1379 5187 1608 5254 justum
1644 5185 1828 5239 virtus
1857 5189 1946 5242 est
2033 5189 2282 5244 vertitur
2441 5189 2717 5252 Quaedam
2746 5191 2931 5243 virtus
2953 5189 3118 5259 justa
3144 5192 3252 5243 est.

480 5293 731 5349 Octavus
752 5309 887 5347 vero
911 5297 966 5346 et
988 5309 1178 5346 nonus
1206 5291 1399 5360 primae
1425 5293 1626 5363 figurae
1651 5295 1860 5348 modus
1885 5294 1942 5348 in
1964 5312 2132 5364 quar-
2241 5297 2552 5351 versaliter
2583 5313 2887 5361 conversa,
2923 5299 2978 5349 et
3012 5295 3198 5365 prima
3259 5289 3632 5364 propositione
3679 5280 3820 5333 octaw

473 5388 598 5438 tum
627 5381 828 5453 primae
865 5382 1061 5452 ﬁgurae
1096 5383 1334 5436 modum
1372 5383 1761 5448 resolvuntur,
1795 5401 1908 5437 non
1953 5386 2128 5439 etiam
2244 5385 2400 5439 modi
2438 5385 2871 5453 particulariter
2899 5385 2955 5437 in
2991 5384 3316 5438 secundum
3351 5377 3532 5454 quarti
3560 5368 3690 5428 modi

482 5473 713 5527 initium
749 5477 1012 5526 sumunt.
1045 5471 1289 5526 Octavus
1309 5472 1694 5527 resolviturin
1721 5478 1996 5543 quartum
2023 5473 2130 5528 hoc
2240 5491 2431 5538 versa,
2463 5475 2665 5530 eadem
2699 5473 2996 5530 conclusio
3029 5471 3345 5542 colligitur,
3371 5453 3382 5454 ί
3405 5469 3460 5524 id
3513 5467 3592 5520 est
3638 5453 3813 5525 Degam

477 5562 678 5617 modo:
716 5562 904 5632 prima
925 5561 1080 5618 enim
1113 5561 1310 5634 quarti
1337 5563 1396 5617 in
1430 5563 1756 5619 secundam
1788 5563 1973 5618 octavi
2003 5565 2132 5618 uni-
2246 5562 2640 5635 particularis.
