4056 6176
214 379 326 433 825

1379 382 1476 434 DE
1515 383 1599 436 ΒΥ
1608 381 1966 440 LLOGISMO
2000 383 2186 437 CATE
2193 381 2480 437 GORICO'.

3528 371 3635 425 826

930 503 1171 560 Nullum
1203 505 1422 562 bonum
1457 505 1678 562 malum
1709 509 1819 577 est,
1852 506 2084 578 negatio
2118 506 2490 562 universalis.

930 597 1232 660 Quoddam
1258 600 1490 667 justum
1526 599 1744 650 bonum
1776 604 1882 661 est,
1921 598 2288 668 particularis
2322 594 2656 651 alﬁrmatio'

932 685 1347 742 Universaliter
1380 704 1682 755 conversa,
1717 688 1901 743 Omne
1933 690 2150 743 bonum
2176 688 2408 757 justum
2443 692 2546 741 est.

935 775 1343 830 Universaliter
1374 793 1675 840 conversa,
1706 777 1946 832 Nullum
1974 780 2196 831 malum
2233 779 2452 831 bonum
2488 779 2598 832 est.

933 867 1235 931 Quoddam
1260 868 1492 935 justum
1529 867 1751 922 malum
1785 884 1898 920 non
1931 870 2037 931 est,
2070 871 2268 922 eadem
2300 865 2623 931 conclusio,

931 957 1192 1019 Quodam
1216 958 1450 1027 justum
1487 958 1704 1012 malum
1736 973 1848 1011 non
1882 960 1991 1011 est.

210 1045 565 1101 Nonusvero
582 1044 865 1100 modusin
882 1047 1856 1117 quartummodumresolvitursic,
1891 1055 1941 1114 Α
1971 1045 2113 1100 riter
2142 1045 2200 1100 in
2235 1045 2485 1116 primam
2520 1044 2680 1112 noni,
2711 1047 2766 1099 et
2805 1042 3009 1098 eadem
3049 1034 3346 1096 conclusio
3376 1036 3609 1090 maneat

212 1136 408 1206 prima
426 1135 621 1208 quarti
648 1136 708 1190 in
731 1138 1054 1192 secundam
1081 1139 1216 1193 noni
1243 1139 1703 1210 propositionem
1729 1140 1864 1194 uni-

207 1224 518 1282 versatiter
548 1231 942 1291 convertatur,
968 1233 1024 1282 et
1041 1229 1300 1283 secunda
1321 1229 1515 1297 quarti
1542 1229 1864 1300 particula-

1976 1138 2204 1210 negatio
2236 1137 2624 1209 particularis.

933 1315 1172 1371 Nullum
1202 1319 1421 1372 bonum
1455 1319 1677 1373 malum
1708 1324 1818 1385 est,
1852 1317 2197 1375 universalis
2228 1317 2524 1389 negativa.

930 1406 1232 1469 Quoddam
1256 1409 1487 1478 justum
1519 1409 1738 1464 bonum
1764 1414 1871 1476 est,
1909 1409 2273 1481 particularis
2305 1406 2677 1463 at'ﬁrmativa.

929 1497 1368 1553 Particulariter
1397 1515 1693 1554 conversa.
1727 1500 2031 1564 Quoddam
2065 1501 2282 1555 bonum
2305 1500 2538 1570 justum
2574 1501 2684 1552 est.

934 1585 1350 1642 Universaliter
1380 1604 1676 1658 conversa,
1711 1587 1948 1644 Nullum
1984 1589 2204 1644 malum
2241 1591 2460 1644 bonum
2496 1592 2609 1643 est.

933 1678 1486 1747 Quoddamjustum
1520 1677 1739 1733 malum
1774 1695 1887 1733 non
1917 1684 2025 1748 est,
2061 1680 2265 1734 eadem
2298 1678 2594 1734 conclusio
2629 1694 2644 1732 :

933 1769 1241 1834 Quoddam
1261 1773 1493 1840 justum
1528 1769 1752 1824 malum
1777 1787 1890 1825 non
1919 1774 2028 1826 est.

211 1858 514 1915 Resolutis
536 1857 712 1928 igitur
727 1858 986 1930 quinque
1001 1859 1202 1930 prima
1219 1858 1416 1930 ﬁgura
1439 1859 1628 1913 modis
1651 1860 1706 1913 in
1726 1875 1867 1929 qua-

208 1953 352 2004 tuor
372 1948 796 2020 superioribus,
821 1949 1090 2003 secunda
1108 1947 1303 2018 ﬁgura
1321 1952 1573 2019 quatuor
1588 1949 1791 2003 modos
1805 1948 1864 2004 in

207 2038 430 2111 prioris
462 2039 664 2110 ﬁgura
686 2039 888 2094 modos
911 2043 1167 2109 quatuor
1199 2037 1582 2105 resolvamus,
1608 2053 1865 2108 quorum

206 2132 333 2184 tres
369 2144 471 2199 per
489 2129 929 2184 conversionem
954 2128 1297 2198 probantur.
1322 2129 1575 2192 Quartus
1601 2143 1733 2182 vero
1761 2143 1862 2198 per

1975 1859 2059 1912 da
2077 1857 2273 1929 ﬁgura
2288 1858 2586 1913 secundus
2600 1857 2808 1912 modus
2827 1857 2883 1911 in
2898 1852 3224 1910 secundum
3243 1847 3455 1923 prioris
3477 1847 3630 1918 figu-

1975 1963 2054 2003 ra
2088 1949 2322 2003 modum
2372 1947 2762 2015 resolvuntur,
2794 1949 2849 2001 et
2887 1943 3197 1999 resolvitur
3245 1939 3474 2010 primus
3506 1936 3613 1991 sic.

1976 2036 2267 2093 Conversa
2295 2037 2450 2093 enim
2485 2037 2676 2108 prima
2708 2032 3022 2090 universali
3053 2030 3361 2100 negatione
3394 2026 3629 2081 univer-

1977 2126 2197 2197 saliter,
2218 2132 2273 2182 et
2295 2131 2570 2181 manente
2592 2123 2851 2180 secunda
2868 2120 3184 2178 universali
3203 2114 3619 2185 afﬁrmatione,

203 2217 404 2274 solam
438 2216 994 2290 impossibilitatem.
1027 2220 1102 2271 At
1132 2233 1262 2272 vero
1316 2216 1545 2288 primus
1577 2219 1632 2271 et
1660 2233 1868 2272 secun-
1900 2195 1948 2258 Β
1979 2195 2191 2272 eadem
2215 2215 2512 2273 conclusio
2546 2224 2927 2284 utrorumque
2959 2211 3239 2267 nescitur.

1651 2334 1877 2389 Primus
1907 2332 2180 2388 secunda.

687 2449 927 2507 Nullum
962 2450 1182 2506 bonum
1218 2448 1441 2504 malum
1475 2454 1566 2506 est
1781 2466 2060 2505 conversa
2275 2449 2515 2505 Nullum
2551 2448 2770 2504 malum
2805 2448 3027 2503 bonum
3060 2449 3168 2501 est.

683 2543 867 2596 Omne
891 2541 1125 2610 justum
1161 2540 1377 2594 bonum
1411 2543 1503 2594 est
1780 2541 1983 2595 eadem
2272 2539 2705 2610 Omnejustnm
2741 2541 2959 2593 bonum
2997 2539 3113 2591 est.

682 2629 1172 2698 Nullumjustum
1208 2629 1427 2684 malum
1461 2634 1552 2684 est
1783 2629 1989 2684 eadem
2277 2628 2516 2683 Nullum
2545 2630 2769 2698 justum
2805 2625 3025 2681 malum
3057 2627 3166 2680 est.

199 2720 490 2778 Secunda
508 2720 703 2791 ﬁgura
720 2720 1014 2774 secundus
1033 2721 1243 2774 modus
1261 2720 1314 2774 in
1343 2720 1542 2791 prima
1567 2721 1765 2791 ﬁgura
1782 2736 1867 2775 se-

212 2812 480 2868 cundum
515 2811 753 2864 modum
788 2808 1097 2864 resolvitur
1128 2810 1249 2864 sic:
1301 2826 1583 2864 conversa
1619 2795 1874 2864 secunda

679 2898 942 2954 Nulllum
977 2900 1190 2953 bonum
1225 2898 1447 2954 malum
1481 2904 1571 2954 est

683 2991 867 3043 Omne
890 2990 1120 3059 justum
1150 2989 1368 3042 bonum
1401 2994 1490 3043 est
1522 3005 1646 3044 ma-

685 3078 918 3132 Nullum
944 3079 1174 3148 justum
1214 3078 1433 3132 malum
1465 3082 1555 3133 est

202 3166 448 3224 Tertius
476 3183 608 3222 vero
640 3168 909 3222 secunda
942 3169 1142 3238 ﬁgura
1167 3169 1396 3233 modus,
1426 3169 1496 3222 de
1521 3172 1731 3238 quarto
1751 3169 1864 3238 pri-

206 3267 322 3305 ma
348 3250 545 3321 ﬁgura
566 3255 921 3320 procreatur.
947 3249 1016 3304 Ut
1033 3249 1190 3304 enim
1211 3249 1614 3304 universaliter
1637 3253 1868 3322 negatio

206 3340 274 3395 in
311 3340 563 3411 primam
618 3340 1077 3411 propositionem
1112 3339 1522 3395 universaliter
1568 3347 1865 3397 converta-

686 3428 926 3485 Nullum
965 3430 1181 3484 bonum
1216 3429 1438 3483 malum
1472 3434 1562 3486 est

688 3519 991 3584 Quoddam
1018 3519 1250 3589 justum
1284 3520 1503 3574 bonum
1538 3523 1625 3575 est

1790 2943 1842 2998 Χ

1772 3092 2053 3133 conversa

1778 3448 2056 3489 conversa

1770 3521 1981 3578 similis

688 3610 993 3674 Quoddam
1023 3610 1247 3677 justum
1283 3609 1501 3664 malum
1537 3627 1651 3665 non
1685 3616 1773 3666 est
1803 3614 2007 3669 eadem

1988 2717 2406 2788 propositione,
2429 2723 2484 2773 et
2513 2718 2771 2773 secunda
2795 2715 2983 2788 prima
3008 2716 3301 2780 manente,
3321 2709 3628 2766 universa-

1985 2806 2120 2861 liter
2153 2807 2217 2860 ﬁt
2247 2823 2525 2862 conversa
2559 2805 2878 2861 conclusio.

2046 2900 2144 2950 net
2430 2895 2610 2950 Omne
2633 2898 2861 2965 justum
2894 2893 3115 2948 bonum
3146 2895 3255 2946 est.

2148 3001 2428 3042 conversa
2537 2985 2776 3040 Nullum
2806 2983 3024 3039 malum
3057 2983 3274 3036 bonum
3309 2981 3418 3035 est.

2376 3075 2614 3129 Nullum
2651 3074 2871 3128 malum
2896 3075 3123 3143 justum
3158 3075 3269 3125 est.

1980 3171 2098 3227 tur,
2131 3168 2186 3219 et
2217 3166 2487 3219 secunda
2514 3163 2942 3236 propositiones
2969 3158 3420 3216 maneantidem
3446 3155 3634 3226 syllo-

1979 3255 2157 3325 gismi
2189 3255 2477 3309 terminus
2510 3254 2946 3325 propositioque
2970 3250 3267 3320 colligitur
3289 3249 3398 3304 hoc
3415 3248 3586 3303 modo
3613 3261 3625 3301 :

2379 3432 2618 3488 Nullum
2654 3431 2877 3486 malum
2910 3431 3131 3486 bonum
3164 3433 3271 3485 est.

2375 3524 2928 3589 Quoddamjustum
2962 3522 3182 3576 bonum
3215 3523 3322 3574 est.

2371 3613 2673 3678 Quoddam
2700 3613 2934 3682 justum
2969 3610 3193 3666 malum
3225 3625 3340 3664 non
3373 3611 3483 3663 est.

205 3704 466 3768 Quartus
491 3699 984 3754 modussecunda
1001 3700 1199 3770 ﬁgura
1215 3700 1629 3770 quoniamjam
1652 3703 1860 3772 primo,
1895 3706 1936 3771 C
1977 3719 2150 3759 omne
2180 3704 2400 3758 bonum
2452 3703 2638 3757 virtus
2671 3706 2781 3758 est.
2835 3702 2913 3755 Ex
2945 3701 3037 3755 his
3067 3700 3249 3770 igitur
3294 3696 3627 3761 concludat,

203 3807 346 3848 cum
383 3792 571 3844 factus
588 3795 678 3844 est
706 3807 806 3860 per
828 3789 1286 3852 conversionem,
1311 3789 1367 3842 in
1395 3791 1718 3860 superioris
1745 3792 1862 3860 pri-

203 3899 317 3937 ma
354 3880 551 3950 ﬁgura
587 3879 825 3933 modum
865 3879 1185 3948 retorqueri
1216 3895 1327 3931 non
1363 3885 1607 3949 poterat,
1634 3882 1731 3933 sed
1763 3897 1863 3951 per

201 3968 579 4039 impossibile
606 3967 1072 4021 demonstratum
1099 3970 1210 4033 est,
1246 3966 1338 4020 hic
1365 3984 1591 4036 quo-ine
1627 3985 1726 4039 per
1749 3970 1859 4024 im-

205 4059 497 4133 possibile
512 4059 579 4111 ad
599 4058 928 4126 superiores
952 4057 1488 4123 reduciturmodos,
1514 4060 1861 4128 etquoniam

205 4164 419 4205 omnes
453 4147 719 4202 secunda
756 4147 950 4217 ﬁgura
988 4147 1141 4200 modi
1180 4161 1278 4216 per
1310 4146 1676 4216 impossibile
1701 4165 1863 4203 mon-

204 4242 498 4303 strantur,
552 4235 765 4289 idcirco
799 4251 904 4289 nos
951 4251 1178 4304 quoque
1208 4235 1553 4290 inchoantes
1590 4253 1621 4290 a
1653 4244 1861 4308 quarto

201 4343 419 4383 omnes
437 4342 536 4398 per
558 4324 926 4396 impossibile
941 4327 1326 4379 resolvemus.
1348 4324 1490 4379 Nam
1517 4333 1762 4396 quartus
1781 4343 1862 4381 se-

205 4418 419 4474 cunda
455 4416 657 4487 ﬁgura
685 4415 893 4470 modus
926 4414 982 4468 in
1018 4417 1273 4485 primum
1297 4414 1497 4485 prima
1530 4415 1730 4486 ﬁgura
1760 4432 1859 4470 re-

206 4507 465 4563 solvitur
486 4520 587 4576 per
608 4502 1171 4574 impossibilitatem,
1190 4504 1395 4557 tertius
1425 4503 1482 4558 in
1509 4505 1859 4574 secundum,

205 4595 515 4652 secundus
549 4593 602 4648 iri
627 4592 1134 4663 tertium,primus
1164 4591 1221 4647 in
1240 4596 1538 4664 quartum,
1566 4595 1718 4664 quod
1751 4595 1859 4650 hoc

208 4687 390 4741 modo
421 4683 687 4754 liquebit.
723 4681 782 4736 Si
814 4681 945 4753 quis
977 4698 1109 4751 ergo
1141 4682 1287 4737 duas
1320 4682 1465 4737 istas
1504 4685 1857 4740 concesserit

210 4772 673 4847 propositiones,
724 4771 776 4824 id
813 4778 920 4836 est,
971 4787 1143 4825 omne
1177 4771 1394 4825 bonum
1447 4773 1632 4827 virtus
1665 4779 1774 4839 est,
1808 4779 1865 4830 et

204 4863 516 4935 quoddam
551 4861 774 4930 iustum
792 4861 977 4914 virtus
994 4866 1232 4924 nonest,
1263 4877 1499 4915 necesse
1523 4867 1612 4915 est
1634 4879 1864 4932 quoque

205 4949 653 5008 conclusionem
715 4950 995 5003 concedat
1027 4965 1152 5018 qua
1202 4953 1312 5013 est,
1347 4951 1644 5019 quoddam
1677 4950 1858 5021 igitur

199 5044 446 5115 justum
483 5042 700 5093 bonum
718 5055 831 5092 non
865 5043 974 5092 est.
999 5037 1142 5092 Nam
1162 5039 1209 5092 si
1229 5039 1347 5093 hac
1367 5039 1512 5093 falsa
1537 5045 1644 5101 est.
1671 5041 1780 5095 erit
1810 5044 1859 5097 ei

207 5131 623 5199 contrajacens
647 5145 779 5182 vera
802 5144 927 5198 qua
943 5133 1050 5190 est,
1073 5129 1484 5197 omnejustum
1510 5129 1730 5184 bonum
1754 5141 1867 5199 est,

210 5223 315 5278 sed
335 5220 496 5274 illam
521 5217 813 5273 concessit
829 5234 950 5286 qua
970 5221 1059 5271 est
1081 5216 1475 5288 primaquarti
1492 5218 1670 5288 modi,
1687 5219 1741 5274 id
1758 5225 1868 5287 est,

685 5323 870 5378 Omne
903 5323 1118 5377 bonum
1145 5322 1327 5377 virtus
1358 5329 1449 5378 est

683 5412 984 5475 Quoddam
1007 5415 1237 5482 justum
1263 5414 1448 5468 virtus
1482 5431 1596 5469 non
1628 5421 1714 5470 est

682 5503 984 5566 Quoddam
1020 5502 1198 5573 igitur
1221 5505 1448 5569 justum
1476 5505 1694 5560 bonum
1724 5524 1838 5562 non
1870 5513 1958 5564 est

207 5598 427 5653 Tertus
461 5591 729 5648 secunda
751 5591 948 5661 ﬁgura
985 5593 1196 5647 modus
1211 5595 1468 5648 secundo
1494 5595 1690 5665 prima
1719 5599 1866 5669 ﬁgu-

208 5707 288 5746 ra
325 5687 498 5743 modo
526 5685 609 5741 sic
641 5683 951 5740 resolvitur
979 5701 992 5738 :
1025 5684 1074 5741 si
1107 5701 1243 5756 quis
1275 5685 1422 5742 duas
1455 5688 1679 5757 primas
1708 5690 1864 5745 tertii

1949 5329 2149 5385 eadem

1973 3810 2144 3848 omne
2172 3792 2354 3864 igitur
2375 3791 2607 3862 justum
2641 3792 2830 3845 virtus
2860 3796 2969 3844 est.
3006 3790 3116 3845 Sed
3141 3788 3304 3860 prius
3333 3784 3626 3841 concessit

1974 3883 2163 3953 quarti
2184 3883 2336 3936 modi
2352 3882 2678 3936 secundum
2706 3877 3628 3952 propositionem,quaest,quod-

1976 3974 2359 4042 damjustum
2393 3979 2576 4026 Virtus
2593 3988 2703 4025 non
2733 3970 3024 4026 est.Nunc
3057 3985 3189 4023 vero
3215 3967 3622 4024 conceditom-

1975 4079 2045 4116 ne
2068 4064 2299 4131 justum
2329 4062 2511 4115 virtus
2541 4062 2811 4127 est,duas
2827 4059 2936 4114 sibi
2963 4055 3621 4128 contrajacentessim'il

1974 4152 2359 4206 conclusurus
2390 4155 2496 4215 est,
2531 4150 2684 4220 quod
2721 4148 2841 4203 ﬁeri
2878 4165 2991 4202 non
3028 4151 3238 4216 potest.
3273 4145 3389 4199 Hoc
3421 4150 3618 4198 autem

1973 4239 2192 4294 idcirco
2222 4239 2432 4306 evenit,
2465 4239 2602 4310 quia
2623 4237 2920 4291 conclusio
2942 4241 3132 4306 quarti
3172 4233 3327 4288 modi
3353 4235 3410 4286 in
3435 4233 3610 4303 primi

1974 4331 2131 4385 modi
2156 4330 2474 4385 secundam
2493 4327 2947 4398 propositionem
2966 4341 3242 4380 conversa
3255 4327 3343 4377 est
3358 4339 3369 4375 :
3387 4323 3544 4392 quod
3561 4323 3610 4377 si

1974 4420 2233 4475 secunda
2249 4418 2566 4490 propositio
2587 4416 2759 4488 primi
2775 4415 2928 4470 modi
2945 4415 3000 4468 in
3027 4413 3217 4486 quarti
3244 4411 3622 4468 conclusione

1976 4525 2091 4563 non
2125 4507 2443 4579 colligitur,
2472 4506 2662 4577 quarti
2689 4504 3008 4570 conclusio,
3040 4504 3096 4558 id
3129 4507 3218 4559 est
3250 4500 3624 4574 particularis

1974 4598 2227 4668 negatio,
2284 4595 2668 4668 permanebit.
2718 4594 2827 4649 Sed
2859 4610 2928 4648 ne
2978 4593 3124 4648 forte
3157 4609 3264 4648 nos
3315 4592 3624 4647 conturbet

1974 4690 2126 4760 quod
2151 4688 2297 4743 alios
2320 4687 2604 4742 terminos
2637 4687 2694 4740 in
2724 4685 3069 4741 resolvenda
3093 4684 3265 4740 modo
3292 4683 3620 4754 posuimus,

1975 4794 2152 4850 quam
2185 4777 2459 4849 superius
2482 4777 2540 4832 in
2573 4775 2975 4848 disponendo;
3010 4791 3126 4829 non
3156 4773 3310 4828 enim
3359 4773 3532 4828 modo
3565 4772 3623 4826 in

1973 4869 2243 4922 terminis
2272 4867 2631 4932 laboramus,
2655 4867 2754 4920 sed
2783 4866 2837 4918 in
2870 4864 3077 4935 ﬁguris
3101 4869 3157 4918 et
3181 4862 3369 4917 modis
3391 4867 3448 4917 et
3465 4878 3623 4917 com-

1975 4955 2342 5028 plexionibus
2373 4955 2786 5010 construendis
2805 4960 2981 5025 atque
3009 4952 3368 5008 resolvendis
3384 4968 3621 5023 operam

1973 5045 2402 5100 consumimus.
2440 5044 2650 5099 Eodem
2687 5043 2858 5097 modo
2880 5050 2938 5097 et
2960 5044 3152 5098 cateri
3185 5043 3456 5098 secunda
3481 5041 3620 5113 ﬁgu-

1979 5134 2038 5188 in
2073 5136 2293 5206 primos
2322 5139 2575 5205 quatuor
2607 5132 2998 5189 resolvuntur.

2365 5333 2548 5384 Omne
2582 5330 2801 5383 bonum
2833 5328 3018 5383 virtus
3049 5333 3159 5383 est.

2337 5422 2521 5474 Omne
2546 5420 2774 5487 justum
2810 5418 3027 5472 bonum
3062 5422 3169 5473 est.

2352 5509 2536 5563 Omne
2567 5507 2746 5578 igitur
2769 5508 3000 5577 justum
3031 5508 3217 5561 virtus
3249 5511 3355 5561 est.

1982 5600 2135 5655 modi
2162 5599 2534 5665 concesserit,
2563 5598 2976 5669 particularem
3006 5614 3239 5668 quoque
3258 5594 3622 5667 negationem

1977 5688 2304 5756 concludat,
2329 5704 2457 5758 qua
2480 5690 2586 5754 est,
2613 5686 2910 5756 quoddam
2933 5686 3114 5756 igitur
3134 5685 3368 5754 justum
3398 5683 3620 5741 bonum
