4070 6170
519 360 624 414 827
1799 363 1915 414 AN.
1958 360 2180 413 MANL.
2221 358 2381 412 SEV.
2423 360 2660 414 BOBTII
3753 361 3832 417 828

519 504 634 543 non
658 489 766 542 est.
797 485 942 542 Nam
971 486 1018 542 si
1038 486 1157 540 haec
1181 485 1326 540 falsa
1349 490 1584 542 estvera
1607 487 1716 542 erlt
1738 487 2166 556 contrajacens.
2201 487 2254 552 Α
2284 500 2440 538 nunc
2470 501 2602 539 vero
2665 481 2892 538 nullum
2921 484 3156 555 justum
3207 481 3421 538 malum
3480 487 3579 553 est,
3609 485 3726 542 duas
3751 488 3834 542 sibi

520 595 647 650 qua)
670 582 777 642 est,
806 578 1213 646 omnejustum
1236 577 1449 631 bonum
1475 583 1582 632 est.
1600 578 1705 633 Sed
1726 579 1902 632 etiam
1921 577 2018 630 illa
2032 593 2173 630 con-
2287 575 2772 642 contrajacentes,
2790 591 2905 629 uno
2921 573 3471 644 temporeconcedit,
3489 575 3621 645 quod
3641 574 3740 629 ﬁeri
3754 594 3838 632 non

518 683 682 721 cessa
714 671 822 732 θεῖ,
858 683 982 736 qua:
1017 671 1129 729 θεῖ,
1168 667 1397 720 nullum
1443 670 1661 722 bonum
1699 667 1921 722 malum
1953 672 2062 722 est.
2099 665 2176 718 Ex
2287 668 2494 734 potest.
2530 663 2771 717 Sublata
2803 663 2984 734 igitur
3017 663 3333 718 universali
3367 665 3718 732 conclusione,
3748 683 3839 736 que

516 753 760 824 hisergo
784 755 1349 825 colligitur,nullum
1376 757 1793 826 igiturjustum
1815 757 2034 810 malum
2064 760 2171 809 est.
2286 758 2394 819 est,
2430 753 2837 822 omnejustum
2865 754 3082 808 bonum
3100 753 3530 815 est,remanebit
3552 754 3842 824 particularis

516 842 625 896 Sed
643 843 806 912 prius
828 860 1105 898 concessa
1121 847 1808 916 erat,quoddamjustum
1829 846 2046 899 malum
2062 847 2172 909 θεῖ,
2286 842 2538 910 negatio,
2573 859 2699 912 qua:
2731 847 2839 906 est,
2863 844 3152 912 quoddam
3179 844 3408 913 justum
3433 842 3628 896 bonum
3649 860 3742 896 non
3766 849 3843 898 est.

985 933 1223 987 Nullum
1262 939 1477 989 bonum
1515 937 1732 989 malum
1767 942 1857 989 est
2284 946 2572 985 concessa
2861 931 3099 985 Nullum
3136 933 3352 985 bonum
3388 931 3593 984 malum
3623 936 3711 985 est.

985 1021 1287 1085 Quoddam
1316 1024 1546 1092 justum
1582 1024 1798 1078 malum
1829 1029 1919 1077 est
2275 1020 2591 1088 contrajac.
2847 1019 3031 1074 Omne
3055 1020 3284 1089 justum
3321 1019 3530 1073 bonum
3553 1024 3648 1072 θεῖ.

984 1109 1728 1182 Quoddamigiturjustum
1749 1113 1968 1166 bonum
1999 1127 2112 1165 non
2128 1112 2500 1180 est,permut.
2531 1108 2848 1177 contrajac.
2883 1108 3119 1162 Nullum
3147 1125 3279 1176 ergo
3311 1109 3532 1179 justum
3565 1106 3754 1161 malum
3771 1112 3846 1163 est.

513 1215 817 1270 Secundus
863 1217 1133 1270 secundae
1168 1218 1364 1288 ﬁgura:
1400 1219 1456 1272 in
1494 1219 1666 1274 tertio
1721 1219 1920 1288 prima:
1972 1219 2170 1288 ﬁgurae
2280 1216 2457 1270 cessit
2487 1214 2648 1269 illam
2687 1232 2812 1286 qua:
2846 1220 2954 1282 est,
2988 1232 3161 1270 omne
3195 1216 3412 1270 bonum
3444 1216 3619 1269 virtus
3639 1219 3730 1284 est,
3748 1232 3846 1268 con-

517 1304 687 1358 modo
721 1304 804 1359 sic
837 1304 1183 1360 resolvitur:
1220 1307 1265 1360 si
1302 1307 1433 1376 quis
1483 1308 1630 1362 duas
1672 1309 1940 1363 secundae
1972 1307 2171 1378 ﬁguras
2281 1305 2480 1360 cludat
2515 1322 2747 1359 necesse
2780 1310 2889 1373 θεῖ,
2932 1305 3468 1376 quoddamjustum
3486 1305 3658 1359 virtus
3677 1309 3763 1372 est,
3781 1304 3850 1374 qui

518 1393 948 1464 propositiones
963 1397 1776 1464 concesserit,conclusionem
1795 1413 2022 1467 quoque
2041 1413 2174 1449 con-
2273 1395 2396 1463 jam
2434 1401 2564 1448 ante
2597 1401 2967 1448 concesserat
2997 1397 3314 1448 secundam
3349 1394 3585 1448 secundi
3612 1393 3850 1463 modique

519 1483 837 1554 cedit,quae
862 1489 971 1552 est,
997 1486 1414 1556 igiturjustum
1443 1488 1664 1542 bonum
1699 1488 1966 1543 est.Nam
1987 1486 2171 1541 sibaac
2282 1489 2390 1552 θεῖ,
2426 1483 2653 1538 nullum
2681 1484 2913 1552 justum
2939 1483 3124 1538 virtus
3157 1488 3266 1550 θεῖ,
3301 1485 3449 1538 duas
3468 1483 3851 1551 contrajacentes

521 1573 791 1645 falsaest,
809 1573 920 1629 erit
942 1589 1078 1630 vera
1105 1578 1509 1646 contrajacens
1544 1577 1593 1632 ei
1626 1577 1995 1648 particularis
2011 1577 2171 1630 atﬁr-
2283 1589 2398 1627 uno
2432 1583 2690 1643 tempore
2724 1573 3011 1642 concedit,
3045 1573 3198 1644 quod
3232 1573 3354 1628 ﬁeri
3389 1589 3503 1627 non
3535 1575 3722 1642 potest.

523 1663 721 1729 matio,
751 1665 1048 1734 quoddam
1079 1665 1312 1734 justum
1344 1651 1561 1721 bonum
1586 1673 1694 1722 est.
1721 1667 1830 1722 Sed
1859 1667 2008 1721 idem
2034 1683 2170 1720 con-

985 1758 1169 1809 Omne
1201 1755 1418 1810 bonum
1453 1756 1636 1810 virtus
1656 1760 1744 1812 est
2101 1769 2386 1810 concessa:
2860 1753 3043 1808 Omne
3075 1754 3295 1809 bonum
3326 1753 3510 1807 virtus
3538 1759 3618 1807 est

986 1843 1222 1898 Nullum
1248 1847 1480 1915 justum
1512 1847 1696 1902 virtus
1726 1850 1834 1916 est,
1859 1849 2096 1902 contra—
2279 1885 2332 1938 Χ
2417 1844 2808 1913 contrajacen.
2843 1842 3146 1938 Ouoddam
3175 1845 3405 1938 justum
3434 1843 3646 1938 bonum
3674 1845 3762 1938 est.

984 1933 1222 1990 Nullum
1253 1936 1481 2004 justum
1517 1937 1735 1991 bonum
1769 1942 1878 2004 est,
1914 1940 2163 2006 permut.
2281 1931 2332 1938 ”
2406 1933 2600 2002 jacen.
2841 1932 3141 1995 Quoddam
3171 1934 3404 2002 justum
3437 1931 3615 1986 virtus
3643 1932 3734 1984 est.

520 2021 754 2077 Primus
775 2023 908 2078 item
931 2027 1197 2079 secunda:
1215 2026 1411 2097 ﬁgurae
1432 2027 1489 2080 in
1507 2033 1774 2096 quartum
1796 2027 1992 2099 prima:
2019 2027 2165 2096 ﬁgu-
2199 2027 2245 2090 B
2276 2022 2455 2094 igitur
2478 2023 2705 2091 justum
2732 2021 2952 2076 malum
2977 2038 3091 2076 non
3127 2030 3234 2087 est,
3265 2021 3361 2090 qui
3398 2025 3532 2076 ante
3562 2021 3856 2075 concesserat

520 2127 595 2165 rae
621 2115 704 2166 sic
723 2112 1029 2166 resolvitur
1058 2115 1630 2185 :quiconceditduas
1651 2117 1820 2187 primi
1857 2118 2163 2186 modipro-
2271 2111 2434 2166 illam
2462 2129 2586 2182 quae
2621 2117 2727 2177 est,
2763 2129 2935 2166 omne
2959 2112 3187 2182 justum
3224 2111 3449 2166 malum
3485 2115 3588 2165 est.
3613 2113 3723 2164 Uno
3750 2113 3855 2161 tem-

522 2200 862 2271 positiones,
897 2204 1176 2257 concedat
1217 2219 1453 2258 necesse
1487 2210 1577 2258 est
1625 2211 1681 2259 et
1710 2204 2164 2259 conclusionem.
2281 2218 2417 2272 pore
2450 2202 2599 2255 duas
2645 2201 3115 2270 contrajacentes
3145 2200 3434 2266 concedit,
3468 2201 3615 2270 quod
3649 2198 3752 2253 ﬁeri
3784 2210 3861 2249 non

521 2290 667 2345 Nam
694 2293 740 2344 si
779 2291 878 2346 illa
914 2294 1061 2347 falsa
1079 2299 1185 2355 est,
1220 2295 1330 2348 erit
1348 2311 1480 2349 vera
1499 2297 1898 2364 contrajacens
1917 2296 1963 2349 ei
1992 2295 2169 2365 parti-
2279 2296 2489 2362 potest.
2525 2289 2767 2344 Sublata
2800 2290 2976 2360 igitur
3009 2289 3342 2361 particulari
3391 2288 3752 2344 afﬁrmatione
3772 2300 3858 2355 que

521 2379 736 2435 cularis
769 2381 1260 2454 afﬁrmativaqua:
1288 2384 1924 2453 est,quiddamjustum
1950 2387 2170 2440 bonum
2280 2392 2386 2449 est,
2423 2383 2967 2452 quoddamjustum
3000 2382 3218 2436 bonum
3243 2387 3352 2451 est,
3392 2387 3647 2436 remanet
3667 2380 3752 2434 illa
3776 2393 3860 2447 que

527 2474 635 2525 est.
666 2473 774 2525 Sed
811 2473 964 2525 idem
1001 2473 1290 2527 concessit
1324 2472 1481 2528 illam
1515 2490 1641 2544 quae
1675 2479 1782 2540 est,
1813 2473 2039 2528 nullum
2072 2476 2170 2529 bo-
2281 2476 2391 2538 θεῖ,
2426 2471 2653 2526 nullum
2683 2474 2913 2543 justum
2947 2475 3166 2526 bonum
3198 2475 3308 2526 est.

534 2575 674 2614 num
711 2560 929 2616 malum
967 2567 1075 2630 est,
1108 2561 1421 2618 concludat
1452 2579 1687 2619 necesse
1730 2569 1840 2630 est,
1875 2565 2168 2636 quoddam

985 2669 1222 2724 Nullum
1255 2669 1471 2724 bonum
1507 2670 1728 2726 malum
1762 2676 1850 2726 est
2207 2670 2431 2727 similes
2791 2671 3032 2726 Nullum
3065 2673 3281 2726 bonum
3318 2669 3542 2726 malum
3576 2675 3677 2726 est.

985 2759 1170 2814 Omne
1193 2760 1425 2830 justum
1459 2761 1682 2815 malum
1715 2765 1827 2827 est,
1861 2766 2084 2831 contra,
2269 2801 2323 2856 Χ
2406 2761 2798 2831 contrajacen.
2829 2762 3133 2826 Quoddam
3157 2762 3395 2831 justum
3429 2763 3643 2856 bonum
3672 2763 3761 2813 est.

984 2847 1224 2902 Nullum
1253 2850 1484 2917 justum
1519 2850 1736 2904 bonum
1771 2855 1878 2917 est,
1913 2854 2166 2922 permut.
2269 2847 2323 2856 ’“
2398 2852 2595 2922 jacen.
2825 2850 3866 2920 Quoddamigiturjustmalumnonest

516 2937 793 3008 Sequitur
809 2941 873 2992 ut
905 2939 1086 2993 tertiae
1110 2939 1307 3010 ﬁgurae
1337 2939 1540 2994 modos
1563 2941 1631 2994 ad
1658 2939 1881 3010 primos
1914 2947 2168 3010 quatuor
2275 2940 2330 2994 Si
2365 2940 2518 2995 enim
2555 2942 2745 3010 prima
2769 2939 3086 3010 prepositio
3120 2940 3271 2994 tertii
3306 2941 3469 2995 modi
3505 2941 3693 3011 prima:
3722 2938 3867 3007 ﬁgurae

514 3027 893 3093 reducamus,
931 3043 1182 3095 quorum
1213 3028 1469 3099 quinque
1502 3045 1603 3099 per
1633 3030 2072 3084 conversionem
2107 3035 2166 3086 et
2275 3039 2529 3094 maneat,
2557 3030 2880 3083 etsecunda
2901 3029 3220 3100 propositio
3237 3027 3756 3100 particularistertii
3779 3040 3861 3078 mo-

508 3132 611 3187 per
639 3117 712 3169 im
725 3117 1174 3186 possibilitatem
1193 3119 1262 3171 ad
1283 3119 1504 3188 primos
1520 3123 1771 3189 quatuor
1791 3120 2164 3176 resolvuntur
2275 3123 2334 3177 di
2359 3121 2556 3191 primae
2585 3121 2782 3190 ﬁgurae
2809 3119 3214 3175 universaliter
3237 3125 3633 3184 convertatur,
3653 3122 3702 3173 et
3725 3117 3786 3172 sit
3802 3131 3864 3168 se-

510 3222 665 3260 unus
697 3221 830 3260 vero
865 3206 1050 3270 solus,
1079 3207 1130 3260 id
1153 3208 1529 3277 estquintus,
1556 3226 1656 3279 per
1678 3208 1859 3263 solam
1888 3209 2161 3280 impossi-
2273 3211 2464 3265 cunda
2500 3209 2820 3280 propositio
2854 3209 3019 3279 primi
3053 3209 3207 3263 modi
3244 3210 3433 3263 tertias
3467 3207 3680 3280 ﬁgure,
3705 3206 3859 3260 eadem

511 3294 878 3348 bilitatemin
911 3296 1104 3365 priora
1137 3296 1466 3352 resolvitur.
1495 3297 1726 3352 Primus
1761 3298 2161 3353 tertizemodus
2272 3297 2571 3354 conclusio
2606 3297 2924 3368 colligitur,
2954 3299 3008 3353 id
3044 3304 3132 3354 est
3171 3298 3495 3354 afﬁrmatio
3537 3291 3864 3370 particularis.

513 3382 786 3453 ﬁgurain
803 3384 1040 3438 tertium
1060 3385 1260 3452 prima;
1283 3387 1481 3456 ﬁgura:
1498 3386 1606 3440 hoc
1627 3388 1797 3442 modo
1814 3387 2159 3443 resolvitur:

981 3471 1166 3527 Omne
1199 3474 1661 3544 bonumjustum
1692 3487 1778 3531 θει
1995 3481 2191 3531 manet
2407 3477 2591 3532 Omne
2626 3477 2840 3532 bonum
2869 3479 3101 3547 justum
3135 3481 3242 3532 est.

979 3562 1254 3625 Quredam
1283 3564 1464 3618 virtus
1501 3568 1650 3620 bona
1680 3570 1768 3621 est
1986 3583 2263 3623 conversa
2399 3567 2580 3621 Omne
2617 3566 2837 3621 bonum
2869 3568 3054 3621 virtus
3085 3571 3194 3622 θεῖ.

979 3651 1251 3713 Quaedam
1281 3654 1646 3722 virtusjusta
1672 3659 1760 3710 est
1976 3659 2172 3711 manet
2387 3656 2659 3720 Quadam
2692 3655 2873 3711 virtus
2901 3656 3064 3726 justa
3092 3661 3201 3712 est.

511 3737 610 3792 Vel
628 3742 779 3793 certe
798 3739 905 3805 sic,
929 3741 1071 3811 quia
1088 3741 1551 3812 superiustalem
1576 3742 1989 3815 syllogismum
2015 3744 2160 3799 dixi-
2192 3745 2234 3812 C
2273 3745 2386 3801 lem
2421 3763 2534 3800 non
2568 3749 2751 3816 putat.

521 3842 656 3882 mus
682 3827 948 3883 terminis
963 3831 1362 3896 commutatis,
1382 3848 1555 3903 quem
1574 3832 1918 3888 Aristoteles
1935 3833 2162 3888 dissimi

981 3919 1164 3973 Omne
1185 3920 1400 3974 bonum
1430 3921 1611 3976 virtus
1641 3927 1730 3976 est
1945 3922 2168 3978 similes
2347 3923 2531 3978 Omne
2562 3923 2779 3978 bonum
2811 3924 2995 3980 virtus
3025 3927 3134 3980 est.

980 4009 1282 4072 Quoddam
1313 4010 1540 4078 justum
1575 4012 1792 4066 bonum
1823 4017 1910 4067 est
1937 4029 2214 4067 conversa
2349 4013 2533 4067 Omne
2564 4013 2782 4067 bonum
2809 4015 3034 4082 justum
3069 4024 3177 4069 est.

977 4096 1282 4159 Quoddam
1309 4099 1538 4168 justum
1574 4100 1760 4155 virtus
1790 4106 1879 4156 est
1955 4109 2152 4157 manet
2345 4103 2648 4168 Quoddam
2677 4103 2911 4172 justum
2939 4104 3122 4158 virtus
3153 4108 3261 4160 est.

510 4182 815 4239 Secundus
841 4185 1053 4241 modus
1077 4187 1260 4241 tertiae
1286 4188 1484 4257 ﬁgurae
1519 4189 1574 4243 in
1609 4196 1884 4260 quartum
1918 4193 2158 4246 modum
2274 4209 2378 4246 mae
2419 4192 2617 4262 ﬁgura
2676 4193 2936 4246 secunda
2969 4193 3290 4264 propositio
3326 4191 3726 4248 universaliter
3768 4197 3866 4276 con:

511 4277 711 4346 prima:
746 4278 941 4344 ﬁgura:
974 4277 1084 4332 hoc
1131 4281 1303 4333 modo
1338 4280 1665 4339 resolvitur.
1696 4283 1750 4336 Si
1782 4283 1934 4336 enim
1964 4283 2162 4353 primas
2274 4286 2550 4346 vertatur,
2583 4286 2639 4334 et
2669 4281 2927 4335 secunda
2982 4281 3058 4335 sit
3091 4283 3411 4352 propositio
3475 4279 3705 4336 secundi
3753 4269 3868 4328 modi

512 4366 945 4436 propositiones
982 4370 1223 4423 secundi
1251 4371 1430 4424 tertiis
1464 4372 1663 4440 ﬁgurae
1696 4373 1876 4438 modi,
1901 4371 2165 4443 etquarti
2274 4372 2454 4426 tertia
2489 4371 2711 4443 ﬁgurae,
2744 4373 2948 4427 eadem
2983 4372 3281 4428 conclusio
3315 4381 3672 4443 procreatur.

513 4453 671 4509 modi
708 4455 911 4524 primae
944 4456 1143 4526 figuraa
1170 4465 1466 4528 maneant,
1493 4461 1687 4531 quarti
1708 4477 1840 4516 vero
1863 4462 2020 4517 modi
2044 4461 2166 4533 pri-

978 4545 1215 4601 Nullum
1252 4549 1470 4603 bonum
1507 4550 1723 4605 malum
1751 4556 1841 4606 est
2071 4553 2266 4604 manet
2694 4547 2932 4606 Nullum
2966 4549 3183 4604 bonum
3215 4548 3437 4604 malum
3463 4555 3575 4606 est.

978 4635 1279 4699 Quoddam
1303 4638 1531 4706 justum
1565 4640 1784 4695 bonum
1819 4645 1908 4696 est
2060 4656 2229 4695 versa
2260 4636 2669 4694 universaliter
2699 4638 2882 4693 Omne
2916 4639 3132 4694 bonum
3160 4640 3393 4708 justum
3425 4645 3539 4695 est.

977 4723 1281 4787 Quoddam
1310 4727 1541 4795 justum
1579 4729 1799 4783 malum
1832 4746 1946 4784 non
1979 4735 2069 4785 est
2101 4731 2300 4783 manet
2680 4727 2927 4790 Quidam
2957 4730 3185 4798 justum
3219 4728 3440 4783 malum
3477 4745 3590 4784 non
3623 4729 3720 4782 est.

505 4809 740 4864 Tertius
773 4810 1183 4866 modustertia:
1218 4815 1416 4884 ﬁgurae
1439 4817 1496 4870 in
1521 4819 1758 4872 tertium
1782 4820 2019 4873 modum
2046 4819 2163 4890 pri-
2194 4822 2240 4884 D
2274 4816 2428 4871 tertii
2462 4816 2618 4870 modi
2640 4818 2840 4888 prima;
2865 4817 3063 4889 ﬁgurae
3093 4817 3465 4889 particularis
3495 4809 3872 4890 particulariter

508 4915 617 4953 mea
649 4899 849 4968 ﬁgure
870 4901 1198 4957 resolvutur.
1231 4905 1286 4957 Si
1313 4906 1467 4959 enim
1495 4907 1812 4976 propositio
1838 4907 2023 4976 prima
2049 4915 2162 4962 ter-
2275 4910 2668 4971 convertatur,
2703 4910 2760 4960 et
2789 4906 2865 4960 sit
2899 4907 3085 4977 prima
3117 4907 3452 4962 tertiimodi
3490 4907 3666 4961 tertiae
3694 4904 3863 4972 ﬁgura.

501 4987 570 5043 tii
605 4988 810 5057 prima;
842 4990 1044 5060 ﬁgura:
1078 4993 1258 5056 modi,
1290 4999 1347 5047 et
1378 4997 1638 5049 secunda
1669 4997 1988 5066 propositio
2008 4997 2162 5051 tertii
2274 5010 2552 5051 conversa
2585 4994 3018 5065 particulariter
3048 4995 3344 5052 conclusio
3379 4995 3658 5052 nascitur.

501 5076 662 5132 modi
695 5078 879 5132 tertiae
913 5079 1110 5151 ﬁgura:
1167 5087 1420 5148 maneat,
1457 5087 1512 5138 et
1552 5085 1810 5139 secunda
1841 5086 2162 5156 pr0positio

966 5169 1396 5268 Omnebonum
1429 5173 1616 5268 virtus
1645 5179 1732 5228 est
1984 5218 2034 5268 Χ
2331 5177 2637 5241 Quoddam
2673 5177 2890 5233 bonum
2917 5179 3152 5248 justum
3184 5183 3294 5234 est.

960 5258 1261 5322 Quoddam
1287 5261 1521 5330 justum
1555 5263 1774 5320 bonum
1807 5271 1896 5322 est
1985 5258 2034 5268 “
2329 5271 2508 5321 Omne
2541 5269 2764 5322 bonum
2790 5267 2973 5323 virtus
3005 5273 3112 5324 est.

968 5347 1266 5409 Quoddam
1292 5349 1520 5418 justum
1553 5353 1738 5409 virtus
1771 5360 1880 5422 est,
1913 5371 2082 5412 versa
2112 5356 2318 5427 partio.
2348 5355 2622 5417 Quadam
2655 5357 3022 5426 virtuejusta
3057 5362 3167 5412 θεῖ.

503 5430 760 5494 Quartus
785 5436 991 5490 modus
1017 5438 1195 5491 tertiae
1214 5439 1407 5508 ﬁgurae
1431 5441 1488 5495 in
1507 5443 1741 5498 tertium
1770 5447 2010 5500 modum
2032 5447 2151 5516 pri-
2262 5445 2588 5500 ticulariter
2635 5451 3070 5512 convertantur,
3130 5448 3342 5503 eaedem
3375 5446 3761 5503 conclusiones
3786 5453 3855 5492 ηε·

503 5537 611 5576 mae
644 5522 843 5593 ﬁgurae
875 5525 1184 5580 resolvitur
1218 5545 1230 5581 :
1269 5530 1315 5582 si
1349 5533 1503 5584 enim
1536 5537 1919 5605 utrorumque
1953 5537 2151 5605 primas
2263 5539 2526 5590 scuntur.

503 5618 779 5668 maneant
796 5615 1246 5686 pr0positiones,
1263 5623 1318 5674 et
1332 5621 1600 5677 secundae
1623 5624 2008 5693 particulares
2023 5641 2149 5696 par-
