4070 6170
490 536 674 594 Omns
710 539 931 595 bonum
957 540 1144 596 virtus
1176 546 1264 597 est
1517 546 1716 597 manet

490 626 792 690 Quoddam
820 631 1054 701 justum
1086 632 1303 686 bonum
1338 636 1429 687 est
1503 633 1751 686 vertitur

492 719 797 784 Quoddam
823 722 1054 789 justum
1087 724 1272 776 virtus
1303 727 1391 777 est
1466 732 1661 777 manet

200 805 492 877 Reliquus
514 814 712 863 sextus
736 811 1117 882 syllogismus
1138 812 1315 867 tertia)
1338 812 1536 882 figures
1560 813 1630 865 de
1653 810 1856 881 primae

196 895 406 967 ﬁgurae
420 903 627 968 quarto
642 900 809 953 modo
825 900 1556 968 procreatur;manentibus
1571 900 1721 953 enim
1738 900 1859 971 pri-

488 1003 728 1059 Nullum
766 1007 981 1061 bonum
1017 1010 1240 1063 malum
1283 1012 1371 1062 est
1622 1007 1825 1062 eadem

492 1093 1043 1164 Quoddamjustum
1078 1099 1301 1151 bonum
1335 1101 1424 1152 est
1572 1102 1802 1150 mutata

491 1184 795 1247 Quoddam
821 1186 1050 1255 justum
1088 1188 1309 1241 malum
1344 1203 1457 1240 non
1492 1192 1581 1240 est
1611 1192 1804 1239 manet

197 1290 455 1356 Quintus
488 1296 680 1347 autem
706 1294 804 1364 qui
830 1300 1029 1365 restat,
1053 1296 1204 1349 sicut
1226 1300 1358 1350 ante
1380 1293 1856 1367 perimpossibile

194 1379 508 1451 probatur,
524 1380 604 1435 ita
622 1381 796 1437 etiam
820 1399 975 1438 nunc
999 1400 1100 1455 per
1116 1383 1653 1455 impossibilitatem
1671 1382 1856 1437 resol-

196 1466 379 1522 vitur.
410 1467 519 1522 Sed
579 1470 1075 1539 quemadmodum
1118 1489 1270 1527 unus
1316 1472 1490 1527 fuerit
1539 1471 1856 1530 resolutus,

198 1556 406 1611 eodem
427 1558 632 1613 ordine
650 1575 857 1615 omnes
881 1560 1204 1616 resolvendi
1222 1567 1379 1617 sunt.
1405 1562 1734 1617 Resolvitur
1751 1578 1855 1615 au-

198 1650 324 1700 tem
366 1651 564 1702 sextus
590 1648 775 1703 tertias
807 1650 1007 1721 ﬁgurae
1042 1651 1251 1707 modus
1296 1653 1350 1706 in
1384 1651 1618 1707 tertium
1653 1652 1855 1723 primae

199 1738 406 1809 figurae
440 1740 703 1797 modum.
764 1743 1014 1807 Quintus
1068 1747 1259 1799 autem
1293 1744 1472 1799 tertiae
1506 1745 1701 1815 figurae
1734 1760 1849 1799 mo—

201 1827 319 1882 dus
368 1828 681 1884 resolvitur
727 1830 785 1886 in
839 1831 1095 1903 primum
1144 1834 1344 1905 primae
1394 1834 1613 1903 ﬁgurae.
1673 1836 1855 1899 Quar-

1360 417 1458 470 DE
1493 415 1946 473 SYLLOGISMO
1979 415 2460 471 CATEGORICO.

1888 545 1938 609 A

3514 409 3622 465 830

2184 542 2368 597 Omne
2401 541 2615 596 bonum
2647 540 2835 597 virtus
2867 543 2973 595 est.

2180 631 2485 693 Quoddam
2523 633 2741 685 bonum
2766 631 2998 700 justum
3032 632 3137 684 est.

2179 720 2480 781 Quoddam
2504 720 2735 791 justum
2770 721 2953 772 virtus
2984 725 3091 772 est.

1962 811 2060 864 mis
2071 826 2268 864 eorum
2289 811 2662 881 propositioni
2676 812 2783 863 bus
2797 815 2965 878 atque
2980 806 3615 878 secundisparticulari-

1966 904 2053 955 ter
2066 899 2378 954 immutatis
2395 899 2696 970 particulis
2710 899 2767 953 in
2787 906 3030 969 utroque
3044 899 3306 955 manebit
3319 898 3616 955 concluso.

1967 1007 2203 1062 Nullum
2237 1008 2457 1061 bonum
2494 1006 2712 1061 malum
2743 1011 2851 1063 θεῖ.

1967 1098 2267 1161 Quoddam
2303 1098 2521 1150 bonum
2548 1097 2777 1166 justum
2811 1098 2918 1150 est.

1968 1188 2267 1253 Quoddam
2302 1186 2519 1240 bonum
2545 1186 2778 1255 justum
2808 1189 2917 1240 est.

1968 1296 2170 1367 figuras
2201 1295 2411 1350 modus
2441 1294 2501 1348 in
2537 1294 2734 1365 primae
2759 1293 2957 1365 ﬁgura:
2982 1292 3219 1347 modum
3242 1290 3481 1346 tertium
3506 1291 3613 1345 hoc

1969 1387 2189 1441 modo:
2224 1384 2269 1439 si
2303 1385 2436 1454 quis
2466 1384 2642 1454 igitur
2671 1384 2816 1436 duas
2848 1382 3253 1454 proportiones
3276 1381 3421 1434 sexti
3454 1379 3613 1435 modi

1967 1477 2147 1532 tertiae
2179 1476 2377 1544 figura:
2410 1473 2784 1537 concesserit,
2827 1471 3104 1526 concedat
3150 1471 3326 1525 etiam
3378 1485 3614 1524 necesse

1966 1570 2054 1621 est
2085 1565 2518 1620 conclusionem
2544 1580 2672 1634 quas
2695 1566 2801 1628 est,
2828 1561 3364 1631 quoddamjustum
3390 1558 3614 1613 malum

1968 1673 2082 1711 non
2117 1660 2226 1711 est.
2259 1654 2403 1709 Nam
2435 1654 2479 1709 si
2517 1653 2635 1708 haec
2656 1651 2802 1707 falsa
2819 1649 3612 1717 est,eritveracontrajacens

1967 1747 2017 1801 ei
2053 1746 2251 1818 primae
2286 1745 2484 1815 ﬁgurae
2515 1742 2671 1797 tertii
2717 1740 2874 1795 modi
2910 1739 3099 1811 prima
3130 1736 3449 1809 propositio
3481 1754 3612 1808 quae

1966 1840 2074 1904 est,
2108 1850 2280 1889 omne
2304 1835 2537 1903 justum
2571 1830 2792 1886 malum
2826 1834 2931 1885 est.
2964 1829 3073 1882 Sed
3118 1827 3291 1883 etiam
3326 1826 3616 1881 concessit

201 1922 306 1971 tus
366 1919 548 1973 tertiae
595 1920 792 1992 ﬁgurze
855 1924 1064 1977 modus
1114 1923 1425 1979 resolvitur
1471 1924 1531 1978 in
1583 1928 1856 1995 quartum
1888 1920 1935 1984 B
1969 1922 2923 1997 propositionemsecundam,qua:
2943 1917 3610 1989 est,quoddambonum

211 2007 418 2078 primae
448 2008 647 2079 ﬁgurae
682 2010 943 2066 modum.
995 2013 1225 2068 Tertius
1273 2017 1457 2068 tertiae
1505 2015 1701 2085 ﬁgurae
1736 2030 1860 2068 mo-

211 2096 326 2151 dus
386 2097 697 2154 resolvitur
752 2099 810 2154 in
857 2106 1180 2157 secundum
1231 2104 1432 2175 primae
1486 2105 1683 2175 ﬁgurae
1743 2122 1862 2160 mo-

211 2183 377 2239 dum.
412 2189 713 2243 Secundus
762 2192 946 2245 tertize
979 2192 1178 2262 figuris
1224 2197 1428 2248 modus
1462 2193 1770 2249 resolvitur
1801 2194 1859 2248 in

206 2272 466 2344 primum
498 2276 697 2347 primae
725 2280 918 2350 ﬁgura
944 2282 1208 2338 modum.
1228 2282 1428 2338 Prima
1457 2284 1638 2337 tertiae
1662 2282 1860 2351 figure

207 2363 369 2416 modi
394 2365 839 2422 resolvunturin
869 2372 1159 2425 secundos
1182 2371 1381 2441 primae
1409 2371 1608 2441 figurae
1631 2371 1857 2426 modos.

201 2449 538 2508 Resolvitur
564 2460 761 2511 autem
780 2474 883 2527 per
902 2458 1440 2530 impossibilitatem
1458 2465 1656 2515 sextus
1676 2460 1861 2516 tertiae

457 2560 692 2617 Nullum
727 2564 945 2618 bonum
981 2566 1198 2620 malum
1233 2571 1324 2621 est
1397 2571 1631 2622 contra-

455 2647 758 2712 Quoddam
783 2653 997 2707 bonum
1018 2655 1247 2723 justum
1280 2660 1370 2709 est
1445 2671 1730 2711 concessis
1803 2660 1858 2713 Χ

460 2739 762 2803 Quoddam
793 2742 1018 2811 iustum
1053 2742 1274 2798 malum
1307 2748 1397 2799 est
1471 2750 1728 2816 permut.

193 2842 321 2898 Hoc
355 2845 529 2899 modo
562 2863 767 2903 omnes
801 2850 989 2904 caeteri
1015 2850 1169 2904 modi
1202 2852 1389 2905 tertiae
1412 2852 1616 2923 ﬁgurae
1637 2852 1695 2907 in
1730 2855 1854 2925 pri-

195 2948 331 2987 mos
359 2935 564 2990 modos
588 2937 788 3008 primae
814 2936 1008 3005 ﬁgurae
1033 2940 1387 3006 referuntur,
1411 2942 1566 3011 quod
1590 2943 1856 3013 subjecta

191 3024 519 3098 descriptio
551 3028 826 3096 declarat,
864 3031 919 3084 in
963 3032 1099 3101 quia
1132 3032 1289 3102 prior
1328 3031 1591 3102 quintus,
1626 3034 1723 3104 qui
1754 3050 1856 3105 per

416 3115 717 3179 Quoddam
763 3120 979 3174 bonum
1025 3120 1242 3175 malum
1279 3138 1393 3175 non
1426 3128 1536 3191 θεῖ,
1613 3128 1850 3179 contra-

416 3204 601 3260 Omne
628 3208 841 3262 bonum
868 3209 1101 3278 justum
1135 3215 1223 3265 est
1256 3227 1543 3265 concessa;
1806 3211 1852 3267 Χ

418 3292 718 3355 Quoddam
744 3296 973 3365 justum
1029 3297 1246 3351 malum
1283 3315 1395 3352 non
1431 3303 1521 3353 est
1594 3306 1844 3370 permut.
1882 3291 1925 3358 C

416 3386 601 3437 Omne
634 3387 850 3439 bonum
884 3386 1068 3441 virtus
1100 3393 1189 3441 est
1264 3394 1495 3442 contra-

412 3472 715 3537 Quoddam
751 3475 965 3529 bonum
993 3476 1221 3545 justum
1252 3482 1339 3531 est
1413 3492 1700 3531 concessas
1805 3478 1851 3533 Χ

415 3560 717 3623 Quoddam
743 3564 974 3633 justum
1009 3566 1194 3619 virtus
1215 3570 1305 3620 est
1379 3572 1633 3636 permut.

415 3651 713 3714 Quoddam
749 3653 966 3707 bonum
992 3654 1225 3724 justum
1259 3659 1346 3711 est
1423 3661 1659 3711 contra-

414 3736 596 3794 Omne
627 3742 842 3796 bonum
878 3744 1060 3798 virtus
1092 3751 1182 3799 est
1255 3761 1543 3799 concessze
1794 3746 1849 3800 Χ

414 3829 688 3893 Quaedam
722 3830 911 3886 virtus
937 3834 1081 3902 just.
1117 3836 1205 3887 est
1280 3840 1530 3905 permut.

186 3936 254 3989 In
273 3935 639 3991 resolutione
656 3938 808 3991 modi
830 3940 1069 3993 secundi
1093 3939 1272 3994 tertiae
1295 3941 1494 4012 ﬁgurze
1510 3941 1566 3995 in
1589 3940 1845 4013 primum

184 4025 439 4079 modum
472 4025 671 4096 prima:
707 4027 928 4098 ﬁguris,
966 4031 1084 4084 meo
1133 4029 1582 4099 impossibilitas
1632 4032 1845 4101 evenit,

176 4113 349 4183 quod
387 4114 530 4168 duas
562 4118 883 4169 contrarias
935 4133 1048 4172 uno
1082 4122 1340 4189 tempore
1370 4120 1656 4190 concedit,
1689 4121 1846 4191 quod

408 4202 643 4259 Nullum
678 4205 897 4260 bonum
932 4205 1154 4260 malum
1201 4212 1290 4262 est
1362 4215 1598 4263 contra-

405 4292 589 4348 Omne
623 4296 841 4349 bonum
870 4298 1100 4364 justum
1134 4302 1223 4351 est
1299 4314 1588 4352 concessae

405 4384 711 4447 Quoddam
740 4388 972 4453 justum
1017 4385 1240 4440 malum
1282 4403 1396 4441 non
1429 4392 1518 4441 θεῖ
1592 4392 1843 4459 permut.

1964 2016 2194 2086 justum
2252 2016 2363 2067 est.
2397 2015 2471 2065 Ex
2520 2010 2609 2065 bis
2670 2009 2846 2075 igitur
2898 2008 3178 2062 concedat
3232 2021 3471 2061 necesse
3502 2009 3611 2072 est,

1972 2104 2265 2175 quoddam
2300 2102 2519 2156 bonum
2554 2098 2771 2154 malum
2806 2100 2914 2157 θεῖ,
2947 2096 3044 2167 qui
3079 2099 3213 2149 ante
3247 2098 3615 2149 concesserat

1972 2193 2220 2264 primam
2241 2190 2692 2262 propositionem
2716 2188 2854 2242 sexti
2875 2186 3027 2239 modi
3054 2183 3233 2239 tertia:
3256 2182 3456 2255 ﬁgurae
3484 2198 3612 2253 quas

1970 2286 2076 2347 θεῖ,
2114 2281 2342 2336 nullum
2379 2281 2595 2335 bonum
2633 2276 2853 2332 malum
2888 2280 2994 2331 est.
3023 2273 3143 2329 Uno
3173 2278 3435 2344 tempore
3466 2271 3614 2327 duas

1971 2371 2081 2426 sibi
2114 2372 2577 2440 contrajacentes
2607 2365 2896 2435 concedit,
2930 2365 3085 2436 quod
3118 2363 3243 2419 ﬁeri
3294 2378 3409 2417 non
3441 2377 3612 2434 posse

1969 2459 2281 2533 descriptio
2315 2461 2589 2515 declarat.

2184 2567 2499 2635 contrajac.
2534 2564 2719 2620 Omne
2743 2564 2975 2634 justum
3007 2560 3228 2616 malum
3261 2560 3371 2614 est.

2181 2656 2485 2719 Quoddam
2520 2655 2737 2709 bonum
2764 2655 2995 2723 justum
3029 2657 3137 2709 est.

2172 2745 2367 2814 jacen.
2401 2744 2703 2805 Quoddam
2739 2743 2957 2797 bonum
2991 2740 3211 2797 malum
3242 2747 3349 2798 est.

1966 2852 2404 2907 conversionem
2438 2848 2645 2905 resolvi
2671 2867 2784 2904 non
2812 2849 3018 2920 potuit,
3041 2865 3143 2920 per
3172 2848 3611 2920 impossibilita-

1964 2946 2080 2997 tem
2116 2941 2409 2997 resolutus
2432 2944 2541 2994 est.

2178 3120 2491 3187 contrajac.
2524 3122 2704 3174 Omns
2726 3118 2951 3186 justum
2987 3115 3205 3171 malum
3240 3119 3350 3171 est.

2176 3211 2232 3265 in
2270 3212 2535 3281 utrisque
2567 3208 2751 3264 Omne
2784 3209 3000 3262 bonum
3030 3207 3260 3277 justum
3295 3209 3401 3260 θεῖ.

2167 3301 2361 3371 jacen.
2387 3303 2565 3353 Omne
2601 3301 2815 3352 bonum
2853 3296 3073 3351 malum
3106 3300 3214 3349 est.

2176 3389 2488 3459 contrajac.
2525 3388 2766 3442 Nullum
2793 3388 3023 3456 justum
3056 3386 3244 3439 virtus
3275 3386 3381 3438 est.

2174 3479 2234 3532 in
2268 3478 2551 3547 utrisque.
2584 3476 2885 3539 Quoddam
2922 3476 3137 3528 bonum
3163 3473 3393 3542 justum
3426 3475 3534 3527 est.

2167 3569 2336 3639 jacen
2394 3567 2629 3620 Nullum
2668 3567 2884 3618 bonum
2919 3563 3102 3617 virtus
3132 3567 3243 3617 est.

2173 3657 2495 3726 contrajac.
2527 3654 2703 3709 Nulla
2732 3654 3099 3721 virtusjusta
3128 3654 3238 3707 est.

2177 3746 2234 3800 in
2269 3746 2558 3815 utrisque.
2594 3744 2779 3799 Omne
2812 3743 3030 3796 bonum
3064 3742 3249 3796 virtus
3280 3744 3389 3795 est.

2167 3835 2363 3905 jacen.
2396 3832 2635 3887 Nullum
2670 3832 2889 3887 bonum
2915 3832 3147 3900 justum
3179 3834 3287 3885 est.

1957 3942 2081 3997 ﬁeri
2103 3941 2324 4013 nequit.
2344 3939 2672 4011 Numquam
2688 3938 2840 3993 enim
2857 3938 2987 3992 duas
3004 3935 3308 3992 contraria;
3330 3953 3445 3992 uno
3460 3939 3610 3992 tem-

1958 4048 2094 4105 pore
2126 4030 2303 4087 simul
2337 4046 2482 4086 vera:
2517 4029 2917 4102 inveniuntur.

2168 4210 2487 4278 contrajac.
2514 4207 2699 4262 Omne
2731 4206 2950 4275 iustum
2989 4203 3209 4259 malum
3242 4207 3351 4258 est.

2166 4299 2223 4353 in
2260 4301 2546 4369 utrisque.
2582 4297 2766 4352 Omne
2799 4296 3014 4348 bonum
3044 4295 3270 4364 justum
3304 4296 3411 4347 θεῖ.

2170 4389 2286 4443 riae.
2321 4387 2560 4443 Nullum
2596 4386 2814 4440 bonum
2842 4386 3072 4455 justum
3104 4386 3211 4438 est.

169 4471 251 4525 Et
283 4470 346 4525 in
380 4474 647 4542 sequenti
679 4491 913 4545 quoque
963 4475 1304 4547 syllogismo
1348 4477 1496 4531 duas
1545 4478 1838 4547 concedit,
1871 4478 2025 4550 quod
2061 4477 2426 4548 impossibile
2457 4480 2565 4531 est.

402 4559 586 4616 Omne
618 4563 837 4617 bonum
866 4566 1093 4634 justum
1125 4571 1214 4620 est
1289 4572 1515 4621 contra-

403 4652 588 4705 Omne
623 4652 838 4707 bonum
867 4654 1051 4709 virtus
1083 4660 1171 4710 est
1244 4671 1534 4711 concessa:
1786 4659 1836 4709 X

400 4739 673 4803 Quzedam
704 4740 889 4796 virtus
919 4743 1083 4813 justa
1115 4749 1205 4799 est
1280 4749 1534 4815 permut.

167 4828 294 4884 Nec
323 4844 430 4882 nos
459 4826 602 4882 illud
639 4830 855 4896 turbet,
889 4833 1039 4902 quod
1074 4832 1131 4886 in
1161 4834 1513 4904 quibusdam
1548 4833 1838 4889 contraria

168 4917 505 4991 propositio
519 4920 1211 4989 etconclusioinvenitur,
1238 4924 1295 4977 in
1320 4925 1676 4994 quibusdam
1702 4941 1835 4980 vero

168 5009 613 5077 contrajacens.
652 5007 918 5080 Namque
948 5010 1251 5081 aequaliter
1293 5012 1549 5083 peccavit
1583 5019 1699 5067 tam
1734 5013 1831 5084 qui

168 5103 467 5168 utrasque
488 5097 810 5152 contrarias
838 5101 1209 5167 concesserit,
1243 5118 1419 5171 quam
1470 5101 1516 5156 si
1553 5108 1834 5175 utrasque

398 5186 582 5240 Omne
619 5187 835 5242 bonum
874 5189 1060 5243 virtus
1091 5196 1180 5244 est
1254 5197 1483 5245 contra-

395 5275 580 5330 Omne
613 5277 833 5331 bonum
865 5278 1094 5347 justum
1126 5282 1214 5334 est
1288 5296 1579 5335 concessas

394 5365 696 5429 Quoddam
719 5366 947 5436 justum
976 5367 1160 5421 virtus
1198 5372 1286 5423 est
1362 5375 1614 5441 permut.

159 5455 303 5511 Haec
318 5454 390 5509 de
403 5453 616 5526 Cetego
627 5455 740 5509 rico
751 5472 870 5510 rum
884 5455 1301 5529 Syllogismoru
1316 5476 1354 5512 n
1374 5459 1828 5526 introductione,

159 5542 547 5600 Aristotelem
576 5543 893 5614 plurimum
920 5563 1193 5615 sequens,
1227 5552 1283 5601 et
1305 5548 1502 5619 aliqua
1525 5551 1593 5603 de
1634 5550 1825 5604 Theo-

158 5634 422 5708 pbrasto
446 5638 504 5688 et
539 5633 849 5705 Porphyrio
885 5640 1205 5693 mutuatus.
1243 5644 1528 5708 quantum
1574 5640 1826 5710 parcitas

156 5721 589 5779 introducendi
622 5720 913 5793 permisit,
946 5726 1226 5797 expressi.
1260 5726 1317 5783 Si
1338 5744 1454 5799 qua
1474 5744 1605 5784 vero
1638 5727 1828 5785 desint

1869 4576 1917 4638 D

2161 4567 2476 4636 contrajac.
2510 4564 2684 4621 Nulla
2713 4563 2900 4618 virtus
2923 4564 3127 4633 justus
3159 4565 3267 4617 θεῖ.

2158 4655 2218 4710 in
2244 4655 2530 4727 utrisque.
2555 4658 2740 4709 Omne
2773 4654 2992 4708 bonum
3026 4652 3211 4706 virtus
3240 4653 3348 4706 est.

2164 4745 2281 4802 riae.
2312 4744 2547 4799 Nullum
2579 4744 2797 4799 bonum
2823 4744 3057 4813 justum
3080 4748 3184 4795 est.

1946 4835 2431 4903 contrajacentes.
2456 4832 2601 4887 Nam
2637 4848 2751 4904 quo
2784 4832 2955 4885 modo
2978 4829 3446 4898 contrajacentes
3478 4845 3596 4883 uno

1948 4929 2206 4995 tempore
2236 4940 2386 4979 verre
2416 4939 2544 4979 esse
2570 4938 2685 4977 non
2712 4923 2962 4993 possunt
2992 4934 3282 4990 unquam,
3305 4917 3389 4972 sic
3419 4918 3595 4974 etiam

1944 5014 2271 5069 contrariae.

2154 5193 2470 5263 contrajac.
2504 5188 2740 5245 Nullum
2765 5188 2997 5258 justum
3030 5186 3215 5240 virtus
3248 5188 3357 5241 est.

2156 5283 2216 5337 in
2252 5282 2537 5352 utrisque.
2574 5279 2757 5335 Omne
2790 5281 3007 5334 bonum
3033 5278 3264 5348 justum
3298 5277 3408 5329 est.

2153 5371 2270 5427 riae.
2305 5370 2545 5424 Nullum
2581 5371 2796 5423 bonum
2830 5369 3013 5421 virtus
3043 5373 3149 5420 est.

1943 5460 1998 5514 in
2021 5462 2103 5514 An
2114 5460 2339 5531 alyticis
2360 5460 2577 5515 nostris
2590 5457 2791 5513 calcati
2804 5475 2870 5511 us
2884 5453 3474 5525 exprimemus.Nuno
3490 5466 3586 5507 ve-

1940 5566 2002 5604 ro
2026 5560 2310 5621 quantum
2336 5550 2401 5602 ad
2424 5547 2605 5602 solam
2622 5542 3583 5616 CategoricorumSyllogismorum

1938 5639 2185 5694 formam
2222 5638 2548 5709 spectabat,
2587 5636 2907 5706 perfectum
2960 5632 3055 5687 hic
3086 5631 3254 5685 nobis
3284 5636 3390 5694 est,
3423 5636 3479 5682 et
3510 5631 3580 5683 ad

1937 5728 2233 5783 cumulum
2249 5719 3200 5782 introductioniselaboratum.Nec
3215 5718 3323 5773 hoc
3337 5733 3443 5772 nos
3458 5732 3586 5788 per-
