4056 6176
487 326 589 382 831

1761 331 1879 385 AN.
1921 327 2144 383 MANL.
2184 326 2345 381 ssv.
2386 326 2621 380 somn
3711 325 3793 381 333

489 456 706 523 turbet,
723 457 770 513 si
787 472 912 528 quas
925 457 1020 512 hic
1035 455 1461 528 propositiones
1475 460 1533 512 et
1549 453 1959 512 conclusiones
1974 453 2129 508 falsas
2162 453 2214 521 Α
2243 452 2505 508 studium
2527 451 2726 526 logica
2749 451 3075 523 disciplinas
3099 449 3492 523 disputationis
3513 449 3796 508 subtibilitas

491 555 650 616 sunt,
682 548 1152 619 quandoquidem
1189 564 1303 602 non
1337 547 1606 603 veritates
1630 565 1844 614 rerum,
1875 547 1972 601 sed
1999 562 2134 600 con-

491 643 766 693 nexiones
783 638 1245 708 syllogismorum
1260 638 1477 710 ﬁguras
1493 645 1550 694 et
1566 640 1764 693 modos
1778 637 2139 707 suscepimus

491 728 885 782 disserendos.
915 727 1056 783 Nam
1072 727 1165 783 his
1185 728 1456 799 cognitis,
1482 729 1529 783 si
1556 746 1703 800 quos
1725 729 1795 783 ad
1821 727 2139 798 perfectum

2249 544 2503 610 traxerit,
2541 544 2702 614 prius
2734 544 2804 597 de
2861 541 3155 614 ambiguis
3212 541 3663 612 disputationibus
3709 541 3797 596 dis-

2250 641 2403 700 cant,
2437 639 2568 704 post
2604 633 2674 687 ab
2721 632 2809 688 his
2843 631 3055 687 veritas
3091 631 3151 686 in
3181 632 3352 686 rebus
3393 632 3800 701 mendaciumque

2253 724 2650 779 meditabitur.

1147 969 1406 1076 AN.
1490 966 2028 1073 DIANL.
2112 961 2499 1069 SEV.
2590 961 3228 1068 BOETII

902 1178 1118 1300 DE
1214 1173 2265 1302 SYLLOGISMO
2357 1171 3517 1297 HYPOTHETICO

1915 1369 2169 1443 LIBRI
2227 1367 2447 1443 DUO.

1723 1604 2094 1699 LIBER
2143 1529 2656 1699 ERIMUS.

543 1899 684 1950 Cum
705 1895 756 1950 in
774 1909 860 1952 o.n
877 1895 1051 1951 nibus
1066 1894 1449 1968 philosophiae
1464 1895 1796 1968 disciplinis
1811 1895 2140 1952 ediscendis
2247 1895 2423 1949 certis
2455 1895 2511 1948 et
2540 1892 2954 1947 convenienter
2983 1890 3190 1963 positis
3220 1887 3689 1962 propositionibus
3713 1900 3815 1940 con-

484 1989 658 2056 atque
682 1986 1004 2040 tractandis
1036 2002 1338 2041 summum
1394 1985 1522 2039 vitae
1573 1985 1831 2056 positum
1873 1985 2137 2042 solamen
2244 1981 2824 2053 tinetur.Propositio
2847 1997 2980 2036 vero
2998 1978 3816 2050 omnisautcategoricaestqus

483 2075 835 2144 existimem,
873 2081 1000 2130 tum
1027 2075 1367 2144 jucundius,
1402 2080 1458 2130 et
1485 2075 1666 2131 veluti
1709 2092 1841 2130 cum
1874 2075 2129 2146 quodam

483 2164 676 2220 fructu
717 2167 890 2219 etiam
924 2164 1139 2219 laboris
1172 2164 1384 2235 arripio
1418 2181 1543 2235 quas
1575 2169 1766 2219 tecum
1801 2165 2130 2218 communi-

479 2255 664 2310 cauda
687 2270 991 2324 compono.
1022 2253 1167 2307 Nam
1201 2259 1258 2308 et
1286 2256 1330 2307 si
1363 2254 1491 2323 ipsa
1521 2254 1843 2324 speculatio
1865 2253 2128 2309 veritatis

478 2360 586 2398 sua
616 2343 856 2414 quidam
880 2342 1071 2415 specie
1094 2343 1369 2398 sectanda
1383 2348 1489 2407 est,
1515 2343 1579 2397 ﬁt
1601 2349 1795 2398 tamen
1819 2343 2128 2398 amabilior

477 2450 611 2489 cum
628 2434 684 2487 in
699 2449 1012 2487 commune
1025 2431 1356 2488 deducitur.
1375 2431 1612 2489 Nullum
1628 2433 1784 2486 enim
1801 2433 2018 2487 bonum
2035 2437 2125 2488 est

2245 2072 2610 2144 praedicativa
2642 2071 2877 2139 dicitur,
2895 2070 3513 2142 authypotheticaquae
3527 2064 3816 2123 conditiona-

2241 2161 2313 2216 lis
2337 2167 2577 2216 vocatur
2601 2178 2615 2228 ;
2643 2161 3014 2232 prmdicativa
3036 2160 3202 2216 estin
3225 2177 3342 2231 qua
3363 2158 3514 2215 aliud
3540 2155 3819 2230 praedicatur

2238 2252 2308 2306 de
2337 2251 2472 2319 alio,
2507 2251 2614 2306 hoc
2638 2252 2845 2306 modo:
2873 2250 3048 2305 homo
3079 2249 3298 2304 animal
3330 2254 3438 2314 est,
3460 2248 3549 2303 hic
3574 2245 3704 2302 enim
3725 2240 3815 2297 sni-

2238 2341 2350 2396 mal
2377 2342 2446 2396 de
2463 2341 2698 2396 homine
2722 2340 3100 2412 pradicatum
3124 2346 3240 2406 est;
3263 2337 3625 2411 hypothetica
3643 2341 3817 2403 estque

2233 2448 2364 2487 cum
2398 2432 2650 2502 quadam
2683 2431 3016 2485 conditione
3048 2430 3362 2484 denuntiat
3399 2445 3524 2484 esse
3577 2423 3760 2495 aliquid
3784 2418 3817 2473 si

479 2523 630 2592 quod
648 2540 759 2577 non
783 2522 1085 2592 pulchrius
1101 2523 1413 2586 elucescat,
1434 2521 1481 2575 si
1505 2520 1894 2591 plurimorum
1916 2521 2122 2576 notitia
2152 2552 2200 2617 Β
2233 2521 2408 2576 fuerit
2440 2521 2621 2586 aliud,
2657 2519 2836 2575 veluti
2867 2536 3001 2574 cum
3025 2520 3106 2574 ita
3135 2520 3391 2575 dicimus
3413 2519 3484 2574 :si
3505 2517 3618 2572 dies
3641 2511 3817 2612 estin:

479 2612 911 2683 comprobetur.
927 2610 1070 2666 Nam
1087 2613 1239 2681 quod
1259 2610 1402 2665 alias
1417 2611 1812 2665 taciturnitate
1827 2627 2119 2680 compres-

479 2718 607 2757 sum
622 2742 636 2764 ,
659 2702 1034 2773 jamjamque
1050 2699 1283 2755 silentio
1299 2701 1652 2771 periturum,
1668 2699 1844 2754 latius
1863 2699 2126 2756 eﬂlores-

473 2789 1211 2855 cit,etoblivionisinteritu
1229 2789 1538 2844 scientiam
1565 2789 2124 2860 participationede-

472 2880 748 2946 fenditur,
766 2879 830 2933 ﬁt
850 2894 1081 2949 quoque
1120 2877 1437 2948 jocundior
1460 2877 1794 2948 disciplina,
1818 2895 1948 2932 cum
1975 2878 2126 2934 inter

473 2970 738 3039 ejusdem
772 2967 1071 3039 sapientia:
1104 2967 1370 3021 conscios
1402 2968 1572 3035 jubet
1600 2984 1724 3022 esse
1757 2968 2077 3039 sapientem
2108 2983 2121 3022 :

478 3060 632 3130 quod
659 3059 704 3112 si
735 3058 970 3112 accedat
991 3059 1077 3126 (ut
1108 3063 1300 3111 tecum
1325 3057 1468 3111 mihi
1494 3073 1649 3110 nunc
1677 3074 1766 3111 res
1787 3061 1894 3127 est)
1917 3073 2122 3128 eaquae

477 3154 680 3218 sponte
705 3148 960 3217 jocunda
983 3150 1123 3201 sunt
1141 3147 1197 3199 in
1213 3145 1486 3200 amicitias
1505 3146 2002 3214 participationem
2020 3148 2121 3201 de-

477 3236 632 3304 duci,
660 3252 894 3290 necesse
927 3240 1016 3290 est
1039 3235 1215 3289 studii
1266 3234 1614 3290 suavitatem
1646 3235 1895 3300 quodam
1946 3235 2123 3291 veluti

475 3324 821 3381 dulcissimo
845 3324 1106 3379 caritatis
1137 3341 1342 3394 sapore
1361 3325 1609 3379 condiri.
1647 3325 1790 3380 Nam
1825 3342 1955 3380 cum
1983 3326 2039 3380 id
2063 3326 2121 3380 in

473 3430 536 3470 se
568 3414 790 3468 obtinet
816 3413 1077 3468 amicitia
1110 3415 1407 3483 proprium
1442 3430 1680 3478 munus,
1717 3419 1781 3468 ut
1838 3415 1982 3470 nolit
2022 3414 2123 3469 ha-

472 3503 608 3558 bere
638 3502 928 3557 solitariae
943 3501 1507 3573 cogitationes,tunc
1521 3504 1675 3574 quod
1691 3504 1934 3559 honeste
1966 3505 2125 3575 quis-

471 3608 583 3663 que
615 3592 852 3663 cogitat,
889 3590 1033 3646 nulli
1059 3591 1407 3663 promptius,
1427 3592 1538 3647 nisi
1564 3608 1738 3664 quem
1759 3591 1971 3664 diligit,
1994 3609 2124 3647 con-

477 3682 692 3736 ﬁtetur.
721 3683 842 3747 Quo
865 3682 1083 3736 factum
1116 3687 1205 3736 est
1225 3687 1288 3736 ut
1319 3683 1494 3736 etiam
1529 3683 1578 3736 si
1609 3682 1936 3737 immensus
1959 3681 2124 3738 labor

474 3778 663 3843 cmpto
695 3773 853 3843 operi
888 3771 1038 3826 viam
1072 3773 1345 3844 negabat,
1395 3772 1627 3827 animus
1660 3778 1856 3826 tamen
1891 3773 1960 3825 ad
1994 3773 2121 3826 efﬁ-

475 3863 747 3917 ciendum
781 3863 936 3933 quod
969 3878 1283 3932 aggressus
1309 3862 1495 3916 fuerat
1520 3862 1603 3914 tui
1626 3862 2122 3932 contemplations

2230 2619 2335 2667 est.
2372 2610 2765 2682 Hypotheticae
2787 2615 2982 2665 autem
3009 2610 3435 2681 propositiones
3458 2625 3522 2664 ex
3542 2599 3816 2676 categoricis

2228 2705 2520 2765 constant,
2546 2706 2608 2754 ut
2629 2699 2802 2770 paulo
2820 2701 3110 2770 posterius
3133 2699 3457 2769 apparebit,
3472 2714 3579 2770 quo
3592 2696 3645 2751 ﬁt
3666 2699 3715 2749 ut
3732 2688 3814 2761 syl-

2229 2788 2518 2860 logismus
2549 2790 2649 2859 qui
2675 2805 2744 2843 ex
2765 2790 3108 2860 categoricis
3128 2786 3815 2860 propositionibusjunctus

2229 2885 2316 2934 est
2341 2879 2703 2950 categoricus
2734 2878 3080 2950 appelletur,
3116 2879 3172 2933 id
3201 2884 3291 2933 est
3324 2878 3700 2950 praedicativus
3724 2869 3814 2941 qui-

2227 2970 2378 3037 dem,
2412 2968 2510 3039 qui
2543 2985 2674 3022 vero
2699 2985 2766 3023 ex
2799 2968 3188 3040 bypotheticis
3221 2965 3698 3040 propositionibus
3715 2976 3816 3016 con~

2229 3063 2367 3121 stat,
2404 3059 2633 3112 dicatur
2665 3058 3096 3129 hypotheticus,
3133 3057 3190 3111 id
3225 3064 3319 3113 est
3351 3052 3746 3113 conditionalis.
3765 3047 3816 3103 Ut

2228 3163 2364 3220 ergo
2397 3147 2600 3202 horum
2635 3147 3112 3219 syllogismorum
3140 3148 3472 3202 differentia
3490 3145 3813 3218 pervideatur,

2227 3236 2543 3306 spectanda
2576 3237 2740 3306 prius
2761 3243 2846 3290 est
2866 3251 3064 3290 eorum
3098 3235 3157 3289 in
3182 3235 3635 3306 prapositionum
3657 3232 3816 3283 natura

2227 3324 2500 3379 discretio
2523 3341 2535 3391 ;
2557 3323 2786 3378 videtur
2808 3324 2964 3378 enim
2983 3323 3042 3378 in
3063 3323 3366 3388 aliquibus
3383 3316 3815 3396 pr0positionibus

2228 3412 2372 3466 nihil
2404 3413 2635 3468 differre
2667 3413 3034 3484 pradicativa
3061 3413 3384 3485 propositio
3416 3431 3448 3468 a
3478 3401 3813 3468 conditionali,

2229 3501 2342 3556 nisi
2361 3506 2588 3557 tantum
2615 3503 2865 3571 quodam
2887 3502 3167 3558 orationis
3183 3504 3357 3559 modo
3379 3520 3393 3570 ;
3413 3500 3619 3557 velutsi
3637 3491 3816 3568 quisita

2228 3597 2534 3662 proponat,
2561 3592 2732 3646 homo
2756 3591 2973 3647 animal
2996 3597 3104 3658 est,
3131 3592 3188 3646 id
3209 3593 3289 3646 ita
3305 3592 3353 3647 si
3370 3608 3567 3648 rursus
3587 3583 3817 3642 enuntiet.

2229 3681 2279 3736 si
2303 3681 2477 3736 homo
2502 3690 2608 3747 est,
2631 3681 2845 3738 animal
2868 3687 2986 3738 est:
3011 3682 3132 3738 haec
3155 3683 3582 3755 propositiones
3596 3671 3822 3734 orationis

2231 3772 2668 3841 quodammodo
2693 3774 2936 3827 diversae
2969 3778 3124 3839 sunt,
3152 3789 3273 3827 rem
3307 3789 3442 3828 vero
3472 3787 3582 3827 non
3611 3767 3824 3821 videnlur

2232 3860 2597 3932 signiﬁcasse
2630 3861 2942 3916 diversam.
2971 3862 3230 3915 Primum
3258 3862 3441 3930 igitur
3464 3857 3744 3914 dicendum
3762 3851 3828 3902 est

473 3953 790 4007 sufﬁceret.
825 3952 971 4016 Quid
1006 3953 1161 4006 enim
1201 3967 1476 4021 magnum
1509 3951 1810 4006 studiosus
1843 3951 1926 4004 tui
1960 3968 2124 4006 amor
2151 3921 2195 3984 Ο
2237 3950 2389 4019 quod
2412 3949 2779 4020 pradicativa
2803 3950 3122 4022 propositio
3145 3951 3260 4004 vim
3279 3968 3451 4006 suam
3477 3948 3654 4005 nonin
3674 3937 3824 3998 condi-

471 4041 746 4108 et'ﬁceret,
782 4042 830 4096 si
881 4042 1034 4095 intra
1075 4039 1368 4095 facilitatis
1399 4039 1677 4094 terminos
1708 4041 2073 4095 constitisset
2102 4045 2126 4094 .9

472 4131 632 4195 Quod
653 4130 991 4202 igiturapud
1012 4130 1327 4200 scriptores
1343 4129 1576 4198 quidem
1598 4128 1824 4185 Graecos
1842 4147 2120 4201 perquam

473 4220 808 4275 rarissimos
837 4220 1083 4274 strictim
1110 4224 1284 4289 atque
1298 4219 1715 4290 confuse,apud
1735 4219 1969 4275 Latinos
1992 4236 2123 4274 vero

473 4308 668 4364 nullos
695 4309 902 4378 reperi,
929 4308 983 4361 id
1019 4313 1129 4361 tua;
1161 4308 1417 4362 scientiae
1441 4307 1796 4377 dedicatum,
1822 4314 2019 4363 noster
2039 4314 2122 4364 et-

475 4398 524 4452 si
557 4398 900 4463 diuturnus,
959 4396 1130 4468 empti
1184 4403 1376 4452 tamen
1409 4397 1613 4454 efﬁcax
1658 4398 1821 4454 labor
1849 4399 2118 4454 excoluit.

475 4486 616 4541 Nam
638 4503 766 4541 cum
792 4488 1251 4557 categoricorum
1269 4486 1743 4560 syllogismorum
1759 4488 2124 4561 amplissime

474 4576 742 4631 notitiam
779 4575 1162 4648 percepisscs,
1221 4577 1292 4632 de
1338 4576 1731 4650 bypotheticis
1764 4577 2123 4651 syllogismis

472 4681 626 4734 saepe
657 4665 979 4737 quaarebas,
1002 4665 1061 4719 in
1077 4666 1292 4736 quibus
1306 4667 1377 4721 ab
1394 4666 1701 4722 Aristotele
1719 4667 1863 4720 nihil
1887 4673 2122 4724 estcon-

473 4755 781 4825 scriptum.
815 4755 1214 4826 Teophrastus
1233 4771 1390 4822 vero,
1419 4755 1506 4808 vir
1527 4755 1715 4810 omnis
1731 4755 2008 4810 doctrina:
2030 4773 2122 4813 ca-

475 4860 607 4914 pax,
623 4859 815 4899 rerum
835 4849 1063 4899 tantum
1083 4860 1351 4899 summas
1366 4843 2030 4913 exsequitur.Eudemus
2047 4845 2123 4899 la-

474 4934 679 4990 tiorem
709 4935 952 4990 docendi
978 4935 1245 5005 graditur
1267 4934 1443 5000 viam,
1469 4933 1666 4986 sedita
1689 4936 1754 4986 ut
1779 4931 1948 4986 veluti
1967 4949 2119 5004 quaa-

473 5024 607 5078 dam
643 5024 959 5080 seminaria
988 5023 1296 5093 sparsisse,
1331 5020 1556 5074 nullum
1596 5026 1789 5074 tamen
1828 5021 2010 5090 frugis
2033 5023 2121 5077 vi-

473 5115 680 5170 deatur
701 5113 977 5169 extulisse
1004 5113 1495 5184 proventum.Vos
1516 5109 2008 5181 igitur,quantum
2032 5111 2118 5169 in-

473 5203 630 5274 genii
656 5202 880 5256 viribus
903 5207 959 5256 et
981 5199 1249 5254 amicitia:
1273 5204 1384 5252 tuae
1405 5198 1598 5252 studio
1613 5197 1969 5258 suﬁ‘ecimus.
1993 5216 2120 5271 qua:

2231 4039 2515 4103 tione,sed
2535 4041 2591 4092 in
2608 4039 2732 4093 sola
2747 4039 3152 4109 praedicatione
3168 4042 3496 4109 constituit,
3512 4040 3567 4092 in
3593 4030 3826 4092 conditio-

2233 4129 2347 4184 nali
2363 4146 2497 4184 vero
2512 4131 2942 4200 consequentia:
2957 4133 3102 4185 ratio
3116 4147 3182 4185 ex
3199 4124 3823 4196 conditionesuscipitur.

2233 4219 2458 4273 Rursus
2483 4219 2858 4288 praedicativa
2877 4221 3126 4290 simplex
3143 4228 3228 4274 est
3250 4221 3586 4291 prOpositio,
3601 4206 3824 4270 conditio-

2232 4308 2383 4364 nalis
2408 4325 2540 4363 vero
2565 4325 2694 4364 esse
2726 4326 2838 4363 non
2860 4311 3093 4380 poterit,
3121 4310 3233 4365 nisi
3261 4326 3329 4364 ex
3354 4305 3718 4381 praedicativis
3732 4312 3824 4372 pro'

2232 4398 2624 4470 positionibus
2655 4399 3068 4470 conjungatur,
3105 4405 3169 4454 ut
3198 4417 3328 4455 cum
3361 4401 3608 4455 dicimus
3638 4393 3707 4450 :si
3734 4387 3825 4443 dies

2233 4493 2343 4558 est,
2377 4487 2474 4541 lux
2496 4492 2581 4542 est
2616 4507 2628 4556 ;
2666 4488 2788 4543 dies
2821 4495 2928 4556 est,
2958 4493 3131 4560 atque
3163 4489 3258 4544 lux
3282 4495 3393 4558 est,
3428 4491 3552 4544 duae
3582 4489 3703 4542 sunt
3730 4492 3826 4552 pro-

2233 4577 2551 4650 positiones
2577 4577 3051 4650 prtedicativaa,id
3077 4578 3478 4651 estsimplices
3496 4579 3580 4647 ;ad
3607 4577 3699 4631 hoc
3717 4564 3823 4625 illud

2233 4671 2343 4734 est,
2366 4683 2479 4739 quo
2498 4667 2753 4721 maxime
2775 4667 3104 4723 declaratur
3121 4675 3508 4741 utrorumque
3539 4664 3822 4738 proprietas,

2231 4758 2385 4829 quod
2422 4756 2792 4827 praedicativa
2843 4757 3075 4828 quidem
3115 4759 3433 4829 propositio
3487 4757 3651 4812 habet
3685 4760 3824 4806 unum

2232 4848 2566 4916 subjectum
2603 4847 2950 4913 terminum,
3013 4846 3257 4903 alterum
3290 4848 3677 4920 praedicatum.
3706 4843 3761 4898 Et
3783 4834 3822 4890 id

2233 4937 2385 5007 quod
2413 4937 2467 4990 in
2504 4937 2881 5008 pradicativa
2914 4937 3308 5008 propositione
3339 4938 3664 5009 subjicitur,
3701 4929 3822 4985 illius

2231 5025 2528 5096 suscipere
2544 5026 2773 5080 videtur
2787 5042 2997 5081 nomen
3018 5028 3170 5098 quod
3189 5027 3244 5081 in
3261 5029 3461 5083 eadem
3487 5019 3820 5100 propositione

2229 5115 2580 5182 praedicatur
2602 5113 2709 5168 hoc
2736 5116 2928 5184 modo,
2947 5121 3009 5169 ut
3031 5133 3165 5171 cum
3186 5116 3457 5184 dicimus,
3475 5117 3638 5171 homo
3651 5101 3821 5166 animal

2228 5205 2336 5265 est,
2358 5202 2529 5257 homo
2549 5203 2880 5273 subjectum
2905 5210 3014 5272 est,
3036 5207 3253 5261 animal
3280 5205 3726 5278 pradicatum,ct
3743 5197 3818 5250 ho-

470 5292 542 5346 ab
575 5291 692 5345 illis
719 5291 802 5345 vel
827 5291 985 5345 dicta
1008 5287 1276 5353 breviter,
1309 5286 1390 5341 vel
1422 5286 1683 5342 funditus
1715 5287 1934 5343 omissa
1958 5296 2117 5360 sunt,
2152 5305 2197 5367 ο
2230 5306 2322 5344 rno
2345 5291 2620 5347 animalis
2643 5294 2888 5363 suscipit
2915 5311 3149 5357 nomen,
3173 5313 3300 5350 cum
3327 5295 3448 5366 ipse
3472 5295 3633 5350 homo
3649 5279 3817 5346 animal

467 5379 816 5435 elucidanda
830 5379 1201 5449 diligenteret
1216 5375 1508 5432 subtiliter
1524 5378 2117 5448 persequendasusce-

471 5470 689 5541 pimus,
717 5470 775 5524 in
809 5485 921 5540 qua
968 5485 1027 5524 re
1075 5472 1358 5538 superatae
1399 5465 1760 5523 difﬁcultatis
1812 5471 2114 5539 praemium

470 5575 627 5622 vero,
660 5560 707 5614 si
743 5559 846 5612 tibi
883 5575 1100 5612 munus
1130 5556 1405 5629 implesse
1437 5555 1632 5610 videar
1675 5557 1966 5625 amicitiae,
2009 5560 2117 5616 etsi

469 5663 585 5703 non
607 5648 810 5704 videar
829 5646 1187 5704 satisfecisse
1211 5645 1506 5702 doctrinas.
1525 5643 1726 5702 Omnis
1745 5645 2117 5718 syllogismus

2228 5395 2357 5434 esse
2379 5381 2742 5450 proponitur.
2773 5383 2845 5436 At
2867 5383 2922 5436 in
2950 5383 3042 5438 his
3067 5385 3558 5456 propositionibus
3579 5396 3690 5454 qua:
3714 5389 3815 5429 con-

2227 5468 2536 5524 ditionales
2569 5470 2848 5526 dicuntur
2876 5489 2990 5528 non
3011 5474 3164 5529 idem
3193 5474 3611 5546 praedicationis
3630 5473 3812 5525 estmo-

2229 5559 2360 5613 dus.
2383 5562 2581 5631 Neque
2599 5562 2753 5616 enim
2779 5563 3018 5619 omnino
3041 5562 3287 5620 alterum
3304 5565 3371 5619 de
3394 5565 3568 5619 altero
3585 5554 3812 5634 pradica-

2227 5651 2346 5718 tur,
2380 5649 2477 5704 sed
2512 5650 2566 5704 id
2600 5656 2832 5707 tantum
2858 5653 3079 5709 dicitur
3107 5670 3236 5710 esse
3261 5654 3528 5722 alterum,
3549 5653 3592 5708 si
3615 5649 3810 5705 alterum
