4070 6170
262 372 373 427 849

1397 380 1494 432 ΒΕ
1531 371 1984 433 BYLLOGISMO
2022 374 2545 432 HYPOTHETICO.

3566 386 3673 439 850

256 502 361 557 sed
397 500 465 555 ad
501 499 785 555 terminos
816 501 1198 571 aspiciamus.
1229 500 1449 573 Siquid
1475 518 1604 557 vero
1626 518 1696 557 ex
1724 500 1819 555 bis
1841 498 1899 553 in
1931 499 1983 565 Α
2014 497 2341 553 animatum
2357 498 2834 557 sitanimnl.ltem
2850 506 3170 561 secundam
3186 508 3667 579 propositionem,

255 588 665 661 assumptione
688 605 817 661 quea
839 590 1023 660 prima
1043 591 1365 662 propositio
1378 592 1668 660 enuntiat,
1685 591 1908 646 aufera-

255 682 375 745 tur,
407 678 455 733 si
488 693 615 746 quae
645 681 734 732 est
755 694 1125 751 consequens
1148 696 1283 751 pars
1308 680 1727 752 propositionis
1750 679 1907 734 aufe-

253 772 444 835 ratur,
470 765 949 837 tientimperfecti
969 774 1025 822 et
1043 770 1385 840 probatione
1404 770 1734 840 indigentes
1765 783 1910 838 qua-

254 860 395 910 tuor
425 854 752 926 syllogismi
780 872 793 921 ;
827 871 961 909 vero
995 856 1152 926 prior
1182 856 1605 928 propositionis
1638 872 1775 927 pars
1806 870 1911 908 au-

255 946 501 1011 feratur,
543 943 706 999 nulla
737 944 846 1000 erit
878 946 1199 1001 necessitas
1247 945 1597 1019 syllogismi,
1638 946 1696 999 in
1740 944 1912 999 tertio

255 1037 495 1089 tantum
515 1034 688 1089 modo
709 1033 807 1088 ubi
829 1050 945 1089 non
973 1034 1111 1090 facit
1134 1036 1541 1091 necessitatem
1560 1033 1914 1105 complexio,

258 1125 366 1179 sed
400 1123 791 1178 terminorum
825 1128 1053 1179 natura.
1087 1124 1372 1188 Quocirca
1402 1125 1497 1179 hic
1518 1140 1755 1195 quoque
1776 1139 1914 1195 qua-

252 1218 395 1269 tuor
426 1212 511 1268 vel
538 1212 799 1283 quinque
824 1218 967 1268 sunt
987 1213 1312 1285 syllogismi
1335 1230 1348 1268 :
1375 1220 1627 1283 quatuor
1652 1212 1911 1284 quidem,

256 1303 313 1357 si
349 1303 607 1357 secunda
641 1319 776 1373 pars
828 1303 1243 1374 propositionis
1301 1303 1477 1357 fuerit
1516 1303 1863 1373 interempta
1896 1320 1910 1369 ;

254 1392 508 1465 quintus
541 1407 694 1454 vero,
729 1392 776 1446 si
810 1408 943 1446 eum
971 1409 1083 1446 non
1107 1391 1528 1463 complexionis
1556 1398 1787 1455 natura,
1810 1390 1912 1445 sed

258 1481 648 1535 terminorum
670 1480 997 1551 proprietas
1023 1480 1316 1536 metiatur.
1333 1479 1613 1545 Quocirca
1625 1479 1673 1535 si
1689 1496 1755 1534 ex
1776 1479 1915 1534 duo-

252 1571 371 1625 bus
387 1569 657 1625 terminis
674 1570 993 1641 propositio
1015 1570 1201 1641 prima
1217 1574 1467 1635 constat,
1511 1574 1638 1624 octo
1669 1566 1915 1623 suntvel

253 1660 485 1725 decem,
523 1676 627 1713 nec
660 1660 917 1731 amplius
948 1658 1297 1731 syllogismi.
1340 1661 1417 1714 Ac
1449 1660 1520 1715 de
1551 1658 1643 1713 bis
1675 1657 1912 1729 quidem

252 1748 763 1803 conditionalibus
796 1747 1177 1818 syllogismis,
1215 1764 1463 1819 quorum
1486 1746 1913 1819 propositiones

255 1853 532 1893 connexaa
557 1843 717 1907 sunt,
742 1842 796 1892 et
814 1854 880 1892 ex
903 1838 1135 1893 duabus
1150 1837 1532 1909 praedicativis
1546 1835 1913 1907 simplicibus

253 1930 551 1993 constant,
585 1926 950 1983 sufﬁcienter
979 1928 1313 1999 expeditum
1366 1934 1475 1996 est,
1521 1942 1676 1981 nunc
1707 1926 1778 1981 de
1818 1924 1910 1981 bis

253 2015 622 2087 syllogismis
653 2015 967 2071 dicendum
990 2021 1098 2084 est,
1129 2014 1228 2087 qui
1252 2032 1319 2071 ex
1343 2014 1710 2087 praedicativa
1726 2018 1784 2069 et
1804 2013 1908 2083 hy-

251 2104 579 2178 pothetica,
602 2104 690 2159 vel
712 2120 780 2161 ex
811 2105 1184 2177 hypothetica
1198 2105 1908 2177 priedicativaqueconne-

250 2199 521 2251 ctuntur.
547 2193 763 2249 Horum
787 2200 982 2249 autem
1006 2194 1169 2250 facile
1193 2194 1624 2266 complexiones
1646 2192 1907 2248 omnium

250 2283 733 2356 syllogismorum
752 2284 1140 2354 apparebunt,
1171 2284 1217 2337 si
1237 2283 1396 2355 prius
1410 2299 1607 2338 earum
1626 2298 1909 2337 numerus

250 2378 601 2444 exponetur.
624 2377 770 2427 Sunt
800 2372 981 2443 igitur
1012 2373 1233 2443 priores
1264 2374 1499 2443 quidem
1533 2389 1660 2443 quae
1677 2388 1744 2426 ex
1767 2388 1908 2443 prte-

248 2463 509 2519 dicativa
534 2469 709 2533 atque
744 2464 1116 2535 hypothetica
1144 2468 1575 2519 connectuntur
1604 2464 1688 2518 hie
1713 2479 1726 2518 :

248 2562 316 2617 Si
345 2561 493 2630 sita,
524 2577 659 2615 cum
692 2562 770 2615 sit
803 2563 853 2628 b,
884 2566 973 2616 est
995 2577 1042 2616 c.

250 2651 318 2705 Si
353 2651 510 2719 sita,
539 2666 671 2705 cum
707 2650 784 2704 sit
813 2651 865 2717 Ι),
903 2667 1013 2704 non
1048 2655 1137 2705 est
1163 2665 1210 2704 c.

250 2740 313 2793 Si
347 2739 426 2793 sit
454 2756 509 2805 a,
542 2755 674 2793 cum
705 2754 819 2792 non
853 2739 930 2793 sit
960 2739 1009 2806 b,
1042 2743 1131 2793 est
1159 2756 1207 2794 ε.

249 2829 314 2883 Si
351 2829 428 2882 sit
458 2844 511 2893 α,
544 2843 676 2881 cum
712 2844 826 2882 non
858 2828 935 2881 sit
964 2828 1014 2894 ὁ,
1051 2844 1165 2883 non
1200 2832 1289 2883 est
1316 2844 1364 2885 ε.

253 2917 318 2972 Si
357 2933 469 2971 non
504 2916 664 2980 sita,
700 2932 832 2969 cum
866 2916 943 2970 sit
975 2917 1025 2982 b,
1058 2922 1147 2971 est
1173 2934 1222 2971 ε.

255 3007 319 3062 Si
356 3022 471 3060 non
495 3005 571 3060 sit
603 3022 657 3070 ιι,
692 3020 822 3059 cum
854 3005 925 3059 sit
959 3005 1012 3069 b,
1048 3022 1160 3060 non
1190 3010 1280 3061 est
1306 3023 1355 3061 c.

249 3095 315 3149 Si
355 3110 467 3148 non
502 3093 662 3158 sita,
697 3109 830 3147 cum
862 3110 977 3147 non
1012 3093 1090 3148 sit
1119 3095 1170 3162 b,
1206 3098 1295 3149 est
1322 3111 1370 3148 υ.

249 3186 312 3238 Si
351 3200 467 3237 non
500 3182 657 3251 sita,
691 3198 825 3237 cum
854 3200 969 3237 non
994 3182 1071 3237 sit
1092 3183 1141 3249 ὁ,
1166 3199 1282 3238 non
1314 3185 1401 3237 est
1429 3198 1477 3237 ο.

252 3288 343 3335 Ac
377 3280 627 3351 primum
662 3295 789 3350 quae
813 3279 1102 3334 sitearum
1137 3284 1369 3346 natura,
1392 3279 1623 3335 videtur
1642 3295 1771 3334 esse
1791 3284 1910 3335 tra-

249 3370 564 3425 ctandum.
599 3369 797 3439 Neque
826 3368 979 3424 enim
1014 3384 1243 3439 quoque
1268 3370 1440 3423 modo
1461 3369 1715 3423 conditio
1739 3385 1915 3439 pona-

249 3465 380 3525 tur,
416 3457 833 3513 conditionalis
864 3458 1189 3529 propositio
1221 3457 1343 3526 fiet,
1376 3458 1475 3513 sed
1500 3458 1547 3513 si
1576 3457 1679 3512 illa
1707 3474 1915 3514 conse-

252 3547 504 3621 quentia
519 3551 757 3619 pr0pter
780 3546 1029 3619 positam
1054 3547 1246 3602 evenit
1261 3546 1687 3615 conditionem;
1714 3564 1848 3603 nam
1864 3549 1915 3604 si

252 3640 397 3711 quis
428 3638 508 3693 ita
538 3638 715 3703 dicat,
742 3637 789 3692 si
816 3638 990 3692 homo
1013 3641 1123 3702 est,
1155 3653 1290 3693 cum
1313 3637 1391 3692 sit
1424 3638 1662 3703 animal,
1688 3639 1914 3694 anima-

252 3735 391 3785 tum
427 3732 533 3796 est,
567 3744 681 3781 non
712 3727 947 3783 videtur
978 3728 1168 3782 facere
1200 3727 1469 3799 apposita
1500 3728 1755 3783 conditio
1777 3745 1913 3783 con-

252 3816 580 3888 sequentiae
605 3817 1015 3872 necessitatem
1040 3834 1052 3882 ;
1076 3833 1208 3872 nam
1233 3817 1406 3871 etiam
1427 3818 1474 3871 si
1492 3833 1603 3871 non
1625 3817 1911 3885 sithomo,

253 3907 654 3965 nihilominus
674 3912 896 3971 tamen,
922 3922 1055 3962 cum
1082 3905 1434 3973 sitamimal,
1451 3907 1771 3961 animatum
1790 3912 1910 3963 est:

252 4004 320 4054 at
361 3996 411 4052 si
446 3998 525 4051 ita
557 4000 828 4067 ponatur,
867 3994 917 4050 si
950 3995 1027 4049 sit
1057 3995 1252 4064 homo,
1293 4011 1425 4050 cum
1460 3997 1537 4050 sit
1565 3997 1910 4063 animatum,

251 4091 350 4144 est
383 4085 621 4152 animal,
658 4085 907 4150 ;videtur
938 4084 1366 4156 consequentiae
1397 4085 1541 4139 ratio
1598 4086 1654 4139 in
1712 4086 1912 4140 condi-

252 4178 424 4233 tione
454 4175 795 4230 consistere.
821 4174 1025 4245 Neque
1041 4174 1192 4228 enim
1230 4190 1467 4229 necesse
1489 4179 1594 4237 est,
1621 4191 1750 4229 cum
1785 4175 1911 4229 ani-

253 4269 489 4320 matum
526 4267 622 4329 sit,
656 4263 873 4319 animal
906 4278 1057 4330 esse,
1091 4263 1201 4318 nisi
1235 4263 1408 4317 homo
1438 4264 1524 4317 vel
1555 4263 1772 4333 aliquid
1801 4267 1916 4318 tale

252 4354 459 4420 fuerit,
519 4354 672 4423 quod
731 4352 1055 4407 animatum
1123 4369 1253 4407 esse
1315 4357 1699 4423 proponitur,
1774 4360 1913 4407 tunc

254 4444 420 4500 enim
481 4444 632 4513 quod
675 4442 1005 4497 animatum
1068 4446 1175 4507 est,
1234 4441 1451 4496 animal
1507 4456 1634 4497 esse
1677 4458 1913 4497 necesse

255 4537 377 4600 est,
398 4532 567 4587 homo
592 4547 850 4603 namque
874 4529 1445 4602 velquodlibetaliud
1462 4530 1911 4586 taleanimatum

2021 604 2148 659 qua
2176 588 2279 653 ait,
2309 588 2359 643 si
2391 594 2480 644 est
2508 606 2538 643 α
2571 606 2705 644 cum
2734 592 2812 646 sit
2846 594 2896 658 b,
2948 610 3061 648 non
3114 600 3202 649 est
3232 613 3279 665 c,
3325 597 3671 668 hujusmodi

2023 692 2151 731 esse
2200 676 2507 747 oportebit,
2566 682 2630 732 ut
2679 678 2709 733 ὁ
2742 680 2977 749 quidem
3012 689 3220 753 praeter
3246 703 3279 739 α
3310 702 3437 741 esse
3462 688 3668 758 possit,

2023 765 2122 819 sed
2156 781 2287 819 cum
2323 766 2498 821 fuerit
2527 784 2579 833 a,
2613 784 2847 823 necesse
2870 769 2947 824 sit
2973 786 3102 825 esse
3131 773 3306 827 etiam
3342 774 3391 830 b.
3436 777 3508 829 At
3538 793 3670 832 vero

2020 869 2050 908 ο
2080 853 2194 908 tale
2227 854 2306 908 sit
2336 859 2400 908 ut
2439 855 2617 910 simul
2651 856 2885 927 quidem
2919 875 3051 914 cum
3083 877 3117 915 a
3146 878 3275 916 esse
3306 879 3423 917 non
3464 866 3675 935 possit,

2022 959 2155 997 cum
2196 942 2226 997 ὁ
2258 958 2392 997 vero
2419 959 2547 999 esse
2579 946 2786 1015 possit,
2827 952 2885 1002 et
2917 964 3028 1002 non
3061 964 3208 1019 esse,
3243 951 3342 1005 sed
3377 956 3516 1007 tunc
3548 960 3672 1008 tan-

2024 1036 2152 1086 tum
2180 1048 2312 1086 cum
2348 1032 2376 1085 Ι)
2406 1048 2535 1088 esse
2568 1050 2679 1088 non
2714 1036 2919 1106 possit,
2969 1039 3200 1106 quando
3260 1040 3289 1094 ὁ
3323 1042 3605 1097 terminus
3636 1060 3673 1098 α

2023 1122 2345 1176 terminum
2378 1122 2669 1192 sequitur,
2705 1130 2770 1179 ut
2801 1124 2879 1179 sit
2908 1143 2940 1180 a
2973 1127 3165 1195 homo,
3200 1129 3231 1183 ὁ
3262 1129 3613 1201 animatum,
3644 1150 3673 1188 c

2023 1210 2386 1266 insensibile.
2407 1212 3009 1284 Namqueanimatum
3036 1223 3243 1287 praeter
3267 1218 3557 1275 hominem
3576 1238 3673 1277 ese

2023 1304 2212 1370 potest
2245 1316 2258 1364 ;
2285 1306 2343 1354 at
2373 1298 2419 1354 si
2446 1300 2620 1355 homo
2653 1302 2746 1368 sil,
2774 1307 2835 1357 ut
2860 1305 2936 1359 sit
2957 1306 3283 1361 animatum
3306 1324 3542 1365 necesse
3559 1315 3667 1379 est,

2023 1387 2365 1443 insensibile
2396 1405 2529 1443 vero
2562 1394 2753 1459 potest
2780 1407 2909 1447 esse
2930 1393 3255 1449 animatum
3287 1402 3344 1451 et
3374 1415 3485 1453 non
3520 1416 3670 1455 esse.

2024 1486 2134 1540 Sed
2165 1490 2303 1540 tunc
2336 1487 2679 1543 insensibile
2711 1492 2768 1543 et
2797 1491 3120 1547 animatum
3155 1509 3267 1548 non
3294 1497 3670 1561 conveniunt.

2024 1591 2157 1628 cum
2190 1575 2406 1631 idcirco
2437 1582 2524 1632 est
2553 1578 2903 1645 animatum,
2937 1581 3072 1650 quia
3104 1582 3277 1638 homo
3309 1601 3433 1641 esse
3466 1587 3674 1658 praedi-

2025 1669 2154 1719 ctus
2175 1669 2284 1720 est.
2311 1666 2506 1720 Tertia
2529 1683 2662 1722 vero
2687 1669 3005 1740 propositio
3038 1688 3069 1726 α
3091 1673 3326 1743 quidem
3352 1676 3672 1732 terminum

2024 1753 2195 1808 debet
2228 1754 2457 1823 habere,
2480 1755 2579 1827 qui
2600 1773 2902 1828 nunquam
2928 1759 3251 1817 simulesse
3268 1763 3454 1833 possit
3475 1780 3607 1820 cum
3638 1766 3671 1821 b

2024 1842 2299 1911 termino,
2331 1860 2360 1898 ο
2387 1860 2523 1899 vero
2552 1846 2871 1902 terminum
2902 1848 3075 1903 talem
3110 1866 3238 1905 esse
3270 1853 3579 1922 oportebit,
3609 1858 3674 1909 ut

2028 1932 2214 2002 possit
2242 1948 2371 1988 esse
2402 1933 2635 2005 quidem
2670 1939 2729 1990 et
2757 1953 2871 1990 non
2904 1954 3053 2005 esse,
3079 1939 3127 1993 si
3152 1956 3265 1995 non
3289 1940 3463 1995 fuerit
3493 1942 3544 2009 ὁ,
3569 1943 3671 1998 sed

2023 2025 2167 2076 tunc
2195 2026 2423 2077 tantum
2459 2040 2695 2079 necesse
2717 2026 2793 2080 sit
2810 2042 2938 2082 esse
2958 2044 2987 2082 ο
3007 2029 3346 2097 terminum,
3365 2030 3411 2085 si
3428 2031 3456 2085 b
3473 2032 3671 2087 Iermi-

2026 2127 2138 2166 nus
2172 2127 2284 2166 non
2318 2112 2414 2176 sit,
2446 2112 2497 2167 si
2526 2114 2738 2169 idcirco
2764 2132 2877 2171 non
2906 2122 2995 2171 est
3016 2118 3068 2185 ὁ,
3098 2119 3373 2187 quoniam
3405 2137 3439 2175 ιι
3461 2121 3667 2175 termi-

2025 2218 2137 2256 nus
2168 2218 2295 2257 esse
2326 2202 2636 2273 praedictus
2669 2210 2776 2271 est,
2808 2209 2874 2258 ut
2896 2206 3085 2261 sisita
3109 2207 3305 2276 homo,
3329 2211 3360 2265 b
3384 2210 3670 2265 inanima-

2023 2294 2217 2361 tum,c
2238 2291 2535 2347 sensibile.
2559 2292 2703 2346 Nam
2726 2294 2773 2347 si
2796 2298 2885 2348 est
2909 2294 3104 2364 homo,
3131 2313 3247 2352 non
3272 2304 3360 2354 est
3383 2300 3672 2355 inanima-

2023 2384 2174 2445 tum,
2216 2381 2497 2436 sensibile
2518 2397 2654 2436 vero
2699 2398 2828 2438 esse
2852 2390 3042 2454 potest
3064 2386 3242 2440 simul
3293 2392 3348 2442 et
3375 2405 3487 2443 non
3522 2406 3677 2457 esse,

2022 2485 2157 2523 cum
2188 2468 2579 2525 inanimatam
2609 2487 2724 2525 non
2758 2471 2853 2527 sit.
2881 2472 3133 2529 Possunt
3156 2475 3311 2531 enim
3360 2493 3488 2533 esse
3518 2496 3671 2549 quae-

2020 2558 2156 2612 dam
2190 2574 2319 2628 quae
2356 2575 2456 2613 nec
2488 2560 2811 2616 inanimata
2840 2567 2999 2629 sunt,
3025 2580 3129 2618 nec
3155 2564 3551 2634 sensibilia,ut
3581 2585 3674 2623 ar-

2024 2646 2210 2702 bores.
2246 2648 2404 2703 Idem
2438 2653 2635 2704 tamen
2654 2651 2930 2705 sensibile
2964 2668 3201 2708 necesse
3234 2658 3324 2708 est
3349 2671 3497 2722 esse,
3539 2672 3670 2712 cum

2021 2752 2136 2790 non
2161 2737 2239 2791 sit
2259 2737 2674 2807 inanimatum,
2696 2739 2745 2794 si
2771 2740 2986 2795 idcirco
3004 2741 3389 2798 inanimatum
3416 2762 3530 2799 non
3555 2750 3671 2814 est,

2020 2825 2347 2896 quiabomo
2361 2841 2491 2881 esse
2512 2828 2823 2897 praedictus
2846 2834 3188 2885 est.Rursus
3219 2838 3431 2902 quarta
3450 2850 3666 2903 propo—

2018 2913 2153 2969 sitio
2184 2914 2363 2985 hujus
2379 2930 2507 2970 esse
2527 2916 2698 2971 debet
2729 2918 3119 2989 proprietatis,
3146 2924 3210 2974 ut
3242 2920 3523 2991 bquidem
3548 2928 3666 2977 ter-

2020 3003 2218 3058 minus
2251 3003 2410 3058 nullo
2443 3006 2616 3059 modo
2659 3020 2789 3061 esse
2814 3008 3024 3078 possit,
3056 3013 3103 3062 si
3129 3010 3303 3064 fuerit
3331 3028 3383 3075 α,
3405 3015 3463 3065 at
3483 3028 3614 3067 vero
3641 3028 3669 3068 ο

2020 3094 2206 3163 possit
2227 3110 2355 3149 esse
2376 3099 2434 3149 et
2456 3111 2570 3149 non
2594 3112 2746 3163 esse,
2766 3096 2815 3151 si
2840 3114 2954 3152 non
2979 3099 3153 3153 fuerit
3174 3102 3224 3155 ὁ.
3240 3102 3353 3156 Sed
3378 3106 3519 3156 tunc
3542 3106 3667 3157 tan-

2020 3186 2147 3236 tum
2180 3198 2207 3236 c
2236 3199 2370 3237 cum
2403 3200 2516 3237 non
2545 3183 2719 3239 fuerit
2750 3184 2801 3252 b,
2849 3202 2964 3241 non
2997 3203 3127 3242 esse
3158 3204 3398 3244 necesse
3429 3190 3525 3256 sit,
3557 3190 3604 3246 si
3638 3191 3667 3246 b

2022 3271 2312 3325 terminus
2339 3287 2453 3327 non
2473 3272 2571 3339 sit,
2590 3273 2731 3343 quia
2752 3291 2784 3329 a
2800 3275 3093 3330 terminus
3118 3276 3283 3348 prius
3304 3294 3433 3333 esse
3457 3296 3665 3351 propo-

1994 3359 2173 3414 situs
2205 3364 2313 3427 est,
2341 3366 2404 3414 ut
2426 3362 2473 3415 si
2498 3360 2576 3415 sit
2606 3378 2644 3416 a
2678 3361 3351 3432 bomo,binanimatum,
3372 3367 3669 3424 cinsensi-

2024 3448 2180 3516 bile;
2216 3449 2542 3504 animatum
2568 3450 2720 3506 enim
2751 3468 2863 3507 non
2889 3453 2999 3507 erit
3034 3454 3082 3509 si
3119 3455 3290 3510 fuerit
3320 3454 3494 3512 homo
3525 3482 3539 3525 ;
3569 3457 3671 3513 in-

2022 3538 2301 3593 sensibile
2331 3555 2464 3594 vero
2497 3544 2683 3608 potest
2717 3557 2845 3596 esse
2896 3548 2954 3597 et
2997 3560 3110 3598 non
3143 3560 3290 3609 esse,
3325 3545 3371 3600 si
3423 3563 3536 3600 non
3596 3547 3673 3602 sit

2023 3627 2433 3684 inanimatum.
2489 3630 2651 3683 Tunc
2713 3635 2943 3686 tantum
2993 3632 3227 3688 insibile
3260 3650 3372 3689 non
3407 3651 3535 3691 esse
3566 3653 3668 3691 ne-

2023 3733 2185 3772 cesse
2211 3722 2319 3785 est,
2344 3734 2477 3772 cum
2510 3718 2898 3774 inanimatam
2922 3737 3037 3776 non
3061 3722 3157 3790 sit,
3182 3739 3313 3777 cum
3344 3724 3557 3779 idcirco
3580 3727 3668 3780 in-

2024 3806 2349 3861 animatum
2382 3823 2494 3861 non
2527 3813 2635 3874 est,
2669 3808 2810 3879 quia
2840 3809 3014 3865 homo
3047 3826 3175 3866 esse
3214 3811 3527 3882 praedictus
3558 3818 3667 3869 est.

2023 3894 2236 3958 Quinta
2283 3911 2517 3967 quoque
2576 3898 2892 3967 propositio
2922 3898 3071 3954 tales
3126 3901 3336 3956 habere
3384 3902 3669 3958 terminos

2023 3984 2212 4051 debet,
2246 3988 2309 4039 ut
2339 3985 2624 4055 aquidem
2658 3987 2707 4041 si
2731 4004 2844 4041 non
2864 3989 3214 4055 sit,necesse
3236 3994 3313 4044 sit
3332 4006 3459 4046 esse
3488 3992 3538 4059 ὸ,
3562 3992 3669 4047 sib

2022 4074 2311 4128 terminus
2344 4075 2441 4140 sit,
2469 4074 2653 4145 possit
2683 4080 2739 4131 et
2768 4093 2895 4132 esse
2918 4082 2973 4131 et
2999 4095 3109 4132 non
3130 4095 3250 4133 esse
3282 4096 3325 4134 c.
3362 4081 3669 4135 Tunctan-

2022 4167 2146 4216 tum
2178 4180 2206 4217 c
2235 4180 2363 4218 esse
2386 4180 2625 4219 necesse
2652 4165 2746 4231 sit,
2773 4166 3161 4233 cumfueritb,
3187 4184 3319 4222 cum
3346 4169 3560 4224 idcirco
3583 4175 3673 4225 est

2022 4267 2075 4321 q,
2100 4251 2240 4320 quia
2270 4268 2301 4305 a
2326 4253 2617 4307 terminus
2635 4268 2765 4307 esse
2788 4258 3036 4324 negatus
3059 4259 3170 4321 est,
3201 4258 3265 4308 ut
3296 4256 3345 4310 si
3380 4256 3518 4309 sita
3543 4257 3669 4325 qui-

2024 4341 2155 4394 dem
2180 4343 2530 4407 animatum,
2555 4342 2586 4395 b
2620 4357 2748 4396 vero
2779 4342 3142 4410 insensibile,
3162 4361 3190 4399 τε
3210 4344 3462 4399 invitale.
3492 4346 3673 4417 Igitur

2024 4430 2073 4484 si
2098 4446 2209 4484 non
2245 4430 2323 4484 sit
2343 4431 2695 4500 animatum,
2726 4432 2924 4487 statim
2960 4435 3342 4505 consequitur
3381 4438 3444 4490 ut
3472 4434 3543 4490 sit
3577 4436 3671 4491 in-

2025 4518 2323 4586 sensibile,
2357 4519 2597 4575 invitale
2620 4524 2812 4576 autem
2838 4526 3030 4592 potest
3060 4539 3211 4590 esse,
3231 4524 3278 4579 si
3312 4524 3388 4579 sit
3417 4523 3669 4581 insensi-

255 4627 375 4679 est.
410 4622 517 4676 Per
548 4620 815 4692 singulas
846 4620 1029 4692 igitur
1059 4620 1487 4691 propositiones
1519 4622 1777 4676 eundum
1806 4627 1911 4688 est,

2027 4607 2165 4675 bile,
2200 4612 2261 4663 ut
2292 4608 2460 4679 lapis,
2482 4614 2674 4681 potest
2697 4627 2828 4665 vero
2852 4628 2965 4666 non
2988 4628 3114 4667 esse
3133 4612 3390 4680 invitale,
3416 4614 3461 4669 si
3483 4615 3557 4669 sit
3580 4616 3664 4669 in-

256 4718 319 4769 et
334 4712 653 4781 spectanda
674 4716 760 4765 est
782 4726 915 4765 earu
928 4727 980 4765 m
995 4708 1361 4779 singularum
1378 4714 1588 4763 natura
1602 4710 1707 4764 hoc
1722 4711 1913 4765 modo:

256 4800 461 4857 Prima
497 4800 814 4871 propositio
846 4816 947 4871 per
968 4814 1145 4870 quam
1171 4796 1697 4866 enuntiatur,siest
1723 4816 1755 4853 α
1782 4815 1915 4853 cum

256 4890 345 4946 sit
395 4890 447 4957 b,
501 4896 590 4943 est
636 4904 681 4953 ο,
717 4889 852 4943 telis
876 4904 1005 4943 esse
1037 4887 1227 4955 debet,
1282 4890 1346 4939 ut
1400 4888 1430 4940 ὁ
1462 4887 1698 4956 quidem
1731 4888 1919 4958 possit

255 4994 393 5035 esse
426 4977 600 5031 etiam
636 4982 846 5048 praeter
871 4994 926 5045 a,
960 4975 1009 5029 si
1034 4982 1228 5029 tamen
1254 4992 1286 5029 τι
1341 4976 1548 5046 fuerit,§
1570 4977 1600 5031 b
1648 4993 1760 5031 non
1787 4993 1917 5032 esse

252 5084 380 5124 non
403 5066 609 5136 possit.
634 5067 854 5121 Rursus
876 5065 1027 5119 idem
1049 5064 1722 5136 bterminuspossitesse
1737 5068 1912 5121 etiam

252 5173 398 5213 cum
430 5172 541 5209 non
573 5160 660 5209 est
689 5173 736 5220 υ,
771 5169 877 5208 nec
895 5154 972 5207 sit
1003 5168 1241 5207 necesse
1266 5158 1329 5207 ut
1362 5155 1395 5208 b
1418 5155 1601 5224 posito
1635 5155 1711 5210 sit
1740 5157 1910 5211 etiam

250 5264 305 5313 c,
341 5245 441 5299 sed
466 5250 605 5299 tunc
627 5248 855 5299 tantum
887 5258 1122 5297 necesse
1143 5241 1219 5297 sit
1240 5258 1369 5298 esse
1399 5260 1445 5313 c,
1470 5244 1704 5315 quando
1737 5245 1768 5300 b
1795 5249 1913 5300 ter-

253 5332 459 5390 minus
489 5350 519 5387 a
552 5333 871 5386 terminum
895 5331 1179 5401 sequitur,
1207 5335 1269 5385 ut
1290 5331 1338 5386 si
1362 5332 1439 5386 sit
1458 5332 1703 5400 abomo,
1735 5335 1764 5388 b
1786 5336 1911 5389 ani-

251 5426 514 5490 matum,
538 5420 797 5477 canimal
824 5438 837 5475 :
870 5420 1196 5475 animatum
1231 5421 1389 5475 enim
1408 5426 1465 5476 et
1491 5426 1701 5493 praeter
1720 5422 1912 5477 homi-

255 5527 400 5567 nem
433 5514 489 5564 et
519 5514 726 5582 praeter
744 5507 961 5563 animal
980 5524 1110 5564 esse
1134 5513 1342 5579 potest.
1369 5510 1428 5564 Si
1450 5526 1583 5565 vero
1614 5510 1689 5565 sit
1713 5511 1909 5581 homo,

254 5600 591 5655 animatum
611 5615 739 5654 esse
752 5614 988 5653 necesse
1004 5604 1112 5666 est,
1138 5602 1346 5653 etcum
1371 5600 1694 5654 animatum
1721 5600 1908 5655 homi~

262 5689 363 5745 nis
395 5687 707 5744 essentiam
739 5690 1156 5758 consequatur,
1202 5688 1578 5758 consequitur
1608 5690 1667 5744 in
1711 5689 1907 5760 ipsum

2026 4697 2263 4765 sensile,
2299 4703 2361 4752 ut
2392 4705 2531 4753 sunt
2561 4699 2818 4754 arbores.
2851 4700 2958 4755 Sed
2992 4706 3133 4756 tunc
3191 4706 3441 4768 tantum,
3477 4704 3666 4774 posito

2026 4786 2377 4850 insensibili,
2411 4788 2792 4857 consequitur
2812 4794 2876 4842 ut
2895 4789 3129 4844 invitale
3149 4806 3278 4845 esse
3301 4808 3535 4847 necesse
3567 4794 3666 4859 sit,

2030 4891 2163 4930 cum
2194 4876 2410 4931 idcirco
2432 4881 2521 4932 est
2543 4877 3061 4949 insensibile,quia
3086 4896 3201 4935 non
3215 4881 3664 4936 estanimatum.

2017 4976 2329 5029 Sextavero
2346 4974 2663 5045 propositio
2678 4974 2822 5029 tales
2839 4973 3055 5030 habere
3068 4977 3337 5033 terminos
3353 4980 3667 5049 desiderat,

2026 5066 2091 5115 nt
2111 5061 2141 5115 Ι)
2164 5062 2399 5132 quidem
2420 5080 2549 5119 esse
2572 5080 2809 5119 necesse
2840 5066 2934 5129 sit,
2958 5066 3006 5119 si
3033 5082 3145 5120 non
3170 5068 3345 5121 fuerit
3373 5085 3425 5136 α,
3462 5074 3518 5122 at
3540 5085 3669 5122 vero

2021 5166 2049 5204 ε
2080 5153 2369 5207 terminus
2401 5154 2449 5206 si
2483 5153 2557 5208 sit
2611 5154 2661 5221 b,
2720 5152 2806 5207 vel
2840 5169 2969 5207 esse
3018 5153 3103 5209 vel
3136 5172 3247 5209 non
3282 5172 3408 5210 esse
3442 5158 3621 5227 possit
3654 5175 3669 5226 ;

2022 5248 2162 5298 tunc
2179 5246 2374 5298 tamen
2396 5258 2424 5297 ε
2443 5259 2556 5297 non
2579 5258 2707 5298 esse
2734 5258 2972 5297 necesse
2991 5243 3087 5309 sit,
3112 5260 3245 5297 cum
3271 5246 3346 5298 sit
3370 5246 3419 5311 b,
3439 5247 3669 5315 quando

2023 5332 2237 5387 idcirco
2250 5332 2405 5399 estb,
2424 5332 2605 5403 quiaa
2628 5332 2917 5388 terminus
2934 5349 3046 5387 non
3064 5349 3193 5387 esse
3206 5334 3543 5404 propositus
3558 5339 3666 5402 est,

2021 5421 2194 5476 veluti
2245 5422 2403 5477 sisit
2454 5440 2488 5476 a
2516 5424 2866 5490 animatum,
2930 5422 2959 5475 ιι
2991 5421 3354 5489 insensibile,
3395 5439 3423 5476 ο
3470 5422 3661 5477 vitale.

2021 5511 2165 5566 Nam
2199 5528 2434 5567 necesse
2464 5516 2550 5567 est
2572 5527 2702 5567 esse
2726 5510 3091 5578 insensibile,
3125 5511 3308 5565 sinon
3342 5511 3515 5565 fuerit
3544 5511 3664 5564 ani-

2021 5605 2269 5668 matum,
2295 5617 2424 5655 cum
2447 5617 2581 5656 vero
2605 5600 3053 5667 sitinsensibile,
3073 5598 3194 5653 ﬁeri
3220 5599 3449 5667 quidem
3479 5605 3662 5670 potest

2021 5693 2084 5745 ut
2101 5705 2217 5745 non
2238 5690 2410 5761 vivat,
2428 5690 2607 5746 veluti
2634 5689 2804 5762 lapis,
2832 5688 2954 5744 fieri
2979 5692 3172 5744 autem
3198 5691 3389 5757 potest
3412 5693 3471 5743 ut
3490 5688 3659 5760 vivat,
