4070 6170
265 357 379 412 853

1406 362 1503 413 DE
1543 356 1993 413 SYLLOGISMO
2028 357 2554 412 HYPOTHETICO.

3576 358 3683 416 854

260 484 324 538 Si
358 501 472 539 non
497 488 585 538 est
612 500 647 538 a
676 482 1024 553 animatum,
1057 500 1189 539 eum
1244 500 1358 538 non
1392 482 1470 538 sit
1530 482 1558 535 ὁ
1614 480 1914 548 sensibile,
1950 482 2003 547 Α
2031 480 2263 534 Sextam
2297 496 2432 534 vero
2476 481 2931 552 propositionem
2973 480 3115 536 talia
3145 481 3359 537 debent
3417 484 3683 539 membra

339 576 429 628 est
448 590 477 628 c
507 573 759 628 invitale.

262 663 325 718 Si
351 679 463 717 non
496 668 586 718 est
606 680 641 718 a
666 663 1017 734 animatum,
1042 679 1175 717 cum
1201 679 1315 719 non
1342 661 1419 717 sit
1441 662 1469 716 ι)
1493 661 1914 725 sensibile,non

345 757 434 807 est
463 769 492 805 ε
520 752 715 807 vitale.

269 841 568 912 Expeditis
592 842 771 913 igitur
793 842 884 897 his
904 841 1260 914 syllogismis
1283 842 1380 913 qui
1396 857 1458 896 ex
1478 839 1694 895 talibus
1711 855 1915 910 prepo-

264 931 586 987 sitionibus
607 932 914 1003 ﬁunt,quze
928 932 1117 1003 prima
1132 930 1784 1003 praedicativa,secunda
1807 928 1913 999 hy-

268 1020 564 1092 pothetica
596 1021 967 1090 copulantur,
1000 1038 1155 1076 nunc
1176 1021 1247 1076 ad
1271 1038 1370 1076 eos
1394 1019 1708 1075 transitum
1735 1019 1913 1072 facia-

262 1126 421 1175 mus,
456 1110 556 1180 qui
587 1126 652 1165 ex
684 1110 873 1181 prima
899 1108 1300 1177 conditionali,
1334 1110 1593 1164 secunda
1612 1125 1745 1164 vero
1774 1125 1914 1179 prai-

260 1200 514 1255 dicativa
567 1206 899 1268 nectuntur,
960 1216 1211 1271 quarum
1279 1200 1542 1255 omnium
1630 1214 1913 1255 numerus

257 1292 573 1361 ponendus
604 1295 715 1356 est,
740 1296 806 1345 ut
836 1292 906 1346 de
938 1291 1156 1362 quibus
1186 1290 1493 1362 loquamur
1525 1290 1705 1345 lector
1730 1305 1910 1360 agno-

261 1388 408 1435 seat.

254 1516 320 1573 Si
355 1533 484 1572 cum
522 1516 679 1586 sita,
710 1520 801 1577 est
833 1517 882 1584 b,
916 1521 1001 1572 est
1025 1534 1072 1571 ε.

253 1605 315 1660 Si
352 1623 484 1661 cum
519 1606 672 1674 sita,
706 1615 789 1662 est
825 1608 877 1675 ὁ,
914 1623 1026 1661 non
1064 1610 1152 1661 est
1183 1622 1229 1661 ε.

255 1696 322 1753 Si
357 1713 488 1753 cum
514 1696 592 1753 sit
624 1714 675 1767 a,
712 1714 823 1752 non
852 1703 937 1751 est
970 1696 1021 1764 ἐν,
1054 1701 1141 1753 est
1168 1712 1215 1750 ο.

253 1786 316 1841 Si
354 1803 486 1840 cum
517 1786 588 1841 sit
616 1803 671 1861 α,
706 1803 821 1841 non
858 1791 942 1841 est
973 1787 1027 1852 ὁ,
1062 1802 1172 1840 non
1209 1789 1296 1840 est
1327 1801 1373 1839 c.

252 1873 315 1927 Si
352 1889 484 1927 cum
515 1890 627 1928 non
661 1873 820 1941 sita,
856 1878 944 1929 est
976 1873 1028 1938 ἱ),
1059 1876 1147 1927 est
1176 1888 1221 1926 c.

246 1963 309 2017 Si
356 1979 485 2018 cum
520 1979 636 2017 non
666 1962 817 2031 sita,
854 1966 945 2016 est
977 1962 1025 2032 Ι),
1061 1979 1176 2016 non
1211 1966 1297 2015 est
1328 1978 1374 2016 ε.

249 2053 313 2108 Si
352 2070 483 2109 cum
520 2069 634 2107 non
667 2053 825 2117 sita,
860 2069 973 2106 non
1002 2056 1091 2106 est
1122 2052 1172 2119 ὁ,
1202 2055 1289 2106 est
1317 2066 1362 2104 ο.

250 2142 317 2198 Si
353 2159 484 2197 cum
516 2159 630 2196 non
666 2142 825 2209 sita,
860 2159 973 2196 non
1011 2146 1097 2196 est
1130 2140 1179 2210 b,
1211 2158 1323 2195 non
1348 2156 1391 2195 ε.

245 2279 455 2333 Prima
476 2277 658 2349 igitur
681 2276 999 2348 propositio
1025 2276 1171 2331 tales
1189 2276 1397 2331 habere
1414 2276 1693 2331 terminos
1713 2278 1904 2345 debet,

249 2371 322 2423 ut
350 2386 384 2423 α
416 2367 653 2435 quidem
679 2367 866 2438 possit
887 2382 1016 2422 esse
1035 2373 1239 2435 praeter
1265 2366 1298 2420 b
1324 2372 1380 2421 et
1409 2383 1455 2432 c;
1489 2367 1587 2421 sed
1617 2371 1755 2421 tnno
1805 2367 1906 2421 sia

244 2458 448 2527 fuerit,
482 2474 509 2511 c
531 2474 658 2513 esse
686 2471 923 2511 necesse
954 2455 1050 2522 sit,
1086 2471 1219 2510 cum
1246 2473 1282 2511 a
1304 2456 1622 2510 terminum
1646 2458 1675 2509 b
1706 2457 1903 2511 termi-

249 2564 369 2603 nus
402 2547 818 2617 subsequatur,
841 2550 906 2599 ut
936 2545 984 2600 si
1017 2545 1093 2600 sit
1122 2562 1155 2599 ιι
1195 2545 1433 2616 quidem
1493 2545 1839 2613 animatum,
1874 2548 1903 2601 Ι)

247 2637 456 2701 homo,
480 2653 505 2691 c
535 2634 749 2691 animal
775 2633 1098 2689 animatum
1124 2650 1377 2705 namque
1398 2638 1456 2689 et
1479 2638 1685 2705 printer
1710 2634 1903 2690 homi-

248 2742 389 2782 nem
424 2730 479 2780 et
499 2723 929 2796 praeteranimal
946 2740 1075 2778 ese
1098 2728 1309 2795 potest.
1327 2724 1491 2778 Tunc
1515 2740 1645 2779 vero
1670 2725 1719 2778 id
1746 2725 1898 2796 quod

244 2815 577 2872 animatum
613 2821 719 2879 est,
748 2829 875 2871 esse
907 2813 1123 2868 animal
1160 2829 1394 2868 necesse
1421 2818 1529 2880 est,
1561 2813 1607 2867 si
1651 2814 1706 2867 id
1750 2816 1896 2885 quod

250 2904 705 2970 estanimatum,
734 2903 905 2958 homo
923 2906 1032 2959 est.
1052 2902 1315 2963 Secunda
1333 2902 1656 2975 propositio
1680 2903 1897 2959 talibus

240 2993 522 3051 terminis
545 2993 1035 3060 contexendasst,
1058 2997 1169 3046 uta
1190 2991 1428 3063 quidem
1446 2996 1654 3063 praeter
1672 2994 1700 3047 b
1724 2997 1898 3063 atque

242 3102 295 3151 ο,
332 3088 389 3139 et
415 3099 547 3138 cum
564 3083 784 3138 eisdem
804 3081 1152 3153 essepossit;
1172 3086 1311 3136 tunc
1340 3085 1537 3137 tamen
1572 3082 1897 3136 necessesit

239 3190 361 3229 non
397 3188 525 3227 esse
554 3188 734 3227 ccum
763 3178 846 3226 est
877 3188 929 3237 a,
956 3171 1002 3227 si
1036 3188 1069 3225 τι
1103 3172 1289 3242 posito
1321 3172 1350 3224 b
1382 3171 1799 3242 subsequatur,
1827 3177 1891 3227 ut

238 3263 363 3317 sia
397 3261 473 3317 sit
522 3261 865 3329 animatum,
900 3262 927 3314 b
978 3260 1225 3325 homo,c
1278 3276 1486 3330 equus.
1552 3260 1884 3315 Animatum

237 3352 486 3423 quippe,
522 3356 583 3405 ut
612 3353 669 3405 et
701 3350 894 3416 homo,
919 3349 1003 3403 vel
1027 3366 1214 3420 equus
1246 3351 1325 3403 sit
1347 3350 1467 3403 ﬁeri
1496 3355 1701 3419 potest.
1728 3352 1891 3405 Tunc

231 3457 374 3497 vero
408 3455 644 3496 necesse
669 3448 753 3495 est
784 3439 839 3494 id
875 3440 1031 3510 quod
1065 3439 1389 3493 animatum
1443 3443 1551 3505 est,
1616 3457 1727 3497 non
1762 3456 1891 3495 esse

234 3546 483 3597 equum,
502 3530 547 3584 si
564 3529 619 3583 id
642 3528 839 3600 ipsum
868 3529 1021 3600 quod
1040 3528 1364 3587 animatum
1386 3528 1676 3597 est,homo
1697 3530 1889 3584 fuerit.

234 3620 438 3674 Tertia
462 3618 777 3689 propositio
792 3617 883 3671 his
900 3618 1163 3675 terminis
1182 3616 1583 3687 copulatur,ut
1602 3635 1633 3671 (ι
1652 3619 1889 3688 quidem

228 3724 375 3763 cum
411 3708 442 3761 b
475 3712 530 3760 et
559 3723 586 3760 c
616 3706 700 3761 vel
729 3723 858 3761 esse
876 3705 962 3760 vel
995 3722 1110 3761 non
1137 3723 1265 3760 esse
1287 3706 1489 3777 possit,
1522 3711 1661 3760 tunc
1695 3709 1889 3761 tamen

234 3812 483 3853 necesse
515 3796 593 3851 sit
622 3795 799 3851 simul
830 3812 961 3850 esse
991 3812 1124 3852 cum
1158 3813 1203 3864 ο,
1238 3796 1288 3850 si
1320 3795 1508 3866 posito
1537 3812 1570 3850 a
1618 3796 1891 3865 termino,

238 3892 268 3942 b
294 3887 589 3943 terminus
620 3886 936 3949 abnuatur,
970 3889 1034 3939 ut
1059 3885 1108 3939 si
1140 3887 1279 3939 sita
1310 3884 1549 3949 animal,
1584 3886 1613 3939 b
1650 3885 1894 3953 animal,

232 3995 261 4032 c
298 3975 667 4030 insensibile.
703 3975 849 4031 Nam
884 3975 1039 4046 quod
1066 3976 1394 4029 animatum
1419 3980 1528 4044 est,
1553 3974 1640 4029 vel
1673 3974 1893 4030 animal

233 4065 328 4121 vel
362 4081 478 4119 non
514 4064 753 4130 animal,
788 4064 873 4119 vel
900 4064 1266 4129 insensibile,
1295 4064 1382 4118 vel
1408 4081 1520 4119 non
1548 4064 1893 4121 insensibile

235 4172 377 4210 esse
413 4158 624 4225 potest,
651 4156 748 4209 sed
785 4160 927 4208 tunc
947 4169 1183 4209 necesse
1202 4158 1289 4207 est
1308 4153 1363 4206 id
1389 4154 1544 4224 quod
1564 4152 1890 4209 animatum

234 4250 333 4300 est
361 4260 494 4299 esse
526 4243 885 4307 insensibile,
920 4243 967 4297 si
998 4244 1253 4299 animato
1296 4243 1482 4313 posito
1540 4242 1753 4298 animal
1788 4244 1893 4298 ab-

240 4339 484 4389 nuatur.
516 4334 743 4397 Quartae
777 4332 1192 4403 prepositionis
1226 4332 1279 4386 hi
1309 4332 1541 4386 termini
1575 4337 1736 4397 sunt,
1772 4336 1833 4386 ut
1860 4351 1890 4386 (ι

235 4423 483 4494 quidem
531 4438 659 4475 cum
696 4423 723 4474 h
748 4426 802 4475 et
832 4438 964 4475 cum
999 4439 1025 4477 c
1059 4437 1186 4475 esse
1242 4424 1298 4474 et
1331 4438 1444 4475 non
1503 4437 1630 4476 esse
1687 4421 1891 4491 possit,

236 4519 384 4566 tunc
416 4526 549 4564 vero
584 4510 654 4565 ab
688 4527 754 4565 eo
776 4528 803 4563 ε
837 4511 1027 4565 modis
1048 4510 1325 4565 omnibus
1358 4515 1682 4580 separetur,
1716 4511 1764 4564 si
1791 4528 1893 4582 po-

2027 569 2405 639 oonjungere,
2438 574 2502 623 ut
2532 569 2581 623 si
2617 586 2729 625 non
2762 570 2836 624 sit
2866 588 2897 625 a
2930 570 3243 636 terminus,
3276 572 3304 625 b
3338 579 3508 643 atque
3539 574 3679 629 evel

2027 675 2156 714 esse
2186 658 2271 713 vel
2303 675 2417 713 non
2449 675 2577 714 esse
2608 660 2871 731 possint;
2934 665 3072 714 tunc
3130 677 3263 714 vero
3324 662 3612 733 denegata
3644 680 3677 719 a

2025 749 2297 815 termino,
2332 766 2357 803 ο
2392 766 2505 804 non
2529 765 2656 804 esse
2688 766 2921 804 necesse
2954 750 3049 818 sit,
3075 766 3207 804 eum
3242 752 3609 821 negationem
3640 769 3674 808 ιι

2027 838 2284 902 termini,
2324 840 2351 893 b
2375 839 2603 895 termini
2629 840 3353 904 ai'ﬁrmatiocomitabitur,
3374 847 3437 894 ut
3467 840 3515 894 si
3540 842 3672 897 sita

2026 927 2283 993 invitale,
2306 928 2334 982 Ι)
2351 927 2544 997 homo,
2560 946 2585 982 c
2607 944 2814 1000 equus.
2848 928 2991 983 Nam
3010 931 3162 1000 quod
3182 946 3292 983 non
3313 930 3669 999 estinvitale,

2027 1021 2216 1087 potest
2246 1016 2331 1071 vel
2367 1019 2542 1072 homo
2574 1017 2664 1072 vel
2696 1034 2884 1088 equus
2915 1034 3042 1073 esse
3072 1018 3159 1072 vel
3219 1035 3333 1073 non
3385 1035 3532 1087 esse,
3568 1022 3667 1075 sed

2026 1123 2263 1161 necesse
2294 1111 2382 1161 est
2412 1123 2527 1161 non
2560 1122 2687 1161 esse
2720 1123 2935 1178 equum
2966 1107 3191 1162 invitati
3252 1108 3558 1179 denegata,
3619 1112 3668 1165 si

2023 1198 2390 1265 negationem
2422 1197 2681 1253 invitatis
2712 1197 2965 1253 hominis
3002 1198 3212 1269 positio
3250 1199 3667 1270 ubsequaiur.

2024 1289 2296 1359 Septima:
2326 1287 2743 1359 propositionis
2767 1287 2874 1342 hos
2899 1304 3027 1343 esse
3051 1288 3332 1344 terminos
3357 1290 3666 1360 Oportebit,

2024 1383 2087 1432 ut
2119 1378 2166 1432 si
2200 1394 2314 1432 non
2344 1379 2419 1431 sit
2465 1394 2520 1445 α,
2551 1376 2786 1431 termini
2822 1379 2850 1431 b
2874 1381 3046 1448 atque
3078 1394 3104 1431 c
3162 1382 3218 1433 et
3275 1393 3403 1433 esse
3446 1383 3502 1433 et
3552 1395 3669 1435 non

2018 1483 2149 1522 esse
2183 1467 2449 1539 possint;
2485 1468 2585 1529 sed
2618 1471 2760 1521 tunc
2794 1482 3031 1522 necesse
3054 1468 3131 1522 sit
3148 1483 3275 1523 esse
3301 1485 3327 1521 c
3348 1468 3668 1524 terminum

2021 1557 2069 1611 si
2103 1557 2471 1629 negationem
2502 1574 2538 1611 a
2570 1556 2827 1618 termini,
2864 1558 2893 1609 ὁ
2929 1556 3159 1612 termini
3196 1558 3425 1628 negatio
3456 1558 3664 1614 subse-

2020 1653 2258 1721 quatur,
2290 1654 2354 1702 ut
2384 1648 2432 1703 si
2465 1648 2541 1702 sit
2570 1665 2601 1702 a
2636 1647 2873 1713 animal,
2911 1649 2939 1701 b
2976 1648 3325 1717 animatum,
3350 1666 3376 1702 ο
3406 1649 3667 1717 invitale,

2022 1738 2237 1793 animal
2267 1738 2506 1809 quidem
2540 1737 2588 1791 si
2623 1754 2735 1791 non
2758 1736 3667 1806 sit,animatumctinvitaleesse

2018 1836 2071 1883 ot
2107 1845 2221 1883 non
2255 1845 2383 1882 esse
2413 1828 2615 1898 possit.
2635 1832 2797 1882 Tunc
2818 1844 2953 1881 vero
2980 1842 3217 1881 necesse
3246 1832 3357 1896 est,
3383 1828 3429 1882 si
3451 1828 3666 1883 animal

2020 1934 2131 1972 non
2161 1920 2257 1986 sit,
2281 1917 2516 1971 invitule
2539 1934 2687 1981 esse,
2718 1918 2969 1985 quando,
2991 1916 3039 1971 si
3064 1916 3279 1971 animal
3304 1934 3417 1972 non
3448 1919 3665 1981 sit,non

2018 2007 2714 2062 eritanimatum.Octava
2746 2005 3066 2076 propositio
3096 2010 3185 2061 est
3217 2023 3374 2073 cum,
3408 2015 3613 2079 negato
3635 2024 3666 2062 a

2016 2097 2753 2169 tormino,possuntetesse
2768 2101 2949 2150 etnon
2976 2111 3101 2150 esse
3117 2096 3144 2151 b
3164 2100 3377 2167 atquec
3393 2096 3655 2153 termini.

2016 2187 2125 2241 Sed
2149 2192 2284 2241 tunc
2305 2202 2539 2241 necesse
2556 2185 2752 2241 estsia
2773 2185 3062 2239 terminus
3078 2185 3391 2251 abnuatur,
3408 2203 3522 2241 non
3538 2204 3665 2242 esse

2015 2293 2041 2331 c
2066 2276 2542 2342 terminum,cum
2563 2275 2933 2345 negationem
2956 2291 2989 2329 a
3007 2274 3237 2329 termini
3262 2276 3486 2343 negatio
3503 2278 3531 2330 b
3551 2280 3656 2331 ter-

2015 2365 2159 2420 mini
2182 2365 2580 2435 subsequetur,
2607 2370 2671 2419 ut
2702 2363 3133 2431 sitainvitale,h
3151 2364 3391 2431 animal,
3416 2384 3443 2419 c
3465 2364 3659 2422 homo.

2014 2454 2074 2508 8i
2105 2454 2284 2524 igitur
2312 2470 2426 2509 non
2462 2454 2539 2509 sit
2574 2452 2830 2521 invitale,
2858 2458 3048 2525 potest
3069 2457 3125 2509 et
3156 2470 3279 2509 esse
3312 2458 3499 2510 etnon
3532 2470 3660 2510 esse

2013 2543 2230 2598 animal
2264 2548 2319 2597 et
2350 2543 2541 2599 homo.
2579 2544 2675 2597 llis
2708 2542 2887 2613 igitur
2917 2544 2997 2597 ita
3052 2543 3358 2613 expeditis,
3418 2543 3563 2598 illud
3597 2543 3657 2598 in

2012 2649 2321 2687 commune
2354 2633 2667 2691 dicendum
2703 2637 2811 2700 est,
2844 2632 2997 2703 quod
3033 2633 3360 2702 superiores
3406 2639 3659 2703 quatuor

2012 2721 2440 2793 propositiones
2470 2721 2553 2775 ita
2588 2721 2810 2775 faciunt
2840 2720 3260 2787 conditionem,
3294 2721 3343 2774 si
3395 2722 3569 2775 fuerit
3598 2738 3652 2790 τι,

2009 2810 2359 2882 posteriores
2389 2826 2523 2865 vero
2555 2809 2606 2864 si
2639 2826 2753 2863 non
2787 2810 2979 2873 fuerit,
3012 2826 3077 2863 ex
3131 2810 3347 2879 quibus
3379 2810 3653 2864 omnibus

2008 2900 2333 2971 sytlogismi
2354 2899 2452 2959 tali
2474 2899 2697 2954 ratione
2721 2903 3067 2954 nascuntur.
3093 2898 3168 2952 Ex
3190 2898 3378 2969 prima
3400 2898 3656 2970 proposi-

2008 2991 2184 3054 tione,
2218 2990 2265 3045 si
2300 3005 2433 3043 cum
2465 2989 2615 3055 sita,
2636 2992 2724 3043 est
2755 2988 2783 3041 b
2815 2992 2899 3043 est
2926 3004 2973 3055 c;
3009 2988 3168 3059 atqui
3202 3004 3335 3043 cum
3368 2988 3527 3055 sita,
3561 2992 3654 3043 est

2007 3079 2058 3147 b,
2091 3083 2178 3133 est
2210 3078 2390 3150 igitnr
2419 3096 2466 3147 c,
2496 3076 2579 3133 vel
2614 3078 2731 3133 ita:
2764 3077 2924 3148 atqui
2951 3095 3063 3132 non
3088 3083 3178 3132 est
3207 3094 3252 3144 ο,
3283 3094 3415 3133 cum
3473 3077 3653 3149 igitur

2005 3168 2082 3222 sit
2113 3186 2166 3237 a,
2203 3185 2316 3222 non
2350 3173 2439 3222 est
2472 3168 2708 3221 h.Posse
2740 3184 2873 3221 vero
2907 3166 3027 3221 fieri
3049 3165 3194 3221 tales
3219 3167 3647 3236 conclusiones,

2002 3274 2070 3312 ex
2102 3258 2372 3328 superius
2392 3256 2808 3327 (lescriptarum
2839 3256 3297 3326 propositionum
3320 3262 3527 3310 natura
3548 3273 3648 3311 co-

1995 3346 2334 3419 gnoscimus
2351 3351 2572 3416 poterat
2586 3346 2738 3399 enim
2768 3363 2802 3400 a
2820 3345 3108 3401 terminus
3127 3360 3252 3400 esse
3272 3363 3285 3411 ;
3310 3349 3497 3399 etnon
3520 3362 3648 3401 esse

1996 3452 2130 3490 cum
2165 3436 2215 3490 ὁ.
2242 3436 2382 3491 Item
2416 3452 2484 3490 ex
2516 3435 2793 3501 secunda,
2819 3434 2867 3488 si
2901 3450 3035 3488 cum
3069 3434 3217 3503 sita,
3242 3438 3333 3490 est
3364 3434 3391 3488 Ι)
3425 3451 3537 3488 non
3558 3439 3647 3489 est

1995 3543 2042 3593 c;
2079 3525 2240 3595 atqui
2266 3542 2399 3580 cum
2428 3524 2506 3579 sit
2529 3542 2584 3589 α,
2619 3528 2709 3579 est
2732 3524 2782 3593 Ι),
2812 3539 2927 3577 non
2960 3526 3050 3577 est
3081 3522 3260 3594 igitur
3290 3540 3316 3577 c
3343 3539 3364 3585 ,ν
3394 3522 3477 3577 vel
3511 3521 3593 3577 ita
3625 3542 3639 3590 ;

1994 3615 2155 3685 atqui
2191 3621 2279 3668 est
2310 3631 2357 3680 c,
2394 3628 2524 3668 cum
2560 3613 2740 3685 igitur
2796 3612 2873 3667 sit
2904 3630 2955 3677 (ι,
3010 3628 3124 3666 non
3157 3616 3246 3666 est
3278 3611 3325 3665 b.
3362 3612 3441 3666 Ex
3472 3611 3643 3665 tertia

1993 3719 2127 3758 vero
2142 3703 2371 3773 utrobiq
2384 3719 2453 3757 ue
2467 3719 2598 3759 assu
2612 3702 2787 3773 mptis
2801 3702 3060 3756 terminis
3083 3700 3451 3756 collectiones
3475 3700 3642 3766 ﬁunt,

1996 3798 2060 3848 ut
2092 3795 2137 3847 si
2167 3810 2298 3848 cum
2334 3797 2423 3847 est
2454 3810 2508 3857 a,
2544 3809 2658 3846 non
2690 3795 2777 3846 est
2811 3792 2860 3857 b,
2896 3796 2985 3846 est
3014 3808 3040 3845 c
3073 3808 3086 3846 :
3120 3791 3282 3861 atqui
3316 3807 3447 3844 cum
3482 3790 3643 3857 sita,

1997 3900 2112 3937 non
2138 3888 2225 3937 est
2248 3883 2296 3947 b,
2318 3887 2405 3936 est
2437 3882 2699 3953 igiturc;
2733 3881 2819 3936 vel
2845 3880 2926 3935 ita
2951 3896 2963 3935 :
2991 3880 3152 3951 atqui
3177 3896 3310 3936 cum
3342 3880 3419 3934 sit
3450 3896 3510 3949 (ι,
3535 3883 3644 3945 est,

1998 3972 2052 4035 ὁ,
2087 3988 2199 4026 non
2226 3976 2316 4025 est
2346 3971 2528 4042 igitur
2558 3988 2584 4025 c
2617 3988 2631 4036 ;
2667 3969 2752 4024 vel
2788 3970 2864 4024 ita
2900 3986 2911 4022 :
2965 3968 3126 4039 atqui
3161 3985 3274 4023 non
3316 3972 3404 4023 est
3434 3987 3480 4034 c,
3514 3984 3645 4022 cum

1994 4061 2177 4132 igitur
2198 4063 2348 4127 sita,
2367 4066 2455 4115 est
2481 4061 2508 4113 Ι)
2533 4077 2545 4126 ;
2571 4059 2655 4113 vel
2688 4059 2771 4114 sic
2797 4077 2809 4114 :
2836 4058 2997 4129 atqui
3021 4063 3109 4113 est
3131 4076 3177 4126 ο,
3203 4074 3334 4112 cum
3371 4058 3548 4127 igitur
3570 4057 3649 4111 sit

1995 4169 2051 4217 a,
2089 4167 2198 4205 non
2234 4155 2322 4204 est
2353 4150 2401 4204 b.
2436 4152 2572 4206 Quae
2600 4149 2815 4203 idcirco
2844 4150 2993 4202 facta
3024 4152 3113 4200 est
3136 4148 3440 4217 utrobique
3470 4146 3645 4200 colle-

1998 4240 2415 4311 ctio,quoniam
2434 4241 2490 4294 in
2513 4239 2605 4293 his
2626 4238 2894 4293 terminis
2917 4238 2999 4292 hae
3033 4237 3461 4308 propositiones
3480 4240 3644 4306 pote-

1997 4338 2128 4386 rant
2150 4331 2305 4401 poni,
2324 4331 2379 4383 in
2398 4330 2612 4401 quibus
2634 4328 2971 4383 immediate
2987 4327 3278 4382 contraria
3301 4326 3642 4393 reprieban-

1996 4425 2111 4474 tur.
2140 4424 2199 4475 1n
2224 4420 2343 4474 illis
2365 4421 2520 4472 enim
2546 4417 2785 4472 alterius
2804 4416 3012 4487 positio
3028 4416 3371 4471 alterutrum
3400 4418 3639 4485 perime-

1998 4510 2117 4575 bat,
2150 4513 2207 4563 et
2233 4507 2473 4563 alterius
2500 4506 2873 4576 interemptio
2921 4506 3173 4575 ponebat
3232 4504 3501 4558 alterum.
3562 4504 3640 4557 Ex

234 4603 357 4657 sito
379 4618 414 4654 a
436 4601 705 4667 termino,
739 4601 1072 4655 bterminus
1098 4601 1410 4668 abnuatur,
1436 4606 1498 4654 ut
1523 4600 1571 4655 si
1593 4618 1626 4655 a
1650 4600 1885 4670 quidem
1918 4596 1963 4661 D
1994 4605 2221 4669 quarta,
2246 4597 2293 4651 si
2324 4614 2455 4651 cum
2491 4597 2568 4651 sit
2595 4614 2648 4664 ιι,
2679 4612 2792 4649 non
2817 4596 3107 4659 estb,non
3131 4599 3221 4649 est
3249 4610 3295 4662 ος
3317 4593 3476 4663 atqui
3511 4611 3643 4648 cum

238 4690 602 4753 animatum,
638 4692 668 4745 b
690 4690 931 4757 animal,
958 4708 985 4745 c
1005 4690 1201 4746 homo.
1221 4690 1366 4746 Nam
1387 4690 1541 4761 quod
1566 4689 1887 4745 animatum

234 4784 414 4836 estet
443 4779 661 4835 animal
692 4797 822 4835 esse
851 4785 907 4835 et
937 4797 1049 4835 non
1070 4795 1219 4845 esse,
1250 4780 1507 4850 itemque
1555 4780 1729 4835 homo
1761 4797 1890 4835 esse

230 4876 292 4924 et
330 4886 446 4923 non
478 4884 602 4924 esse
634 4876 841 4941 potest,
868 4878 1008 4926 tunc
1039 4876 1231 4924 tamen
1269 4887 1505 4925 necesse
1526 4875 1612 4923 est
1646 4874 1728 4934 ut,
1754 4886 1886 4924 cum

233 4959 322 5013 sit
352 4958 703 5026 animatum,
740 4976 852 5014 non
876 4960 952 5014 sit
977 4960 1169 5023 homo,
1203 4976 1333 5014 cum
1387 4961 1575 5029 posito
1636 4960 1890 5013 animato

233 5064 373 5105 esse
406 5047 619 5101 animal
653 5050 991 5119 denegetur.
1025 5047 1240 5112 Quinta
1270 5064 1402 5103 vero
1446 5046 1765 5119 propositio
1798 5046 1888 5101 his

234 5135 515 5191 terminis
547 5138 931 5205 connectitur,
966 5142 1030 5191 ut
1060 5137 1108 5192 si
1142 5153 1257 5191 non
1290 5136 1365 5191 sit
1391 5156 1443 5203 (ι,
1477 5137 1657 5206 possit
1678 5142 1733 5189 et
1763 5152 1891 5191 esse

233 5235 299 5283 et
333 5244 447 5283 non
481 5244 610 5284 esse
640 5230 669 5281 b
702 5240 876 5298 atque
904 5246 950 5296 ες
982 5233 1121 5283 tunc
1150 5233 1345 5283 tamen
1379 5245 1509 5283 cum
1568 5246 1679 5283 non
1730 5228 1890 5297 sita,

237 5323 566 5373 terminum
602 5335 628 5371 c
651 5333 777 5372 esse
811 5334 1047 5373 necesse
1067 5318 1165 5384 sit,
1199 5318 1245 5373 si
1283 5318 1469 5388 posito
1502 5334 1616 5372 non
1675 5334 1801 5371 esse
1833 5335 1887 5381 α,

234 5422 374 5463 esse
409 5406 437 5459 ὑ
464 5406 777 5461 terminum
810 5411 1301 5477 consequatur,ut
1324 5406 1371 5461 si
1394 5407 1523 5461 sita
1544 5406 1776 5477 quidem
1799 5407 1888 5459 in-

231 5496 441 5559 vitale,
475 5497 504 5549 b
538 5496 732 5563 homo,
766 5514 793 5551 c
827 5496 1065 5552 animal.
1100 5501 1244 5550 Nam
1278 5496 1323 5551 si
1362 5513 1475 5551 non
1507 5496 1585 5550 sit
1630 5494 1887 5560 invitale,

228 5595 382 5640 tunc
408 5592 655 5654 possunt
676 5586 846 5641 homo
863 5593 1039 5655 atque
1053 5585 1270 5639 animal
1294 5601 1422 5641 esse
1444 5584 1526 5639 vel
1551 5602 1662 5639 non
1686 5601 1814 5638 esse
1832 5590 1891 5638 at

230 5679 385 5728 tunc
418 5690 656 5729 necesse
686 5692 814 5730 esse
844 5680 932 5728 est
954 5675 1169 5728 animal
1193 5677 1400 5745 negato
1423 5672 1733 5741 invitali,si
1753 5690 1885 5728 cum

224 5761 487 5819 invitale
522 5764 932 5834 denegabitur,
971 5781 1099 5820 esse
1125 5763 1421 5819 hominem
1465 5764 1887 5833 subsequatur.

2000 4688 2159 4753 sita,
2194 4703 2306 4741 non
2340 4692 2428 4741 est
2460 4687 2510 4753 b,
2547 4704 2659 4741 non
2689 4693 2769 4741 est
2805 4685 2986 4755 igitur
3015 4701 3060 4751 c;
3095 4682 3179 4738 vel
3215 4684 3330 4738 ita:
3366 4682 3525 4753 atqui
3559 4688 3646 4737 est

1999 4797 2047 4848 ο,
2080 4794 2212 4833 cum
2246 4778 2426 4849 igitur
2456 4778 2615 4844 sita,
2648 4784 2734 4831 est
2766 4777 2817 4832 Ι).
2842 4777 2921 4832 Ex
2944 4774 3172 4845 quinta,
3199 4774 3245 4828 si
3278 4790 3408 4828 cum
3444 4773 3647 4828 nonsit

1996 4886 2050 4935 ιι,
2082 4873 2170 4924 est
2204 4869 2252 4936 Ι),
2284 4874 2371 4922 est
2401 4867 2627 4935 czatqui
2659 4882 2792 4920 cum
2821 4882 2932 4919 non
2968 4866 3043 4919 sit
3076 4881 3132 4928 α,
3164 4866 3254 4918 est
3278 4864 3329 4929 ι),
3359 4868 3445 4916 est
3471 4862 3648 4931 igitur

2000 4976 2047 5027 c;
2081 4959 2165 5013 vel
2194 4957 2311 5012 sic:
2347 4957 2510 5027 atqui
2542 4973 2655 5011 non
2674 4962 2763 5010 est
2784 4972 2830 5023 c,
2855 4971 2985 5009 cum
3020 4954 3201 5023 igitur
3232 4970 3345 5007 non
3373 4954 3448 5006 sit
3470 4969 3644 5020 a,non

2000 5053 2089 5102 est
2120 5048 2166 5101 Ι).
2202 5047 2279 5100 Ex
2311 5050 2494 5110 sexta,
2528 5044 2577 5100 si
2601 5061 2730 5100 cum
2768 5060 2878 5097 non
2915 5044 2991 5096 sit
3021 5059 3079 5110 α,
3111 5046 3198 5096 est
3230 5043 3281 5109 ὁ,
3315 5059 3429 5095 non
3479 5047 3566 5094 est
3596 5057 3643 5107 c;

2000 5137 2161 5206 atqui
2196 5153 2327 5189 cum
2364 5153 2477 5190 non
2511 5135 2588 5189 sit
2620 5152 2674 5201 a,
2705 5138 2793 5189 est
2826 5134 2874 5201 b,
2906 5150 3015 5188 nun
3038 5140 3127 5188 est
3152 5132 3332 5201 igitur
3353 5149 3397 5197 c;
3423 5130 3507 5184 vel
3534 5132 3643 5184 sic:

1999 5228 2159 5297 atqui
2192 5232 2281 5281 est
2310 5243 2358 5291 c,
2391 5242 2523 5280 cum
2558 5226 2737 5295 igitur
2771 5241 2884 5279 non
2918 5224 3080 5289 sita,
3116 5238 3227 5277 non
3261 5225 3350 5276 est
3378 5222 3431 5275 ὁ.
3459 5221 3534 5273 Ex
3564 5235 3647 5274 se-

2000 5316 2181 5388 ptima
2212 5314 2524 5386 utrobique
2553 5313 2966 5385 colligiturhoc
2991 5313 3180 5380 modo,
3210 5312 3257 5366 si
3281 5326 3413 5365 cum
3440 5325 3550 5363 non
3572 5308 3649 5363 sit

1999 5423 2053 5470 a,
2088 5422 2199 5459 non
2232 5410 2320 5459 est
2352 5405 2402 5468 ὁ,
2435 5410 2525 5460 est
2559 5422 2604 5468 c;
2639 5403 2801 5474 atqui
2831 5420 2962 5457 eum
2994 5419 3104 5456 non
3140 5402 3290 5469 sita,
3326 5416 3438 5454 non
3472 5404 3559 5452 est
3595 5398 3644 5462 Ι),

2000 5498 2090 5549 est
2123 5495 2297 5565 igitur
2329 5512 2376 5561 c;
2410 5492 2493 5547 vel
2520 5494 2641 5548 ita:
2677 5492 2834 5563 atqui
2867 5507 2997 5546 cum
3033 5507 3143 5544 non
3178 5487 3324 5542 sita.
3352 5491 3439 5541 est
3470 5486 3642 5551 b,non

1999 5584 2294 5655 estigitur
2324 5602 2370 5651 c;
2406 5582 2489 5637 vel
2514 5583 2613 5637 ita:
2641 5582 2797 5652 atqui
2820 5599 2933 5635 non
2959 5583 3046 5634 est
3078 5596 3123 5644 c,
3158 5575 3500 5646 cumigitur
3526 5590 3642 5628 non

2002 5675 2154 5744 sita,
2189 5683 2278 5729 est
2310 5672 2462 5728 bzvel
2488 5678 2606 5727 sic:
2636 5673 2798 5742 atqui
2822 5690 2848 5725 (τ
2870 5675 2979 5740 est,
3001 5684 3134 5724 cum
3159 5666 3338 5736 igitur
3355 5682 3463 5719 non
3489 5664 3565 5717 sit
3585 5679 3643 5727 α,

2003 5780 2116 5820 non
2150 5772 2235 5819 est
2292 5763 2347 5817 b.
2378 5763 2481 5817 Hic
2512 5777 2743 5831 quoque
2774 5765 3011 5831 propter
3040 5755 3301 5811 eamdem
3327 5751 3642 5809 causamin
