  <div class='ocr_page' id='page_1' title='image "/cluster/home/n/w/nwhite01/storage/ocr_20150623/64/hvd.32044073505125/433.png"; bbox 0 0 4070 6170; ppageno 0'>
   <div class='ocr_carea' id='block_1_1' title="bbox 462 309 572 364">
    <p class='ocr_par' dir='ltr' id='par_1_1' title="bbox 462 309 572 364">
     <span class='ocr_line' id='line_1_1' title="bbox 462 309 572 364; baseline 0 0"><span class='ocrx_word' id='word_1_1' title='bbox 462 309 572 364; x_wconf 85' lang='grc'><strong>855</strong></span> 
     </span>
    </p>
   </div>
   <div class='ocr_carea' id='block_1_2' title="bbox 1748 312 2611 369">
    <p class='ocr_par' dir='ltr' id='par_1_2' title="bbox 1748 312 2611 369">
     <span class='ocr_line' id='line_1_2' title="bbox 1748 312 2611 369; baseline 0.005 -4"><span class='ocrx_word' id='word_1_2' title='bbox 1748 313 1872 365; x_wconf 78' lang='lat' dir='ltr'><strong>AN.</strong></span> <span class='ocrx_word' id='word_1_3' title='bbox 1912 312 2136 364; x_wconf 76' lang='lat' dir='ltr'><strong>MANL.</strong></span> <span class='ocrx_word' id='word_1_4' title='bbox 2176 312 2335 366; x_wconf 79' lang='lat' dir='ltr'><strong>SEV.</strong></span> <span class='ocrx_word' id='word_1_5' title='bbox 2375 313 2611 369; x_wconf 80' lang='grc' dir='ltr'><strong>ΒΟΕΤΠ</strong></span> 
     </span>
    </p>
   </div>
   <div class='ocr_carea' id='block_1_3' title="bbox 463 431 3537 506">
    <p class='ocr_par' dir='ltr' id='par_1_3' title="bbox 463 431 3537 506">
     <span class='ocr_line' id='line_1_3' title="bbox 463 431 3537 506; baseline 0.001 -15"><span class='ocrx_word' id='word_1_6' title='bbox 463 436 747 492; x_wconf 87' lang='lat' dir='ltr'><strong>alterutra</strong></span> <span class='ocrx_word' id='word_1_7' title='bbox 778 433 1178 505; x_wconf 72' lang='lat' dir='ltr'><strong>assumptione</strong></span> <span class='ocrx_word' id='word_1_8' title='bbox 1209 431 1587 504; x_wconf 82' lang='lat' dir='ltr'><strong>syllogismus</strong></span> <span class='ocrx_word' id='word_1_9' title='bbox 1614 433 1747 501; x_wconf 85' lang='lat' dir='ltr'><strong>ﬁet;</strong></span> <span class='ocrx_word' id='word_1_10' title='bbox 1785 450 1922 489; x_wconf 90' lang='lat' dir='ltr'><strong>nam</strong></span> <span class='ocrx_word' id='word_1_11' title='bbox 1981 450 2110 490; x_wconf 89' lang='lat' dir='ltr'><strong>esse</strong></span> <span class='ocrx_word' id='word_1_12' title='bbox 2141 436 2193 502; x_wconf 76' lang='grc' dir='ltr'><strong>Α</strong></span> <span class='ocrx_word' id='word_1_13' title='bbox 2224 434 2281 490; x_wconf 92' lang='lat' dir='ltr'><strong>Si</strong></span> <span class='ocrx_word' id='word_1_14' title='bbox 2315 439 2402 490; x_wconf 88' lang='lat' dir='ltr'><strong>est</strong></span> <span class='ocrx_word' id='word_1_15' title='bbox 2431 454 2484 504; x_wconf 87' lang='lat' dir='ltr'><strong>a,</strong></span> <span class='ocrx_word' id='word_1_16' title='bbox 2519 454 2631 492; x_wconf 93' lang='lat' dir='ltr'><strong>non</strong></span> <span class='ocrx_word' id='word_1_17' title='bbox 2664 441 2754 493; x_wconf 88' lang='lat' dir='ltr'><strong>est</strong></span> <span class='ocrx_word' id='word_1_18' title='bbox 2785 438 2836 504; x_wconf 75' lang='grc' dir='ltr'><strong>ὁ,</strong></span> <span class='ocrx_word' id='word_1_19' title='bbox 2871 443 2926 493; x_wconf 91' lang='lat' dir='ltr'><strong>et</strong></span> <span class='ocrx_word' id='word_1_20' title='bbox 2949 439 2998 494; x_wconf 92' lang='lat' dir='ltr'><strong>si</strong></span> <span class='ocrx_word' id='word_1_21' title='bbox 3032 456 3145 494; x_wconf 92' lang='lat' dir='ltr'><strong>non</strong></span> <span class='ocrx_word' id='word_1_22' title='bbox 3181 443 3269 495; x_wconf 89' lang='lat' dir='ltr'><strong>est</strong></span> <span class='ocrx_word' id='word_1_23' title='bbox 3299 440 3348 506; x_wconf 87' lang='lat' dir='ltr'><strong>b,</strong></span> <span class='ocrx_word' id='word_1_24' title='bbox 3380 444 3468 495; x_wconf 88' lang='lat' dir='ltr'><strong>est</strong></span> <span class='ocrx_word' id='word_1_25' title='bbox 3493 457 3537 494; x_wconf 87' lang='lat' dir='ltr'><strong>c.</strong></span> 
     </span>
    </p>
   </div>
   <div class='ocr_carea' id='block_1_4' title="bbox 469 521 2122 597">
    <p class='ocr_par' dir='ltr' id='par_1_4' title="bbox 469 521 2122 597">
     <span class='ocr_line' id='line_1_4' title="bbox 469 521 2122 597; baseline -0.002 -15"><span class='ocrx_word' id='word_1_26' title='bbox 469 525 691 597; x_wconf 91' lang='lat' dir='ltr'><strong>aliquid</strong></span> <span class='ocrx_word' id='word_1_27' title='bbox 721 540 854 579; x_wconf 91' lang='lat' dir='ltr'><strong>cum</strong></span> <span class='ocrx_word' id='word_1_28' title='bbox 881 522 1037 577; x_wconf 89' lang='lat' dir='ltr'><strong>aliud</strong></span> <span class='ocrx_word' id='word_1_29' title='bbox 1058 538 1170 576; x_wconf 90' lang='lat' dir='ltr'><strong>non</strong></span> <span class='ocrx_word' id='word_1_30' title='bbox 1192 521 1339 576; x_wconf 91' lang='lat' dir='ltr'><strong>sitin</strong></span> <span class='ocrx_word' id='word_1_31' title='bbox 1357 522 1717 577; x_wconf 88' lang='lat' dir='ltr'><strong>immediatis</strong></span> <span class='ocrx_word' id='word_1_32' title='bbox 1742 527 1969 577; x_wconf 88' lang='lat' dir='ltr'><strong>tantum</strong></span> <span class='ocrx_word' id='word_1_33' title='bbox 1985 540 2122 578; x_wconf 90' lang='lat' dir='ltr'><strong>con-</strong></span> 
     </span>
    </p>
   </div>
   <div class='ocr_carea' id='block_1_5' title="bbox 471 610 2121 679">
    <p class='ocr_par' dir='ltr' id='par_1_5' title="bbox 471 610 2121 679">
     <span class='ocr_line' id='line_1_5' title="bbox 471 610 2121 679; baseline -0.003 -7"><span class='ocrx_word' id='word_1_34' title='bbox 471 616 669 672; x_wconf 89' lang='lat' dir='ltr'><strong>trariis</strong></span> <span class='ocrx_word' id='word_1_35' title='bbox 700 614 1022 668; x_wconf 79' lang='lat' dir='ltr'><strong>dicebatur.</strong></span> <span class='ocrx_word' id='word_1_36' title='bbox 1056 612 1135 666; x_wconf 88' lang='lat' dir='ltr'><strong>Ex</strong></span> <span class='ocrx_word' id='word_1_37' title='bbox 1169 615 1389 676; x_wconf 88' lang='lat' dir='ltr'><strong>octava,</strong></span> <span class='ocrx_word' id='word_1_38' title='bbox 1425 610 1473 667; x_wconf 91' lang='lat' dir='ltr'><strong>si</strong></span> <span class='ocrx_word' id='word_1_39' title='bbox 1507 628 1640 667; x_wconf 89' lang='lat' dir='ltr'><strong>cum</strong></span> <span class='ocrx_word' id='word_1_40' title='bbox 1674 630 1788 667; x_wconf 91' lang='lat' dir='ltr'><strong>non</strong></span> <span class='ocrx_word' id='word_1_41' title='bbox 1822 614 1899 669; x_wconf 91' lang='lat' dir='ltr'><strong>sit</strong></span> <span class='ocrx_word' id='word_1_42' title='bbox 1931 630 1982 679; x_wconf 91' lang='lat' dir='ltr'><strong>a,</strong></span> <span class='ocrx_word' id='word_1_43' title='bbox 2005 629 2121 667; x_wconf 90' lang='lat' dir='ltr'><strong>non</strong></span> 
     </span>
    </p>
   </div>
   <div class='ocr_carea' id='block_1_6' title="bbox 474 701 2122 771">
    <p class='ocr_par' dir='ltr' id='par_1_6' title="bbox 474 701 2122 771">
     <span class='ocr_line' id='line_1_6' title="bbox 474 701 2122 771; baseline -0.003 -10"><span class='ocrx_word' id='word_1_44' title='bbox 474 714 557 761; x_wconf 85' lang='lat' dir='ltr'><strong>est</strong></span> <span class='ocrx_word' id='word_1_45' title='bbox 593 705 641 769; x_wconf 74' lang='grc' dir='ltr'><strong>ὁ,</strong></span> <span class='ocrx_word' id='word_1_46' title='bbox 675 720 786 757; x_wconf 92' lang='lat' dir='ltr'><strong>non</strong></span> <span class='ocrx_word' id='word_1_47' title='bbox 823 706 912 756; x_wconf 89' lang='lat' dir='ltr'><strong>est</strong></span> <span class='ocrx_word' id='word_1_48' title='bbox 940 717 988 767; x_wconf 88' lang='lat' dir='ltr'><strong>c;</strong></span> <span class='ocrx_word' id='word_1_49' title='bbox 1021 701 1337 771; x_wconf 87' lang='lat' dir='ltr'><strong>atquicum</strong></span> <span class='ocrx_word' id='word_1_50' title='bbox 1374 718 1489 755; x_wconf 92' lang='lat' dir='ltr'><strong>non</strong></span> <span class='ocrx_word' id='word_1_51' title='bbox 1505 701 1580 757; x_wconf 92' lang='lat' dir='ltr'><strong>sit</strong></span> <span class='ocrx_word' id='word_1_52' title='bbox 1602 718 1658 769; x_wconf 90' lang='lat' dir='ltr'><strong>a,</strong></span> <span class='ocrx_word' id='word_1_53' title='bbox 1688 718 1802 757; x_wconf 90' lang='lat' dir='ltr'><strong>non</strong></span> <span class='ocrx_word' id='word_1_54' title='bbox 1834 707 1922 757; x_wconf 90' lang='lat' dir='ltr'><strong>est</strong></span> <span class='ocrx_word' id='word_1_55' title='bbox 1950 703 2122 768; x_wconf 85' lang='lat' dir='ltr'><strong>b,non</strong></span> 
     </span>
    </p>
   </div>
   <div class='ocr_carea' id='block_1_7' title="bbox 471 789 2127 864">
    <p class='ocr_par' dir='ltr' id='par_1_7' title="bbox 471 789 2127 864">
     <span class='ocr_line' id='line_1_7' title="bbox 471 789 2127 864; baseline -0.002 -14"><span class='ocrx_word' id='word_1_56' title='bbox 471 801 559 851; x_wconf 91' lang='lat' dir='ltr'><strong>est</strong></span> <span class='ocrx_word' id='word_1_57' title='bbox 588 792 765 864; x_wconf 82' lang='lat' dir='ltr'><strong>igitur</strong></span> <span class='ocrx_word' id='word_1_58' title='bbox 786 808 833 859; x_wconf 84' lang='lat' dir='ltr'><strong>c,</strong></span> <span class='ocrx_word' id='word_1_59' title='bbox 870 790 957 845; x_wconf 86' lang='lat' dir='ltr'><strong>vel</strong></span> <span class='ocrx_word' id='word_1_60' title='bbox 982 790 1084 846; x_wconf 88' lang='lat' dir='ltr'><strong>ita:</strong></span> <span class='ocrx_word' id='word_1_61' title='bbox 1118 789 1279 862; x_wconf 82' lang='lat' dir='ltr'><strong>atqui</strong></span> <span class='ocrx_word' id='word_1_62' title='bbox 1313 795 1402 846; x_wconf 89' lang='lat' dir='ltr'><strong>est</strong></span> <span class='ocrx_word' id='word_1_63' title='bbox 1431 807 1479 857; x_wconf 88' lang='lat' dir='ltr'><strong>c,</strong></span> <span class='ocrx_word' id='word_1_64' title='bbox 1506 808 1639 847; x_wconf 85' lang='lat' dir='ltr'><strong>cum</strong></span> <span class='ocrx_word' id='word_1_65' title='bbox 1674 791 1855 862; x_wconf 80' lang='lat' dir='ltr'><strong>igitur</strong></span> <span class='ocrx_word' id='word_1_66' title='bbox 1888 808 2000 847; x_wconf 90' lang='lat' dir='ltr'><strong>non</strong></span> <span class='ocrx_word' id='word_1_67' title='bbox 2049 792 2127 847; x_wconf 85' lang='lat' dir='ltr'><strong>sit</strong></span> 
     </span>
    </p>
   </div>
   <div class='ocr_carea' id='block_1_8' title="bbox 476 881 2129 954">
    <p class='ocr_par' dir='ltr' id='par_1_8' title="bbox 476 881 2129 954">
     <span class='ocr_line' id='line_1_8' title="bbox 476 881 2129 954; baseline -0.001 -15"><span class='ocrx_word' id='word_1_68' title='bbox 476 902 530 949; x_wconf 85' lang='grc' dir='ltr'><strong>α,</strong></span> <span class='ocrx_word' id='word_1_69' title='bbox 550 888 637 939; x_wconf 86' lang='lat' dir='ltr'><strong>est</strong></span> <span class='ocrx_word' id='word_1_70' title='bbox 660 884 709 936; x_wconf 90' lang='lat' dir='ltr'><strong>b.</strong></span> <span class='ocrx_word' id='word_1_71' title='bbox 736 881 799 936; x_wconf 91' lang='lat' dir='ltr'><strong>In</strong></span> <span class='ocrx_word' id='word_1_72' title='bbox 822 881 1098 936; x_wconf 89' lang='lat' dir='ltr'><strong>omnibus</strong></span> <span class='ocrx_word' id='word_1_73' title='bbox 1119 881 1299 953; x_wconf 79' lang='lat' dir='ltr'><strong>igitur</strong></span> <span class='ocrx_word' id='word_1_74' title='bbox 1321 881 1593 953; x_wconf 87' lang='lat' dir='ltr'><strong>superius</strong></span> <span class='ocrx_word' id='word_1_75' title='bbox 1616 881 1927 953; x_wconf 82' lang='lat' dir='ltr'><strong>descriptis</strong></span> <span class='ocrx_word' id='word_1_76' title='bbox 1949 881 2129 954; x_wconf 92' lang='lat' dir='ltr'><strong>syllo-</strong></span> 
     </span>
    </p>
   </div>
   <div class='ocr_carea' id='block_1_9' title="bbox 473 971 2130 1045">
    <p class='ocr_par' dir='ltr' id='par_1_9' title="bbox 473 971 2130 1045">
     <span class='ocr_line' id='line_1_9' title="bbox 473 971 2130 1045; baseline -0.001 -17"><span class='ocrx_word' id='word_1_77' title='bbox 473 972 832 1045; x_wconf 68' lang='lat' dir='ltr'><strong>gismis,haec</strong></span> <span class='ocrx_word' id='word_1_78' title='bbox 851 972 1000 1028; x_wconf 83' lang='lat' dir='ltr'><strong>ratio</strong></span> <span class='ocrx_word' id='word_1_79' title='bbox 1025 978 1136 1040; x_wconf 89' lang='lat' dir='ltr'><strong>est,</strong></span> <span class='ocrx_word' id='word_1_80' title='bbox 1161 971 1293 1028; x_wconf 88' lang='lat' dir='ltr'><strong>utsi</strong></span> <span class='ocrx_word' id='word_1_81' title='bbox 1322 974 1351 1026; x_wconf 93' lang='lat' dir='ltr'><strong>b</strong></span> <span class='ocrx_word' id='word_1_82' title='bbox 1374 971 1662 1027; x_wconf 85' lang='lat' dir='ltr'><strong>terminus</strong></span> <span class='ocrx_word' id='word_1_83' title='bbox 1684 971 2130 1040; x_wconf 88' lang='lat' dir='ltr'><strong>assumatur,ita</strong></span> 
     </span>
    </p>
   </div>
   <div class='ocr_carea' id='block_1_10' title="bbox 476 1060 2129 1132">
    <p class='ocr_par' dir='ltr' id='par_1_10' title="bbox 476 1060 2129 1132">
     <span class='ocr_line' id='line_1_10' title="bbox 476 1060 2129 1132; baseline -0.002 -15"><span class='ocrx_word' id='word_1_84' title='bbox 476 1067 541 1117; x_wconf 90' lang='lat' dir='ltr'><strong>ut</strong></span> <span class='ocrx_word' id='word_1_85' title='bbox 567 1062 623 1117; x_wconf 90' lang='lat' dir='ltr'><strong>in</strong></span> <span class='ocrx_word' id='word_1_86' title='bbox 659 1060 1055 1132; x_wconf 84' lang='lat' dir='ltr'><strong>propositione</strong></span> <span class='ocrx_word' id='word_1_87' title='bbox 1086 1065 1178 1117; x_wconf 88' lang='lat' dir='ltr'><strong>est</strong></span> <span class='ocrx_word' id='word_1_88' title='bbox 1212 1061 1461 1132; x_wconf 91' lang='lat' dir='ltr'><strong>positus,</strong></span> <span class='ocrx_word' id='word_1_89' title='bbox 1498 1060 1580 1116; x_wconf 85' lang='lat' dir='ltr'><strong>ita</strong></span> <span class='ocrx_word' id='word_1_90' title='bbox 1608 1076 1637 1115; x_wconf 87' lang='lat' dir='ltr'><strong>c</strong></span> <span class='ocrx_word' id='word_1_91' title='bbox 1658 1061 1975 1116; x_wconf 85' lang='lat' dir='ltr'><strong>terminum</strong></span> <span class='ocrx_word' id='word_1_92' title='bbox 1998 1076 2129 1115; x_wconf 90' lang='lat' dir='ltr'><strong>con-</strong></span> 
     </span>
    </p>
   </div>
   <div class='ocr_carea' id='block_1_11' title="bbox 478 1149 2128 1221">
    <p class='ocr_par' dir='ltr' id='par_1_11' title="bbox 478 1149 2128 1221">
     <span class='ocr_line' id='line_1_11' title="bbox 478 1149 2128 1221; baseline 0.001 -16"><span class='ocrx_word' id='word_1_93' title='bbox 478 1151 696 1217; x_wconf 79' lang='lat' dir='ltr'><strong>cludat,</strong></span> <span class='ocrx_word' id='word_1_94' title='bbox 732 1155 796 1205; x_wconf 90' lang='lat' dir='ltr'><strong>ut</strong></span> <span class='ocrx_word' id='word_1_95' title='bbox 828 1151 886 1205; x_wconf 94' lang='lat' dir='ltr'><strong>in</strong></span> <span class='ocrx_word' id='word_1_96' title='bbox 921 1151 1123 1206; x_wconf 88' lang='lat' dir='ltr'><strong>eadem</strong></span> <span class='ocrx_word' id='word_1_97' title='bbox 1152 1149 1551 1221; x_wconf 87' lang='lat' dir='ltr'><strong>propositione</strong></span> <span class='ocrx_word' id='word_1_98' title='bbox 1573 1150 1757 1205; x_wconf 84' lang='lat' dir='ltr'><strong>fuerat</strong></span> <span class='ocrx_word' id='word_1_99' title='bbox 1788 1149 2128 1206; x_wconf 89' lang='lat' dir='ltr'><strong>collocatus.</strong></span> 
     </span>
    </p>
   </div>
   <div class='ocr_carea' id='block_1_12' title="bbox 482 1239 2128 1310">
    <p class='ocr_par' dir='ltr' id='par_1_12' title="bbox 482 1239 2128 1310">
     <span class='ocr_line' id='line_1_12' title="bbox 482 1239 2128 1310; baseline -0.001 -13"><span class='ocrx_word' id='word_1_100' title='bbox 482 1244 554 1297; x_wconf 87' lang='lat' dir='ltr'><strong>At</strong></span> <span class='ocrx_word' id='word_1_101' title='bbox 576 1241 621 1296; x_wconf 93' lang='lat' dir='ltr'><strong>si</strong></span> <span class='ocrx_word' id='word_1_102' title='bbox 646 1256 676 1296; x_wconf 76' lang='grc' dir='ltr'><strong><em>ο</em></strong></span> <span class='ocrx_word' id='word_1_103' title='bbox 702 1240 985 1295; x_wconf 79' lang='lat' dir='ltr'><strong>terminus</strong></span> <span class='ocrx_word' id='word_1_104' title='bbox 1008 1239 1300 1296; x_wconf 89' lang='lat' dir='ltr'><strong>contrario</strong></span> <span class='ocrx_word' id='word_1_105' title='bbox 1320 1240 1490 1296; x_wconf 90' lang='lat' dir='ltr'><strong>modo</strong></span> <span class='ocrx_word' id='word_1_106' title='bbox 1513 1244 1856 1295; x_wconf 83' lang='lat' dir='ltr'><strong>assumatur</strong></span> <span class='ocrx_word' id='word_1_107' title='bbox 1875 1256 2047 1310; x_wconf 90' lang='lat' dir='ltr'><strong>quam</strong></span> <span class='ocrx_word' id='word_1_108' title='bbox 2071 1240 2128 1295; x_wconf 91' lang='lat' dir='ltr'><strong>in</strong></span> 
     </span>
    </p>
   </div>
   <div class='ocr_carea' id='block_1_13' title="bbox 488 1329 2133 1403">
    <p class='ocr_par' dir='ltr' id='par_1_13' title="bbox 488 1329 2133 1403">
     <span class='ocr_line' id='line_1_13' title="bbox 488 1329 2133 1403; baseline -0.001 -18"><span class='ocrx_word' id='word_1_109' title='bbox 488 1330 885 1403; x_wconf 87' lang='lat' dir='ltr'><strong>propositione</strong></span> <span class='ocrx_word' id='word_1_110' title='bbox 912 1329 1088 1385; x_wconf 89' lang='lat' dir='ltr'><strong>fuerit</strong></span> <span class='ocrx_word' id='word_1_111' title='bbox 1110 1330 1359 1401; x_wconf 88' lang='lat' dir='ltr'><strong>positus.</strong></span> <span class='ocrx_word' id='word_1_112' title='bbox 1384 1329 1674 1385; x_wconf 89' lang='lat' dir='ltr'><strong>contrario</strong></span> <span class='ocrx_word' id='word_1_113' title='bbox 1694 1330 1866 1385; x_wconf 90' lang='lat' dir='ltr'><strong>modo</strong></span> <span class='ocrx_word' id='word_1_114' title='bbox 1887 1329 1915 1383; x_wconf 92' lang='lat' dir='ltr'><strong>b</strong></span> <span class='ocrx_word' id='word_1_115' title='bbox 1938 1329 2133 1384; x_wconf 89' lang='lat' dir='ltr'><strong>termi-</strong></span> 
     </span>
    </p>
   </div>
   <div class='ocr_carea' id='block_1_14' title="bbox 487 1420 2136 1493">
    <p class='ocr_par' dir='ltr' id='par_1_14' title="bbox 487 1420 2136 1493">
     <span class='ocr_line' id='line_1_14' title="bbox 487 1420 2136 1493; baseline -0.001 -16"><span class='ocrx_word' id='word_1_116' title='bbox 487 1439 601 1477; x_wconf 88' lang='lat' dir='ltr'><strong>nus</strong></span> <span class='ocrx_word' id='word_1_117' title='bbox 633 1422 693 1476; x_wconf 88' lang='lat' dir='ltr'><strong>in</strong></span> <span class='ocrx_word' id='word_1_118' title='bbox 726 1420 1102 1477; x_wconf 87' lang='lat' dir='ltr'><strong>conclusione</strong></span> <span class='ocrx_word' id='word_1_119' title='bbox 1136 1422 1798 1493; x_wconf 68' lang='lat' dir='ltr'><strong>monstrabitur,pr€eter</strong></span> <span class='ocrx_word' id='word_1_120' title='bbox 1820 1421 2055 1476; x_wconf 86' lang='lat' dir='ltr'><strong>tertium</strong></span> <span class='ocrx_word' id='word_1_121' title='bbox 2077 1424 2136 1476; x_wconf 87' lang='lat' dir='ltr'><strong>et</strong></span> 
     </span>
    </p>
   </div>
   <div class='ocr_carea' id='block_1_15' title="bbox 488 1509 2137 1581">
    <p class='ocr_par' dir='ltr' id='par_1_15' title="bbox 488 1509 2137 1581">
     <span class='ocr_line' id='line_1_15' title="bbox 488 1509 2137 1581; baseline -0.001 -15"><span class='ocrx_word' id='word_1_122' title='bbox 488 1510 803 1581; x_wconf 86' lang='lat' dir='ltr'><strong>septimum</strong></span> <span class='ocrx_word' id='word_1_123' title='bbox 838 1510 1103 1579; x_wconf 90' lang='lat' dir='ltr'><strong>modum,</strong></span> <span class='ocrx_word' id='word_1_124' title='bbox 1132 1510 1192 1565; x_wconf 91' lang='lat' dir='ltr'><strong>in</strong></span> <span class='ocrx_word' id='word_1_125' title='bbox 1225 1510 1444 1581; x_wconf 86' lang='lat' dir='ltr'><strong>quibus</strong></span> <span class='ocrx_word' id='word_1_126' title='bbox 1500 1509 1732 1566; x_wconf 89' lang='lat' dir='ltr'><strong>etiamsi</strong></span> <span class='ocrx_word' id='word_1_127' title='bbox 1755 1511 1784 1565; x_wconf 87' lang='lat' dir='ltr'><strong>b</strong></span> <span class='ocrx_word' id='word_1_128' title='bbox 1845 1510 2137 1566; x_wconf 86' lang='lat' dir='ltr'><strong>terminus</strong></span> 
     </span>
    </p>
   </div>
   <div class='ocr_carea' id='block_1_16' title="bbox 495 1599 2140 1672">
    <p class='ocr_par' dir='ltr' id='par_1_16' title="bbox 495 1599 2140 1672">
     <span class='ocr_line' id='line_1_16' title="bbox 495 1599 2140 1672; baseline -0.001 -17"><span class='ocrx_word' id='word_1_129' title='bbox 495 1599 790 1655; x_wconf 83' lang='lat' dir='ltr'><strong>contrario</strong></span> <span class='ocrx_word' id='word_1_130' title='bbox 825 1599 995 1655; x_wconf 91' lang='lat' dir='ltr'><strong>modo</strong></span> <span class='ocrx_word' id='word_1_131' title='bbox 1018 1602 1192 1671; x_wconf 88' lang='lat' dir='ltr'><strong>atque</strong></span> <span class='ocrx_word' id='word_1_132' title='bbox 1222 1601 1278 1654; x_wconf 91' lang='lat' dir='ltr'><strong>in</strong></span> <span class='ocrx_word' id='word_1_133' title='bbox 1313 1599 1706 1671; x_wconf 86' lang='lat' dir='ltr'><strong>propositione</strong></span> <span class='ocrx_word' id='word_1_134' title='bbox 1764 1604 1852 1655; x_wconf 89' lang='lat' dir='ltr'><strong>est</strong></span> <span class='ocrx_word' id='word_1_135' title='bbox 1910 1600 2140 1672; x_wconf 90' lang='lat' dir='ltr'><strong>positus</strong></span> 
     </span>
    </p>
   </div>
   <div class='ocr_carea' id='block_1_17' title="bbox 497 1689 2140 1762">
    <p class='ocr_par' dir='ltr' id='par_1_17' title="bbox 497 1689 2140 1762">
     <span class='ocr_line' id='line_1_17' title="bbox 497 1689 2140 1762; baseline -0.001 -18"><span class='ocrx_word' id='word_1_136' title='bbox 497 1690 1222 1753; x_wconf 89' lang='lat' dir='ltr'><strong>assumatur,cterminum</strong></span> <span class='ocrx_word' id='word_1_137' title='bbox 1238 1690 1526 1744; x_wconf 88' lang='lat' dir='ltr'><strong>contrario</strong></span> <span class='ocrx_word' id='word_1_138' title='bbox 1543 1689 1712 1745; x_wconf 90' lang='lat' dir='ltr'><strong>modo</strong></span> <span class='ocrx_word' id='word_1_139' title='bbox 1726 1696 1901 1762; x_wconf 91' lang='lat' dir='ltr'><strong>atque</strong></span> <span class='ocrx_word' id='word_1_140' title='bbox 1915 1689 2140 1762; x_wconf 90' lang='lat' dir='ltr'><strong>positus</strong></span> 
     </span>
    </p>
   </div>
   <div class='ocr_carea' id='block_1_18' title="bbox 2236 525 3644 595">
    <p class='ocr_par' dir='ltr' id='par_1_18' title="bbox 2236 525 3644 595">
     <span class='ocr_line' id='line_1_18' title="bbox 2236 525 3644 595; baseline 0.004 -16"><span class='ocrx_word' id='word_1_141' title='bbox 2236 525 2292 579; x_wconf 92' lang='lat' dir='ltr'><strong>Si</strong></span> <span class='ocrx_word' id='word_1_142' title='bbox 2326 530 2414 580; x_wconf 90' lang='lat' dir='ltr'><strong>est</strong></span> <span class='ocrx_word' id='word_1_143' title='bbox 2442 544 2496 592; x_wconf 88' lang='lat' dir='ltr'><strong>a,</strong></span> <span class='ocrx_word' id='word_1_144' title='bbox 2532 543 2644 581; x_wconf 91' lang='lat' dir='ltr'><strong>non</strong></span> <span class='ocrx_word' id='word_1_145' title='bbox 2677 533 2766 582; x_wconf 91' lang='lat' dir='ltr'><strong>est</strong></span> <span class='ocrx_word' id='word_1_146' title='bbox 2800 528 2850 594; x_wconf 75' lang='grc' dir='ltr'><strong>ὁ,</strong></span> <span class='ocrx_word' id='word_1_147' title='bbox 2874 533 2931 583; x_wconf 94' lang='lat' dir='ltr'><strong>et</strong></span> <span class='ocrx_word' id='word_1_148' title='bbox 2959 529 3007 583; x_wconf 88' lang='lat' dir='ltr'><strong>si</strong></span> <span class='ocrx_word' id='word_1_149' title='bbox 3030 545 3144 584; x_wconf 91' lang='lat' dir='ltr'><strong>non</strong></span> <span class='ocrx_word' id='word_1_150' title='bbox 3178 536 3265 583; x_wconf 88' lang='lat' dir='ltr'><strong>est</strong></span> <span class='ocrx_word' id='word_1_151' title='bbox 3288 529 3337 595; x_wconf 88' lang='lat' dir='ltr'><strong>b,</strong></span> <span class='ocrx_word' id='word_1_152' title='bbox 3369 546 3478 584; x_wconf 91' lang='lat' dir='ltr'><strong>non</strong></span> <span class='ocrx_word' id='word_1_153' title='bbox 3508 535 3587 585; x_wconf 85' lang='lat' dir='ltr'><strong>est</strong></span> <span class='ocrx_word' id='word_1_154' title='bbox 3604 546 3644 584; x_wconf 79' lang='grc' dir='ltr'><strong>ο.</strong></span> 
     </span>
    </p>
   </div>
   <div class='ocr_carea' id='block_1_19' title="bbox 2235 612 3407 685">
    <p class='ocr_par' dir='ltr' id='par_1_19' title="bbox 2235 612 3407 685">
     <span class='ocr_line' id='line_1_19' title="bbox 2235 612 3407 685; baseline 0.004 -17"><span class='ocrx_word' id='word_1_155' title='bbox 2235 612 2295 668; x_wconf 90' lang='lat' dir='ltr'><strong>Si</strong></span> <span class='ocrx_word' id='word_1_156' title='bbox 2329 630 2442 669; x_wconf 89' lang='lat' dir='ltr'><strong>non</strong></span> <span class='ocrx_word' id='word_1_157' title='bbox 2474 620 2562 670; x_wconf 85' lang='lat' dir='ltr'><strong>est</strong></span> <span class='ocrx_word' id='word_1_158' title='bbox 2590 633 2646 685; x_wconf 90' lang='lat' dir='ltr'><strong>a,</strong></span> <span class='ocrx_word' id='word_1_159' title='bbox 2679 622 2769 672; x_wconf 89' lang='lat' dir='ltr'><strong>est</strong></span> <span class='ocrx_word' id='word_1_160' title='bbox 2800 617 2851 684; x_wconf 88' lang='lat' dir='ltr'><strong>b,</strong></span> <span class='ocrx_word' id='word_1_161' title='bbox 2883 622 2941 673; x_wconf 84' lang='lat' dir='ltr'><strong>et</strong></span> <span class='ocrx_word' id='word_1_162' title='bbox 2968 618 3017 673; x_wconf 88' lang='lat' dir='ltr'><strong>si</strong></span> <span class='ocrx_word' id='word_1_163' title='bbox 3049 622 3140 672; x_wconf 90' lang='lat' dir='ltr'><strong>est</strong></span> <span class='ocrx_word' id='word_1_164' title='bbox 3169 617 3220 684; x_wconf 74' lang='grc' dir='ltr'><strong>ὁ,</strong></span> <span class='ocrx_word' id='word_1_165' title='bbox 3245 622 3332 673; x_wconf 89' lang='lat' dir='ltr'><strong>est</strong></span> <span class='ocrx_word' id='word_1_166' title='bbox 3360 634 3407 672; x_wconf 82' lang='grc' dir='ltr'><strong>ε.</strong></span> 
     </span>
    </p>
   </div>
   <div class='ocr_carea' id='block_1_20' title="bbox 2235 701 3529 772">
    <p class='ocr_par' dir='ltr' id='par_1_20' title="bbox 2235 701 3529 772">
     <span class='ocr_line' id='line_1_20' title="bbox 2235 701 3529 772; baseline 0.005 -17"><span class='ocrx_word' id='word_1_167' title='bbox 2235 701 2294 755; x_wconf 89' lang='lat' dir='ltr'><strong>Si</strong></span> <span class='ocrx_word' id='word_1_168' title='bbox 2327 719 2441 757; x_wconf 91' lang='lat' dir='ltr'><strong>non</strong></span> <span class='ocrx_word' id='word_1_169' title='bbox 2472 714 2552 759; x_wconf 84' lang='lat' dir='ltr'><strong>est</strong></span> <span class='ocrx_word' id='word_1_170' title='bbox 2578 723 2631 771; x_wconf 84' lang='grc' dir='ltr'><strong>α,</strong></span> <span class='ocrx_word' id='word_1_171' title='bbox 2666 711 2755 760; x_wconf 88' lang='lat' dir='ltr'><strong>est</strong></span> <span class='ocrx_word' id='word_1_172' title='bbox 2783 708 2835 772; x_wconf 88' lang='lat' dir='ltr'><strong>b,</strong></span> <span class='ocrx_word' id='word_1_173' title='bbox 2867 710 2925 761; x_wconf 90' lang='lat' dir='ltr'><strong>et</strong></span> <span class='ocrx_word' id='word_1_174' title='bbox 2955 707 3002 761; x_wconf 89' lang='lat' dir='ltr'><strong>si</strong></span> <span class='ocrx_word' id='word_1_175' title='bbox 3025 711 3111 761; x_wconf 92' lang='lat' dir='ltr'><strong>est</strong></span> <span class='ocrx_word' id='word_1_176' title='bbox 3143 706 3197 771; x_wconf 85' lang='lat' dir='ltr'><strong>b,</strong></span> <span class='ocrx_word' id='word_1_177' title='bbox 3227 723 3339 761; x_wconf 91' lang='lat' dir='ltr'><strong>non</strong></span> <span class='ocrx_word' id='word_1_178' title='bbox 3372 710 3459 762; x_wconf 90' lang='lat' dir='ltr'><strong>est</strong></span> <span class='ocrx_word' id='word_1_179' title='bbox 3484 722 3529 762; x_wconf 79' lang='grc' dir='ltr'><em>ε.</em></span> 
     </span>
    </p>
   </div>
   <div class='ocr_carea' id='block_1_21' title="bbox 2236 790 3354 863">
    <p class='ocr_par' dir='ltr' id='par_1_21' title="bbox 2236 790 3354 863">
     <span class='ocr_line' id='line_1_21' title="bbox 2236 790 3354 863; baseline 0.005 -19"><span class='ocrx_word' id='word_1_180' title='bbox 2236 790 2293 844; x_wconf 87' lang='lat' dir='ltr'><strong>Si</strong></span> <span class='ocrx_word' id='word_1_181' title='bbox 2330 807 2442 847; x_wconf 91' lang='lat' dir='ltr'><strong>non</strong></span> <span class='ocrx_word' id='word_1_182' title='bbox 2475 798 2563 848; x_wconf 88' lang='lat' dir='ltr'><strong>est</strong></span> <span class='ocrx_word' id='word_1_183' title='bbox 2590 810 2644 863; x_wconf 85' lang='grc' dir='ltr'><strong>α,</strong></span> <span class='ocrx_word' id='word_1_184' title='bbox 2677 798 2734 849; x_wconf 91' lang='lat' dir='ltr'><strong>et</strong></span> <span class='ocrx_word' id='word_1_185' title='bbox 2761 794 2811 848; x_wconf 90' lang='lat' dir='ltr'><strong>si</strong></span> <span class='ocrx_word' id='word_1_186' title='bbox 2843 811 2957 851; x_wconf 91' lang='lat' dir='ltr'><strong>non</strong></span> <span class='ocrx_word' id='word_1_187' title='bbox 2986 802 3076 852; x_wconf 90' lang='lat' dir='ltr'><strong>est</strong></span> <span class='ocrx_word' id='word_1_188' title='bbox 3106 796 3157 862; x_wconf 77' lang='grc' dir='ltr'><strong>ὁ,</strong></span> <span class='ocrx_word' id='word_1_189' title='bbox 3190 800 3280 851; x_wconf 88' lang='lat' dir='ltr'><strong>est</strong></span> <span class='ocrx_word' id='word_1_190' title='bbox 3308 811 3354 850; x_wconf 80' lang='grc' dir='ltr'><strong>ο.</strong></span> 
     </span>
    </p>
   </div>
   <div class='ocr_carea' id='block_1_22' title="bbox 2241 972 3813 1045">
    <p class='ocr_par' dir='ltr' id='par_1_22' title="bbox 2241 972 3813 1045">
     <span class='ocr_line' id='line_1_22' title="bbox 2241 972 3813 1045; baseline 0.003 -18"><span class='ocrx_word' id='word_1_191' title='bbox 2241 972 2302 1027; x_wconf 89' lang='lat' dir='ltr'><strong>Si</strong></span> <span class='ocrx_word' id='word_1_192' title='bbox 2335 989 2449 1029; x_wconf 91' lang='lat' dir='ltr'><strong>non</strong></span> <span class='ocrx_word' id='word_1_193' title='bbox 2482 978 2572 1029; x_wconf 90' lang='lat' dir='ltr'><strong>est</strong></span> <span class='ocrx_word' id='word_1_194' title='bbox 2601 991 2656 1038; x_wconf 87' lang='lat' dir='ltr'><strong>a,</strong></span> <span class='ocrx_word' id='word_1_195' title='bbox 2691 990 2806 1029; x_wconf 91' lang='lat' dir='ltr'><strong>non</strong></span> <span class='ocrx_word' id='word_1_196' title='bbox 2837 978 2927 1030; x_wconf 89' lang='lat' dir='ltr'><strong>est</strong></span> <span class='ocrx_word' id='word_1_197' title='bbox 2957 975 3008 1045; x_wconf 78' lang='grc' dir='ltr'><strong>Ι),</strong></span> <span class='ocrx_word' id='word_1_198' title='bbox 3035 980 3092 1031; x_wconf 90' lang='lat' dir='ltr'><strong>et</strong></span> <span class='ocrx_word' id='word_1_199' title='bbox 3121 975 3172 1030; x_wconf 91' lang='lat' dir='ltr'><strong>si</strong></span> <span class='ocrx_word' id='word_1_200' title='bbox 3197 991 3311 1031; x_wconf 89' lang='lat' dir='ltr'><strong>non</strong></span> <span class='ocrx_word' id='word_1_201' title='bbox 3342 980 3431 1031; x_wconf 90' lang='lat' dir='ltr'><strong>est</strong></span> <span class='ocrx_word' id='word_1_202' title='bbox 3464 976 3511 1041; x_wconf 91' lang='lat' dir='ltr'><strong>b,</strong></span> <span class='ocrx_word' id='word_1_203' title='bbox 3568 992 3667 1031; x_wconf 90' lang='lat' dir='ltr'><strong>non</strong></span> <span class='ocrx_word' id='word_1_204' title='bbox 3695 982 3813 1032; x_wconf 84' lang='lat' dir='ltr'><strong>estc.</strong></span> 
     </span>
    </p>
   </div>
   <div class='ocr_carea' id='block_1_23' title="bbox 2242 1061 3817 1135">
    <p class='ocr_par' dir='ltr' id='par_1_23' title="bbox 2242 1061 3817 1135">
     <span class='ocr_line' id='line_1_23' title="bbox 2242 1061 3817 1135; baseline 0.001 -18"><span class='ocrx_word' id='word_1_205' title='bbox 2242 1062 2391 1133; x_wconf 88' lang='lat' dir='ltr'><strong>Ergo</strong></span> <span class='ocrx_word' id='word_1_206' title='bbox 2422 1062 2471 1117; x_wconf 83' lang='lat' dir='ltr'><strong>si</strong></span> <span class='ocrx_word' id='word_1_207' title='bbox 2504 1061 2650 1117; x_wconf 85' lang='lat' dir='ltr'><strong>ratio</strong></span> <span class='ocrx_word' id='word_1_208' title='bbox 2674 1062 3018 1135; x_wconf 68' lang='lat' dir='ltr'><strong>colligentiaa</strong></span> <span class='ocrx_word' id='word_1_209' title='bbox 3050 1064 3187 1120; x_wconf 89' lang='lat' dir='ltr'><strong>talis</strong></span> <span class='ocrx_word' id='word_1_210' title='bbox 3216 1064 3315 1130; x_wconf 87' lang='lat' dir='ltr'><strong>sit,</strong></span> <span class='ocrx_word' id='word_1_211' title='bbox 3360 1069 3427 1119; x_wconf 90' lang='lat' dir='ltr'><strong>ut</strong></span> <span class='ocrx_word' id='word_1_212' title='bbox 3481 1065 3757 1120; x_wconf 80' lang='lat' dir='ltr'><strong>constituat</strong></span> <span class='ocrx_word' id='word_1_213' title='bbox 3777 1072 3817 1121; x_wconf 87' lang='lat' dir='ltr'><strong>et</strong></span> 
     </span>
    </p>
   </div>
   <div class='ocr_carea' id='block_1_24' title="bbox 2242 1150 3819 1224">
    <p class='ocr_par' dir='ltr' id='par_1_24' title="bbox 2242 1150 3819 1224">
     <span class='ocr_line' id='line_1_24' title="bbox 2242 1150 3819 1224; baseline 0.001 -19"><span class='ocrx_word' id='word_1_214' title='bbox 2242 1150 2551 1206; x_wconf 86' lang='lat' dir='ltr'><strong>conﬁrmet</strong></span> <span class='ocrx_word' id='word_1_215' title='bbox 2579 1153 2871 1221; x_wconf 88' lang='lat' dir='ltr'><strong>asumptio</strong></span> <span class='ocrx_word' id='word_1_216' title='bbox 2903 1154 3059 1224; x_wconf 89' lang='lat' dir='ltr'><strong>quod</strong></span> <span class='ocrx_word' id='word_1_217' title='bbox 3082 1153 3409 1208; x_wconf 80' lang='lat' dir='ltr'><strong>enuntiatio</strong></span> <span class='ocrx_word' id='word_1_218' title='bbox 3433 1153 3612 1223; x_wconf 88' lang='lat' dir='ltr'><strong>prima</strong></span> <span class='ocrx_word' id='word_1_219' title='bbox 3626 1171 3819 1224; x_wconf 86' lang='lat' dir='ltr'><strong>pronun-</strong></span> 
     </span>
    </p>
   </div>
   <div class='ocr_carea' id='block_1_25' title="bbox 2242 1238 3820 1312">
    <p class='ocr_par' dir='ltr' id='par_1_25' title="bbox 2242 1238 3820 1312">
     <span class='ocr_line' id='line_1_25' title="bbox 2242 1238 3820 1312; baseline 0.003 -19"><span class='ocrx_word' id='word_1_220' title='bbox 2242 1238 2369 1306; x_wconf 87' lang='lat' dir='ltr'><strong>tiat,</strong></span> <span class='ocrx_word' id='word_1_221' title='bbox 2399 1239 2690 1295; x_wconf 77' lang='lat' dir='ltr'><strong>sexdecim</strong></span> <span class='ocrx_word' id='word_1_222' title='bbox 2724 1256 2964 1297; x_wconf 86' lang='lat' dir='ltr'><strong>necesse</strong></span> <span class='ocrx_word' id='word_1_223' title='bbox 2996 1246 3086 1297; x_wconf 90' lang='lat' dir='ltr'><strong>est</strong></span> <span class='ocrx_word' id='word_1_224' title='bbox 3139 1241 3258 1297; x_wconf 86' lang='lat' dir='ltr'><strong>ﬁeri</strong></span> <span class='ocrx_word' id='word_1_225' title='bbox 3316 1241 3731 1312; x_wconf 77' lang='lat' dir='ltr'><strong>complexiones,</strong></span> <span class='ocrx_word' id='word_1_226' title='bbox 3772 1259 3820 1297; x_wconf 76' lang='lat' dir='ltr'><strong>ex</strong></span> 
     </span>
    </p>
   </div>
   <div class='ocr_carea' id='block_1_26' title="bbox 2246 1329 3820 1403">
    <p class='ocr_par' dir='ltr' id='par_1_26' title="bbox 2246 1329 3820 1403">
     <span class='ocr_line' id='line_1_26' title="bbox 2246 1329 3820 1403; baseline 0.003 -20"><span class='ocrx_word' id='word_1_227' title='bbox 2246 1329 2463 1400; x_wconf 90' lang='lat' dir='ltr'><strong>quibus</strong></span> <span class='ocrx_word' id='word_1_228' title='bbox 2480 1333 2607 1385; x_wconf 91' lang='lat' dir='ltr'><strong>octo</strong></span> <span class='ocrx_word' id='word_1_229' title='bbox 2632 1334 2856 1385; x_wconf 89' lang='lat' dir='ltr'><strong>tantum</strong></span> <span class='ocrx_word' id='word_1_230' title='bbox 2882 1336 3116 1386; x_wconf 87' lang='lat' dir='ltr'><strong>servant</strong></span> <span class='ocrx_word' id='word_1_231' title='bbox 3134 1332 3557 1403; x_wconf 59' lang='lat' dir='ltr'><strong>consequentia</strong></span> <span class='ocrx_word' id='word_1_232' title='bbox 3574 1333 3820 1387; x_wconf 87' lang='lat' dir='ltr'><strong>necessita-</strong></span> 
     </span>
    </p>
   </div>
   <div class='ocr_carea' id='block_1_27' title="bbox 2246 1418 3821 1489">
    <p class='ocr_par' dir='ltr' id='par_1_27' title="bbox 2246 1418 3821 1489">
     <span class='ocr_line' id='line_1_27' title="bbox 2246 1418 3821 1489; baseline 0.003 -18"><span class='ocrx_word' id='word_1_233' title='bbox 2246 1422 2386 1485; x_wconf 87' lang='lat' dir='ltr'><strong>tem,</strong></span> <span class='ocrx_word' id='word_1_234' title='bbox 2420 1418 2656 1489; x_wconf 65' lang='lat' dir='ltr'><strong>reliqum</strong></span> <span class='ocrx_word' id='word_1_235' title='bbox 2688 1435 2822 1475; x_wconf 88' lang='lat' dir='ltr'><strong>vero</strong></span> <span class='ocrx_word' id='word_1_236' title='bbox 2853 1425 2983 1475; x_wconf 91' lang='lat' dir='ltr'><strong>octo</strong></span> <span class='ocrx_word' id='word_1_237' title='bbox 3016 1420 3160 1475; x_wconf 86' lang='lat' dir='ltr'><strong>nihil</strong></span> <span class='ocrx_word' id='word_1_238' title='bbox 3187 1420 3463 1476; x_wconf 89' lang='lat' dir='ltr'><strong>idoneum</strong></span> <span class='ocrx_word' id='word_1_239' title='bbox 3495 1420 3821 1475; x_wconf 85' lang='lat' dir='ltr'><strong>videnturha-</strong></span> 
     </span>
    </p>
   </div>
   <div class='ocr_carea' id='block_1_28' title="bbox 2246 1507 3822 1581">
    <p class='ocr_par' dir='ltr' id='par_1_28' title="bbox 2246 1507 3822 1581">
     <span class='ocr_line' id='line_1_28' title="bbox 2246 1507 3822 1581; baseline 0.001 -20"><span class='ocrx_word' id='word_1_240' title='bbox 2246 1507 2383 1562; x_wconf 90' lang='lat' dir='ltr'><strong>bere</strong></span> <span class='ocrx_word' id='word_1_241' title='bbox 2413 1508 2483 1562; x_wconf 90' lang='lat' dir='ltr'><strong>ad</strong></span> <span class='ocrx_word' id='word_1_242' title='bbox 2519 1509 2971 1580; x_wconf 29' lang='lat' dir='ltr'><strong>ﬁdequursus</strong></span> <span class='ocrx_word' id='word_1_243' title='bbox 3004 1510 3053 1564; x_wconf 89' lang='lat' dir='ltr'><strong>si</strong></span> <span class='ocrx_word' id='word_1_244' title='bbox 3086 1510 3138 1564; x_wconf 92' lang='lat' dir='ltr'><strong>id</strong></span> <span class='ocrx_word' id='word_1_245' title='bbox 3176 1511 3328 1581; x_wconf 89' lang='lat' dir='ltr'><strong>quod</strong></span> <span class='ocrx_word' id='word_1_246' title='bbox 3365 1510 3547 1581; x_wconf 88' lang='lat' dir='ltr'><strong>prima</strong></span> <span class='ocrx_word' id='word_1_247' title='bbox 3567 1509 3822 1581; x_wconf 87' lang='lat' dir='ltr'><strong>prepositio</strong></span> 
     </span>
    </p>
   </div>
   <div class='ocr_carea' id='block_1_29' title="bbox 2249 1597 3825 1670">
    <p class='ocr_par' dir='ltr' id='par_1_29' title="bbox 2249 1597 3825 1670">
     <span class='ocr_line' id='line_1_29' title="bbox 2249 1597 3825 1670; baseline 0 -19"><span class='ocrx_word' id='word_1_248' title='bbox 2249 1597 2576 1667; x_wconf 87' lang='lat' dir='ltr'><strong>constituit,</strong></span> <span class='ocrx_word' id='word_1_249' title='bbox 2610 1603 2828 1653; x_wconf 87' lang='lat' dir='ltr'><strong>evertat</strong></span> <span class='ocrx_word' id='word_1_250' title='bbox 2848 1600 3199 1670; x_wconf 85' lang='lat' dir='ltr'><strong>assumptio,</strong></span> <span class='ocrx_word' id='word_1_251' title='bbox 3231 1599 3315 1653; x_wconf 89' lang='lat' dir='ltr'><strong>sic</strong></span> <span class='ocrx_word' id='word_1_252' title='bbox 3337 1614 3567 1670; x_wconf 90' lang='lat' dir='ltr'><strong>quoque</strong></span> <span class='ocrx_word' id='word_1_253' title='bbox 3594 1599 3825 1654; x_wconf 77' lang='lat' dir='ltr'><strong>sexdecim</strong></span> 
     </span>
    </p>
   </div>
   <div class='ocr_carea' id='block_1_30' title="bbox 2252 1686 3828 1760">
    <p class='ocr_par' dir='ltr' id='par_1_30' title="bbox 2252 1686 3828 1760">
     <span class='ocr_line' id='line_1_30' title="bbox 2252 1686 3828 1760; baseline 0 -20"><span class='ocrx_word' id='word_1_254' title='bbox 2252 1701 2489 1741; x_wconf 91' lang='lat' dir='ltr'><strong>necesse</strong></span> <span class='ocrx_word' id='word_1_255' title='bbox 2519 1690 2607 1741; x_wconf 88' lang='lat' dir='ltr'><strong>est</strong></span> <span class='ocrx_word' id='word_1_256' title='bbox 2627 1686 2748 1741; x_wconf 91' lang='lat' dir='ltr'><strong>ﬁeri</strong></span> <span class='ocrx_word' id='word_1_257' title='bbox 2787 1686 3238 1759; x_wconf 82' lang='lat' dir='ltr'><strong>complexiones,</strong></span> <span class='ocrx_word' id='word_1_258' title='bbox 3265 1704 3518 1760; x_wconf 90' lang='lat' dir='ltr'><strong>quarum</strong></span> <span class='ocrx_word' id='word_1_259' title='bbox 3561 1693 3676 1742; x_wconf 83' lang='lat' dir='ltr'><strong>octo</strong></span> <span class='ocrx_word' id='word_1_260' title='bbox 3706 1687 3828 1741; x_wconf 81' lang='lat' dir='ltr'><strong>ﬁrma</strong></span> 
     </span>
    </p>
   </div>
   <div class='ocr_carea' id='block_1_31' title="bbox 502 1776 3828 1872">
    <p class='ocr_par' dir='ltr' id='par_1_31' title="bbox 502 1776 3828 1872">
     <span class='ocr_line' id='line_1_31' title="bbox 502 1776 3828 1872; baseline -0.002 -37"><span class='ocrx_word' id='word_1_261' title='bbox 502 1785 590 1835; x_wconf 86' lang='lat' dir='ltr'><strong>est</strong></span> <span class='ocrx_word' id='word_1_262' title='bbox 614 1779 857 1851; x_wconf 84' lang='lat' dir='ltr'><strong>colligit,</strong></span> <span class='ocrx_word' id='word_1_263' title='bbox 880 1779 967 1835; x_wconf 89' lang='lat' dir='ltr'><strong>vel</strong></span> <span class='ocrx_word' id='word_1_264' title='bbox 1000 1780 1048 1835; x_wconf 91' lang='lat' dir='ltr'><strong>si</strong></span> <span class='ocrx_word' id='word_1_265' title='bbox 1078 1796 1107 1835; x_wconf 79' lang='grc' dir='ltr'><em>ο</em></span> <span class='ocrx_word' id='word_1_266' title='bbox 1136 1780 1441 1849; x_wconf 84' lang='lat' dir='ltr'><strong>terminus,</strong></span> <span class='ocrx_word' id='word_1_267' title='bbox 1474 1783 1632 1835; x_wconf 83' lang='lat' dir='ltr'><strong>itaut</strong></span> <span class='ocrx_word' id='word_1_268' title='bbox 1653 1782 1711 1835; x_wconf 91' lang='lat' dir='ltr'><strong>in</strong></span> <span class='ocrx_word' id='word_1_269' title='bbox 1746 1780 2142 1851; x_wconf 89' lang='lat' dir='ltr'><strong>propositione</strong></span> <span class='ocrx_word' id='word_1_270' title='bbox 2172 1807 2218 1872; x_wconf 79' lang='grc' dir='ltr'><strong>Β</strong></span> <span class='ocrx_word' id='word_1_271' title='bbox 2252 1776 2569 1831; x_wconf 87' lang='lat' dir='ltr'><strong>necessitas</strong></span> <span class='ocrx_word' id='word_1_272' title='bbox 2593 1781 2769 1843; x_wconf 90' lang='lat' dir='ltr'><strong>tenet,</strong></span> <span class='ocrx_word' id='word_1_273' title='bbox 2805 1782 2931 1832; x_wconf 90' lang='lat' dir='ltr'><strong>octo</strong></span> <span class='ocrx_word' id='word_1_274' title='bbox 2963 1794 3096 1833; x_wconf 80' lang='lat' dir='ltr'><strong>vero</strong></span> <span class='ocrx_word' id='word_1_275' title='bbox 3129 1777 3390 1849; x_wconf 90' lang='lat' dir='ltr'><strong>reliquas</strong></span> <span class='ocrx_word' id='word_1_276' title='bbox 3450 1778 3621 1832; x_wconf 86' lang='lat' dir='ltr'><strong>inﬁda</strong></span> <span class='ocrx_word' id='word_1_277' title='bbox 3666 1777 3828 1846; x_wconf 66' lang='lat' dir='ltr'><strong>saepius</strong></span> 
     </span>
    </p>
   </div>
   <div class='ocr_carea' id='block_1_32' title="bbox 502 1868 2140 1940">
    <p class='ocr_par' dir='ltr' id='par_1_32' title="bbox 502 1868 2140 1940">
     <span class='ocr_line' id='line_1_32' title="bbox 502 1868 2140 1940; baseline 0 -17"><span class='ocrx_word' id='word_1_278' title='bbox 502 1874 590 1923; x_wconf 90' lang='lat' dir='ltr'><strong>est</strong></span> <span class='ocrx_word' id='word_1_279' title='bbox 624 1872 849 1940; x_wconf 88' lang='lat' dir='ltr'><strong>positus</strong></span> <span class='ocrx_word' id='word_1_280' title='bbox 872 1873 1227 1936; x_wconf 85' lang='lat' dir='ltr'><strong>assumatur,</strong></span> <span class='ocrx_word' id='word_1_281' title='bbox 1244 1868 1423 1925; x_wconf 88' lang='lat' dir='ltr'><strong>simili</strong></span> <span class='ocrx_word' id='word_1_282' title='bbox 1443 1870 1610 1925; x_wconf 91' lang='lat' dir='ltr'><strong>modo</strong></span> <span class='ocrx_word' id='word_1_283' title='bbox 1626 1870 1655 1924; x_wconf 87' lang='lat' dir='ltr'><strong>b</strong></span> <span class='ocrx_word' id='word_1_284' title='bbox 1675 1869 1988 1925; x_wconf 92' lang='lat' dir='ltr'><strong>terminum</strong></span> <span class='ocrx_word' id='word_1_285' title='bbox 2005 1885 2140 1924; x_wconf 84' lang='lat' dir='ltr'><strong>con-</strong></span> 
     </span>
    </p>
   </div>
   <div class='ocr_carea' id='block_1_33' title="bbox 502 1958 2137 2032">
    <p class='ocr_par' dir='ltr' id='par_1_33' title="bbox 502 1958 2137 2032">
     <span class='ocr_line' id='line_1_33' title="bbox 502 1958 2137 2032; baseline -0.001 -19"><span class='ocrx_word' id='word_1_286' title='bbox 502 1958 704 2026; x_wconf 89' lang='lat' dir='ltr'><strong>cludit,</strong></span> <span class='ocrx_word' id='word_1_287' title='bbox 742 1963 806 2013; x_wconf 88' lang='lat' dir='ltr'><strong>ut</strong></span> <span class='ocrx_word' id='word_1_288' title='bbox 835 1959 891 2013; x_wconf 93' lang='lat' dir='ltr'><strong>in</strong></span> <span class='ocrx_word' id='word_1_289' title='bbox 925 1959 1125 2015; x_wconf 88' lang='lat' dir='ltr'><strong>eadem</strong></span> <span class='ocrx_word' id='word_1_290' title='bbox 1160 1960 1554 2032; x_wconf 89' lang='lat' dir='ltr'><strong>propositione</strong></span> <span class='ocrx_word' id='word_1_291' title='bbox 1587 1960 1772 2015; x_wconf 86' lang='lat' dir='ltr'><strong>fuerat</strong></span> <span class='ocrx_word' id='word_1_292' title='bbox 1801 1958 2137 2015; x_wconf 89' lang='lat' dir='ltr'><strong>collocatus.</strong></span> 
     </span>
    </p>
   </div>
   <div class='ocr_carea' id='block_1_34' title="bbox 496 2046 2141 2120">
    <p class='ocr_par' dir='ltr' id='par_1_34' title="bbox 496 2046 2141 2120">
     <span class='ocr_line' id='line_1_34' title="bbox 496 2046 2141 2120; baseline -0.001 -19"><span class='ocrx_word' id='word_1_293' title='bbox 496 2048 686 2111; x_wconf 88' lang='lat' dir='ltr'><strong>Quare</strong></span> <span class='ocrx_word' id='word_1_294' title='bbox 717 2047 969 2103; x_wconf 89' lang='lat' dir='ltr'><strong>sedecim</strong></span> <span class='ocrx_word' id='word_1_295' title='bbox 995 2047 1233 2120; x_wconf 88' lang='lat' dir='ltr'><strong>quidem</strong></span> <span class='ocrx_word' id='word_1_296' title='bbox 1267 2048 1352 2103; x_wconf 89' lang='lat' dir='ltr'><strong>vel</strong></span> <span class='ocrx_word' id='word_1_297' title='bbox 1380 2049 1585 2120; x_wconf 83' lang='lat' dir='ltr'><strong>viginti</strong></span> <span class='ocrx_word' id='word_1_298' title='bbox 1610 2050 1759 2103; x_wconf 89' lang='lat' dir='ltr'><strong>ﬁunt</strong></span> <span class='ocrx_word' id='word_1_299' title='bbox 1778 2046 2141 2120; x_wconf 86' lang='lat' dir='ltr'><strong>syllogismi;</strong></span> 
     </span>
    </p>
   </div>
   <div class='ocr_carea' id='block_1_35' title="bbox 496 2136 2143 2209">
    <p class='ocr_par' dir='ltr' id='par_1_35' title="bbox 496 2136 2143 2209">
     <span class='ocr_line' id='line_1_35' title="bbox 496 2136 2143 2209; baseline -0.001 -17"><span class='ocrx_word' id='word_1_300' title='bbox 496 2137 821 2206; x_wconf 84' lang='lat' dir='ltr'><strong>assumptis</strong></span> <span class='ocrx_word' id='word_1_301' title='bbox 853 2153 1106 2209; x_wconf 90' lang='lat' dir='ltr'><strong>namque</strong></span> <span class='ocrx_word' id='word_1_302' title='bbox 1147 2138 1351 2209; x_wconf 88' lang='lat' dir='ltr'><strong>primis</strong></span> <span class='ocrx_word' id='word_1_303' title='bbox 1379 2138 1773 2209; x_wconf 88' lang='lat' dir='ltr'><strong>hypotheticis</strong></span> <span class='ocrx_word' id='word_1_304' title='bbox 1798 2136 2143 2209; x_wconf 58' lang='lat' dir='ltr'><strong>propositio.</strong></span> 
     </span>
    </p>
   </div>
   <div class='ocr_carea' id='block_1_36' title="bbox 497 2226 2144 2299">
    <p class='ocr_par' dir='ltr' id='par_1_36' title="bbox 497 2226 2144 2299">
     <span class='ocr_line' id='line_1_36' title="bbox 497 2226 2144 2299; baseline 0 -18"><span class='ocrx_word' id='word_1_305' title='bbox 497 2226 695 2293; x_wconf 91' lang='lat' dir='ltr'><strong>nibus,</strong></span> <span class='ocrx_word' id='word_1_306' title='bbox 730 2226 878 2282; x_wconf 87' lang='lat' dir='ltr'><strong>ﬁunt</strong></span> <span class='ocrx_word' id='word_1_307' title='bbox 906 2233 1057 2294; x_wconf 91' lang='lat' dir='ltr'><strong>octo;</strong></span> <span class='ocrx_word' id='word_1_308' title='bbox 1082 2233 1211 2283; x_wconf 91' lang='lat' dir='ltr'><strong>octo</strong></span> <span class='ocrx_word' id='word_1_309' title='bbox 1236 2244 1370 2282; x_wconf 80' lang='lat' dir='ltr'><strong>vero</strong></span> <span class='ocrx_word' id='word_1_310' title='bbox 1390 2227 1438 2281; x_wconf 90' lang='lat' dir='ltr'><strong>si</strong></span> <span class='ocrx_word' id='word_1_311' title='bbox 1458 2229 1730 2283; x_wconf 61' lang='lat' dir='ltr'><strong>secundas</strong></span> <span class='ocrx_word' id='word_1_312' title='bbox 1764 2226 2144 2299; x_wconf 63' lang='lat' dir='ltr'><strong>prmdicative</strong></span> 
     </span>
    </p>
   </div>
   <div class='ocr_carea' id='block_1_37' title="bbox 500 2317 2147 2388">
    <p class='ocr_par' dir='ltr' id='par_1_37' title="bbox 500 2317 2147 2388">
     <span class='ocr_line' id='line_1_37' title="bbox 500 2317 2147 2388; baseline -0.001 -17"><span class='ocrx_word' id='word_1_313' title='bbox 500 2321 901 2383; x_wconf 84' lang='lat' dir='ltr'><strong>assumantur;</strong></span> <span class='ocrx_word' id='word_1_314' title='bbox 919 2321 1171 2388; x_wconf 88' lang='lat' dir='ltr'><strong>quatuor</strong></span> <span class='ocrx_word' id='word_1_315' title='bbox 1191 2322 1384 2373; x_wconf 88' lang='lat' dir='ltr'><strong>autem</strong></span> <span class='ocrx_word' id='word_1_316' title='bbox 1406 2317 1494 2371; x_wconf 90' lang='lat' dir='ltr'><strong>his</strong></span> <span class='ocrx_word' id='word_1_317' title='bbox 1518 2318 1924 2388; x_wconf 88' lang='lat' dir='ltr'><strong>adjunguntur</strong></span> <span class='ocrx_word' id='word_1_318' title='bbox 1945 2333 2013 2372; x_wconf 85' lang='lat' dir='ltr'><strong>ex</strong></span> <span class='ocrx_word' id='word_1_319' title='bbox 2032 2321 2147 2370; x_wconf 89' lang='lat' dir='ltr'><strong>ter-</strong></span> 
     </span>
    </p>
   </div>
   <div class='ocr_carea' id='block_1_38' title="bbox 501 2404 2150 2477">
    <p class='ocr_par' dir='ltr' id='par_1_38' title="bbox 501 2404 2150 2477">
     <span class='ocr_line' id='line_1_38' title="bbox 501 2404 2150 2477; baseline 0 -18"><span class='ocrx_word' id='word_1_320' title='bbox 501 2404 583 2459; x_wconf 90' lang='lat' dir='ltr'><strong>tio</strong></span> <span class='ocrx_word' id='word_1_321' title='bbox 607 2409 783 2475; x_wconf 88' lang='lat' dir='ltr'><strong>atque</strong></span> <span class='ocrx_word' id='word_1_322' title='bbox 815 2406 1066 2476; x_wconf 89' lang='lat' dir='ltr'><strong>septimo</strong></span> <span class='ocrx_word' id='word_1_323' title='bbox 1099 2407 1270 2461; x_wconf 89' lang='lat' dir='ltr'><strong>modo</strong></span> <span class='ocrx_word' id='word_1_324' title='bbox 1305 2406 1613 2477; x_wconf 90' lang='lat' dir='ltr'><strong>utrobique</strong></span> <span class='ocrx_word' id='word_1_325' title='bbox 1644 2405 2150 2477; x_wconf 89' lang='lat' dir='ltr'><strong>colligentibus,ut</strong></span> 
     </span>
    </p>
   </div>
   <div class='ocr_carea' id='block_1_39' title="bbox 505 2492 2148 2565">
    <p class='ocr_par' dir='ltr' id='par_1_39' title="bbox 505 2492 2148 2565">
     <span class='ocr_line' id='line_1_39' title="bbox 505 2492 2148 2565; baseline 0.001 -19"><span class='ocrx_word' id='word_1_326' title='bbox 505 2508 709 2548; x_wconf 90' lang='lat' dir='ltr'><strong>omnes</strong></span> <span class='ocrx_word' id='word_1_327' title='bbox 740 2493 916 2549; x_wconf 87' lang='lat' dir='ltr'><strong>etiam</strong></span> <span class='ocrx_word' id='word_1_328' title='bbox 948 2493 1005 2547; x_wconf 91' lang='lat' dir='ltr'><strong>in</strong></span> <span class='ocrx_word' id='word_1_329' title='bbox 1025 2493 1119 2549; x_wconf 90' lang='lat' dir='ltr'><strong>his</strong></span> <span class='ocrx_word' id='word_1_330' title='bbox 1142 2493 1613 2565; x_wconf 88' lang='lat' dir='ltr'><strong>propositionum</strong></span> <span class='ocrx_word' id='word_1_331' title='bbox 1640 2492 2148 2565; x_wconf 87' lang='lat' dir='ltr'><strong>complexionibus</strong></span> 
     </span>
    </p>
   </div>
   <div class='ocr_carea' id='block_1_40' title="bbox 503 2582 2147 2656">
    <p class='ocr_par' dir='ltr' id='par_1_40' title="bbox 503 2582 2147 2656">
     <span class='ocr_line' id='line_1_40' title="bbox 503 2582 2147 2656; baseline 0.001 -20"><span class='ocrx_word' id='word_1_332' title='bbox 503 2582 646 2637; x_wconf 90' lang='lat' dir='ltr'><strong>ﬁant</strong></span> <span class='ocrx_word' id='word_1_333' title='bbox 666 2582 917 2639; x_wconf 83' lang='lat' dir='ltr'><strong>sedecim</strong></span> <span class='ocrx_word' id='word_1_334' title='bbox 941 2582 1028 2639; x_wconf 89' lang='lat' dir='ltr'><strong>vel</strong></span> <span class='ocrx_word' id='word_1_335' title='bbox 1062 2583 1265 2654; x_wconf 83' lang='lat' dir='ltr'><strong>viginti</strong></span> <span class='ocrx_word' id='word_1_336' title='bbox 1289 2582 1637 2655; x_wconf 86' lang='lat' dir='ltr'><strong>syllogismi.</strong></span> <span class='ocrx_word' id='word_1_337' title='bbox 1674 2586 1917 2656; x_wconf 89' lang='lat' dir='ltr'><strong>Quoquo</strong></span> <span class='ocrx_word' id='word_1_338' title='bbox 1948 2586 2147 2638; x_wconf 90' lang='lat' dir='ltr'><strong>autem</strong></span> 
     </span>
    </p>
   </div>
   <div class='ocr_carea' id='block_1_41' title="bbox 504 2671 2150 2744">
    <p class='ocr_par' dir='ltr' id='par_1_41' title="bbox 504 2671 2150 2744">
     <span class='ocr_line' id='line_1_41' title="bbox 504 2671 2150 2744; baseline 0.001 -19"><span class='ocrx_word' id='word_1_339' title='bbox 504 2671 620 2726; x_wconf 90' lang='lat' dir='ltr'><strong>alio</strong></span> <span class='ocrx_word' id='word_1_340' title='bbox 644 2673 811 2728; x_wconf 88' lang='lat' dir='ltr'><strong>modo</strong></span> <span class='ocrx_word' id='word_1_341' title='bbox 831 2672 1268 2744; x_wconf 80' lang='lat' dir='ltr'><strong>assumptiones</strong></span> <span class='ocrx_word' id='word_1_342' title='bbox 1293 2674 1559 2742; x_wconf 87' lang='lat' dir='ltr'><strong>verteris,</strong></span> <span class='ocrx_word' id='word_1_343' title='bbox 1579 2673 1722 2729; x_wconf 88' lang='lat' dir='ltr'><strong>nihil</strong></span> <span class='ocrx_word' id='word_1_344' title='bbox 1746 2673 1936 2729; x_wconf 88' lang='lat' dir='ltr'><strong>evenit</strong></span> <span class='ocrx_word' id='word_1_345' title='bbox 1958 2688 2150 2728; x_wconf 86' lang='lat' dir='ltr'><strong>neces-</strong></span> 
     </span>
    </p>
   </div>
   <div class='ocr_carea' id='block_1_42' title="bbox 506 2760 2148 2834">
    <p class='ocr_par' dir='ltr' id='par_1_42' title="bbox 506 2760 2148 2834">
     <span class='ocr_line' id='line_1_42' title="bbox 506 2760 2148 2834; baseline 0.001 -19"><span class='ocrx_word' id='word_1_346' title='bbox 506 2760 829 2817; x_wconf 88' lang='lat' dir='ltr'><strong>sarium.Ut</strong></span> <span class='ocrx_word' id='word_1_347' title='bbox 858 2766 1053 2818; x_wconf 89' lang='lat' dir='ltr'><strong>autem</strong></span> <span class='ocrx_word' id='word_1_348' title='bbox 1095 2762 1286 2818; x_wconf 91' lang='lat' dir='ltr'><strong>omnis</strong></span> <span class='ocrx_word' id='word_1_349' title='bbox 1318 2762 1777 2834; x_wconf 90' lang='lat' dir='ltr'><strong>propositionum</strong></span> <span class='ocrx_word' id='word_1_350' title='bbox 1803 2768 1859 2818; x_wconf 91' lang='lat' dir='ltr'><strong>et</strong></span> <span class='ocrx_word' id='word_1_351' title='bbox 1880 2762 2148 2834; x_wconf 89' lang='lat' dir='ltr'><strong>syllogis-</strong></span> 
     </span>
    </p>
   </div>
   <div class='ocr_carea' id='block_1_43' title="bbox 509 2851 2150 2923">
    <p class='ocr_par' dir='ltr' id='par_1_43' title="bbox 509 2851 2150 2923">
     <span class='ocr_line' id='line_1_43' title="bbox 509 2851 2150 2923; baseline -0.001 -17"><span class='ocrx_word' id='word_1_352' title='bbox 509 2866 737 2907; x_wconf 88' lang='lat' dir='ltr'><strong>morum</strong></span> <span class='ocrx_word' id='word_1_353' title='bbox 766 2852 911 2907; x_wconf 87' lang='lat' dir='ltr'><strong>ratio</strong></span> <span class='ocrx_word' id='word_1_354' title='bbox 934 2852 1300 2919; x_wconf 89' lang='lat' dir='ltr'><strong>collucescat,</strong></span> <span class='ocrx_word' id='word_1_355' title='bbox 1324 2852 1590 2923; x_wconf 82' lang='lat' dir='ltr'><strong>exempla</strong></span> <span class='ocrx_word' id='word_1_356' title='bbox 1619 2853 1997 2923; x_wconf 84' lang='lat' dir='ltr'><strong>subjecimus,</strong></span> <span class='ocrx_word' id='word_1_357' title='bbox 2023 2851 2150 2923; x_wconf 87' lang='lat' dir='ltr'><strong>qui-</strong></span> 
     </span>
    </p>
   </div>
   <div class='ocr_carea' id='block_1_44' title="bbox 520 2941 2153 3014">
    <p class='ocr_par' dir='ltr' id='par_1_44' title="bbox 520 2941 2153 3014">
     <span class='ocr_line' id='line_1_44' title="bbox 520 2941 2153 3014; baseline 0 -18"><span class='ocrx_word' id='word_1_358' title='bbox 520 2941 629 2997; x_wconf 90' lang='lat' dir='ltr'><strong>bus</strong></span> <span class='ocrx_word' id='word_1_359' title='bbox 644 2941 942 2998; x_wconf 88' lang='lat' dir='ltr'><strong>faciliusid</strong></span> <span class='ocrx_word' id='word_1_360' title='bbox 964 2944 1116 3014; x_wconf 88' lang='lat' dir='ltr'><strong>quod</strong></span> <span class='ocrx_word' id='word_1_361' title='bbox 1136 2942 1407 3013; x_wconf 87' lang='lat' dir='ltr'><strong>superius</strong></span> <span class='ocrx_word' id='word_1_362' title='bbox 1424 2944 1736 2999; x_wconf 90' lang='lat' dir='ltr'><strong>docuimus</strong></span> <span class='ocrx_word' id='word_1_363' title='bbox 1752 2941 2153 3013; x_wconf 89' lang='lat' dir='ltr'><strong>colliquescat:</strong></span> 
     </span>
    </p>
   </div>
   <div class='ocr_carea' id='block_1_45' title="bbox 507 3031 2159 3101">
    <p class='ocr_par' dir='ltr' id='par_1_45' title="bbox 507 3031 2159 3101">
     <span class='ocr_line' id='line_1_45' title="bbox 507 3031 2159 3101; baseline 0 -16"><span class='ocrx_word' id='word_1_364' title='bbox 507 3032 556 3085; x_wconf 94' lang='lat' dir='ltr'><strong>si</strong></span> <span class='ocrx_word' id='word_1_365' title='bbox 583 3048 716 3086; x_wconf 92' lang='lat' dir='ltr'><strong>cum</strong></span> <span class='ocrx_word' id='word_1_366' title='bbox 744 3032 822 3088; x_wconf 91' lang='lat' dir='ltr'><strong>sit</strong></span> <span class='ocrx_word' id='word_1_367' title='bbox 850 3034 1236 3101; x_wconf 85' lang='lat' dir='ltr'><strong>a,animatum</strong></span> <span class='ocrx_word' id='word_1_368' title='bbox 1264 3033 1414 3099; x_wconf 84' lang='lat' dir='ltr'><strong>est,b</strong></span> <span class='ocrx_word' id='word_1_369' title='bbox 1436 3033 1610 3089; x_wconf 89' lang='lat' dir='ltr'><strong>homo</strong></span> <span class='ocrx_word' id='word_1_370' title='bbox 1633 3037 1740 3100; x_wconf 88' lang='lat' dir='ltr'><strong>est,</strong></span> <span class='ocrx_word' id='word_1_371' title='bbox 1762 3048 1791 3087; x_wconf 87' lang='lat' dir='ltr'><strong>c</strong></span> <span class='ocrx_word' id='word_1_372' title='bbox 1824 3031 2065 3100; x_wconf 83' lang='lat' dir='ltr'><strong>animal;</strong></span> <span class='ocrx_word' id='word_1_373' title='bbox 2111 3032 2159 3086; x_wconf 92' lang='lat' dir='ltr'><strong>si</strong></span> 
     </span>
    </p>
   </div>
   <div class='ocr_carea' id='block_1_46' title="bbox 503 3123 2159 3193">
    <p class='ocr_par' dir='ltr' id='par_1_46' title="bbox 503 3123 2159 3193">
     <span class='ocr_line' id='line_1_46' title="bbox 503 3123 2159 3193; baseline -0.002 -14"><span class='ocrx_word' id='word_1_374' title='bbox 503 3140 637 3179; x_wconf 91' lang='lat' dir='ltr'><strong>cum</strong></span> <span class='ocrx_word' id='word_1_375' title='bbox 654 3124 1138 3190; x_wconf 86' lang='lat' dir='ltr'><strong>esta,animatum</strong></span> <span class='ocrx_word' id='word_1_376' title='bbox 1171 3132 1277 3189; x_wconf 90' lang='lat' dir='ltr'><strong>est,</strong></span> <span class='ocrx_word' id='word_1_377' title='bbox 1305 3128 1335 3180; x_wconf 79' lang='grc' dir='ltr'>ὁ</span> <span class='ocrx_word' id='word_1_378' title='bbox 1381 3123 1576 3190; x_wconf 90' lang='lat' dir='ltr'><strong>homo,</strong></span> <span class='ocrx_word' id='word_1_379' title='bbox 1620 3139 1732 3177; x_wconf 92' lang='lat' dir='ltr'><strong>non</strong></span> <span class='ocrx_word' id='word_1_380' title='bbox 1768 3127 2111 3193; x_wconf 85' lang='lat' dir='ltr'><strong>estcequus</strong></span> <span class='ocrx_word' id='word_1_381' title='bbox 2144 3138 2159 3189; x_wconf 90' lang='lat'><strong>;</strong></span> 
     </span>
    </p>
   </div>
   <div class='ocr_carea' id='block_1_47' title="bbox 2252 1866 3829 1941">
    <p class='ocr_par' dir='ltr' id='par_1_47' title="bbox 2252 1866 3829 1941">
     <span class='ocr_line' id='line_1_47' title="bbox 2252 1866 3829 1941; baseline -0.002 -19"><span class='ocrx_word' id='word_1_382' title='bbox 2252 1867 2503 1922; x_wconf 87' lang='lat' dir='ltr'><strong>varietas</strong></span> <span class='ocrx_word' id='word_1_383' title='bbox 2536 1871 2711 1922; x_wconf 88' lang='lat' dir='ltr'><strong>tenet.</strong></span> <span class='ocrx_word' id='word_1_384' title='bbox 2749 1867 2924 1922; x_wconf 84' lang='lat' dir='ltr'><strong>Fiunt</strong></span> <span class='ocrx_word' id='word_1_385' title='bbox 2952 1884 3084 1923; x_wconf 91' lang='lat' dir='ltr'><strong>vero</strong></span> <span class='ocrx_word' id='word_1_386' title='bbox 3103 1868 3456 1941; x_wconf 88' lang='lat' dir='ltr'><strong>syllogismi,</strong></span> <span class='ocrx_word' id='word_1_387' title='bbox 3476 1880 3596 1923; x_wconf 87' lang='lat' dir='ltr'><strong>tum</strong></span> <span class='ocrx_word' id='word_1_388' title='bbox 3619 1867 3667 1922; x_wconf 90' lang='lat' dir='ltr'><strong>in</strong></span> <span class='ocrx_word' id='word_1_389' title='bbox 3690 1866 3829 1937; x_wconf 84' lang='lat' dir='ltr'><strong>prima</strong></span> 
     </span>
    </p>
   </div>
   <div class='ocr_carea' id='block_1_48' title="bbox 2252 1956 3827 2026">
    <p class='ocr_par' dir='ltr' id='par_1_48' title="bbox 2252 1956 3827 2026">
     <span class='ocr_line' id='line_1_48' title="bbox 2252 1956 3827 2026; baseline -0.001 -17"><span class='ocrx_word' id='word_1_390' title='bbox 2252 1956 2462 2026; x_wconf 86' lang='lat' dir='ltr'><strong>ﬁgura,</strong></span> <span class='ocrx_word' id='word_1_391' title='bbox 2495 1961 2618 2011; x_wconf 89' lang='lat' dir='ltr'><strong>tum</strong></span> <span class='ocrx_word' id='word_1_392' title='bbox 2652 1956 2711 2012; x_wconf 92' lang='lat' dir='ltr'><strong>in</strong></span> <span class='ocrx_word' id='word_1_393' title='bbox 2746 1958 3022 2025; x_wconf 89' lang='lat' dir='ltr'><strong>secunda,</strong></span> <span class='ocrx_word' id='word_1_394' title='bbox 3051 1962 3173 2012; x_wconf 90' lang='lat' dir='ltr'><strong>tum</strong></span> <span class='ocrx_word' id='word_1_395' title='bbox 3202 1974 3337 2012; x_wconf 88' lang='lat' dir='ltr'><strong>vero</strong></span> <span class='ocrx_word' id='word_1_396' title='bbox 3370 1958 3429 2012; x_wconf 91' lang='lat' dir='ltr'><strong>in</strong></span> <span class='ocrx_word' id='word_1_397' title='bbox 3463 1958 3643 2013; x_wconf 89' lang='lat' dir='ltr'><strong>tertia.</strong></span> <span class='ocrx_word' id='word_1_398' title='bbox 3666 1956 3827 2011; x_wconf 81' lang='lat' dir='ltr'><strong>Omnes</strong></span> 
     </span>
    </p>
   </div>
   <div class='ocr_carea' id='block_1_49' title="bbox 2252 2044 3831 2118">
    <p class='ocr_par' dir='ltr' id='par_1_49' title="bbox 2252 2044 3831 2118">
     <span class='ocr_line' id='line_1_49' title="bbox 2252 2044 3831 2118; baseline -0.001 -19"><span class='ocrx_word' id='word_1_399' title='bbox 2252 2044 2437 2117; x_wconf 88' lang='lat' dir='ltr'><strong>igitur</strong></span> <span class='ocrx_word' id='word_1_400' title='bbox 2465 2046 2644 2100; x_wconf 89' lang='lat' dir='ltr'><strong>trium</strong></span> <span class='ocrx_word' id='word_1_401' title='bbox 2682 2046 3000 2117; x_wconf 84' lang='lat' dir='ltr'><strong>ﬁgurarum</strong></span> <span class='ocrx_word' id='word_1_402' title='bbox 3026 2048 3230 2103; x_wconf 91' lang='lat' dir='ltr'><strong>modos</strong></span> <span class='ocrx_word' id='word_1_403' title='bbox 3250 2064 3285 2102; x_wconf 90' lang='lat' dir='ltr'><strong>a</strong></span> <span class='ocrx_word' id='word_1_404' title='bbox 3307 2048 3498 2118; x_wconf 91' lang='lat' dir='ltr'><strong>prima</strong></span> <span class='ocrx_word' id='word_1_405' title='bbox 3516 2046 3831 2111; x_wconf 85' lang='lat' dir='ltr'><strong>ordientes,ut</strong></span> 
     </span>
    </p>
   </div>
   <div class='ocr_carea' id='block_1_50' title="bbox 2255 2134 3831 2208">
    <p class='ocr_par' dir='ltr' id='par_1_50' title="bbox 2255 2134 3831 2208">
     <span class='ocr_line' id='line_1_50' title="bbox 2255 2134 3831 2208; baseline -0.001 -19"><span class='ocrx_word' id='word_1_406' title='bbox 2255 2134 2399 2189; x_wconf 87' lang='lat' dir='ltr'><strong>nihil</strong></span> <span class='ocrx_word' id='word_1_407' title='bbox 2433 2135 2826 2207; x_wconf 79' lang='lat' dir='ltr'><strong>subterfugiat</strong></span> <span class='ocrx_word' id='word_1_408' title='bbox 2859 2136 3241 2208; x_wconf 87' lang='lat' dir='ltr'><strong>explicemus.</strong></span> <span class='ocrx_word' id='word_1_409' title='bbox 3274 2137 3376 2191; x_wconf 88' lang='lat' dir='ltr'><strong>Est</strong></span> <span class='ocrx_word' id='word_1_410' title='bbox 3416 2137 3566 2191; x_wconf 90' lang='lat' dir='ltr'><strong>enim</strong></span> <span class='ocrx_word' id='word_1_411' title='bbox 3600 2135 3767 2207; x_wconf 68' lang='lat' dir='ltr'><strong>prima:</strong></span> <span class='ocrx_word' id='word_1_412' title='bbox 3787 2134 3831 2187; x_wconf 81' lang='lat' dir='ltr'><strong>ti-</strong></span> 
     </span>
    </p>
   </div>
   <div class='ocr_carea' id='block_1_51' title="bbox 2256 2224 3831 2297">
    <p class='ocr_par' dir='ltr' id='par_1_51' title="bbox 2256 2224 3831 2297">
     <span class='ocr_line' id='line_1_51' title="bbox 2256 2224 3831 2297; baseline -0.001 -20"><span class='ocrx_word' id='word_1_413' title='bbox 2256 2240 2414 2295; x_wconf 68' lang='lat' dir='ltr'><strong>gurze</strong></span> <span class='ocrx_word' id='word_1_414' title='bbox 2446 2224 2671 2295; x_wconf 89' lang='lat' dir='ltr'><strong>primus</strong></span> <span class='ocrx_word' id='word_1_415' title='bbox 2704 2227 2912 2281; x_wconf 91' lang='lat' dir='ltr'><strong>modus</strong></span> <span class='ocrx_word' id='word_1_416' title='bbox 2935 2243 2967 2281; x_wconf 88' lang='lat' dir='ltr'><strong>a</strong></span> <span class='ocrx_word' id='word_1_417' title='bbox 2997 2226 3189 2297; x_wconf 88' lang='lat' dir='ltr'><strong>prima</strong></span> <span class='ocrx_word' id='word_1_418' title='bbox 3216 2226 3459 2281; x_wconf 89' lang='lat' dir='ltr'><strong>veniens</strong></span> <span class='ocrx_word' id='word_1_419' title='bbox 3489 2224 3831 2297; x_wconf 84' lang='lat' dir='ltr'><strong>propositione,</strong></span> 
     </span>
    </p>
   </div>
   <div class='ocr_carea' id='block_1_52' title="bbox 2256 2315 3835 2387">
    <p class='ocr_par' dir='ltr' id='par_1_52' title="bbox 2256 2315 3835 2387">
     <span class='ocr_line' id='line_1_52' title="bbox 2256 2315 3835 2387; baseline -0.002 -17"><span class='ocrx_word' id='word_1_420' title='bbox 2256 2331 2390 2370; x_wconf 92' lang='lat' dir='ltr'><strong>cum</strong></span> <span class='ocrx_word' id='word_1_421' title='bbox 2425 2315 2507 2369; x_wconf 90' lang='lat' dir='ltr'><strong>ita</strong></span> <span class='ocrx_word' id='word_1_422' title='bbox 2540 2315 2943 2387; x_wconf 88' lang='lat' dir='ltr'><strong>proponimus,</strong></span> <span class='ocrx_word' id='word_1_423' title='bbox 2976 2316 3024 2371; x_wconf 90' lang='lat' dir='ltr'><strong>si</strong></span> <span class='ocrx_word' id='word_1_424' title='bbox 3059 2318 3148 2370; x_wconf 91' lang='lat' dir='ltr'><strong>est</strong></span> <span class='ocrx_word' id='word_1_425' title='bbox 3176 2333 3228 2376; x_wconf 85' lang='grc' dir='ltr'><strong>α.</strong></span> <span class='ocrx_word' id='word_1_426' title='bbox 3253 2320 3345 2371; x_wconf 89' lang='lat' dir='ltr'><strong>est</strong></span> <span class='ocrx_word' id='word_1_427' title='bbox 3376 2316 3428 2381; x_wconf 89' lang='lat' dir='ltr'><strong>b,</strong></span> <span class='ocrx_word' id='word_1_428' title='bbox 3462 2320 3517 2371; x_wconf 90' lang='lat' dir='ltr'><strong>et</strong></span> <span class='ocrx_word' id='word_1_429' title='bbox 3536 2316 3582 2371; x_wconf 90' lang='lat' dir='ltr'><strong>si</strong></span> <span class='ocrx_word' id='word_1_430' title='bbox 3601 2320 3681 2369; x_wconf 90' lang='lat' dir='ltr'><strong>est</strong></span> <span class='ocrx_word' id='word_1_431' title='bbox 3704 2315 3742 2380; x_wconf 87' lang='lat' dir='ltr'><strong>b,</strong></span> <span class='ocrx_word' id='word_1_432' title='bbox 3762 2328 3835 2367; x_wconf 85' lang='lat' dir='ltr'><strong>ne-</strong></span> 
     </span>
    </p>
   </div>
   <div class='ocr_carea' id='block_1_53' title="bbox 2259 2404 3837 2469">
    <p class='ocr_par' dir='ltr' id='par_1_53' title="bbox 2259 2404 3837 2469">
     <span class='ocr_line' id='line_1_53' title="bbox 2259 2404 3837 2469; baseline -0.003 -9"><span class='ocrx_word' id='word_1_433' title='bbox 2259 2420 2420 2461; x_wconf 85' lang='lat' dir='ltr'><strong>cesse</strong></span> <span class='ocrx_word' id='word_1_434' title='bbox 2454 2410 2542 2461; x_wconf 90' lang='lat' dir='ltr'><strong>est</strong></span> <span class='ocrx_word' id='word_1_435' title='bbox 2571 2420 2699 2461; x_wconf 90' lang='lat' dir='ltr'><strong>esse</strong></span> <span class='ocrx_word' id='word_1_436' title='bbox 2728 2421 2776 2460; x_wconf 88' lang='lat' dir='ltr'><strong>c.</strong></span> <span class='ocrx_word' id='word_1_437' title='bbox 2810 2405 2973 2460; x_wconf 88' lang='lat' dir='ltr'><strong>Tunc</strong></span> <span class='ocrx_word' id='word_1_438' title='bbox 3002 2406 3158 2461; x_wconf 90' lang='lat' dir='ltr'><strong>enim</strong></span> <span class='ocrx_word' id='word_1_439' title='bbox 3191 2405 3241 2460; x_wconf 92' lang='lat' dir='ltr'><strong>si</strong></span> <span class='ocrx_word' id='word_1_440' title='bbox 3273 2410 3367 2461; x_wconf 86' lang='lat' dir='ltr'><strong>est</strong></span> <span class='ocrx_word' id='word_1_441' title='bbox 3409 2422 3465 2469; x_wconf 84' lang='lat' dir='ltr'><strong>a.</strong></span> <span class='ocrx_word' id='word_1_442' title='bbox 3496 2404 3661 2460; x_wconf 87' lang='lat' dir='ltr'><strong>etiam</strong></span> <span class='ocrx_word' id='word_1_443' title='bbox 3685 2419 3708 2457; x_wconf 81' lang='grc' dir='ltr'><strong><em>ε</em></strong></span> <span class='ocrx_word' id='word_1_444' title='bbox 3747 2416 3837 2457; x_wconf 73' lang='lat' dir='ltr'><strong>esse</strong></span> 
     </span>
    </p>
   </div>
   <div class='ocr_carea' id='block_1_54' title="bbox 2260 2492 3838 2566">
    <p class='ocr_par' dir='ltr' id='par_1_54' title="bbox 2260 2492 3838 2566">
     <span class='ocr_line' id='line_1_54' title="bbox 2260 2492 3838 2566; baseline -0.004 -17"><span class='ocrx_word' id='word_1_445' title='bbox 2260 2509 2499 2550; x_wconf 89' lang='lat' dir='ltr'><strong>necesse</strong></span> <span class='ocrx_word' id='word_1_446' title='bbox 2529 2499 2637 2561; x_wconf 85' lang='lat' dir='ltr'><strong>est,</strong></span> <span class='ocrx_word' id='word_1_447' title='bbox 2671 2496 2841 2566; x_wconf 88' lang='lat' dir='ltr'><strong>cujus</strong></span> <span class='ocrx_word' id='word_1_448' title='bbox 2860 2495 2979 2550; x_wconf 68' lang='lat' dir='ltr'><strong>haec</strong></span> <span class='ocrx_word' id='word_1_449' title='bbox 3002 2496 3431 2551; x_wconf 87' lang='lat' dir='ltr'><strong>demonstratio</strong></span> <span class='ocrx_word' id='word_1_450' title='bbox 3454 2499 3562 2551; x_wconf 88' lang='lat' dir='ltr'><strong>est:</strong></span> <span class='ocrx_word' id='word_1_451' title='bbox 3582 2509 3702 2548; x_wconf 89' lang='lat' dir='ltr'><strong>nam</strong></span> <span class='ocrx_word' id='word_1_452' title='bbox 3721 2492 3760 2546; x_wconf 88' lang='lat' dir='ltr'><strong>si</strong></span> <span class='ocrx_word' id='word_1_453' title='bbox 3776 2495 3838 2545; x_wconf 84' lang='lat' dir='ltr'><strong>est</strong></span> 
     </span>
    </p>
   </div>
   <div class='ocr_carea' id='block_1_55' title="bbox 2260 2579 3837 2656">
    <p class='ocr_par' dir='ltr' id='par_1_55' title="bbox 2260 2579 3837 2656">
     <span class='ocr_line' id='line_1_55' title="bbox 2260 2579 3837 2656; baseline -0.005 -17"><span class='ocrx_word' id='word_1_454' title='bbox 2260 2602 2316 2649; x_wconf 85' lang='grc' dir='ltr'><strong>α,</strong></span> <span class='ocrx_word' id='word_1_455' title='bbox 2341 2585 2722 2655; x_wconf 85' lang='lat' dir='ltr'><strong>consequitur</strong></span> <span class='ocrx_word' id='word_1_456' title='bbox 2753 2588 2817 2639; x_wconf 90' lang='lat' dir='ltr'><strong>ut</strong></span> <span class='ocrx_word' id='word_1_457' title='bbox 2851 2584 2931 2639; x_wconf 90' lang='lat' dir='ltr'><strong>sit</strong></span> <span class='ocrx_word' id='word_1_458' title='bbox 2952 2585 3002 2651; x_wconf 68' lang='grc' dir='ltr'><strong>ι),</strong></span> <span class='ocrx_word' id='word_1_459' title='bbox 3036 2585 3190 2639; x_wconf 89' lang='lat' dir='ltr'><strong>idem</strong></span> <span class='ocrx_word' id='word_1_460' title='bbox 3212 2585 3371 2639; x_wconf 89' lang='lat' dir='ltr'><strong>enim</strong></span> <span class='ocrx_word' id='word_1_461' title='bbox 3429 2584 3580 2656; x_wconf 92' lang='lat' dir='ltr'><strong>quod</strong></span> <span class='ocrx_word' id='word_1_462' title='bbox 3632 2579 3837 2651; x_wconf 83' lang='lat' dir='ltr'><strong>preponit</strong></span> 
     </span>
    </p>
   </div>
   <div class='ocr_carea' id='block_1_56' title="bbox 2264 2671 3839 2744">
    <p class='ocr_par' dir='ltr' id='par_1_56' title="bbox 2264 2671 3839 2744">
     <span class='ocr_line' id='line_1_56' title="bbox 2264 2671 3839 2744; baseline -0.004 -17"><span class='ocrx_word' id='word_1_463' title='bbox 2264 2674 2455 2744; x_wconf 89' lang='lat' dir='ltr'><strong>prima</strong></span> <span class='ocrx_word' id='word_1_464' title='bbox 2482 2672 2820 2744; x_wconf 88' lang='lat' dir='ltr'><strong>propositio,</strong></span> <span class='ocrx_word' id='word_1_465' title='bbox 2854 2674 2904 2728; x_wconf 90' lang='lat' dir='ltr'><strong>si</strong></span> <span class='ocrx_word' id='word_1_466' title='bbox 2937 2673 3014 2728; x_wconf 88' lang='lat' dir='ltr'><strong>sit</strong></span> <span class='ocrx_word' id='word_1_467' title='bbox 3042 2690 3097 2740; x_wconf 90' lang='lat' dir='ltr'><strong>a,</strong></span> <span class='ocrx_word' id='word_1_468' title='bbox 3129 2689 3256 2729; x_wconf 89' lang='lat' dir='ltr'><strong>esse</strong></span> <span class='ocrx_word' id='word_1_469' title='bbox 3288 2675 3341 2741; x_wconf 87' lang='lat' dir='ltr'><strong>b,</strong></span> <span class='ocrx_word' id='word_1_470' title='bbox 3378 2682 3437 2730; x_wconf 90' lang='lat' dir='ltr'><strong>at</strong></span> <span class='ocrx_word' id='word_1_471' title='bbox 3466 2673 3515 2729; x_wconf 90' lang='lat' dir='ltr'><strong>si</strong></span> <span class='ocrx_word' id='word_1_472' title='bbox 3546 2673 3573 2728; x_wconf 88' lang='lat' dir='ltr'><strong>b</strong></span> <span class='ocrx_word' id='word_1_473' title='bbox 3606 2671 3750 2727; x_wconf 84' lang='lat' dir='ltr'><strong>fuerit</strong></span> <span class='ocrx_word' id='word_1_474' title='bbox 3780 2673 3839 2721; x_wconf 87' lang='lat' dir='ltr'><strong>est</strong></span> 
     </span>
    </p>
   </div>
   <div class='ocr_carea' id='block_1_57' title="bbox 2263 2759 3841 2834">
    <p class='ocr_par' dir='ltr' id='par_1_57' title="bbox 2263 2759 3841 2834">
     <span class='ocr_line' id='line_1_57' title="bbox 2263 2759 3841 2834; baseline -0.005 -17"><span class='ocrx_word' id='word_1_475' title='bbox 2263 2778 2310 2831; x_wconf 80' lang='grc' dir='ltr'><strong>ο,</strong></span> <span class='ocrx_word' id='word_1_476' title='bbox 2338 2762 2395 2816; x_wconf 90' lang='lat' dir='ltr'><strong>id</strong></span> <span class='ocrx_word' id='word_1_477' title='bbox 2429 2766 2518 2817; x_wconf 90' lang='lat' dir='ltr'><strong>est</strong></span> <span class='ocrx_word' id='word_1_478' title='bbox 2546 2763 2702 2817; x_wconf 91' lang='lat' dir='ltr'><strong>enim</strong></span> <span class='ocrx_word' id='word_1_479' title='bbox 2724 2762 2877 2832; x_wconf 89' lang='lat' dir='ltr'><strong>quod</strong></span> <span class='ocrx_word' id='word_1_480' title='bbox 2902 2764 3162 2817; x_wconf 90' lang='lat' dir='ltr'><strong>secunda</strong></span> <span class='ocrx_word' id='word_1_481' title='bbox 3185 2779 3318 2833; x_wconf 90' lang='lat' dir='ltr'><strong>pars</strong></span> <span class='ocrx_word' id='word_1_482' title='bbox 3343 2759 3734 2834; x_wconf 88' lang='lat' dir='ltr'><strong>propositionis</strong></span> <span class='ocrx_word' id='word_1_483' title='bbox 3755 2772 3841 2827; x_wconf 85' lang='lat' dir='ltr'><strong>pro-</strong></span> 
     </span>
    </p>
   </div>
   <div class='ocr_carea' id='block_1_58' title="bbox 2268 2845 3843 2922">
    <p class='ocr_par' dir='ltr' id='par_1_58' title="bbox 2268 2845 3843 2922">
     <span class='ocr_line' id='line_1_58' title="bbox 2268 2845 3843 2922; baseline -0.006 -16"><span class='ocrx_word' id='word_1_484' title='bbox 2268 2851 2519 2916; x_wconf 87' lang='lat' dir='ltr'><strong>nuntiat,</strong></span> <span class='ocrx_word' id='word_1_485' title='bbox 2545 2851 2591 2905; x_wconf 91' lang='lat' dir='ltr'><strong>si</strong></span> <span class='ocrx_word' id='word_1_486' title='bbox 2617 2851 2692 2905; x_wconf 90' lang='lat' dir='ltr'><strong>sit</strong></span> <span class='ocrx_word' id='word_1_487' title='bbox 2714 2853 2765 2921; x_wconf 86' lang='lat' dir='ltr'><strong>b,</strong></span> <span class='ocrx_word' id='word_1_488' title='bbox 2793 2851 3077 2922; x_wconf 87' lang='lat' dir='ltr'><strong>consequi</strong></span> <span class='ocrx_word' id='word_1_489' title='bbox 3103 2852 3431 2907; x_wconf 86' lang='lat' dir='ltr'><strong>necessario</strong></span> <span class='ocrx_word' id='word_1_490' title='bbox 3460 2845 3843 2913; x_wconf 80' lang='lat' dir='ltr'><strong>utc.Quibusita</strong></span> 
     </span>
    </p>
   </div>
   <div class='ocr_carea' id='block_1_59' title="bbox 2269 2939 3843 3009">
    <p class='ocr_par' dir='ltr' id='par_1_59' title="bbox 2269 2939 3843 3009">
     <span class='ocr_line' id='line_1_59' title="bbox 2269 2939 3843 3009; baseline -0.006 -14"><span class='ocrx_word' id='word_1_491' title='bbox 2269 2939 2584 3006; x_wconf 90' lang='lat' dir='ltr'><strong>concessis,</strong></span> <span class='ocrx_word' id='word_1_492' title='bbox 2616 2940 2807 2994; x_wconf 87' lang='lat' dir='ltr'><strong>evenit</strong></span> <span class='ocrx_word' id='word_1_493' title='bbox 2837 2946 2900 2995; x_wconf 90' lang='lat' dir='ltr'><strong>ut</strong></span> <span class='ocrx_word' id='word_1_494' title='bbox 2921 2957 3054 2995; x_wconf 91' lang='lat' dir='ltr'><strong>cum</strong></span> <span class='ocrx_word' id='word_1_495' title='bbox 3087 2942 3168 2996; x_wconf 89' lang='lat' dir='ltr'><strong>sit</strong></span> <span class='ocrx_word' id='word_1_496' title='bbox 3195 2957 3250 3009; x_wconf 90' lang='lat' dir='ltr'><strong>a,</strong></span> <span class='ocrx_word' id='word_1_497' title='bbox 3280 2940 3455 2996; x_wconf 87' lang='lat' dir='ltr'><strong>etiam</strong></span> <span class='ocrx_word' id='word_1_498' title='bbox 3479 2957 3507 2995; x_wconf 90' lang='lat' dir='ltr'><strong>c</strong></span> <span class='ocrx_word' id='word_1_499' title='bbox 3526 2955 3645 2995; x_wconf 80' lang='lat' dir='ltr'><strong>esse</strong></span> <span class='ocrx_word' id='word_1_500' title='bbox 3665 2948 3843 2993; x_wconf 82' lang='lat' dir='ltr'><strong>necesse</strong></span> 
     </span>
    </p>
   </div>
   <div class='ocr_carea' id='block_1_60' title="bbox 2273 3026 3841 3099">
    <p class='ocr_par' dir='ltr' id='par_1_60' title="bbox 2273 3026 3841 3099">
     <span class='ocr_line' id='line_1_60' title="bbox 2273 3026 3841 3099; baseline -0.003 -17"><span class='ocrx_word' id='word_1_501' title='bbox 2273 3029 2367 3097; x_wconf 87' lang='lat' dir='ltr'><strong>sit;</strong></span> <span class='ocrx_word' id='word_1_502' title='bbox 2401 3029 2803 3098; x_wconf 86' lang='lat' dir='ltr'><strong>imperfectum</strong></span> <span class='ocrx_word' id='word_1_503' title='bbox 2837 3045 2969 3084; x_wconf 89' lang='lat' dir='ltr'><strong>vero</strong></span> <span class='ocrx_word' id='word_1_504' title='bbox 2994 3029 3149 3084; x_wconf 90' lang='lat' dir='ltr'><strong>hunc</strong></span> <span class='ocrx_word' id='word_1_505' title='bbox 3180 3029 3439 3085; x_wconf 89' lang='lat' dir='ltr'><strong>dicimus</strong></span> <span class='ocrx_word' id='word_1_506' title='bbox 3486 3026 3841 3099; x_wconf 83' lang='lat' dir='ltr'><strong>syllogismum,</strong></span> 
     </span>
    </p>
   </div>
   <div class='ocr_carea' id='block_1_61' title="bbox 2272 3114 3844 3189">
    <p class='ocr_par' dir='ltr' id='par_1_61' title="bbox 2272 3114 3844 3189">
     <span class='ocr_line' id='line_1_61' title="bbox 2272 3114 3844 3189; baseline -0.004 -18"><span class='ocrx_word' id='word_1_507' title='bbox 2272 3118 2412 3188; x_wconf 87' lang='lat' dir='ltr'><strong>quia</strong></span> <span class='ocrx_word' id='word_1_508' title='bbox 2441 3117 2778 3173; x_wconf 90' lang='lat' dir='ltr'><strong>testimonio</strong></span> <span class='ocrx_word' id='word_1_509' title='bbox 2811 3117 3175 3189; x_wconf 89' lang='lat' dir='ltr'><strong>probationis</strong></span> <span class='ocrx_word' id='word_1_510' title='bbox 3202 3117 3477 3189; x_wconf 87' lang='lat' dir='ltr'><strong>indiguit.</strong></span> <span class='ocrx_word' id='word_1_511' title='bbox 3504 3114 3740 3172; x_wconf 84' lang='lat' dir='ltr'><strong>Probatio</strong></span> <span class='ocrx_word' id='word_1_512' title='bbox 3754 3126 3844 3167; x_wconf 84' lang='lat' dir='ltr'><strong>vero</strong></span> 
     </span>
    </p>
   </div>
   <div class='ocr_carea' id='block_1_62' title="bbox 503 3195 3846 3279">
    <p class='ocr_par' dir='ltr' id='par_1_62' title="bbox 503 3195 3846 3279">
     <span class='ocr_line' id='line_1_62' title="bbox 503 3195 3846 3279; baseline -0.004 -14"><span class='ocrx_word' id='word_1_513' title='bbox 503 3211 554 3265; x_wconf 90' lang='lat' dir='ltr'><strong>si</strong></span> <span class='ocrx_word' id='word_1_514' title='bbox 588 3226 721 3265; x_wconf 90' lang='lat' dir='ltr'><strong>cum</strong></span> <span class='ocrx_word' id='word_1_515' title='bbox 754 3211 1238 3276; x_wconf 86' lang='lat' dir='ltr'><strong>sita,animatum</strong></span> <span class='ocrx_word' id='word_1_516' title='bbox 1272 3230 1384 3267; x_wconf 92' lang='lat' dir='ltr'><strong>non</strong></span> <span class='ocrx_word' id='word_1_517' title='bbox 1410 3211 1556 3279; x_wconf 88' lang='lat' dir='ltr'><strong>est,b</strong></span> <span class='ocrx_word' id='word_1_518' title='bbox 1587 3208 1825 3277; x_wconf 89' lang='lat' dir='ltr'><strong>animal,</strong></span> <span class='ocrx_word' id='word_1_519' title='bbox 1872 3214 2029 3273; x_wconf 87' lang='lat' dir='ltr'><strong>est,c</strong></span> <span class='ocrx_word' id='word_1_520' title='bbox 2076 3209 2160 3263; x_wconf 88' lang='lat' dir='ltr'><strong>in-</strong></span> <span class='ocrx_word' id='word_1_521' title='bbox 2190 3195 2234 3261; x_wconf 84' lang='lat' dir='ltr'>C</span> <span class='ocrx_word' id='word_1_522' title='bbox 2273 3223 2340 3261; x_wconf 87' lang='lat' dir='ltr'><strong>ea</strong></span> <span class='ocrx_word' id='word_1_523' title='bbox 2370 3205 2480 3260; x_wconf 84' lang='lat' dir='ltr'><strong>fuit</strong></span> <span class='ocrx_word' id='word_1_524' title='bbox 2512 3222 2612 3277; x_wconf 91' lang='lat' dir='ltr'><strong>per</strong></span> <span class='ocrx_word' id='word_1_525' title='bbox 2640 3205 3048 3278; x_wconf 85' lang='lat' dir='ltr'><strong>syllogismum</strong></span> <span class='ocrx_word' id='word_1_526' title='bbox 3081 3207 3524 3274; x_wconf 88' lang='lat' dir='ltr'><strong>demonstratio,</strong></span> <span class='ocrx_word' id='word_1_527' title='bbox 3554 3206 3628 3260; x_wconf 88' lang='lat' dir='ltr'><strong>ita</strong></span> <span class='ocrx_word' id='word_1_528' title='bbox 3656 3214 3846 3271; x_wconf 85' lang='lat' dir='ltr'><strong>namque</strong></span> 
     </span>
    </p>
   </div>
   <div class='ocr_carea' id='block_1_63' title="bbox 505 3298 2155 3371">
    <p class='ocr_par' dir='ltr' id='par_1_63' title="bbox 505 3298 2155 3371">
     <span class='ocr_line' id='line_1_63' title="bbox 505 3298 2155 3371; baseline -0.001 -15"><span class='ocrx_word' id='word_1_529' title='bbox 505 3299 805 3366; x_wconf 89' lang='lat' dir='ltr'><strong>sensibile;</strong></span> <span class='ocrx_word' id='word_1_530' title='bbox 828 3301 877 3354; x_wconf 90' lang='lat' dir='ltr'><strong>si</strong></span> <span class='ocrx_word' id='word_1_531' title='bbox 902 3316 1031 3354; x_wconf 92' lang='lat' dir='ltr'><strong>cum</strong></span> <span class='ocrx_word' id='word_1_532' title='bbox 1062 3302 1545 3371; x_wconf 84' lang='lat' dir='ltr'><strong>sita,animatum</strong></span> <span class='ocrx_word' id='word_1_533' title='bbox 1570 3317 1681 3355; x_wconf 92' lang='lat' dir='ltr'><strong>non</strong></span> <span class='ocrx_word' id='word_1_534' title='bbox 1727 3304 1836 3363; x_wconf 85' lang='lat' dir='ltr'><strong>est,</strong></span> <span class='ocrx_word' id='word_1_535' title='bbox 1861 3300 1889 3353; x_wconf 85' lang='grc' dir='ltr'><strong><em>Ι)</em></strong></span> <span class='ocrx_word' id='word_1_536' title='bbox 1938 3298 2155 3354; x_wconf 86' lang='lat' dir='ltr'><strong>animal</strong></span> 
     </span>
    </p>
   </div>
   <div class='ocr_carea' id='block_1_64' title="bbox 503 3389 2157 3456">
    <p class='ocr_par' dir='ltr' id='par_1_64' title="bbox 503 3389 2157 3456">
     <span class='ocr_line' id='line_1_64' title="bbox 503 3389 2157 3456; baseline 0 -11"><span class='ocrx_word' id='word_1_537' title='bbox 503 3405 621 3445; x_wconf 91' lang='lat' dir='ltr'><strong>non</strong></span> <span class='ocrx_word' id='word_1_538' title='bbox 653 3395 764 3455; x_wconf 87' lang='lat' dir='ltr'><strong>est,</strong></span> <span class='ocrx_word' id='word_1_539' title='bbox 795 3406 821 3443; x_wconf 89' lang='lat' dir='ltr'><strong>c</strong></span> <span class='ocrx_word' id='word_1_540' title='bbox 852 3389 1051 3456; x_wconf 86' lang='lat' dir='ltr'><strong>homo;</strong></span> <span class='ocrx_word' id='word_1_541' title='bbox 1086 3390 1135 3444; x_wconf 90' lang='lat' dir='ltr'><strong>si</strong></span> <span class='ocrx_word' id='word_1_542' title='bbox 1166 3408 1299 3445; x_wconf 92' lang='lat' dir='ltr'><strong>cum</strong></span> <span class='ocrx_word' id='word_1_543' title='bbox 1352 3410 1464 3448; x_wconf 92' lang='lat' dir='ltr'><strong>non</strong></span> <span class='ocrx_word' id='word_1_544' title='bbox 1518 3392 1596 3447; x_wconf 90' lang='lat' dir='ltr'><strong>sit</strong></span> <span class='ocrx_word' id='word_1_545' title='bbox 1636 3409 1669 3446; x_wconf 89' lang='lat' dir='ltr'><strong>a</strong></span> <span class='ocrx_word' id='word_1_546' title='bbox 1720 3389 1957 3445; x_wconf 87' lang='lat' dir='ltr'><strong>invitale</strong></span> <span class='ocrx_word' id='word_1_547' title='bbox 2007 3394 2096 3444; x_wconf 89' lang='lat' dir='ltr'><strong>est</strong></span> <span class='ocrx_word' id='word_1_548' title='bbox 2127 3390 2157 3445; x_wconf 74' lang='grc' dir='ltr'><strong><em>ὑ</em></strong></span> 
     </span>
    </p>
   </div>
   <div class='ocr_carea' id='block_1_65' title="bbox 503 3476 2152 3547">
    <p class='ocr_par' dir='ltr' id='par_1_65' title="bbox 503 3476 2152 3547">
     <span class='ocr_line' id='line_1_65' title="bbox 503 3476 2152 3547; baseline 0 -15"><span class='ocrx_word' id='word_1_549' title='bbox 503 3477 703 3543; x_wconf 87' lang='lat' dir='ltr'><strong>homo,</strong></span> <span class='ocrx_word' id='word_1_550' title='bbox 735 3484 825 3531; x_wconf 87' lang='lat' dir='ltr'><strong>est</strong></span> <span class='ocrx_word' id='word_1_551' title='bbox 845 3493 874 3531; x_wconf 80' lang='grc' dir='ltr'><em>ε</em></span> <span class='ocrx_word' id='word_1_552' title='bbox 896 3477 1207 3539; x_wconf 85' lang='lat' dir='ltr'><strong>animal;si</strong></span> <span class='ocrx_word' id='word_1_553' title='bbox 1235 3496 1369 3534; x_wconf 92' lang='lat' dir='ltr'><strong>cum</strong></span> <span class='ocrx_word' id='word_1_554' title='bbox 1394 3497 1510 3534; x_wconf 90' lang='lat' dir='ltr'><strong>non</strong></span> <span class='ocrx_word' id='word_1_555' title='bbox 1536 3479 1613 3534; x_wconf 88' lang='lat' dir='ltr'><strong>sit</strong></span> <span class='ocrx_word' id='word_1_556' title='bbox 1657 3495 1710 3547; x_wconf 87' lang='grc' dir='ltr'><strong>α,</strong></span> <span class='ocrx_word' id='word_1_557' title='bbox 1762 3476 1998 3532; x_wconf 84' lang='lat' dir='ltr'><strong>invitale</strong></span> <span class='ocrx_word' id='word_1_558' title='bbox 2045 3481 2152 3547; x_wconf 86' lang='lat' dir='ltr'><strong>est,</strong></span> 
     </span>
    </p>
   </div>
   <div class='ocr_carea' id='block_1_66' title="bbox 506 3564 2157 3637">
    <p class='ocr_par' dir='ltr' id='par_1_66' title="bbox 506 3564 2157 3637">
     <span class='ocr_line' id='line_1_66' title="bbox 506 3564 2157 3637; baseline -0.001 -18"><span class='ocrx_word' id='word_1_559' title='bbox 506 3564 745 3631; x_wconf 83' lang='lat' dir='ltr'><strong>bbomo,</strong></span> <span class='ocrx_word' id='word_1_560' title='bbox 782 3581 899 3619; x_wconf 91' lang='lat' dir='ltr'><strong>non</strong></span> <span class='ocrx_word' id='word_1_561' title='bbox 929 3569 1019 3620; x_wconf 86' lang='lat' dir='ltr'><strong>est</strong></span> <span class='ocrx_word' id='word_1_562' title='bbox 1047 3581 1076 3620; x_wconf 86' lang='lat' dir='ltr'><strong>c</strong></span> <span class='ocrx_word' id='word_1_563' title='bbox 1105 3583 1294 3637; x_wconf 90' lang='lat' dir='ltr'><strong>equus</strong></span> <span class='ocrx_word' id='word_1_564' title='bbox 1331 3585 1341 3621; x_wconf 89' lang='lat'>:</span> <span class='ocrx_word' id='word_1_565' title='bbox 1379 3568 1428 3622; x_wconf 90' lang='lat' dir='ltr'><strong>si</strong></span> <span class='ocrx_word' id='word_1_566' title='bbox 1461 3584 1595 3623; x_wconf 91' lang='lat' dir='ltr'><strong>cum</strong></span> <span class='ocrx_word' id='word_1_567' title='bbox 1632 3583 1744 3621; x_wconf 91' lang='lat' dir='ltr'><strong>non</strong></span> <span class='ocrx_word' id='word_1_568' title='bbox 1772 3566 1917 3630; x_wconf 90' lang='lat' dir='ltr'><strong>sita,</strong></span> <span class='ocrx_word' id='word_1_569' title='bbox 1938 3564 2157 3619; x_wconf 90' lang='lat' dir='ltr'><strong>animal</strong></span> 
     </span>
    </p>
   </div>
   <div class='ocr_carea' id='block_1_67' title="bbox 501 3652 2160 3722">
    <p class='ocr_par' dir='ltr' id='par_1_67' title="bbox 501 3652 2160 3722">
     <span class='ocr_line' id='line_1_67' title="bbox 501 3652 2160 3722; baseline -0.001 -13"><span class='ocrx_word' id='word_1_570' title='bbox 501 3670 616 3709; x_wconf 88' lang='lat' dir='ltr'><strong>non</strong></span> <span class='ocrx_word' id='word_1_571' title='bbox 649 3658 761 3722; x_wconf 89' lang='lat' dir='ltr'><strong>est,</strong></span> <span class='ocrx_word' id='word_1_572' title='bbox 795 3652 824 3707; x_wconf 90' lang='lat' dir='ltr'><strong>b</strong></span> <span class='ocrx_word' id='word_1_573' title='bbox 851 3653 1198 3721; x_wconf 88' lang='lat' dir='ltr'><strong>animalum,</strong></span> <span class='ocrx_word' id='word_1_574' title='bbox 1234 3660 1324 3710; x_wconf 89' lang='lat' dir='ltr'><strong>est</strong></span> <span class='ocrx_word' id='word_1_575' title='bbox 1352 3672 1380 3711; x_wconf 80' lang='grc' dir='ltr'><em>ο</em></span> <span class='ocrx_word' id='word_1_576' title='bbox 1413 3654 1671 3721; x_wconf 88' lang='lat' dir='ltr'><strong>invitale;</strong></span> <span class='ocrx_word' id='word_1_577' title='bbox 1708 3654 1755 3709; x_wconf 91' lang='lat' dir='ltr'><strong>si</strong></span> <span class='ocrx_word' id='word_1_578' title='bbox 1790 3670 1923 3709; x_wconf 91' lang='lat' dir='ltr'><strong>cum</strong></span> <span class='ocrx_word' id='word_1_579' title='bbox 1944 3670 2059 3709; x_wconf 85' lang='lat' dir='ltr'><strong>non</strong></span> <span class='ocrx_word' id='word_1_580' title='bbox 2083 3654 2160 3708; x_wconf 91' lang='lat' dir='ltr'><strong>sit</strong></span> 
     </span>
    </p>
   </div>
   <div class='ocr_carea' id='block_1_68' title="bbox 505 3742 2159 3815">
    <p class='ocr_par' dir='ltr' id='par_1_68' title="bbox 505 3742 2159 3815">
     <span class='ocr_line' id='line_1_68' title="bbox 505 3742 2159 3815; baseline 0.001 -18"><span class='ocrx_word' id='word_1_581' title='bbox 505 3761 539 3798; x_wconf 87' lang='lat' dir='ltr'><strong>a</strong></span> <span class='ocrx_word' id='word_1_582' title='bbox 570 3742 828 3811; x_wconf 89' lang='lat' dir='ltr'><strong>invitale,</strong></span> <span class='ocrx_word' id='word_1_583' title='bbox 864 3760 977 3798; x_wconf 87' lang='lat' dir='ltr'><strong>non</strong></span> <span class='ocrx_word' id='word_1_584' title='bbox 1001 3748 1090 3799; x_wconf 90' lang='lat' dir='ltr'><strong>est</strong></span> <span class='ocrx_word' id='word_1_585' title='bbox 1112 3745 1166 3812; x_wconf 90' lang='lat' dir='ltr'><strong>b,</strong></span> <span class='ocrx_word' id='word_1_586' title='bbox 1199 3744 1413 3801; x_wconf 89' lang='lat' dir='ltr'><strong>animal</strong></span> <span class='ocrx_word' id='word_1_587' title='bbox 1447 3762 1566 3800; x_wconf 87' lang='lat' dir='ltr'><strong>non</strong></span> <span class='ocrx_word' id='word_1_588' title='bbox 1598 3750 1706 3815; x_wconf 91' lang='lat' dir='ltr'><strong>est,</strong></span> <span class='ocrx_word' id='word_1_589' title='bbox 1737 3761 1766 3799; x_wconf 79' lang='grc' dir='ltr'><em>ο</em></span> <span class='ocrx_word' id='word_1_590' title='bbox 1788 3744 2066 3798; x_wconf 86' lang='lat' dir='ltr'><strong>homo.Ac</strong></span> <span class='ocrx_word' id='word_1_591' title='bbox 2088 3744 2159 3799; x_wconf 89' lang='lat' dir='ltr'><strong>de</strong></span> 
     </span>
    </p>
   </div>
   <div class='ocr_carea' id='block_1_69' title="bbox 504 3830 2159 3905">
    <p class='ocr_par' dir='ltr' id='par_1_69' title="bbox 504 3830 2159 3905">
     <span class='ocr_line' id='line_1_69' title="bbox 504 3830 2159 3905; baseline 0 -19"><span class='ocrx_word' id='word_1_592' title='bbox 504 3830 599 3887; x_wconf 89' lang='lat' dir='ltr'><strong>his</strong></span> <span class='ocrx_word' id='word_1_593' title='bbox 630 3831 867 3901; x_wconf 89' lang='lat' dir='ltr'><strong>quidem</strong></span> <span class='ocrx_word' id='word_1_594' title='bbox 892 3830 1253 3903; x_wconf 89' lang='lat' dir='ltr'><strong>syllogismis</strong></span> <span class='ocrx_word' id='word_1_595' title='bbox 1289 3833 1391 3903; x_wconf 88' lang='lat' dir='ltr'><strong>qui</strong></span> <span class='ocrx_word' id='word_1_596' title='bbox 1426 3830 2159 3905; x_wconf 85' lang='lat' dir='ltr'><strong>talibuspropositionibus</strong></span> 
     </span>
    </p>
   </div>
   <div class='ocr_carea' id='block_1_70' title="bbox 508 3919 2160 3993">
    <p class='ocr_par' dir='ltr' id='par_1_70' title="bbox 508 3919 2160 3993">
     <span class='ocr_line' id='line_1_70' title="bbox 508 3919 2160 3993; baseline 0.001 -20"><span class='ocrx_word' id='word_1_597' title='bbox 508 3922 962 3990; x_wconf 88' lang='lat' dir='ltr'><strong>connectuntur,</strong></span> <span class='ocrx_word' id='word_1_598' title='bbox 995 3937 1124 3991; x_wconf 69' lang='lat' dir='ltr'><strong>quas</strong></span> <span class='ocrx_word' id='word_1_599' title='bbox 1166 3937 1235 3976; x_wconf 80' lang='lat' dir='ltr'><strong>ex</strong></span> <span class='ocrx_word' id='word_1_600' title='bbox 1292 3922 1619 3993; x_wconf 90' lang='lat' dir='ltr'><strong>hypotheca</strong></span> <span class='ocrx_word' id='word_1_601' title='bbox 1679 3919 2160 3992; x_wconf 68' lang='lat' dir='ltr'><strong>prredicativaque</strong></span> 
     </span>
    </p>
   </div>
   <div class='ocr_carea' id='block_1_71' title="bbox 506 4007 2159 4077">
    <p class='ocr_par' dir='ltr' id='par_1_71' title="bbox 506 4007 2159 4077">
     <span class='ocr_line' id='line_1_71' title="bbox 506 4007 2159 4077; baseline -0.001 -14"><span class='ocrx_word' id='word_1_602' title='bbox 506 4008 860 4077; x_wconf 88' lang='lat' dir='ltr'><strong>consistunt,</strong></span> <span class='ocrx_word' id='word_1_603' title='bbox 893 4008 1252 4065; x_wconf 81' lang='lat' dir='ltr'><strong>sufﬁcienter</strong></span> <span class='ocrx_word' id='word_1_604' title='bbox 1275 4009 1500 4066; x_wconf 89' lang='lat' dir='ltr'><strong>dictum</strong></span> <span class='ocrx_word' id='word_1_605' title='bbox 1520 4017 1629 4067; x_wconf 85' lang='lat' dir='ltr'><strong>est.</strong></span> <span class='ocrx_word' id='word_1_606' title='bbox 1666 4009 1830 4067; x_wconf 87' lang='lat' dir='ltr'><strong>Nunc</strong></span> <span class='ocrx_word' id='word_1_607' title='bbox 1853 4010 1924 4064; x_wconf 91' lang='lat' dir='ltr'><strong>de</strong></span> <span class='ocrx_word' id='word_1_608' title='bbox 1954 4007 2046 4062; x_wconf 89' lang='lat' dir='ltr'><strong>his</strong></span> <span class='ocrx_word' id='word_1_609' title='bbox 2073 4008 2159 4062; x_wconf 87' lang='lat' dir='ltr'><strong>di-</strong></span> 
     </span>
    </p>
   </div>
   <div class='ocr_carea' id='block_1_72' title="bbox 505 4097 2163 4172">
    <p class='ocr_par' dir='ltr' id='par_1_72' title="bbox 505 4097 2163 4172">
     <span class='ocr_line' id='line_1_72' title="bbox 505 4097 2163 4172; baseline 0 -19"><span class='ocrx_word' id='word_1_610' title='bbox 505 4100 754 4154; x_wconf 89' lang='lat' dir='ltr'><strong>cendum</strong></span> <span class='ocrx_word' id='word_1_611' title='bbox 778 4102 869 4154; x_wconf 86' lang='lat' dir='ltr'><strong>est</strong></span> <span class='ocrx_word' id='word_1_612' title='bbox 898 4098 1281 4171; x_wconf 87' lang='lat' dir='ltr'><strong>syllogismis,</strong></span> <span class='ocrx_word' id='word_1_613' title='bbox 1328 4117 1580 4172; x_wconf 89' lang='lat' dir='ltr'><strong>quorum</strong></span> <span class='ocrx_word' id='word_1_614' title='bbox 1625 4098 2052 4172; x_wconf 88' lang='lat' dir='ltr'><strong>propositiones</strong></span> <span class='ocrx_word' id='word_1_615' title='bbox 2082 4097 2163 4153; x_wconf 88' lang='lat' dir='ltr'><strong>ita</strong></span> 
     </span>
    </p>
   </div>
   <div class='ocr_carea' id='block_1_73' title="bbox 505 4189 2160 4260">
    <p class='ocr_par' dir='ltr' id='par_1_73' title="bbox 505 4189 2160 4260">
     <span class='ocr_line' id='line_1_73' title="bbox 505 4189 2160 4260; baseline -0.001 -17"><span class='ocrx_word' id='word_1_616' title='bbox 505 4189 698 4245; x_wconf 82' lang='lat' dir='ltr'><strong>tribus</strong></span> <span class='ocrx_word' id='word_1_617' title='bbox 729 4189 997 4245; x_wconf 88' lang='lat' dir='ltr'><strong>terminis</strong></span> <span class='ocrx_word' id='word_1_618' title='bbox 1030 4191 1426 4260; x_wconf 89' lang='lat' dir='ltr'><strong>continentur,</strong></span> <span class='ocrx_word' id='word_1_619' title='bbox 1460 4196 1523 4245; x_wconf 90' lang='lat' dir='ltr'><strong>ut</strong></span> <span class='ocrx_word' id='word_1_620' title='bbox 1553 4190 1758 4246; x_wconf 69' lang='lat' dir='ltr'><strong>medim</strong></span> <span class='ocrx_word' id='word_1_621' title='bbox 1802 4189 1920 4243; x_wconf 89' lang='lat' dir='ltr'><strong>sint</strong></span> <span class='ocrx_word' id='word_1_622' title='bbox 1959 4203 2160 4244; x_wconf 88' lang='lat' dir='ltr'><strong>earum</strong></span> 
     </span>
    </p>
   </div>
   <div class='ocr_carea' id='block_1_74' title="bbox 512 4280 2162 4352">
    <p class='ocr_par' dir='ltr' id='par_1_74' title="bbox 512 4280 2162 4352">
     <span class='ocr_line' id='line_1_74' title="bbox 512 4280 2162 4352; baseline -0.002 -19"><span class='ocrx_word' id='word_1_623' title='bbox 512 4295 639 4349; x_wconf 65' lang='lat' dir='ltr'><strong>quae</strong></span> <span class='ocrx_word' id='word_1_624' title='bbox 674 4296 740 4333; x_wconf 81' lang='lat' dir='ltr'><strong>ex</strong></span> <span class='ocrx_word' id='word_1_625' title='bbox 797 4280 1160 4351; x_wconf 84' lang='lat' dir='ltr'><strong>bypotbetica</strong></span> <span class='ocrx_word' id='word_1_626' title='bbox 1221 4281 1703 4352; x_wconf 72' lang='lat' dir='ltr'><strong>praedicativaque</strong></span> <span class='ocrx_word' id='word_1_627' title='bbox 1753 4284 2050 4347; x_wconf 83' lang='lat' dir='ltr'><strong>texuntur,</strong></span> <span class='ocrx_word' id='word_1_628' title='bbox 2104 4280 2162 4331; x_wconf 90' lang='lat' dir='ltr'><strong>et</strong></span> 
     </span>
    </p>
   </div>
   <div class='ocr_carea' id='block_1_75' title="bbox 511 4371 2160 4443">
    <p class='ocr_par' dir='ltr' id='par_1_75' title="bbox 511 4371 2160 4443">
     <span class='ocr_line' id='line_1_75' title="bbox 511 4371 2160 4443; baseline -0.001 -21"><span class='ocrx_word' id='word_1_629' title='bbox 511 4384 711 4423; x_wconf 90' lang='lat' dir='ltr'><strong>earum</strong></span> <span class='ocrx_word' id='word_1_630' title='bbox 748 4386 874 4439; x_wconf 68' lang='lat' dir='ltr'><strong>quas</strong></span> <span class='ocrx_word' id='word_1_631' title='bbox 903 4387 969 4424; x_wconf 85' lang='lat' dir='ltr'><strong>ex</strong></span> <span class='ocrx_word' id='word_1_632' title='bbox 1001 4371 1231 4426; x_wconf 87' lang='lat' dir='ltr'><strong>duabus</strong></span> <span class='ocrx_word' id='word_1_633' title='bbox 1267 4371 1657 4443; x_wconf 84' lang='lat' dir='ltr'><strong>hypotheticis</strong></span> <span class='ocrx_word' id='word_1_634' title='bbox 1711 4373 2160 4436; x_wconf 88' lang='lat' dir='ltr'><strong>connectuntur,</strong></span> 
     </span>
    </p>
   </div>
   <div class='ocr_carea' id='block_1_76' title="bbox 513 4458 2161 4533">
    <p class='ocr_par' dir='ltr' id='par_1_76' title="bbox 513 4458 2161 4533">
     <span class='ocr_line' id='line_1_76' title="bbox 513 4458 2161 4533; baseline 0.002 -22"><span class='ocrx_word' id='word_1_635' title='bbox 513 4473 659 4527; x_wconf 88' lang='lat' dir='ltr'><strong>quas</strong></span> <span class='ocrx_word' id='word_1_636' title='bbox 683 4458 898 4514; x_wconf 91' lang='lat' dir='ltr'><strong>idcirco</strong></span> <span class='ocrx_word' id='word_1_637' title='bbox 930 4460 1039 4514; x_wconf 88' lang='lat' dir='ltr'><strong>hoc</strong></span> <span class='ocrx_word' id='word_1_638' title='bbox 1070 4459 1196 4515; x_wconf 89' lang='lat' dir='ltr'><strong>loco</strong></span> <span class='ocrx_word' id='word_1_639' title='bbox 1221 4463 1627 4533; x_wconf 89' lang='lat' dir='ltr'><strong>proponimus,</strong></span> <span class='ocrx_word' id='word_1_640' title='bbox 1651 4461 1788 4531; x_wconf 92' lang='lat' dir='ltr'><strong>quia</strong></span> <span class='ocrx_word' id='word_1_641' title='bbox 1812 4464 1875 4515; x_wconf 91' lang='lat' dir='ltr'><strong>ut</strong></span> <span class='ocrx_word' id='word_1_642' title='bbox 1898 4458 2161 4530; x_wconf 88' lang='lat' dir='ltr'><strong>superio-</strong></span> 
     </span>
    </p>
   </div>
   <div class='ocr_carea' id='block_1_77' title="bbox 2265 3288 3845 3367">
    <p class='ocr_par' dir='ltr' id='par_1_77' title="bbox 2265 3288 3845 3367">
     <span class='ocr_line' id='line_1_77' title="bbox 2265 3288 3845 3367; baseline -0.004 -17"><span class='ocrx_word' id='word_1_643' title='bbox 2265 3296 2299 3350; x_wconf 88' lang='lat' dir='ltr'><strong>ﬁ</strong></span> <span class='ocrx_word' id='word_1_644' title='bbox 2311 3312 2493 3349; x_wconf 89' lang='lat' dir='ltr'><strong>rmam</strong></span> <span class='ocrx_word' id='word_1_645' title='bbox 2505 3311 2573 3349; x_wconf 91' lang='lat' dir='ltr'><strong>us</strong></span> <span class='ocrx_word' id='word_1_646' title='bbox 2587 3295 2718 3350; x_wconf 89' lang='lat' dir='ltr'><strong>talis</strong></span> <span class='ocrx_word' id='word_1_647' title='bbox 2734 3296 3163 3367; x_wconf 69' lang='lat' dir='ltr'><strong>consequentiae</strong></span> <span class='ocrx_word' id='word_1_648' title='bbox 3180 3296 3403 3351; x_wconf 89' lang='lat' dir='ltr'><strong>necessi</strong></span> <span class='ocrx_word' id='word_1_649' title='bbox 3416 3288 3845 3350; x_wconf 84' lang='lat' dir='ltr'><strong>tatem.Cumcnim</strong></span> 
     </span>
    </p>
   </div>
   <div class='ocr_carea' id='block_1_78' title="bbox 2268 3386 3846 3457">
    <p class='ocr_par' dir='ltr' id='par_1_78' title="bbox 2268 3386 3846 3457">
     <span class='ocr_line' id='line_1_78' title="bbox 2268 3386 3846 3457; baseline -0.006 -17"><span class='ocrx_word' id='word_1_650' title='bbox 2268 3386 2349 3441; x_wconf 89' lang='lat' dir='ltr'><strong>ita</strong></span> <span class='ocrx_word' id='word_1_651' title='bbox 2379 3391 2840 3457; x_wconf 88' lang='lat' dir='ltr'><strong>proponeretur:</strong></span> <span class='ocrx_word' id='word_1_652' title='bbox 2873 3386 2924 3441; x_wconf 92' lang='lat' dir='ltr'><strong>si</strong></span> <span class='ocrx_word' id='word_1_653' title='bbox 2952 3391 3042 3442; x_wconf 88' lang='lat' dir='ltr'><strong>est</strong></span> <span class='ocrx_word' id='word_1_654' title='bbox 3066 3404 3121 3450; x_wconf 88' lang='lat' dir='ltr'><strong>a,</strong></span> <span class='ocrx_word' id='word_1_655' title='bbox 3157 3391 3246 3442; x_wconf 92' lang='lat' dir='ltr'><strong>est</strong></span> <span class='ocrx_word' id='word_1_656' title='bbox 3268 3387 3317 3457; x_wconf 77' lang='grc' dir='ltr'><strong>ὸ,</strong></span> <span class='ocrx_word' id='word_1_657' title='bbox 3343 3388 3466 3442; x_wconf 85' lang='lat' dir='ltr'><strong>etsi</strong></span> <span class='ocrx_word' id='word_1_658' title='bbox 3490 3391 3579 3442; x_wconf 89' lang='lat' dir='ltr'><strong>est</strong></span> <span class='ocrx_word' id='word_1_659' title='bbox 3597 3386 3643 3451; x_wconf 89' lang='lat' dir='ltr'><strong>b,</strong></span> <span class='ocrx_word' id='word_1_660' title='bbox 3666 3393 3846 3437; x_wconf 81' lang='lat' dir='ltr'><strong>necesse</strong></span> 
     </span>
    </p>
   </div>
   <div class='ocr_carea' id='block_1_79' title="bbox 2268 3468 3845 3547">
    <p class='ocr_par' dir='ltr' id='par_1_79' title="bbox 2268 3468 3845 3547">
     <span class='ocr_line' id='line_1_79' title="bbox 2268 3468 3845 3547; baseline -0.006 -18"><span class='ocrx_word' id='word_1_661' title='bbox 2268 3480 2359 3530; x_wconf 90' lang='lat' dir='ltr'><strong>est</strong></span> <span class='ocrx_word' id='word_1_662' title='bbox 2390 3479 2453 3529; x_wconf 92' lang='lat' dir='ltr'><strong>ut</strong></span> <span class='ocrx_word' id='word_1_663' title='bbox 2474 3476 2608 3545; x_wconf 84' lang='lat' dir='ltr'><strong>sitc,</strong></span> <span class='ocrx_word' id='word_1_664' title='bbox 2624 3481 2978 3547; x_wconf 86' lang='lat' dir='ltr'><strong>poneretque</strong></span> <span class='ocrx_word' id='word_1_665' title='bbox 2991 3476 3321 3547; x_wconf 89' lang='lat' dir='ltr'><strong>assumptio</strong></span> <span class='ocrx_word' id='word_1_666' title='bbox 3352 3476 3411 3530; x_wconf 88' lang='lat' dir='ltr'><strong>id</strong></span> <span class='ocrx_word' id='word_1_667' title='bbox 3428 3476 3578 3547; x_wconf 91' lang='lat' dir='ltr'><strong>quod</strong></span> <span class='ocrx_word' id='word_1_668' title='bbox 3598 3468 3845 3528; x_wconf 80' lang='lat' dir='ltr'><strong>afﬁrmatio</strong></span> 
     </span>
    </p>
   </div>
   <div class='ocr_carea' id='block_1_80' title="bbox 2266 3561 3843 3636">
    <p class='ocr_par' dir='ltr' id='par_1_80' title="bbox 2266 3561 3843 3636">
     <span class='ocr_line' id='line_1_80' title="bbox 2266 3561 3843 3636; baseline -0.006 -16"><span class='ocrx_word' id='word_1_669' title='bbox 2266 3564 2651 3620; x_wconf 84' lang='lat' dir='ltr'><strong>constituerat</strong></span> <span class='ocrx_word' id='word_1_670' title='bbox 2667 3581 2795 3620; x_wconf 89' lang='lat' dir='ltr'><strong>esse</strong></span> <span class='ocrx_word' id='word_1_671' title='bbox 2809 3582 2863 3629; x_wconf 90' lang='lat' dir='ltr'><strong>a,</strong></span> <span class='ocrx_word' id='word_1_672' title='bbox 2883 3581 3130 3636; x_wconf 91' lang='lat' dir='ltr'><strong>eamque</strong></span> <span class='ocrx_word' id='word_1_673' title='bbox 3148 3566 3314 3635; x_wconf 89' lang='lat' dir='ltr'><strong>sequi</strong></span> <span class='ocrx_word' id='word_1_674' title='bbox 3338 3565 3768 3631; x_wconf 87' lang='lat' dir='ltr'><strong>assumptionem</strong></span> <span class='ocrx_word' id='word_1_675' title='bbox 3785 3561 3843 3610; x_wconf 85' lang='lat' dir='ltr'><strong>ta-</strong></span> 
     </span>
    </p>
   </div>
   <div class='ocr_carea' id='block_1_81' title="bbox 2267 3652 3844 3725">
    <p class='ocr_par' dir='ltr' id='par_1_81' title="bbox 2267 3652 3844 3725">
     <span class='ocr_line' id='line_1_81' title="bbox 2267 3652 3844 3725; baseline -0.006 -18"><span class='ocrx_word' id='word_1_676' title='bbox 2267 3652 2340 3708; x_wconf 92' lang='lat' dir='ltr'><strong>lis</strong></span> <span class='ocrx_word' id='word_1_677' title='bbox 2363 3652 2660 3707; x_wconf 91' lang='lat' dir='ltr'><strong>conclusio</strong></span> <span class='ocrx_word' id='word_1_678' title='bbox 2692 3653 3003 3719; x_wconf 88' lang='lat' dir='ltr'><strong>diceretur,</strong></span> <span class='ocrx_word' id='word_1_679' title='bbox 3035 3655 3191 3725; x_wconf 90' lang='lat' dir='ltr'><strong>quod</strong></span> <span class='ocrx_word' id='word_1_680' title='bbox 3225 3655 3550 3709; x_wconf 87' lang='lat' dir='ltr'><strong>necessario</strong></span> <span class='ocrx_word' id='word_1_681' title='bbox 3579 3655 3844 3714; x_wconf 86' lang='lat' dir='ltr'><strong>essetc,ne-</strong></span> 
     </span>
    </p>
   </div>
   <div class='ocr_carea' id='block_1_82' title="bbox 2268 3735 3846 3813">
    <p class='ocr_par' dir='ltr' id='par_1_82' title="bbox 2268 3735 3846 3813">
     <span class='ocr_line' id='line_1_82' title="bbox 2268 3735 3846 3813; baseline -0.004 -17"><span class='ocrx_word' id='word_1_682' title='bbox 2268 3758 2382 3811; x_wconf 90' lang='lat' dir='ltr'><strong>que</strong></span> <span class='ocrx_word' id='word_1_683' title='bbox 2414 3741 2469 3795; x_wconf 91' lang='lat' dir='ltr'><strong>id</strong></span> <span class='ocrx_word' id='word_1_684' title='bbox 2504 3746 2659 3797; x_wconf 86' lang='lat' dir='ltr'><strong>esset</strong></span> <span class='ocrx_word' id='word_1_685' title='bbox 2687 3757 2753 3796; x_wconf 82' lang='lat' dir='ltr'><strong>ex</strong></span> <span class='ocrx_word' id='word_1_686' title='bbox 2784 3740 2973 3812; x_wconf 91' lang='lat' dir='ltr'><strong>ipsius</strong></span> <span class='ocrx_word' id='word_1_687' title='bbox 3004 3741 3330 3813; x_wconf 88' lang='lat' dir='ltr'><strong>syllogismi</strong></span> <span class='ocrx_word' id='word_1_688' title='bbox 3353 3748 3558 3797; x_wconf 87' lang='lat' dir='ltr'><strong>natura</strong></span> <span class='ocrx_word' id='word_1_689' title='bbox 3577 3735 3846 3809; x_wconf 85' lang='lat' dir='ltr'><strong>etproprie-</strong></span> 
     </span>
    </p>
   </div>
   <div class='ocr_carea' id='block_1_83' title="bbox 2268 3824 3847 3903">
    <p class='ocr_par' dir='ltr' id='par_1_83' title="bbox 2268 3824 3847 3903">
     <span class='ocr_line' id='line_1_83' title="bbox 2268 3824 3847 3903; baseline -0.003 -18"><span class='ocrx_word' id='word_1_690' title='bbox 2268 3834 2386 3885; x_wconf 88' lang='lat' dir='ltr'><strong>tate</strong></span> <span class='ocrx_word' id='word_1_691' title='bbox 2419 3831 2817 3901; x_wconf 88' lang='lat' dir='ltr'><strong>perspicuum,</strong></span> <span class='ocrx_word' id='word_1_692' title='bbox 2842 3830 3042 3885; x_wconf 89' lang='lat' dir='ltr'><strong>addita</strong></span> <span class='ocrx_word' id='word_1_693' title='bbox 3071 3836 3162 3886; x_wconf 90' lang='lat' dir='ltr'><strong>est</strong></span> <span class='ocrx_word' id='word_1_694' title='bbox 3194 3831 3460 3902; x_wconf 86' lang='lat' dir='ltr'><strong>probatio</strong></span> <span class='ocrx_word' id='word_1_695' title='bbox 3492 3848 3589 3903; x_wconf 91' lang='lat' dir='ltr'><strong>per</strong></span> <span class='ocrx_word' id='word_1_696' title='bbox 3639 3824 3847 3900; x_wconf 84' lang='lat' dir='ltr'><strong>syllogis-</strong></span> 
     </span>
    </p>
   </div>
   <div class='ocr_carea' id='block_1_84' title="bbox 2271 3919 3844 3989">
    <p class='ocr_par' dir='ltr' id='par_1_84' title="bbox 2271 3919 3844 3989">
     <span class='ocr_line' id='line_1_84' title="bbox 2271 3919 3844 3989; baseline -0.006 -14"><span class='ocrx_word' id='word_1_697' title='bbox 2271 3937 2432 3976; x_wconf 88' lang='lat' dir='ltr'><strong>mum</strong></span> <span class='ocrx_word' id='word_1_698' title='bbox 2467 3920 2576 3975; x_wconf 92' lang='lat' dir='ltr'><strong>hoc</strong></span> <span class='ocrx_word' id='word_1_699' title='bbox 2610 3921 2819 3977; x_wconf 90' lang='lat' dir='ltr'><strong>modo:</strong></span> <span class='ocrx_word' id='word_1_700' title='bbox 2851 3921 2902 3976; x_wconf 88' lang='lat' dir='ltr'><strong>si</strong></span> <span class='ocrx_word' id='word_1_701' title='bbox 2931 3926 3021 3977; x_wconf 87' lang='lat' dir='ltr'><strong>est</strong></span> <span class='ocrx_word' id='word_1_702' title='bbox 3051 3938 3106 3988; x_wconf 88' lang='lat' dir='ltr'><strong>a,</strong></span> <span class='ocrx_word' id='word_1_703' title='bbox 3141 3928 3231 3977; x_wconf 91' lang='lat' dir='ltr'><strong>est</strong></span> <span class='ocrx_word' id='word_1_704' title='bbox 3256 3923 3305 3989; x_wconf 90' lang='lat' dir='ltr'><strong>b;</strong></span> <span class='ocrx_word' id='word_1_705' title='bbox 3339 3927 3402 3977; x_wconf 82' lang='lat' dir='ltr'><strong>at</strong></span> <span class='ocrx_word' id='word_1_706' title='bbox 3453 3922 3499 3977; x_wconf 89' lang='lat' dir='ltr'><strong>si</strong></span> <span class='ocrx_word' id='word_1_707' title='bbox 3529 3924 3611 3977; x_wconf 87' lang='lat' dir='ltr'><strong>est</strong></span> <span class='ocrx_word' id='word_1_708' title='bbox 3638 3919 3682 3987; x_wconf 76' lang='grc' dir='ltr'><strong>Ι),</strong></span> <span class='ocrx_word' id='word_1_709' title='bbox 3708 3921 3777 3971; x_wconf 87' lang='lat' dir='ltr'><strong>est</strong></span> <span class='ocrx_word' id='word_1_710' title='bbox 3798 3928 3844 3966; x_wconf 74' lang='grc' dir='ltr'><strong>σε</strong></span> 
     </span>
    </p>
   </div>
   <div class='ocr_carea' id='block_1_85' title="bbox 2271 4002 3845 4082">
    <p class='ocr_par' dir='ltr' id='par_1_85' title="bbox 2271 4002 3845 4082">
     <span class='ocr_line' id='line_1_85' title="bbox 2271 4002 3845 4082; baseline -0.007 -17"><span class='ocrx_word' id='word_1_711' title='bbox 2271 4010 2319 4065; x_wconf 89' lang='lat' dir='ltr'><strong>si</strong></span> <span class='ocrx_word' id='word_1_712' title='bbox 2353 4010 2532 4082; x_wconf 89' lang='lat' dir='ltr'><strong>igitur</strong></span> <span class='ocrx_word' id='word_1_713' title='bbox 2557 4015 2646 4064; x_wconf 92' lang='lat' dir='ltr'><strong>est</strong></span> <span class='ocrx_word' id='word_1_714' title='bbox 2675 4026 2729 4076; x_wconf 93' lang='lat' dir='ltr'><strong>a,</strong></span> <span class='ocrx_word' id='word_1_715' title='bbox 2763 4026 3002 4065; x_wconf 88' lang='lat' dir='ltr'><strong>necesse</strong></span> <span class='ocrx_word' id='word_1_716' title='bbox 3034 4014 3123 4065; x_wconf 89' lang='lat' dir='ltr'><strong>est</strong></span> <span class='ocrx_word' id='word_1_717' title='bbox 3153 4015 3218 4066; x_wconf 91' lang='lat' dir='ltr'><strong>ut</strong></span> <span class='ocrx_word' id='word_1_718' title='bbox 3248 4010 3329 4066; x_wconf 90' lang='lat' dir='ltr'><strong>sit</strong></span> <span class='ocrx_word' id='word_1_719' title='bbox 3354 4028 3404 4066; x_wconf 79' lang='grc' dir='ltr'><strong>ε.</strong></span> <span class='ocrx_word' id='word_1_720' title='bbox 3439 4012 3510 4067; x_wconf 88' lang='lat' dir='ltr'><strong>Et</strong></span> <span class='ocrx_word' id='word_1_721' title='bbox 3555 4010 3610 4064; x_wconf 92' lang='lat' dir='ltr'><strong>in</strong></span> <span class='ocrx_word' id='word_1_722' title='bbox 3659 4002 3845 4074; x_wconf 81' lang='lat' dir='ltr'><strong>reliquis</strong></span> 
     </span>
    </p>
   </div>
   <div class='ocr_carea' id='block_1_86' title="bbox 2270 4090 3847 4172">
    <p class='ocr_par' dir='ltr' id='par_1_86' title="bbox 2270 4090 3847 4172">
     <span class='ocr_line' id='line_1_86' title="bbox 2270 4090 3847 4172; baseline -0.006 -19"><span class='ocrx_word' id='word_1_723' title='bbox 2270 4116 2344 4170; x_wconf 92' lang='lat' dir='ltr'><strong>qu</strong></span> <span class='ocrx_word' id='word_1_724' title='bbox 2357 4101 2507 4155; x_wconf 89' lang='lat' dir='ltr'><strong>idem</strong></span> <span class='ocrx_word' id='word_1_725' title='bbox 2523 4101 2788 4155; x_wconf 89' lang='lat' dir='ltr'><strong>eamdem</strong></span> <span class='ocrx_word' id='word_1_726' title='bbox 2805 4099 3089 4155; x_wconf 88' lang='lat' dir='ltr'><strong>rationem</strong></span> <span class='ocrx_word' id='word_1_727' title='bbox 3109 4090 3847 4172; x_wconf 74' lang='lat' dir='ltr'><strong>exspectaripporteremani-</strong></span> 
     </span>
    </p>
   </div>
   <div class='ocr_carea' id='block_1_87' title="bbox 2270 4178 3842 4260">
    <p class='ocr_par' dir='ltr' id='par_1_87' title="bbox 2270 4178 3842 4260">
     <span class='ocr_line' id='line_1_87' title="bbox 2270 4178 3842 4260; baseline -0.005 -17"><span class='ocrx_word' id='word_1_728' title='bbox 2270 4190 2483 4244; x_wconf 81' lang='lat' dir='ltr'><strong>festum</strong></span> <span class='ocrx_word' id='word_1_729' title='bbox 2516 4189 2701 4244; x_wconf 87' lang='lat' dir='ltr'><strong>est.Et</strong></span> <span class='ocrx_word' id='word_1_730' title='bbox 2731 4188 2850 4243; x_wconf 68' lang='lat' dir='ltr'><strong>haec</strong></span> <span class='ocrx_word' id='word_1_731' title='bbox 2872 4188 3109 4259; x_wconf 89' lang='lat' dir='ltr'><strong>quidem</strong></span> <span class='ocrx_word' id='word_1_732' title='bbox 3134 4189 3458 4260; x_wconf 81' lang='lat' dir='ltr'><strong>complexio</strong></span> <span class='ocrx_word' id='word_1_733' title='bbox 3479 4206 3543 4244; x_wconf 89' lang='lat' dir='ltr'><strong>ea</strong></span> <span class='ocrx_word' id='word_1_734' title='bbox 3570 4191 3666 4250; x_wconf 86' lang='lat' dir='ltr'><strong>est,</strong></span> <span class='ocrx_word' id='word_1_735' title='bbox 3688 4198 3789 4254; x_wconf 72' lang='lat' dir='ltr'><strong>quae</strong></span> <span class='ocrx_word' id='word_1_736' title='bbox 3804 4178 3842 4231; x_wconf 88' lang='lat' dir='ltr'><strong>id</strong></span> 
     </span>
    </p>
   </div>
   <div class='ocr_carea' id='block_1_88' title="bbox 2271 4267 3847 4350">
    <p class='ocr_par' dir='ltr' id='par_1_88' title="bbox 2271 4267 3847 4350">
     <span class='ocr_line' id='line_1_88' title="bbox 2271 4267 3847 4350; baseline -0.006 -19"><span class='ocrx_word' id='word_1_737' title='bbox 2271 4280 2423 4348; x_wconf 87' lang='lat' dir='ltr'><strong>quod</strong></span> <span class='ocrx_word' id='word_1_738' title='bbox 2452 4278 2638 4347; x_wconf 90' lang='lat' dir='ltr'><strong>primo</strong></span> <span class='ocrx_word' id='word_1_739' title='bbox 2662 4277 2718 4331; x_wconf 94' lang='lat' dir='ltr'><strong>in</strong></span> <span class='ocrx_word' id='word_1_740' title='bbox 2745 4279 3139 4350; x_wconf 83' lang='lat' dir='ltr'><strong>propositione</strong></span> <span class='ocrx_word' id='word_1_741' title='bbox 3162 4280 3420 4350; x_wconf 87' lang='lat' dir='ltr'><strong>positum</strong></span> <span class='ocrx_word' id='word_1_742' title='bbox 3447 4280 3640 4342; x_wconf 74' lang='lat' dir='ltr'><strong>fuerat,</strong></span> <span class='ocrx_word' id='word_1_743' title='bbox 3655 4267 3847 4329; x_wconf 76' lang='lat' dir='ltr'><strong>assumit</strong></span> 
     </span>
    </p>
   </div>
   <div class='ocr_carea' id='block_1_89' title="bbox 2272 4364 3846 4439">
    <p class='ocr_par' dir='ltr' id='par_1_89' title="bbox 2272 4364 3846 4439">
     <span class='ocr_line' id='line_1_89' title="bbox 2272 4364 3846 4439; baseline -0.004 -18"><span class='ocrx_word' id='word_1_744' title='bbox 2272 4372 2366 4439; x_wconf 92' lang='lat' dir='ltr'><strong>atq</strong></span> <span class='ocrx_word' id='word_1_745' title='bbox 2379 4383 2448 4421; x_wconf 91' lang='lat' dir='ltr'><strong>ue</strong></span> <span class='ocrx_word' id='word_1_746' title='bbox 2465 4368 2719 4422; x_wconf 89' lang='lat' dir='ltr'><strong>constitu</strong></span> <span class='ocrx_word' id='word_1_747' title='bbox 2732 4368 2954 4438; x_wconf 86' lang='lat' dir='ltr'><strong>it,quod</strong></span> <span class='ocrx_word' id='word_1_748' title='bbox 2972 4369 3019 4423; x_wconf 93' lang='lat' dir='ltr'><strong>si</strong></span> <span class='ocrx_word' id='word_1_749' title='bbox 3045 4368 3099 4422; x_wconf 88' lang='lat' dir='ltr'><strong>id</strong></span> <span class='ocrx_word' id='word_1_750' title='bbox 3121 4369 3387 4439; x_wconf 86' lang='lat' dir='ltr'><strong>ponendo</strong></span> <span class='ocrx_word' id='word_1_751' title='bbox 3402 4367 3532 4439; x_wconf 88' lang='lat' dir='ltr'><strong>quis</strong></span> <span class='ocrx_word' id='word_1_752' title='bbox 3545 4364 3681 4437; x_wconf 86' lang='lat' dir='ltr'><strong>quod</strong></span> <span class='ocrx_word' id='word_1_753' title='bbox 3695 4371 3846 4429; x_wconf 75' lang='lat' dir='ltr'><strong>seque-</strong></span> 
     </span>
    </p>
   </div>
   <div class='ocr_carea' id='block_1_90' title="bbox 2272 4450 3844 4529">
    <p class='ocr_par' dir='ltr' id='par_1_90' title="bbox 2272 4450 3844 4529">
     <span class='ocr_line' id='line_1_90' title="bbox 2272 4450 3844 4529; baseline -0.004 -20"><span class='ocrx_word' id='word_1_754' title='bbox 2272 4455 2444 4510; x_wconf 85' lang='lat' dir='ltr'><strong>batur</strong></span> <span class='ocrx_word' id='word_1_755' title='bbox 2463 4460 2748 4523; x_wconf 89' lang='lat' dir='ltr'><strong>assumat,</strong></span> <span class='ocrx_word' id='word_1_756' title='bbox 2782 4456 2943 4512; x_wconf 90' lang='lat' dir='ltr'><strong>nulla</strong></span> <span class='ocrx_word' id='word_1_757' title='bbox 2973 4462 3061 4511; x_wconf 88' lang='lat' dir='ltr'><strong>est</strong></span> <span class='ocrx_word' id='word_1_758' title='bbox 3093 4456 3410 4512; x_wconf 83' lang='lat' dir='ltr'><strong>necessitas</strong></span> <span class='ocrx_word' id='word_1_759' title='bbox 3441 4450 3751 4529; x_wconf 84' lang='lat' dir='ltr'><strong>syllogismi,</strong></span> <span class='ocrx_word' id='word_1_760' title='bbox 3777 4460 3844 4498; x_wconf 75' lang='lat' dir='ltr'><strong>ve-</strong></span> 
     </span>
    </p>
   </div>
   <div class='ocr_carea' id='block_1_91' title="bbox 513 4540 3843 4619">
    <p class='ocr_par' dir='ltr' id='par_1_91' title="bbox 513 4540 3843 4619">
     <span class='ocr_line' id='line_1_91' title="bbox 513 4540 3843 4619; baseline -0.002 -19"><span class='ocrx_word' id='word_1_761' title='bbox 513 4562 628 4613; x_wconf 91' lang='lat' dir='ltr'><strong>res,</strong></span> <span class='ocrx_word' id='word_1_762' title='bbox 662 4548 741 4601; x_wconf 90' lang='lat' dir='ltr'><strong>ita</strong></span> <span class='ocrx_word' id='word_1_763' title='bbox 773 4548 889 4601; x_wconf 83' lang='lat' dir='ltr'><strong>haec</strong></span> <span class='ocrx_word' id='word_1_764' title='bbox 923 4564 1157 4619; x_wconf 90' lang='lat' dir='ltr'><strong>quoque</strong></span> <span class='ocrx_word' id='word_1_765' title='bbox 1188 4550 1380 4605; x_wconf 88' lang='lat' dir='ltr'><strong>tribus</strong></span> <span class='ocrx_word' id='word_1_766' title='bbox 1411 4550 1684 4605; x_wconf 91' lang='lat' dir='ltr'><strong>terminis</strong></span> <span class='ocrx_word' id='word_1_767' title='bbox 1706 4551 2165 4617; x_wconf 87' lang='lat' dir='ltr'><strong>continentur,et</strong></span> <span class='ocrx_word' id='word_1_768' title='bbox 2194 4552 2240 4617; x_wconf 83' lang='lat'><strong>1)</strong></span> <span class='ocrx_word' id='word_1_769' title='bbox 2275 4544 2380 4598; x_wconf 91' lang='lat' dir='ltr'><strong>luti</strong></span> <span class='ocrx_word' id='word_1_770' title='bbox 2414 4561 2544 4599; x_wconf 91' lang='lat' dir='ltr'><strong>cum</strong></span> <span class='ocrx_word' id='word_1_771' title='bbox 2575 4545 2867 4602; x_wconf 87' lang='lat' dir='ltr'><strong>dicimus:</strong></span> <span class='ocrx_word' id='word_1_772' title='bbox 2903 4545 2952 4600; x_wconf 91' lang='lat' dir='ltr'><strong>si</strong></span> <span class='ocrx_word' id='word_1_773' title='bbox 2982 4549 3071 4601; x_wconf 91' lang='lat' dir='ltr'><strong>est</strong></span> <span class='ocrx_word' id='word_1_774' title='bbox 3098 4562 3154 4611; x_wconf 74' lang='grc' dir='ltr'><strong>τι,</strong></span> <span class='ocrx_word' id='word_1_775' title='bbox 3186 4554 3271 4601; x_wconf 89' lang='lat' dir='ltr'><strong>est</strong></span> <span class='ocrx_word' id='word_1_776' title='bbox 3314 4546 3363 4615; x_wconf 88' lang='lat' dir='ltr'><strong>b,</strong></span> <span class='ocrx_word' id='word_1_777' title='bbox 3396 4551 3453 4601; x_wconf 87' lang='lat' dir='ltr'><strong>et</strong></span> <span class='ocrx_word' id='word_1_778' title='bbox 3477 4545 3525 4600; x_wconf 89' lang='lat' dir='ltr'><strong>si</strong></span> <span class='ocrx_word' id='word_1_779' title='bbox 3554 4548 3637 4598; x_wconf 86' lang='lat' dir='ltr'><strong>est</strong></span> <span class='ocrx_word' id='word_1_780' title='bbox 3685 4540 3727 4606; x_wconf 84' lang='lat' dir='ltr'><strong>b,</strong></span> <span class='ocrx_word' id='word_1_781' title='bbox 3775 4546 3843 4588; x_wconf 77' lang='grc' dir='ltr'><strong>ηε·</strong></span> 
     </span>
    </p>
   </div>
   <div class='ocr_carea' id='block_1_92' title="bbox 516 4635 2162 4694">
    <p class='ocr_par' dir='ltr' id='par_1_92' title="bbox 516 4635 2162 4694">
     <span class='ocr_line' id='line_1_92' title="bbox 516 4635 2162 4694; baseline 0.004 -7"><span class='ocrx_word' id='word_1_782' title='bbox 516 4651 550 4688; x_wconf 92' lang='lat' dir='ltr'><strong>a</strong></span> <span class='ocrx_word' id='word_1_783' title='bbox 579 4635 874 4689; x_wconf 87' lang='lat' dir='ltr'><strong>similibus</strong></span> <span class='ocrx_word' id='word_1_784' title='bbox 897 4638 966 4690; x_wconf 88' lang='lat' dir='ltr'><strong>ad</strong></span> <span class='ocrx_word' id='word_1_785' title='bbox 1000 4637 1215 4692; x_wconf 89' lang='lat' dir='ltr'><strong>similia</strong></span> <span class='ocrx_word' id='word_1_786' title='bbox 1250 4640 1470 4694; x_wconf 86' lang='lat' dir='ltr'><strong>tacilior</strong></span> <span class='ocrx_word' id='word_1_787' title='bbox 1490 4644 1770 4694; x_wconf 87' lang='lat' dir='ltr'><strong>tractatus</strong></span> <span class='ocrx_word' id='word_1_788' title='bbox 1805 4640 1919 4693; x_wconf 79' lang='lat' dir='ltr'><strong>ﬁet.</strong></span> <span class='ocrx_word' id='word_1_789' title='bbox 1946 4638 2162 4693; x_wconf 86' lang='lat' dir='ltr'><strong>Harum</strong></span> 
     </span>
    </p>
   </div>
   <div class='ocr_carea' id='block_1_93' title="bbox 512 4726 2169 4801">
    <p class='ocr_par' dir='ltr' id='par_1_93' title="bbox 512 4726 2169 4801">
     <span class='ocr_line' id='line_1_93' title="bbox 512 4726 2169 4801; baseline 0.004 -24"><span class='ocrx_word' id='word_1_790' title='bbox 512 4739 647 4779; x_wconf 90' lang='lat' dir='ltr'><strong>vero</strong></span> <span class='ocrx_word' id='word_1_791' title='bbox 682 4731 821 4780; x_wconf 90' lang='lat' dir='ltr'><strong>sunt</strong></span> <span class='ocrx_word' id='word_1_792' title='bbox 855 4726 1212 4798; x_wconf 89' lang='lat' dir='ltr'><strong>multiplices</strong></span> <span class='ocrx_word' id='word_1_793' title='bbox 1246 4729 1595 4801; x_wconf 88' lang='lat' dir='ltr'><strong>syllogismi,</strong></span> <span class='ocrx_word' id='word_1_794' title='bbox 1658 4745 1910 4801; x_wconf 90' lang='lat' dir='ltr'><strong>quorum</strong></span> <span class='ocrx_word' id='word_1_795' title='bbox 1971 4728 2169 4784; x_wconf 88' lang='lat' dir='ltr'><strong>nullus</strong></span> 
     </span>
    </p>
   </div>
   <div class='ocr_carea' id='block_1_94' title="bbox 517 4814 2170 4890">
    <p class='ocr_par' dir='ltr' id='par_1_94' title="bbox 517 4814 2170 4890">
     <span class='ocr_line' id='line_1_94' title="bbox 517 4814 2170 4890; baseline 0.004 -23"><span class='ocrx_word' id='word_1_796' title='bbox 517 4814 731 4883; x_wconf 84' lang='lat' dir='ltr'><strong>poterit</strong></span> <span class='ocrx_word' id='word_1_797' title='bbox 761 4832 890 4870; x_wconf 91' lang='lat' dir='ltr'><strong>esse</strong></span> <span class='ocrx_word' id='word_1_798' title='bbox 908 4819 1217 4885; x_wconf 82' lang='lat' dir='ltr'><strong>perfectus,</strong></span> <span class='ocrx_word' id='word_1_799' title='bbox 1238 4834 1369 4873; x_wconf 87' lang='lat' dir='ltr'><strong>cum</strong></span> <span class='ocrx_word' id='word_1_800' title='bbox 1396 4835 1503 4873; x_wconf 89' lang='lat' dir='ltr'><strong>nec</strong></span> <span class='ocrx_word' id='word_1_801' title='bbox 1519 4835 1622 4890; x_wconf 89' lang='lat' dir='ltr'><strong>per</strong></span> <span class='ocrx_word' id='word_1_802' title='bbox 1650 4836 1710 4875; x_wconf 90' lang='lat' dir='ltr'><strong>se</strong></span> <span class='ocrx_word' id='word_1_803' title='bbox 1745 4817 2170 4889; x_wconf 87' lang='lat' dir='ltr'><strong>perspicuisint</strong></span> 
     </span>
    </p>
   </div>
   <div class='ocr_carea' id='block_1_95' title="bbox 514 4902 2165 4977">
    <p class='ocr_par' dir='ltr' id='par_1_95' title="bbox 514 4902 2165 4977">
     <span class='ocr_line' id='line_1_95' title="bbox 514 4902 2165 4977; baseline 0.002 -19"><span class='ocrx_word' id='word_1_804' title='bbox 514 4906 572 4958; x_wconf 88' lang='lat' dir='ltr'><strong>et</strong></span> <span class='ocrx_word' id='word_1_805' title='bbox 603 4907 665 4957; x_wconf 90' lang='lat' dir='ltr'><strong>ut</strong></span> <span class='ocrx_word' id='word_1_806' title='bbox 693 4902 787 4959; x_wconf 91' lang='lat' dir='ltr'><strong>his</strong></span> <span class='ocrx_word' id='word_1_807' title='bbox 819 4906 963 4961; x_wconf 88' lang='lat' dir='ltr'><strong>ﬁdes</strong></span> <span class='ocrx_word' id='word_1_808' title='bbox 996 4906 1203 4961; x_wconf 88' lang='lat' dir='ltr'><strong>debeat</strong></span> <span class='ocrx_word' id='word_1_809' title='bbox 1226 4909 1676 4977; x_wconf 87' lang='lat' dir='ltr'><strong>accommodari,</strong></span> <span class='ocrx_word' id='word_1_810' title='bbox 1700 4908 2043 4976; x_wconf 87' lang='lat' dir='ltr'><strong>adjumento</strong></span> <span class='ocrx_word' id='word_1_811' title='bbox 2066 4924 2165 4962; x_wconf 49' lang='lat' dir='ltr'><strong>ex.</strong></span> 
     </span>
    </p>
   </div>
   <div class='ocr_carea' id='block_1_96' title="bbox 515 4989 2161 5066">
    <p class='ocr_par' dir='ltr' id='par_1_96' title="bbox 515 4989 2161 5066">
     <span class='ocr_line' id='line_1_96' title="bbox 515 4989 2161 5066; baseline 0.004 -23"><span class='ocrx_word' id='word_1_812' title='bbox 515 4989 808 5046; x_wconf 85' lang='lat' dir='ltr'><strong>trinsecus</strong></span> <span class='ocrx_word' id='word_1_813' title='bbox 843 4993 1041 5062; x_wconf 71' lang='lat' dir='ltr'><strong>posits:</strong></span> <span class='ocrx_word' id='word_1_814' title='bbox 1075 4995 1437 5066; x_wconf 83' lang='lat' dir='ltr'><strong>probationis</strong></span> <span class='ocrx_word' id='word_1_815' title='bbox 1467 4996 1783 5066; x_wconf 85' lang='lat' dir='ltr'><strong>indigeant.</strong></span> <span class='ocrx_word' id='word_1_816' title='bbox 1818 4995 1929 5049; x_wconf 86' lang='lat' dir='ltr'><strong>Est</strong></span> <span class='ocrx_word' id='word_1_817' title='bbox 1968 5000 2161 5051; x_wconf 87' lang='lat' dir='ltr'><strong>autem</strong></span> 
     </span>
    </p>
   </div>
   <div class='ocr_carea' id='block_1_97' title="bbox 519 5080 2160 5155">
    <p class='ocr_par' dir='ltr' id='par_1_97' title="bbox 519 5080 2160 5155">
     <span class='ocr_line' id='line_1_97' title="bbox 519 5080 2160 5155; baseline 0.005 -23"><span class='ocrx_word' id='word_1_818' title='bbox 519 5080 783 5150; x_wconf 87' lang='lat' dir='ltr'><strong>probatio</strong></span> <span class='ocrx_word' id='word_1_819' title='bbox 816 5081 1018 5137; x_wconf 89' lang='lat' dir='ltr'><strong>talium</strong></span> <span class='ocrx_word' id='word_1_820' title='bbox 1053 5083 1526 5155; x_wconf 89' lang='lat' dir='ltr'><strong>syllogismorum</strong></span> <span class='ocrx_word' id='word_1_821' title='bbox 1553 5084 1665 5139; x_wconf 89' lang='lat' dir='ltr'><strong>alio</strong></span> <span class='ocrx_word' id='word_1_822' title='bbox 1687 5084 2041 5139; x_wconf 89' lang='lat' dir='ltr'><strong>constitutus</strong></span> <span class='ocrx_word' id='word_1_823' title='bbox 2069 5100 2160 5139; x_wconf 84' lang='lat' dir='ltr'><strong>or-</strong></span> 
     </span>
    </p>
   </div>
   <div class='ocr_carea' id='block_1_98' title="bbox 521 5168 2161 5241">
    <p class='ocr_par' dir='ltr' id='par_1_98' title="bbox 521 5168 2161 5241">
     <span class='ocr_line' id='line_1_98' title="bbox 521 5168 2161 5241; baseline 0.004 -20"><span class='ocrx_word' id='word_1_824' title='bbox 521 5168 655 5223; x_wconf 90' lang='lat' dir='ltr'><strong>dine</strong></span> <span class='ocrx_word' id='word_1_825' title='bbox 689 5169 1093 5241; x_wconf 89' lang='lat' dir='ltr'><strong>syllogismus;</strong></span> <span class='ocrx_word' id='word_1_826' title='bbox 1129 5172 1276 5227; x_wconf 89' lang='lat' dir='ltr'><strong>ﬁunt</strong></span> <span class='ocrx_word' id='word_1_827' title='bbox 1308 5176 1525 5241; x_wconf 90' lang='lat' dir='ltr'><strong>autem,</strong></span> <span class='ocrx_word' id='word_1_828' title='bbox 1560 5178 1625 5228; x_wconf 89' lang='lat' dir='ltr'><strong>ut</strong></span> <span class='ocrx_word' id='word_1_829' title='bbox 1653 5173 1874 5229; x_wconf 89' lang='lat' dir='ltr'><strong>dictum</strong></span> <span class='ocrx_word' id='word_1_830' title='bbox 1894 5178 2003 5239; x_wconf 88' lang='lat' dir='ltr'><strong>est,</strong></span> <span class='ocrx_word' id='word_1_831' title='bbox 2038 5177 2161 5228; x_wconf 92' lang='lat' dir='ltr'><strong>tum</strong></span> 
     </span>
    </p>
   </div>
   <div class='ocr_carea' id='block_1_99' title="bbox 524 5258 2159 5333">
    <p class='ocr_par' dir='ltr' id='par_1_99' title="bbox 524 5258 2159 5333">
     <span class='ocr_line' id='line_1_99' title="bbox 524 5258 2159 5333; baseline 0.004 -25"><span class='ocrx_word' id='word_1_832' title='bbox 524 5271 624 5327; x_wconf 89' lang='lat' dir='ltr'><strong>per</strong></span> <span class='ocrx_word' id='word_1_833' title='bbox 656 5258 928 5327; x_wconf 87' lang='lat' dir='ltr'><strong>primam,</strong></span> <span class='ocrx_word' id='word_1_834' title='bbox 966 5263 1091 5314; x_wconf 88' lang='lat' dir='ltr'><strong>tum</strong></span> <span class='ocrx_word' id='word_1_835' title='bbox 1127 5276 1226 5331; x_wconf 91' lang='lat' dir='ltr'><strong>per</strong></span> <span class='ocrx_word' id='word_1_836' title='bbox 1257 5261 1742 5329; x_wconf 89' lang='lat' dir='ltr'><strong>secundam,tum</strong></span> <span class='ocrx_word' id='word_1_837' title='bbox 1762 5277 1895 5316; x_wconf 91' lang='lat' dir='ltr'><strong>vero</strong></span> <span class='ocrx_word' id='word_1_838' title='bbox 1929 5277 2029 5333; x_wconf 90' lang='lat' dir='ltr'><strong>per</strong></span> <span class='ocrx_word' id='word_1_839' title='bbox 2046 5265 2159 5316; x_wconf 87' lang='lat' dir='ltr'><strong>ter-</strong></span> 
     </span>
    </p>
   </div>
   <div class='ocr_carea' id='block_1_100' title="bbox 526 5345 2165 5422">
    <p class='ocr_par' dir='ltr' id='par_1_100' title="bbox 526 5345 2165 5422">
     <span class='ocr_line' id='line_1_100' title="bbox 526 5345 2165 5422; baseline 0.004 -23"><span class='ocrx_word' id='word_1_840' title='bbox 526 5345 666 5399; x_wconf 88' lang='lat' dir='ltr'><strong>tiam</strong></span> <span class='ocrx_word' id='word_1_841' title='bbox 693 5346 961 5416; x_wconf 88' lang='lat' dir='ltr'><strong>ﬁguram.</strong></span> <span class='ocrx_word' id='word_1_842' title='bbox 994 5349 1351 5404; x_wconf 88' lang='lat' dir='ltr'><strong>Suntautem</strong></span> <span class='ocrx_word' id='word_1_843' title='bbox 1375 5350 1574 5421; x_wconf 61' lang='lat' dir='ltr'><strong>prima</strong></span> <span class='ocrx_word' id='word_1_844' title='bbox 1598 5350 1795 5422; x_wconf 65' lang='lat' dir='ltr'><strong>ﬁgurae</strong></span> <span class='ocrx_word' id='word_1_845' title='bbox 1820 5349 2165 5422; x_wconf 87' lang='lat' dir='ltr'><strong>propositio-</strong></span> 
     </span>
    </p>
   </div>
   <div class='ocr_carea' id='block_1_101' title="bbox 531 5433 788 5491">
    <p class='ocr_par' dir='ltr' id='par_1_101' title="bbox 531 5433 788 5491">
     <span class='ocr_line' id='line_1_101' title="bbox 531 5433 788 5491; baseline 0.012 -3"><span class='ocrx_word' id='word_1_846' title='bbox 531 5449 635 5489; x_wconf 84' lang='lat' dir='ltr'><strong>nes</strong></span> <span class='ocrx_word' id='word_1_847' title='bbox 666 5433 788 5491; x_wconf 78' lang='lat' dir='ltr'><strong>has:</strong></span> 
     </span>
    </p>
   </div>
   <div class='ocr_carea' id='block_1_102' title="bbox 527 5613 1542 5685">
    <p class='ocr_par' dir='ltr' id='par_1_102' title="bbox 527 5613 1542 5685">
     <span class='ocr_line' id='line_1_102' title="bbox 527 5613 1542 5685; baseline 0.008 -19"><span class='ocrx_word' id='word_1_848' title='bbox 527 5613 585 5667; x_wconf 90' lang='lat' dir='ltr'><strong>Si</strong></span> <span class='ocrx_word' id='word_1_849' title='bbox 616 5616 704 5668; x_wconf 90' lang='lat' dir='ltr'><strong>est</strong></span> <span class='ocrx_word' id='word_1_850' title='bbox 729 5630 782 5680; x_wconf 88' lang='lat' dir='ltr'><strong>a,</strong></span> <span class='ocrx_word' id='word_1_851' title='bbox 816 5619 905 5670; x_wconf 89' lang='lat' dir='ltr'><strong>est</strong></span> <span class='ocrx_word' id='word_1_852' title='bbox 935 5615 985 5685; x_wconf 76' lang='grc' dir='ltr'><strong>Ι),</strong></span> <span class='ocrx_word' id='word_1_853' title='bbox 1018 5620 1074 5671; x_wconf 88' lang='lat' dir='ltr'><strong>et</strong></span> <span class='ocrx_word' id='word_1_854' title='bbox 1103 5614 1153 5672; x_wconf 92' lang='lat' dir='ltr'><strong>si</strong></span> <span class='ocrx_word' id='word_1_855' title='bbox 1183 5621 1273 5672; x_wconf 89' lang='lat' dir='ltr'><strong>est</strong></span> <span class='ocrx_word' id='word_1_856' title='bbox 1304 5617 1354 5685; x_wconf 88' lang='lat' dir='ltr'><strong>b,</strong></span> <span class='ocrx_word' id='word_1_857' title='bbox 1386 5621 1477 5674; x_wconf 88' lang='lat' dir='ltr'><strong>est</strong></span> <span class='ocrx_word' id='word_1_858' title='bbox 1495 5634 1542 5673; x_wconf 87' lang='lat' dir='ltr'><strong>c.</strong></span> 
     </span>
    </p>
   </div>
   <div class='ocr_carea' id='block_1_103' title="bbox 525 5701 1684 5777">
    <p class='ocr_par' dir='ltr' id='par_1_103' title="bbox 525 5701 1684 5777">
     <span class='ocr_line' id='line_1_103' title="bbox 525 5701 1684 5777; baseline 0.007 -21"><span class='ocrx_word' id='word_1_859' title='bbox 525 5701 585 5756; x_wconf 91' lang='lat' dir='ltr'><strong>Si</strong></span> <span class='ocrx_word' id='word_1_860' title='bbox 617 5707 706 5757; x_wconf 89' lang='lat' dir='ltr'><strong>est</strong></span> <span class='ocrx_word' id='word_1_861' title='bbox 734 5720 788 5772; x_wconf 89' lang='lat' dir='ltr'><strong>a,</strong></span> <span class='ocrx_word' id='word_1_862' title='bbox 817 5708 907 5760; x_wconf 88' lang='lat' dir='ltr'><strong>est</strong></span> <span class='ocrx_word' id='word_1_863' title='bbox 937 5704 990 5771; x_wconf 86' lang='lat' dir='ltr'><strong>b,</strong></span> <span class='ocrx_word' id='word_1_864' title='bbox 1024 5709 1081 5760; x_wconf 90' lang='lat' dir='ltr'><strong>et</strong></span> <span class='ocrx_word' id='word_1_865' title='bbox 1110 5705 1159 5761; x_wconf 92' lang='lat' dir='ltr'><strong>si</strong></span> <span class='ocrx_word' id='word_1_866' title='bbox 1185 5710 1275 5761; x_wconf 90' lang='lat' dir='ltr'><strong>est</strong></span> <span class='ocrx_word' id='word_1_867' title='bbox 1301 5707 1352 5777; x_wconf 83' lang='grc' dir='ltr'><strong>ὁ,</strong></span> <span class='ocrx_word' id='word_1_868' title='bbox 1385 5722 1500 5764; x_wconf 87' lang='lat' dir='ltr'><strong>non</strong></span> <span class='ocrx_word' id='word_1_869' title='bbox 1521 5712 1606 5763; x_wconf 88' lang='lat' dir='ltr'><strong>est</strong></span> <span class='ocrx_word' id='word_1_870' title='bbox 1638 5723 1684 5764; x_wconf 79' lang='grc' dir='ltr'><strong>ο.</strong></span> 
     </span>
    </p>
   </div>
   <div class='ocr_carea' id='block_1_104' title="bbox 2275 4632 3842 4702">
    <p class='ocr_par' dir='ltr' id='par_1_104' title="bbox 2275 4632 3842 4702">
     <span class='ocr_line' id='line_1_104' title="bbox 2275 4632 3842 4702; baseline -0.004 -14"><span class='ocrx_word' id='word_1_871' title='bbox 2275 4649 2437 4688; x_wconf 89' lang='lat' dir='ltr'><strong>cesse</strong></span> <span class='ocrx_word' id='word_1_872' title='bbox 2467 4638 2556 4688; x_wconf 88' lang='lat' dir='ltr'><strong>est</strong></span> <span class='ocrx_word' id='word_1_873' title='bbox 2583 4649 2712 4689; x_wconf 89' lang='lat' dir='ltr'><strong>esse</strong></span> <span class='ocrx_word' id='word_1_874' title='bbox 2744 4652 2789 4702; x_wconf 89' lang='lat' dir='ltr'><strong>c;</strong></span> <span class='ocrx_word' id='word_1_875' title='bbox 2826 4633 2989 4702; x_wconf 87' lang='lat' dir='ltr'><strong>atqui</strong></span> <span class='ocrx_word' id='word_1_876' title='bbox 3020 4639 3111 4690; x_wconf 90' lang='lat' dir='ltr'><strong>est</strong></span> <span class='ocrx_word' id='word_1_877' title='bbox 3139 4651 3189 4702; x_wconf 87' lang='lat' dir='ltr'><strong>c,</strong></span> <span class='ocrx_word' id='word_1_878' title='bbox 3221 4650 3336 4690; x_wconf 88' lang='lat' dir='ltr'><strong>non</strong></span> <span class='ocrx_word' id='word_1_879' title='bbox 3370 4648 3598 4690; x_wconf 89' lang='lat' dir='ltr'><strong>necesse</strong></span> <span class='ocrx_word' id='word_1_880' title='bbox 3639 4632 3714 4684; x_wconf 82' lang='lat' dir='ltr'><strong>est</strong></span> <span class='ocrx_word' id='word_1_881' title='bbox 3752 4633 3842 4678; x_wconf 70' lang='lat' dir='ltr'><strong>esse</strong></span> 
     </span>
    </p>
   </div>
   <div class='ocr_carea' id='block_1_105' title="bbox 2278 4704 3840 4791">
    <p class='ocr_par' dir='ltr' id='par_1_105' title="bbox 2278 4704 3840 4791">
     <span class='ocr_line' id='line_1_105' title="bbox 2278 4704 3840 4791; baseline -0.006 -15"><span class='ocrx_word' id='word_1_882' title='bbox 2278 4721 2306 4776; x_wconf 88' lang='lat' dir='ltr'><strong>b</strong></span> <span class='ocrx_word' id='word_1_883' title='bbox 2330 4721 2414 4777; x_wconf 90' lang='lat' dir='ltr'><strong>vel</strong></span> <span class='ocrx_word' id='word_1_884' title='bbox 2448 4739 2560 4777; x_wconf 90' lang='lat' dir='ltr'><strong>non</strong></span> <span class='ocrx_word' id='word_1_885' title='bbox 2595 4739 2760 4791; x_wconf 87' lang='lat' dir='ltr'><strong>esse;</strong></span> <span class='ocrx_word' id='word_1_886' title='bbox 2795 4725 2895 4779; x_wconf 89' lang='lat' dir='ltr'><strong>sed</strong></span> <span class='ocrx_word' id='word_1_887' title='bbox 2928 4740 3060 4779; x_wconf 87' lang='lat' dir='ltr'><strong>cum</strong></span> <span class='ocrx_word' id='word_1_888' title='bbox 3095 4741 3210 4779; x_wconf 91' lang='lat' dir='ltr'><strong>non</strong></span> <span class='ocrx_word' id='word_1_889' title='bbox 3246 4724 3323 4779; x_wconf 90' lang='lat' dir='ltr'><strong>sit</strong></span> <span class='ocrx_word' id='word_1_890' title='bbox 3354 4737 3584 4779; x_wconf 86' lang='lat' dir='ltr'><strong>necesse</strong></span> <span class='ocrx_word' id='word_1_891' title='bbox 3612 4722 3639 4773; x_wconf 90' lang='lat' dir='ltr'><strong>b</strong></span> <span class='ocrx_word' id='word_1_892' title='bbox 3660 4704 3840 4771; x_wconf 76' lang='lat' dir='ltr'><strong>essevel</strong></span> 
     </span>
    </p>
   </div>
   <div class='ocr_carea' id='block_1_106' title="bbox 2279 4801 3839 4878">
    <p class='ocr_par' dir='ltr' id='par_1_106' title="bbox 2279 4801 3839 4878">
     <span class='ocr_line' id='line_1_106' title="bbox 2279 4801 3839 4878; baseline -0.003 -13"><span class='ocrx_word' id='word_1_893' title='bbox 2279 4829 2391 4867; x_wconf 89' lang='lat' dir='ltr'><strong>non</strong></span> <span class='ocrx_word' id='word_1_894' title='bbox 2424 4828 2574 4878; x_wconf 91' lang='lat' dir='ltr'><strong>esse,</strong></span> <span class='ocrx_word' id='word_1_895' title='bbox 2597 4829 2711 4867; x_wconf 90' lang='lat' dir='ltr'><strong>non</strong></span> <span class='ocrx_word' id='word_1_896' title='bbox 2731 4814 2841 4867; x_wconf 91' lang='lat' dir='ltr'><strong>erit</strong></span> <span class='ocrx_word' id='word_1_897' title='bbox 2870 4829 3147 4869; x_wconf 88' lang='lat' dir='ltr'><strong>necessea</strong></span> <span class='ocrx_word' id='word_1_898' title='bbox 3168 4830 3295 4869; x_wconf 88' lang='lat' dir='ltr'><strong>esse</strong></span> <span class='ocrx_word' id='word_1_899' title='bbox 3316 4812 3403 4869; x_wconf 83' lang='lat' dir='ltr'><strong>vel</strong></span> <span class='ocrx_word' id='word_1_900' title='bbox 3427 4829 3536 4868; x_wconf 92' lang='lat' dir='ltr'><strong>non</strong></span> <span class='ocrx_word' id='word_1_901' title='bbox 3561 4822 3675 4865; x_wconf 88' lang='lat' dir='ltr'><strong>esse</strong></span> <span class='ocrx_word' id='word_1_902' title='bbox 3695 4824 3705 4869; x_wconf 85' lang='lat'><strong>;</strong></span> <span class='ocrx_word' id='word_1_903' title='bbox 3729 4801 3839 4855; x_wconf 74' lang='lat' dir='ltr'><strong>idem</strong></span> 
     </span>
    </p>
   </div>
   <div class='ocr_carea' id='block_1_107' title="bbox 2276 4881 3841 4982">
    <p class='ocr_par' dir='ltr' id='par_1_107' title="bbox 2276 4881 3841 4982">
     <span class='ocr_line' id='line_1_107' title="bbox 2276 4881 3841 4982; baseline -0.01 -26"><span class='ocrx_word' id='word_1_904' title='bbox 2276 4917 2510 4972; x_wconf 91' lang='lat' dir='ltr'><strong>quoque</strong></span> <span class='ocrx_word' id='word_1_905' title='bbox 2543 4901 3271 4975; x_wconf 81' lang='lat' dir='ltr'><strong>taleﬁrmabitexemplum</strong></span> <span class='ocrx_word' id='word_1_906' title='bbox 3286 4902 3355 4970; x_wconf 91' lang='lat' dir='ltr'><strong>,si</strong></span> <span class='ocrx_word' id='word_1_907' title='bbox 3381 4907 3468 4958; x_wconf 89' lang='lat' dir='ltr'><strong>est</strong></span> <span class='ocrx_word' id='word_1_908' title='bbox 3489 4881 3841 4982; x_wconf 65' lang='lat' dir='ltr'><strong>homo,animal</strong></span> 
     </span>
    </p>
   </div>
   <div class='ocr_carea' id='block_1_108' title="bbox 2274 4984 3838 5064">
    <p class='ocr_par' dir='ltr' id='par_1_108' title="bbox 2274 4984 3838 5064">
     <span class='ocr_line' id='line_1_108' title="bbox 2274 4984 3838 5064; baseline -0.003 -18"><span class='ocrx_word' id='word_1_909' title='bbox 2274 4994 2381 5057; x_wconf 87' lang='lat' dir='ltr'><strong>est,</strong></span> <span class='ocrx_word' id='word_1_910' title='bbox 2404 4996 2461 5045; x_wconf 92' lang='lat' dir='ltr'><strong>et</strong></span> <span class='ocrx_word' id='word_1_911' title='bbox 2489 4990 2539 5045; x_wconf 88' lang='lat' dir='ltr'><strong>si</strong></span> <span class='ocrx_word' id='word_1_912' title='bbox 2570 4996 2659 5046; x_wconf 89' lang='lat' dir='ltr'><strong>est</strong></span> <span class='ocrx_word' id='word_1_913' title='bbox 2688 4991 2931 5059; x_wconf 85' lang='lat' dir='ltr'><strong>animal,</strong></span> <span class='ocrx_word' id='word_1_914' title='bbox 2962 4993 3076 5047; x_wconf 91' lang='lat' dir='ltr'><strong>erit</strong></span> <span class='ocrx_word' id='word_1_915' title='bbox 3106 5008 3315 5064; x_wconf 91' lang='lat' dir='ltr'><strong>corpus</strong></span> <span class='ocrx_word' id='word_1_916' title='bbox 3346 4992 3684 5049; x_wconf 87' lang='lat' dir='ltr'><strong>animatum;</strong></span> <span class='ocrx_word' id='word_1_917' title='bbox 3721 4984 3838 5046; x_wconf 67' lang='lat' dir='ltr'><strong>atqui</strong></span> 
     </span>
    </p>
   </div>
   <div class='ocr_carea' id='block_1_109' title="bbox 2274 5071 3837 5151">
    <p class='ocr_par' dir='ltr' id='par_1_109' title="bbox 2274 5071 3837 5151">
     <span class='ocr_line' id='line_1_109' title="bbox 2274 5071 3837 5151; baseline -0.005 -17"><span class='ocrx_word' id='word_1_918' title='bbox 2274 5087 2365 5135; x_wconf 87' lang='lat' dir='ltr'><strong>est</strong></span> <span class='ocrx_word' id='word_1_919' title='bbox 2393 5096 2604 5151; x_wconf 91' lang='lat' dir='ltr'><strong>corpus</strong></span> <span class='ocrx_word' id='word_1_920' title='bbox 2626 5080 2975 5146; x_wconf 90' lang='lat' dir='ltr'><strong>animatum,</strong></span> <span class='ocrx_word' id='word_1_921' title='bbox 3001 5098 3111 5137; x_wconf 91' lang='lat' dir='ltr'><strong>non</strong></span> <span class='ocrx_word' id='word_1_922' title='bbox 3139 5098 3369 5137; x_wconf 90' lang='lat' dir='ltr'><strong>necesse</strong></span> <span class='ocrx_word' id='word_1_923' title='bbox 3390 5071 3703 5136; x_wconf 85' lang='lat' dir='ltr'><strong>eritanimal</strong></span> <span class='ocrx_word' id='word_1_924' title='bbox 3728 5077 3837 5126; x_wconf 59' lang='lat' dir='ltr'><strong>esse,</strong></span> 
     </span>
    </p>
   </div>
   <div class='ocr_carea' id='block_1_110' title="bbox 2275 5166 3834 5244">
    <p class='ocr_par' dir='ltr' id='par_1_110' title="bbox 2275 5166 3834 5244">
     <span class='ocr_line' id='line_1_110' title="bbox 2275 5166 3834 5244; baseline -0.01 -21"><span class='ocrx_word' id='word_1_925' title='bbox 2275 5169 2544 5239; x_wconf 87' lang='lat' dir='ltr'><strong>quocirca</strong></span> <span class='ocrx_word' id='word_1_926' title='bbox 2563 5185 2633 5224; x_wconf 90' lang='lat' dir='ltr'><strong>ne</strong></span> <span class='ocrx_word' id='word_1_927' title='bbox 2648 5169 2945 5225; x_wconf 88' lang='lat' dir='ltr'><strong>hominem</strong></span> <span class='ocrx_word' id='word_1_928' title='bbox 2961 5166 3834 5244; x_wconf 47' lang='lat' dir='ltr'><strong>quidem.Secundusquoquemo:</strong></span> 
     </span>
    </p>
   </div>
   <div class='ocr_carea' id='block_1_111' title="bbox 2274 5252 3832 5331">
    <p class='ocr_par' dir='ltr' id='par_1_111' title="bbox 2274 5252 3832 5331">
     <span class='ocr_line' id='line_1_111' title="bbox 2274 5252 3832 5331; baseline -0.003 -18"><span class='ocrx_word' id='word_1_929' title='bbox 2274 5259 2388 5313; x_wconf 91' lang='lat' dir='ltr'><strong>dus</strong></span> <span class='ocrx_word' id='word_1_930' title='bbox 2411 5264 2499 5313; x_wconf 89' lang='lat' dir='ltr'><strong>est</strong></span> <span class='ocrx_word' id='word_1_931' title='bbox 2530 5259 2623 5313; x_wconf 90' lang='lat' dir='ltr'><strong>hic</strong></span> <span class='ocrx_word' id='word_1_932' title='bbox 2657 5258 2855 5330; x_wconf 71' lang='lat' dir='ltr'><strong>primm</strong></span> <span class='ocrx_word' id='word_1_933' title='bbox 2891 5259 3115 5330; x_wconf 74' lang='lat' dir='ltr'><strong>ﬁguras,</strong></span> <span class='ocrx_word' id='word_1_934' title='bbox 3147 5277 3279 5315; x_wconf 91' lang='lat' dir='ltr'><strong>cum</strong></span> <span class='ocrx_word' id='word_1_935' title='bbox 3312 5260 3394 5315; x_wconf 85' lang='lat' dir='ltr'><strong>ita</strong></span> <span class='ocrx_word' id='word_1_936' title='bbox 3425 5253 3775 5331; x_wconf 58' lang='lat' dir='ltr'><strong>proponimus,</strong></span> <span class='ocrx_word' id='word_1_937' title='bbox 3800 5252 3832 5331; x_wconf 63' lang='lat' dir='ltr'><strong>sl</strong></span> 
     </span>
    </p>
   </div>
   <div class='ocr_carea' id='block_1_112' title="bbox 2274 5330 3835 5421">
    <p class='ocr_par' dir='ltr' id='par_1_112' title="bbox 2274 5330 3835 5421">
     <span class='ocr_line' id='line_1_112' title="bbox 2274 5330 3835 5421; baseline -0.007 -20"><span class='ocrx_word' id='word_1_938' title='bbox 2274 5352 2363 5402; x_wconf 91' lang='lat' dir='ltr'><strong>est</strong></span> <span class='ocrx_word' id='word_1_939' title='bbox 2391 5364 2447 5417; x_wconf 85' lang='grc' dir='ltr'><strong>α,</strong></span> <span class='ocrx_word' id='word_1_940' title='bbox 2475 5352 2565 5402; x_wconf 91' lang='lat' dir='ltr'><strong>est</strong></span> <span class='ocrx_word' id='word_1_941' title='bbox 2594 5348 2647 5415; x_wconf 89' lang='lat' dir='ltr'><strong>b,</strong></span> <span class='ocrx_word' id='word_1_942' title='bbox 2680 5352 2737 5403; x_wconf 90' lang='lat' dir='ltr'><strong>et</strong></span> <span class='ocrx_word' id='word_1_943' title='bbox 2766 5348 2816 5403; x_wconf 92' lang='lat' dir='ltr'><strong>si</strong></span> <span class='ocrx_word' id='word_1_944' title='bbox 2848 5353 2939 5403; x_wconf 89' lang='lat' dir='ltr'><strong>est</strong></span> <span class='ocrx_word' id='word_1_945' title='bbox 2968 5350 3018 5419; x_wconf 83' lang='lat' dir='ltr'><strong>b,</strong></span> <span class='ocrx_word' id='word_1_946' title='bbox 3053 5365 3291 5404; x_wconf 91' lang='lat' dir='ltr'><strong>necesse</strong></span> <span class='ocrx_word' id='word_1_947' title='bbox 3328 5330 3551 5403; x_wconf 77' lang='lat' dir='ltr'><strong>estnon</strong></span> <span class='ocrx_word' id='word_1_948' title='bbox 3594 5353 3705 5395; x_wconf 87' lang='lat' dir='ltr'><strong>esse</strong></span> <span class='ocrx_word' id='word_1_949' title='bbox 3727 5349 3761 5395; x_wconf 75' lang='grc' dir='ltr'><strong>ε,</strong></span> <span class='ocrx_word' id='word_1_950' title='bbox 3784 5330 3835 5421; x_wconf 52' lang='lat' dir='ltr'><strong>fl</strong></span> 
     </span>
    </p>
   </div>
   <div class='ocr_carea' id='block_1_113' title="bbox 2274 5415 3833 5515">
    <p class='ocr_par' dir='ltr' id='par_1_113' title="bbox 2274 5415 3833 5515">
     <span class='ocr_line' id='line_1_113' title="bbox 2274 5415 3833 5515; baseline -0.004 -25"><span class='ocrx_word' id='word_1_951' title='bbox 2274 5452 2408 5492; x_wconf 90' lang='lat' dir='ltr'><strong>vero</strong></span> <span class='ocrx_word' id='word_1_952' title='bbox 2428 5415 2517 5491; x_wconf 78' lang='lat' dir='ltr'><strong>est</strong></span> <span class='ocrx_word' id='word_1_953' title='bbox 2537 5454 2589 5497; x_wconf 82' lang='grc' dir='ltr'><strong>α.</strong></span> <span class='ocrx_word' id='word_1_954' title='bbox 2616 5453 2729 5491; x_wconf 92' lang='lat' dir='ltr'><strong>non</strong></span> <span class='ocrx_word' id='word_1_955' title='bbox 2752 5442 2840 5492; x_wconf 90' lang='lat' dir='ltr'><strong>est</strong></span> <span class='ocrx_word' id='word_1_956' title='bbox 2869 5415 3050 5509; x_wconf 85' lang='lat' dir='ltr'><strong>igitur</strong></span> <span class='ocrx_word' id='word_1_957' title='bbox 3069 5454 3118 5493; x_wconf 87' lang='lat' dir='ltr'><strong>c.</strong></span> <span class='ocrx_word' id='word_1_958' title='bbox 3147 5425 3721 5507; x_wconf 81' lang='lat' dir='ltr'><strong>Hujusdemonstratio</strong></span> 
     </span>
    </p>
   </div>
   <div class='ocr_carea' id='block_1_114' title="bbox 2277 5508 3831 5605">
    <p class='ocr_par' dir='ltr' id='par_1_114' title="bbox 2277 5508 3831 5605">
     <span class='ocr_line' id='line_1_114' title="bbox 2277 5508 3831 5605; baseline -0.011 -24"><span class='ocrx_word' id='word_1_959' title='bbox 2277 5530 2385 5593; x_wconf 86' lang='lat' dir='ltr'><strong>est,</strong></span> <span class='ocrx_word' id='word_1_960' title='bbox 2421 5542 2557 5581; x_wconf 90' lang='lat' dir='ltr'><strong>nam</strong></span> <span class='ocrx_word' id='word_1_961' title='bbox 2590 5528 2640 5581; x_wconf 90' lang='lat' dir='ltr'><strong>si</strong></span> <span class='ocrx_word' id='word_1_962' title='bbox 2679 5531 2769 5581; x_wconf 87' lang='lat' dir='ltr'><strong>est</strong></span> <span class='ocrx_word' id='word_1_963' title='bbox 2797 5543 2852 5593; x_wconf 80' lang='grc' dir='ltr'><strong>α,</strong></span> <span class='ocrx_word' id='word_1_964' title='bbox 2888 5508 2976 5583; x_wconf 88' lang='lat' dir='ltr'><strong>est</strong></span> <span class='ocrx_word' id='word_1_965' title='bbox 3006 5527 3056 5595; x_wconf 78' lang='grc' dir='ltr'><strong>ὁ,</strong></span> <span class='ocrx_word' id='word_1_966' title='bbox 3090 5526 3143 5581; x_wconf 90' lang='lat' dir='ltr'><strong>id</strong></span> <span class='ocrx_word' id='word_1_967' title='bbox 3207 5527 3365 5581; x_wconf 90' lang='lat' dir='ltr'><strong>enim</strong></span> <span class='ocrx_word' id='word_1_968' title='bbox 3420 5524 3591 5596; x_wconf 87' lang='lat' dir='ltr'><strong>prima</strong></span> <span class='ocrx_word' id='word_1_969' title='bbox 3639 5508 3831 5605; x_wconf 42' lang='lat' dir='ltr'><strong>contingo</strong></span> 
     </span>
    </p>
   </div>
   <div class='ocr_carea' id='block_1_115' title="bbox 2278 5590 3828 5687">
    <p class='ocr_par' dir='ltr' id='par_1_115' title="bbox 2278 5590 3828 5687">
     <span class='ocr_line' id='line_1_115' title="bbox 2278 5590 3828 5687; baseline -0.01 -17"><span class='ocrx_word' id='word_1_970' title='bbox 2278 5615 2667 5680; x_wconf 88' lang='lat' dir='ltr'><strong>monstrabat,</strong></span> <span class='ocrx_word' id='word_1_971' title='bbox 2700 5632 2829 5687; x_wconf 70' lang='lat' dir='ltr'><strong>quas</strong></span> <span class='ocrx_word' id='word_1_972' title='bbox 2859 5620 2967 5683; x_wconf 89' lang='lat' dir='ltr'><strong>est,</strong></span> <span class='ocrx_word' id='word_1_973' title='bbox 3003 5616 3052 5671; x_wconf 91' lang='lat' dir='ltr'><strong>si</strong></span> <span class='ocrx_word' id='word_1_974' title='bbox 3073 5616 3198 5671; x_wconf 87' lang='lat' dir='ltr'><strong>sita</strong></span> <span class='ocrx_word' id='word_1_975' title='bbox 3227 5631 3356 5672; x_wconf 90' lang='lat' dir='ltr'><strong>esse</strong></span> <span class='ocrx_word' id='word_1_976' title='bbox 3377 5616 3425 5685; x_wconf 88' lang='lat' dir='ltr'><strong>b,</strong></span> <span class='ocrx_word' id='word_1_977' title='bbox 3450 5626 3571 5669; x_wconf 89' lang='lat' dir='ltr'><strong>cum</strong></span> <span class='ocrx_word' id='word_1_978' title='bbox 3592 5618 3698 5660; x_wconf 85' lang='lat' dir='ltr'><strong>vero</strong></span> <span class='ocrx_word' id='word_1_979' title='bbox 3716 5594 3775 5651; x_wconf 84' lang='lat' dir='ltr'><strong>sit</strong></span> <span class='ocrx_word' id='word_1_980' title='bbox 3790 5590 3828 5654; x_wconf 52' lang='lat' dir='ltr'><strong>by</strong></span> 
     </span>
    </p>
   </div>
   <div class='ocr_carea' id='block_1_116' title="bbox 2278 5690 3827 5771">
    <p class='ocr_par' dir='ltr' id='par_1_116' title="bbox 2278 5690 3827 5771">
     <span class='ocr_line' id='line_1_116' title="bbox 2278 5690 3827 5771; baseline -0.001 -13"><span class='ocrx_word' id='word_1_981' title='bbox 2278 5718 2516 5759; x_wconf 90' lang='lat' dir='ltr'><strong>necesse</strong></span> <span class='ocrx_word' id='word_1_982' title='bbox 2547 5708 2637 5759; x_wconf 90' lang='lat' dir='ltr'><strong>est</strong></span> <span class='ocrx_word' id='word_1_983' title='bbox 2667 5720 2781 5760; x_wconf 91' lang='lat' dir='ltr'><strong>non</strong></span> <span class='ocrx_word' id='word_1_984' title='bbox 2813 5720 2941 5761; x_wconf 90' lang='lat' dir='ltr'><strong>esse</strong></span> <span class='ocrx_word' id='word_1_985' title='bbox 2970 5721 3018 5760; x_wconf 87' lang='lat' dir='ltr'><strong>c.</strong></span> <span class='ocrx_word' id='word_1_986' title='bbox 3054 5705 3113 5761; x_wconf 89' lang='lat' dir='ltr'><strong>id</strong></span> <span class='ocrx_word' id='word_1_987' title='bbox 3146 5705 3302 5761; x_wconf 91' lang='lat' dir='ltr'><strong>enim</strong></span> <span class='ocrx_word' id='word_1_988' title='bbox 3335 5690 3701 5771; x_wconf 84' lang='lat' dir='ltr'><strong>consequentia</strong></span> <span class='ocrx_word' id='word_1_989' title='bbox 3719 5694 3827 5756; x_wconf 55' lang='lat' dir='ltr'><strong>Pw‘</strong></span> 
     </span>
    </p>
   </div>
  </div>
