3982 6156
135 343 245 398 893

1396 344 1611 398 LIBER
1650 343 1743 396 DE
1782 342 2286 396 DIFFINITIONE.

3442 345 3549 401 894

132 467 456 542 quam,hoc
478 485 663 541 genus
678 470 831 539 quod
853 470 1110 526 ostendit
1132 468 1392 540 idipsum
1411 469 1481 524 de
1503 486 1617 540 quo
1643 484 1792 538 que-
1820 469 1872 535 Α
1898 468 2159 537 jusmodi
2183 469 2568 525 difﬁnitiones
2587 471 2944 527 contentioni
2967 473 3264 527 oratorum
3289 472 3547 529 maxime

130 562 289 615 ritur
318 561 458 631 quid
484 560 581 627 sit,
600 560 862 615 definitio
881 565 1276 630 nuncupatur.
1296 559 1502 616 Omnis
1526 558 1786 613 deﬁnitio

125 650 191 701 in
216 648 539 718 questione
559 665 678 702 rem
703 647 879 702 habet
895 649 1201 703 incertam.
1221 646 1425 702 Omnis
1441 645 1609 712 res,si
1632 650 1790 700 certa

127 744 242 803 est,
270 737 611 792 deﬁnitione
645 755 759 791 non
792 740 961 807 eget;
998 738 1044 793 si
1078 736 1301 791 incerta
1330 741 1439 800 est,
1473 750 1663 806 neque
1696 749 1787 787 res

129 830 245 891 est,
280 830 336 880 et
352 825 916 894 queritdeflnitione
937 826 1270 881 monstrari.
1292 823 1495 880 Omnis
1523 824 1678 879 enim
1696 839 1786 878 res

128 916 183 970 si
218 916 392 971 modo
414 916 539 986 jam
566 932 657 971 res
688 919 796 982 est,
830 916 1323 983 quemadmodum
1352 915 1789 981 diximus,certa

130 1010 247 1060 est.
270 1005 410 1060 Cum
448 1021 579 1059 vero
604 1006 728 1075 jam
760 1010 914 1060 certa
946 1009 1053 1072 est,
1078 1010 1137 1059 et
1172 1004 1482 1075 qualitates
1512 1019 1649 1058 suas
1680 1002 1783 1056 ha-

124 1094 268 1149 beat
298 1093 516 1164 quibus
538 1111 670 1148 cum
702 1092 868 1148 facile
895 1093 1434 1164 comprehenditur,
1455 1091 1621 1148 facile
1644 1090 1784 1161 quid

124 1184 211 1239 sit
242 1183 603 1251 agnoscitur.
629 1182 945 1254 Nunquam
972 1183 1127 1237 enim
1154 1181 1294 1253 quid
1320 1182 1395 1237 sit
1416 1181 1661 1252 intelligi
1686 1197 1783 1251 po-

122 1277 268 1337 test,
294 1272 409 1326 nisi
432 1273 600 1341 quale
615 1272 689 1327 sit
715 1272 888 1327 fuerit
908 1273 1423 1343 comprehensum.
1449 1271 1651 1326 Omnis
1675 1270 1785 1324 dif-

124 1362 321 1416 finitio
337 1367 435 1416 aut
452 1362 764 1433 probandae
780 1362 859 1416 rei
875 1378 1075 1428 causa,
1090 1361 1269 1429 aut,si
1288 1378 1378 1416 res
1394 1361 1450 1415 in
1466 1360 1785 1431 quaestione

122 1456 415 1515 versatur,
442 1452 741 1523 augende,
768 1456 869 1506 aut
889 1451 937 1506 si
961 1452 1049 1507 vel
1073 1451 1227 1521 apud
1254 1450 1655 1506 adversarium
1696 1448 1782 1504 vel

124 1542 287 1610 apud
322 1541 649 1596 auditorem
684 1540 959 1611 quelibet
982 1541 1109 1611 jam
1144 1545 1283 1594 nota
1315 1556 1405 1594 res
1428 1544 1538 1603 est,
1572 1538 1782 1593 conﬁr-

123 1630 363 1684 mande
396 1629 743 1685 assumitur.
769 1628 1169 1684 Nihilominus
1192 1635 1388 1683 tamen
1414 1628 1785 1695 difﬁnitio,ut

120 1737 222 1775 res
243 1720 448 1774 eadem
481 1735 609 1789 que
644 1724 777 1773 nota
809 1723 918 1789 est,
951 1723 1006 1773 et
1036 1724 1194 1773 certa
1223 1724 1279 1774 et
1310 1719 1445 1787 ﬁxa,
1492 1721 1781 1785 teneatur,

1900 558 2226 624 convenire,
2262 558 2431 630 longe
2460 564 2655 614 tamen
2688 579 2720 615 a
2749 563 2963 615 virtute
2995 561 3368 617 difﬁnitionis
3413 579 3542 618 esse

1899 645 2196 715 discretas;
2223 648 2318 703 sed
2353 647 2437 701 he
2471 649 2854 704 diffinitiones
2887 667 3014 721 que
3034 650 3365 705 oratoribus
3394 656 3541 722 apte

1898 740 2037 789 sunt
2068 740 2123 789 et
2154 737 2337 806 ρουῐὶε
2360 737 2449 791 sui
2482 738 2867 809 explicatione
2907 740 2962 793 in
2999 743 3257 793 oratione
3315 744 3541 795 certum

1898 826 2161 881 ordinem
2179 826 2496 883 continent.
2514 828 2592 883 De
2607 845 2721 898 qua
2737 845 2794 883 re
2829 833 3115 899 precepts
3137 829 3193 881 in
3218 828 3542 883 Rhetoricis

1897 918 2037 969 sunt
2065 932 2096 968 a
2129 914 2200 969 Μ.
2236 914 2428 971 Tullio
2459 917 2798 982 constituta,
2833 918 2912 972 ita
2936 925 2991 971 ut
3018 918 3209 971 omnis
3241 917 3537 985 diffinitio,

1896 1004 2004 1060 hoc
2035 1010 2123 1059 est
2154 1005 2356 1073 oratio,
2391 1022 2517 1076 que
2550 1006 2801 1077 explicat
2833 1009 2903 1062 de
2934 1024 3049 1078 quo
3082 1008 3365 1077 queritur
3396 1008 3537 1079 quid

1894 1094 1990 1160 sit,
2025 1094 2117 1149 his
2150 1096 2429 1150 membris
2464 1096 2845 1167 partibusque
2873 1101 3133 1151 tenetur:
3162 1097 3417 1167 primum
3456 1097 3538 1152 uti

1895 1183 2144 1239 breviter
2174 1184 2231 1238 id
2264 1184 2334 1239 de
2366 1200 2478 1255 quo
2510 1185 2791 1255 queritur
2814 1185 2953 1256 quid
2985 1186 3061 1240 sit
3104 1185 3287 1241 oratio
3338 1190 3541 1242 nostra

1894 1273 2212 1342 contineat,
2244 1279 2301 1328 et
2331 1273 2449 1327 hec
2479 1274 2807 1345 appellatur
2828 1274 3101 1329 diftinitio
3126 1294 3138 1341 ;
3162 1275 3371 1329 deinde
3405 1275 3532 1345 ejus

1895 1365 2266 1419 difﬁnitionis
2300 1366 3167 1437 supponaturapprobatio,qua
3185 1365 3327 1420 illud
3349 1370 3538 1422 osten-

1894 1455 2087 1509 dimus
2112 1455 2441 1526 utidipsum
2464 1455 2612 1523 quod
2635 1455 3319 1510 breviterindifﬁnitione
3344 1456 3537 1526 posui-

1894 1561 2025 1599 mus
2059 1545 2113 1598 id
2139 1544 2221 1599 ita
2250 1560 2377 1599 esse
2401 1552 2883 1616 argumentorum
2909 1544 3233 1599 rationibus
3255 1546 3538 1616 approbe-

1895 1634 2300 1701 mus;deinde,
2335 1633 2506 1689 tertio
2553 1633 2701 1699 loco,
2752 1633 3091 1689 inducimus
3131 1634 3543 1689 deductionem

1892 1723 2551 1793 ejusdemﬁdifﬁnitionis
2568 1722 2627 1777 in
2653 1739 2782 1778 eam
2806 1723 3057 1794 speciem
3080 1724 3149 1778 de
3172 1739 3288 1794 qua
3305 1724 3544 1795 questio

120 1809 678 1867 adhibetur.0mnis
708 1808 1007 1878 dit'tinitio,
1038 1814 1137 1864 aut
1157 1809 1444 1865 rhetorica
1464 1813 1553 1864 est
1573 1809 1779 1875 oratio,
1816 1844 1864 1908 B
1895 1815 2002 1876 est,
2037 1814 2093 1865 et
2123 1813 2190 1865 de
2222 1811 2642 1881 quajudicium
2665 1816 2753 1867 est
2776 1812 3187 1875 constitutum,
3214 1816 3271 1865 ut
3296 1828 3541 1883 cumge-

121 1906 229 1958 aut
253 1900 580 1955 dialectica.
607 1899 665 1954 Si
686 1903 775 1955 est
800 1898 1113 1966 rhetorica,
1137 1899 1423 1969 originem
1450 1914 1519 1953 ex
1541 1902 1784 1953 conten-

119 1992 283 2046 tione
317 1989 649 2060 suscipiens
683 2005 784 2058 per
811 1989 893 2043 rei
920 1989 991 2044 de
1049 2005 1165 2059 qua
1199 1988 1482 2059 queritur
1509 1992 1703 2059 partes
1732 1988 1788 2041 in

123 2097 270 2136 suas
294 2097 352 2135 se
376 2078 797 2147 dividet,necin
827 2078 1265 2133 uniustractatu
1282 2078 1449 2133 asuis
1473 2078 1646 2132 rebus
1668 2080 1790 2131 tota

126 2170 437 2235 consistet,
460 2173 521 2223 ut
551 2185 684 2223 cum
714 2168 1188 2238 uniuscujusque
1220 2167 1299 2221 rei
1330 2166 1499 2237 plena
1528 2170 1585 2222 et
1634 2171 1791 2221 certa

125 2257 414 2331 perfectio
446 2263 584 2311 nota
614 2257 709 2327 sit,
742 2261 979 2311 cunctas
1012 2272 1115 2327 per
1155 2261 1349 2327 partes
1381 2256 1489 2310 sibi
1522 2256 1785 2311 eamdem

126 2348 496 2403 distribuant
519 2347 671 2401 dicta
692 2346 1391 2415 certantium.Sepulture
1419 2346 1787 2402 violationcm

126 2454 251 2492 rem
270 2437 447 2491 etiam
464 2440 682 2491 certam
700 2435 1048 2505 plenamque
1064 2440 1120 2489 et
1135 2436 1450 2506 perfectam
1469 2434 1789 2490 retinemus

129 2544 266 2582 cum
304 2526 363 2579 in
400 2529 561 2581 eruto
597 2523 867 2595 sepulcro
898 2529 988 2579 est
1011 2526 1184 2579 etiam
1214 2525 1450 2579 animus
1482 2531 1539 2579 et
1570 2525 1784 2580 factum

122 2616 432 2681 violantis,
450 2620 511 2669 ut
533 2614 730 2670 studio
750 2614 992 2669 eruendi
1008 2619 1064 2669 et
1086 2614 1432 2686 profanandi
1457 2630 1657 2669 manes
1682 2615 1788 2670 hoc

123 2707 427 2778 quispiam
452 2706 719 2760 videatur
740 2705 1250 2776 aggressus.Ergo,
1275 2707 1359 2759 uti
1380 2704 1785 2774 diximus,vio-

130 2796 278 2850 latio
316 2796 633 2867 sepulture
664 2799 891 2849 constat
922 2799 976 2849 et
1008 2795 1202 2848 animo
1223 2798 1280 2849 et
1304 2796 1473 2861 facto,
1500 2794 1788 2866 plenaque

129 2888 265 2957 ipso
301 2902 393 2941 res
425 2890 513 2940 est
534 2885 733 2940 violati
765 2884 1019 2956 sepulcri
1048 2902 1115 2939 ex
1146 2884 1241 2940 bis
1272 2886 1525 2953 duobus,
1558 2887 1789 2957 aperuit

123 2975 471 3047 sepulcrum
507 2974 744 3044 quidam
782 2975 1497 3030 utauferretornamenta.
1520 2975 1675 3028 Idem
1700 2991 1786 3029 se-

123 3064 322 3136 pulcri
348 3063 543 3117 violati
563 3078 695 3117 reus
721 3062 1083 3130 injudicium
1109 3062 1446 3128 devocatur,
1470 3061 1787 3117 sinedubio

119 3156 153 3207 d
167 3157 179 3208 i
193 3154 250 3207 ΓΠ
265 3152 504 3206 nitivam
522 3153 842 3206 orationem
858 3155 915 3206 et
927 3150 1355 3206 contentionem
1372 3150 1786 3223 exprimentem

119 3262 155 3315 q
168 3244 272 3297 uid
291 3246 368 3298 sit
382 3241 615 3297 violatio
629 3241 935 3313 sepulturae
952 3242 1277 3296 necessario
1291 3258 1455 3297 causa
1469 3242 1784 3309 desiderat;

124 3335 233 3389 sed
264 3333 516 3403 singulis
552 3332 818 3403 partibus
851 3332 1026 3385 totius
1063 3330 1196 3385 facti
1232 3347 1295 3386 ac
1329 3330 1481 3400 pleni
1545 3335 1792 3384 utuntur

117 3428 416 3490 oratores,
449 3427 513 3476 ut
543 3421 862 3492 sepulture
881 3419 1250 3475 violationem
1272 3424 1616 3491 ponatunus
1636 3421 1787 3488 quod

117 3518 400 3583 apertum
426 3512 500 3565 sit
520 3511 874 3581 sepulcrum,
891 3515 1097 3564 contra
1112 3509 1263 3564 alius
1286 3508 1596 3580 sepulture
1616 3509 1790 3563 viola-

116 3601 521 3656 tionemdicat
550 3601 607 3655 in
631 3600 821 3654 animo
843 3599 1152 3653 contineri:
1170 3599 1244 3652 ita
1259 3598 1788 3653 existitdifﬁnitive

121 3691 422 3747 orationis
454 3690 563 3744 iste
579 3694 885 3755 tractatus,
903 3692 966 3742 ut
985 3704 1118 3742 cum
1135 3692 1319 3742 totum
1344 3687 1499 3759 quod
1522 3687 1783 3758 agnosci-

124 3789 235 3835 tur
266 3780 326 3834 in
362 3779 672 3848 sepulture
702 3778 1038 3840 violatione,
1074 3794 1174 3849 per
1205 3781 1398 3848 partes
1444 3794 1579 3832 suas
1613 3777 1789 3832 fuerit

120 3869 541 3936 distributum,
574 3885 793 3940 easque
823 3872 1021 3939 partes
1053 3872 1311 3922 oratores
1334 3866 1551 3938 singuli
1582 3870 1784 3922 tenue-

121 3959 670 4026 rint,contendendi
690 3957 1263 4030 generedifﬁnitione
1280 3958 1359 4011 uti
1377 3957 1784 4013 videntur.Sed

122 4067 248 4105 non
284 4054 436 4104 recte
469 4048 683 4103 dicitur
718 4048 1051 4117 huiusmodi
1077 4046 1373 4112 diffinitio,
1405 4063 1537 4100 cum
1574 4064 1686 4101 non
1712 4049 1787 4101 sit

120 4144 311 4202 certa,
333 4154 447 4191 non
468 4136 659 4209 plena,
684 4153 798 4191 non
834 4136 1075 4205 integra,
1108 4135 1219 4190 nisi
1243 4152 1373 4189 cum
1393 4140 1581 4189 totum
1614 4137 1784 4206 quid-

122 4229 273 4301 quid
300 4228 489 4298 ipsius
512 4228 591 4281 rei
626 4231 713 4281 est
745 4227 958 4297 deaqua
981 4226 1262 4296 queritur
1287 4225 1619 4297 exprimens
1644 4227 1783 4297 quid

122 4320 207 4373 sit
232 4316 418 4371 oratio
434 4315 765 4380 declararit,
787 4332 985 4370 verum
1008 4316 1127 4370 hec
1158 4315 1415 4387 captiosa
1429 4319 1485 4370 et
1517 4315 1663 4370 falsa
1677 4319 1785 4382 est,

125 4424 249 4461 non
286 4411 445 4460 certa
476 4405 774 4459 rhetorum
812 4404 1111 4459 diffinitio.
1145 4406 1247 4459 Est
1276 4402 1391 4458 alia
1447 4403 1621 4458 etiam
1656 4421 1787 4474 qua:

120 4496 467 4552 rhetoribus
501 4495 942 4549 accommodata
975 4493 1369 4563 cognoscitur,
1403 4510 1531 4563 que
1564 4492 1785 4563 longea

1898 1899 2172 1955 neraliter
2203 1917 2321 1955 rem
2347 1901 2942 1969 difﬁnierimus,etita
2957 1917 3084 1956 esse
3108 1904 3174 1956 de
3197 1918 3311 1972 quo
3332 1902 3540 1971 queri-

1896 1994 1993 2045 tur
2022 1990 2362 2055 dixerimus,
2394 1994 2449 2045 et
2483 1996 2674 2060 postea
2700 2009 2801 2062 per
2822 1992 3302 2063 approbationem
3327 1991 3541 2047 consti-

1896 2079 2187 2134 tuerimus
2217 2096 2422 2135 verum
2455 2097 2581 2136 esse
2614 2082 2766 2147 quod
2800 2080 3147 2147 difﬁnimus,
3198 2080 3368 2134 tertio
3418 2078 3541 2134 loco

1897 2171 2325 2227 ostenderimus
2356 2172 2465 2228 hoc
2497 2189 2624 2229 esse
2657 2173 2810 2244 quod
2844 2176 3074 2243 gestum
3100 2177 3209 2238 est,
3235 2170 3321 2225 vel
3346 2170 3544 2226 idesse

1898 2262 1968 2315 de
1992 2279 2105 2333 quo
2138 2263 2438 2333 queritur,
2474 2280 2596 2333 que
2629 2261 2906 2317 orationis
2931 2278 3066 2332 pars
3095 2259 3424 2331 appellatur
3451 2262 3544 2315 de-

1897 2352 2094 2408 ductio
2127 2353 2354 2424 generis
2387 2355 2452 2407 ad
2488 2354 2737 2424 speciem
2762 2356 2801 2419 ;‘
2824 2357 3031 2422 quarto
3059 2351 3183 2405 loco
3203 2350 3259 2405 in
3282 2350 3544 2405 oratione

1896 2447 2096 2498 nostra
2116 2459 2397 2513 ponemus
2416 2443 2871 2498 destructionem
2896 2440 3266 2496 dilfinitiouis
3286 2442 3542 2495 adverse

1896 2532 2101 2604 partis,
2128 2532 2234 2588 hoc
2265 2537 2373 2598 est,
2408 2532 2487 2588 uti
2522 2532 3017 2604 quemadmodum
3043 2530 3360 2586 adversarii
3383 2530 3543 2585 difﬁ-

1896 2621 2111 2676 nierint
2143 2622 2399 2693 idipsum
2434 2623 2504 2676 de
2535 2639 2650 2693 quo
2680 2639 2859 2693 supra
2889 2620 3295 2676 difﬁnitionem
3322 2620 3542 2674 consti-

1892 2711 2110 2765 tuimus
2132 2727 2800 2783 proponamus,eamque
2825 2709 3298 2764 adversariorum
3325 2709 3541 2763 dit'tini-

1895 2799 2111 2854 tionem
2161 2801 2432 2855 vitiosam
2484 2816 2612 2855 esse
2673 2801 3006 2863 doceamus,
3039 2798 3539 2867 quemadmodum

1892 2888 2100 2944 vitiosa
2122 2888 2198 2943 sit
2231 2894 2432 2959 postea
2464 2888 2912 2943 declarabimus.
2945 2887 3129 2940 Habet
3160 2885 3312 2940 enim
3351 2890 3542 2955 partes

1895 2995 2034 3033 suas
2067 2985 2270 3043 certas,
2306 2978 2585 3047 integras,
2608 2979 2675 3032 de
2697 2978 2913 3048 quibus
2934 2993 3090 3030 nunc
3116 2975 3304 3030 dicere
3336 2990 3539 3046 super-

1894 3069 2189 3122 sedemus.
2222 3066 2323 3121 Est
2357 3066 2626 3121 difﬁnitio
2648 3065 3088 3120 inimicitiarum
3116 3064 3267 3136 apud
3302 3063 3377 3119 M.
3403 3063 3538 3118 Tul-

1894 3156 2042 3211 lium
2075 3155 2288 3222 brevis,
2307 3156 2385 3210 ita
2411 3155 2711 3210 collocata.
2734 3161 2819 3210 An
2843 3160 2902 3208 tu
2930 3152 3539 3224 majoresinimicitias

1898 3249 2069 3316 putas
2102 3261 2413 3314 essequam
2434 3247 2755 3299 contrarias
2786 3244 3089 3298 hominum
3124 3242 3540 3310 voluntates,et

1896 3334 2211 3389 dissimilia
2242 3334 2464 3389 studia?
2484 3334 2623 3401 hec,
2652 3338 2715 3387 ut
2737 3334 3015 3398 diximus,
3042 3331 3314 3386 diffinitio
3347 3332 3539 3386 rheto-

1896 3424 2013 3478 rica
2044 3427 2151 3489 est,
2174 3430 2227 3477 et
2256 3422 2507 3477 breviter
2524 3422 2708 3477 oratio
2732 3420 3010 3476 conclusa
3031 3421 3167 3491 quid
3194 3420 3538 3475 sintinimi-

1895 3513 2063 3567 citie.
2083 3514 2214 3567 Post
2230 3529 2403 3583 quam
2420 3512 2830 3567 difﬁnitionem
2847 3510 3540 3580 adhibeturapprobatio.

1895 3602 2091 3656 Fidem
2121 3618 2184 3656 ac
2210 3600 3003 3670 religionemsanctissimam
3022 3599 3080 3653 in
3106 3598 3220 3653 vita
3235 3599 3539 3669 quiputut,

1894 3694 2161 3761 potestne
2191 3690 2241 3744 ei
2276 3706 2386 3743 non
2420 3689 2696 3743 inimicus
2719 3703 2847 3743 esse
2888 3687 2988 3758 qui
3024 3687 3157 3741 fana
3206 3685 3543 3756 Spoliaverit

1893 3779 2120 3835 omnia?
2135 3778 2419 3851 Deinceps
2439 3779 2663 3849 reliqua
2684 3796 2810 3850 que
2826 3782 3173 3848 sequuntur,
3191 3775 3248 3829 in
3274 3792 3387 3846 quo
3407 3776 3539 3845 qui-

1893 3867 2021 3922 dem
2049 3866 2515 3922 animadvertere
2546 3866 2690 3921 illud
2725 3866 3059 3935 licet,posse
3079 3862 3537 3934 conjungietap-

1893 3954 2280 4025 probationem
2297 3954 2747 4021 dittinitionis,et
2762 3950 3544 4007 deductionemdifﬁnitionis

1892 4047 1951 4097 in
1968 4040 3397 4114 speciem.NamquehicMarcusTulliusinimicitias
3413 4055 3540 4093 esse

1891 4138 2086 4187 contra
2100 4133 2181 4186 ria
2197 4131 2792 4188 studiaetdissimiles
2808 4130 3139 4184 voluntates
3162 4128 3442 4199 approbat
3461 4128 3537 4181 ita

1892 4226 1957 4275 ut
1988 4223 2241 4292 speciem
2276 4223 2464 4292 ipsam
2500 4222 2570 4275 de
2595 4238 2711 4292 qua
2732 4220 3097 4289 querebatur
3117 4218 3323 4271 factam
3347 4216 3538 4269 verbis

1892 4310 2170 4367 includat:
2194 4311 2381 4382 potuit
2410 4310 2564 4365 enim
2598 4308 3099 4380 approbatiofieri,
3130 4304 3258 4360 illas
3289 4302 3542 4358 esseini-

1893 4402 2148 4456 micitias
2180 4418 2304 4473 qua:
2337 4398 2659 4454 contrarias
2692 4396 2995 4452 continent
3016 4395 3369 4459 voluntates,
3394 4396 3448 4447 et
3481 4394 3537 4447 in

1892 4490 2218 4545 rationibus
2242 4489 2643 4561 supponendis
2671 4486 2808 4541 talis
2827 4486 2999 4540 dictio
3022 4484 3448 4554 componi,cum
3470 4483 3536 4536 ﬁ-

118 4587 345 4641 virtute
362 4583 690 4638 difﬁniendi
718 4583 1058 4653 plenissime
1074 4586 1534 4653 separatur,que
1556 4581 1784 4652 percol—
1820 4576 1863 4639 D
1897 4580 2027 4634 dem
2063 4579 2213 4634 alius
2247 4576 2715 4645 servet,inﬁdclis
2739 4576 2816 4630 sit
2847 4574 3019 4630 alius.
3044 4572 3217 4629 Nulla
3246 4572 3534 4626 dubitatio

126 4676 415 4731 lationem
446 4690 559 4727 non
583 4673 724 4744 quid
740 4673 1107 4737 sitostendit,
1126 4673 1225 4727 sed
1250 4671 1371 4725 haec
1391 4686 1565 4726 essea
1585 4670 1786 4739 simili,

122 4781 267 4819 cum
303 4762 456 4816 aliud
487 4762 583 4828 sit,
617 4762 879 4817 oratione
910 4761 1228 4826 concludit,
1262 4765 1325 4815 ut
1350 4776 1480 4815 cum
1510 4760 1791 4830 queritur

125 4855 273 4926 quid
306 4854 382 4907 sit
409 4853 668 4923 accipere
688 4852 889 4923 utique
920 4869 979 4907 re
1012 4850 1785 4923 pr0pria,vera,certa,nihil

121 4944 291 5001 aliud
309 4942 521 4997 estnisi
542 4942 775 5013 propria
793 4958 960 4995 manu
982 4940 1200 5012 aliquid
1221 4941 1292 4995 ab
1316 4940 1512 5011 aliquo
1527 4939 1785 4994 oblatum

122 5048 389 5089 sumere.
415 5036 521 5085 Per
541 5030 911 5085 collationem
935 5035 1010 5085 M.
1028 5030 1259 5085 Tullius
1277 5029 1479 5084 definit
1506 5028 1784 5100 pecunias

123 5119 431 5191 accepisse
462 5118 721 5188 Verrem,
754 5136 884 5174 cum
919 5119 1186 5185 comites,
1219 5118 1361 5173 socii
1411 5117 1783 5187 ministrique

122 5209 417 5284 pecunias
440 5207 794 5280 acceperint.
814 5206 1069 5263 Comites
1091 5206 1197 5276 illi,
1222 5207 1437 5277 inquit,
1462 5207 1544 5260 tui
1571 5222 1783 5261 manus

120 5304 297 5356 erant
329 5301 609 5353 tue.ltem
638 5300 694 5351 in
730 5297 841 5351 alio
874 5296 1137 5366 exemplo
1170 5312 1302 5350 cum
1338 5295 1616 5366 queritur
1637 5296 1777 5366 quid

123 5390 201 5444 sit
224 5386 788 5453 inimicus,dicimus
813 5385 1117 5439 inimicum
1142 5401 1270 5439 esse
1289 5402 1419 5439 eum
1441 5384 1539 5455 qui
1558 5383 1778 5455 aliquid

124 5479 263 5533 mali
298 5475 543 5529 molitus
566 5475 641 5529 sit
674 5494 688 5543 ;
725 5491 790 5530 ac
812 5476 1010 5530 Cicero
1051 5473 1361 5528 collatione
1391 5479 1560 5528 utens
1595 5472 1777 5527 dicit:

118 5568 407 5625 Inimicus
439 5570 527 5619 est
559 5565 655 5637 qui
683 5564 813 5620 facit
840 5569 1044 5619 contra
1072 5566 1337 5619 omnium
1365 5564 1779 5630 rem,volunta-

109 5654 1040 5727 tem,honorem,dignitatem.Ex
1064 5655 1280 5726 quibus
1302 5654 1635 5726 colligimus
1668 5651 1775 5707 hu-

1896 4674 1982 4723 est
2015 4669 2155 4739 quin
2182 4668 2279 4722 tali
2304 4668 2499 4722 animo
2521 4670 2693 4737 prout
2711 4664 2862 4719 inter
2884 4680 2944 4719 se
2962 4663 3149 4718 affecti
3171 4661 3538 4717 inimiciesse

1896 4759 2228 4814 credantur.
2256 4757 2395 4811 Item
2434 4755 2704 4827 religioso
2737 4756 2856 4809 viro
2878 4753 3238 4823 irreligiosus
3261 4750 3537 4806 inimicus

1896 4854 2002 4905 est.
2036 4847 2162 4902 Alia
2193 4864 2328 4919 ergo
2361 4847 2407 4901 si
2444 4864 2510 4900 ex
2543 4844 2788 4899 diversis
2820 4843 3033 4898 studiis
3059 4851 3113 4897 et
3133 4840 3536 4896 voluntatibus

1897 4938 2201 5010 supposita
2236 4937 2590 5000 dicerentur,
2633 4932 2759 4989 sola
2789 4938 2942 4988 esset
2994 4931 3358 5003 approbatio,
3422 4948 3535 4986 non

1893 5029 2064 5083 etiam
2090 5028 2362 5081 deductio
2389 5024 2619 5096 generis
2649 5024 2704 5077 in
2740 5022 3015 5094 speciem;
3042 5026 3098 5075 at
3130 5037 3261 5076 cum
3285 5036 3441 5074 nunc
3464 5021 3538 5072 ita

1893 5118 2147 5173 nectitur
2176 5116 2373 5183 dictio,
2407 5114 2577 5169 ﬁdem
2614 5112 3051 5168 sanctissimam
3082 5111 3139 5165 in
3165 5110 3279 5164 vita
3307 5110 3405 5180 qui
3430 5125 3532 5179 pu-

1892 5211 1999 5274 tat,
2034 5205 2372 5276 religionem
2409 5202 2707 5258 colendam
2730 5217 2857 5256 esse
2877 5200 3249 5265 existimatis,
3273 5198 3399 5252 sine
3421 5198 3532 5249 du-

1891 5296 1985 5351 bio
2020 5294 2292 5349 inimicus
2325 5296 2413 5347 est
2442 5292 2490 5345 ei
2525 5287 3292 5362 quiianaspoliavit,omnia
3316 5283 3535 5356 templa

1888 5384 2143 5449 violavit,
2170 5383 2410 5438 delubra
2442 5379 2671 5453 polluit.
2697 5380 2799 5433 Hic
2821 5378 2993 5434 etiam
3015 5377 3208 5432 Verris
3249 5375 3401 5429 idem
3448 5374 3530 5428 fa-

1890 5480 2047 5529 ctum
2083 5474 2153 5527 de
2185 5488 2299 5542 quo
2330 5470 2616 5540 queritur
2644 5469 2727 5523 ita
2756 5468 3089 5539 specialiter
3118 5465 3449 5519 continetur
3477 5468 3532 5516 et

1888 5562 2228 5631 includitur,
2253 5558 2506 5615 utsimul
2528 5575 2661 5612 cum
2677 5555 3093 5627 approbatione
3110 5559 3165 5608 et
3183 5552 3529 5607 deductione

1886 5651 2117 5725 generis
2150 5650 2206 5705 in
2231 5649 2484 5722 speciem
2503 5647 2770 5703 clausum
2796 5647 3083 5708 teneatur;
3110 5646 3237 5712 post
3259 5638 3530 5711 adjungi-
