3982 6156
465 324 571 379 895

1743 321 1861 373 AN.
1904 319 2126 372 MANL.
2165 318 2322 372 BEV.
2362 319 2600 375 BOETII

3698 324 3779 376 896

468 453 582 512 tur,
608 443 1297 511 utdiximus,dcstructio
1326 441 1963 498 diffinitionisadverse
1981 458 2112 511 par-
2144 442 2196 507 Α
2228 442 2386 497 color
2414 460 2600 517 genus
2632 449 2723 500 est
2751 446 2821 500 ad
2854 444 2964 499 hoc
2994 445 3063 498 de
3096 460 3209 515 quo
3263 460 3477 515 quero,
3530 445 3692 501 album
3714 450 3779 504 vel

472 535 570 603 tis,
602 535 701 589 sed
737 551 837 605 per
866 533 1323 599 concessionem,
1356 532 1411 586 id
1471 538 1560 587 est
1591 531 1896 597 similium,
1958 547 2028 585 an
2062 530 2112 586 si

467 627 671 679 contra
698 639 818 677 rem
845 638 1035 677 meam
1070 621 1303 677 fecisset
1330 620 1607 689 injuriam
1643 619 1879 691 aliquis,
1903 620 2040 689 jure
2062 618 2114 674 ei

468 730 558 767 me
592 712 898 767 inimicum
931 728 1060 767 esse
1089 711 1395 782 proﬁterer
1416 709 1443 763 ἱ)
1465 713 1759 764 Ponamus
1796 708 1972 780 igitur
2003 708 2110 763 ad-

465 818 642 857 verse
674 800 858 871 partis
890 800 1307 856 diffinitionem
1340 797 1557 853 talem:
1594 797 1919 852 Inimicitie
1952 802 2113 865 sunt,

468 908 601 946 cum
636 896 839 945 contra
869 905 989 944 rem
1021 905 1211 943 meam
1256 893 1358 943 aut
1389 887 1525 942 fecit
1555 887 1793 958 aliquis,
1824 891 1927 942 aut
1972 886 2117 941 dixit

472 978 770 1050 injuriam.
797 979 949 1034 Hanc
968 977 1376 1033 diffinitionem
1397 977 1480 1031 sic
1502 976 1753 1031 destruit
1771 977 1843 1031 M.
1864 975 2117 1045 Tullius,

471 1074 536 1124 ut
568 1084 844 1123 concesso
876 1083 941 1122 eo
973 1067 1127 1138 quod
1162 1066 1241 1120 ita
1264 1064 1708 1129 estdif'finitum,
1735 1064 2118 1120 nihilominus

470 1164 527 1214 et
560 1157 672 1213 alio
694 1157 865 1212 modo
889 1158 1007 1211 sint
1029 1155 1511 1222 inimicitie,cum
1540 1153 1749 1225 aliquis
1774 1154 1947 1210 faciat
1976 1171 2119 1210 con-

471 1252 562 1302 tra
582 1246 845 1300 omnium
873 1245 1300 1310 rem,honorem
1318 1242 1750 1314 etdignitatem.
1770 1242 1922 1299 Talis
1946 1244 2120 1315 igitur

472 1350 705 1406 semper
725 1337 877 1389 circa
900 1334 1247 1389 rhetoricam
1281 1332 1691 1388 diffinitionem
1722 1350 1824 1404 per
1858 1334 2123 1389 membra

471 1430 722 1495 quatuor
748 1426 996 1477 testetur
1025 1421 1207 1476 oratio
1235 1438 1246 1475 :
1283 1426 1345 1476 ut
1367 1421 1759 1487 sitdiffinitio,
1781 1421 2121 1492 approbatio

477 1511 1159 1582 dil‘finitiones,deductio
1174 1510 1532 1565 deﬁnitionis
1545 1511 1614 1564 ad
1631 1510 2124 1582 speciem,deinde

478 1607 777 1676 postrema
790 1600 1108 1655 destructio
1133 1598 1501 1653 dilfinitionis
1521 1600 1703 1669 partis
1726 1600 1999 1668 adverse;
2020 1601 2122 1655 sed

477 1693 599 1747 hec
633 1693 766 1761 apta
792 1688 1120 1754 rhetoricis,
1153 1687 1459 1742 nonetiam
1494 1687 1860 1760 philosOphis
1889 1705 2017 1743 esse
2039 1688 2124 1744 vi-

2222 533 2611 604 nigrum,jam
2645 532 3053 589 substantialis
3077 532 3188 588 erit
3204 533 3470 587 difﬁnitio
3490 550 3597 603 que
3623 535 3779 606 incipit

2221 638 2255 676 a
2284 638 2515 693 genere,
2551 628 2607 677 et
2629 624 2712 678 sic
2733 628 2938 678 cetera
2961 620 3267 676 connectit.
3294 626 3425 677 Hec
3453 623 3786 680 substantialis

2222 728 2351 767 esse
2381 711 2627 780 dicetur,
2660 718 2716 767 et
2746 713 2865 767 hec
2898 712 3152 783 prOpria,
3186 715 3243 765 et
3272 712 3394 765 hec
3425 712 3787 778 integralleca

2172 817 2179 824 ·
2224 801 2589 872 philosophis
2622 800 3180 872 probata,itautalio
3197 801 3366 855 modo
3399 800 3542 855 facta
3579 801 3791 856 diffinitio

2224 907 2528 961 nunquam
2553 907 2682 946 esse
2707 890 2958 958 dicatur;
2978 906 3177 944 verum
3203 906 3236 943 a
3262 890 3597 959 quibusdam
3617 889 3705 943 hoc
3721 908 3791 944 no.

2225 995 2357 1034 men
2390 979 2566 1034 etiam
2594 980 2662 1034 ad
2684 978 2798 1035 alia
2820 995 2948 1050 que
2978 978 3092 1034 alio
3116 978 3287 1033 modo
3309 977 3791 1050 diffiniuotur,sa:pe

2225 1069 2496 1123 transfert
2509 1068 2644 1123 ur.E
2654 1083 2751 1140 rgo
2770 1067 2889 1123 hec
2903 1064 3311 1122 substantialis
3326 1066 3589 1120 diffinitio
3604 1067 3797 1121 aM.Tul-

2226 1156 2301 1212 lio
2331 1157 2415 1212 sic
2447 1155 2789 1228 explicatur.
2823 1156 3098 1227 Oportere
3129 1172 3237 1210 nos
3266 1154 3452 1227 posito
3482 1170 3669 1226 genere
3706 1156 3795 1225 ejus

2228 1244 2309 1301 rei
2332 1246 2401 1301 de
2433 1262 2551 1317 qua
2572 1244 2870 1317 queritur,
2897 1245 3251 1315 subjungere
3273 1244 3580 1315 species,ut
3598 1243 3691 1298 alia
3710 1261 3798 1313 que

2228 1334 2417 1389 vicina
2448 1351 2575 1391 esse
2606 1334 2834 1405 possint
2858 1333 3127 1389 discretis
3157 1332 3656 1389 communionihus
3681 1349 3799 1403 sepa-

2229 1440 2449 1492 remus,
2482 1428 2539 1478 et
2569 1424 2772 1478 tandiu
2807 1423 3251 1493 interponamus
3280 1422 3650 1490 differentias,
3668 1438 3805 1492 quan-

2232 1512 2330 1568 diu
2362 1515 2431 1566 ad
2468 1512 2767 1584 proprium
2800 1513 2926 1580 ejus
2958 1513 3027 1567 de
3057 1528 3169 1581 quo
3194 1510 3697 1583 queritursignata
3714 1511 3803 1578 ejus

2230 1602 2605 1674 expressione
2616 1601 2942 1657 veniamus.
2968 1601 3175 1673 Ipsein
3190 1601 3430 1672 Topicis
3452 1600 3689 1672 exempla
3706 1599 3804 1653 sub-

2227 1691 2387 1761 jecit.
2421 1696 2538 1746 Nos
2569 1707 2700 1746 vero
2733 1707 2803 1745 ne
2834 1690 2936 1746 fiat
2980 1690 3039 1744 in
3084 1689 3371 1761 exemplis
3402 1688 3593 1745 lectori
3640 1706 3696 1743 ex
3712 1689 3805 1758 jure

480 1781 667 1835 detur.
704 1777 807 1832 Illa
836 1781 1036 1833 autem
1068 1794 1191 1847 que
1226 1776 1704 1849 philosophorum
1734 1778 1965 1849 propria
2013 1783 2121 1847 est,
2158 1814 2202 1879 Β
2234 1779 2519 1845 confusio,
2556 1778 2664 1835 hoc
2694 1795 3089 1851 proponamus
3135 1778 3506 1850 exemplum:
3554 1778 3702 1832 homo
3748 1781 3805 1830 est

477 1868 651 1927 etiam
685 1868 1016 1923 oratoribus
1049 1866 1319 1922 convenit
1339 1883 1586 1938 eamque
1604 1867 1739 1934 sibi,
1763 1871 1819 1923 et
1846 1868 1914 1921 ad
1950 1872 2125 1922 mate-

2232 1868 2449 1924 animal
2475 1868 2779 1938 rationale,
2811 1867 3075 1935 mortale,
3108 1872 3430 1933 terrenum,
3477 1867 3649 1937 bipes,
3697 1864 3807 1918 risus

478 1958 624 2013 riam
650 1973 843 2023 suam,
876 1962 933 2011 et
964 1956 1034 2010 ad
1069 1955 1314 2027 proprie
1366 1961 1777 2011 ornamentum
1831 1956 2126 2023 dictionis,
2232 1974 2432 2029 capax.
2464 1956 2695 2012 Animal
2725 1973 2858 2011 cum
2890 1956 3108 2012 dictum
3136 1962 3226 2010 est
3258 1954 3590 2011 substantia
3612 1952 3807 2009 hominis

481 2046 755 2118 adjungit
785 2049 999 2101 orator.
1034 2044 1244 2100 Omnia
1275 2044 1431 2100 enim
1464 2050 1618 2101 recte
1648 2046 2132 2117 oratorexprimit
2233 2045 2524 2102 declarata
2553 2050 2660 2102 est.
2692 2047 2793 2101 Est
2821 2046 3083 2111 enim,ut
3112 2062 3293 2117 supra
3313 2043 3656 2112 diximus,ad
3674 2042 3809 2096 homi-

486 2153 613 2208 que
646 2140 786 2190 sunt
818 2135 874 2189 in
908 2134 1153 2189 dicendo
1203 2134 1707 2205 philosophorum.
1741 2135 1885 2189 Nam
1914 2140 1969 2190 et
1999 2151 2132 2190 vero
2236 2152 2366 2191 nem
2398 2150 2585 2207 genus
2624 2133 2865 2203 animal,
2890 2150 3062 2189 omne
3084 2139 3277 2189 autem
3304 2151 3495 2205 genus
3525 2132 3708 2203 speciei
3730 2145 3809 2183 sua

483 2226 670 2280 utitur
702 2229 1073 2295 argumento,
1103 2224 1259 2295 quod
1309 2228 1399 2278 est
1460 2224 1941 2296 philosophorum
2000 2242 2132 2295 pro-

484 2314 699 2387 prium,
726 2313 911 2368 utitur
937 2312 1112 2367 etiam
1147 2312 1501 2368 necessario.
1537 2317 1608 2367 At
1638 2318 1838 2368 contra
1880 2312 2133 2385 philoso-

492 2403 644 2475 phus
679 2404 737 2457 in
762 2402 1262 2473 disputationibus
1295 2402 1545 2473 propriis
1577 2402 1874 2457 rhetorum
1928 2409 2137 2459 cuncta

493 2493 868 2557 condemnat,
888 2507 1077 2561 neque
1093 2490 1246 2544 enim
1266 2490 1859 2562 adjungitaliquando
1875 2492 2135 2563 signum,

493 2598 682 2652 neque
714 2580 869 2651 quod
900 2579 1174 2634 credibile
1195 2578 1429 2645 dicitur,
1449 2584 1505 2633 et
1526 2596 1699 2635 omne
1719 2580 2014 2650 probabile
2040 2598 2138 2652 ps-

493 2670 653 2725 nitus
684 2688 715 2723 a
748 2667 955 2723 virtute
974 2669 1062 2722 sui
1085 2668 1374 2723 sermonis
1393 2667 1668 2723 excludit.
1688 2674 1841 2740 Ergo
1864 2670 2138 2725 diffinitio

493 2776 621 2830 que
643 2762 733 2813 est
764 2757 1248 2828 philosophorum
1313 2758 1547 2829 propria
1597 2757 1653 2813 in
1715 2758 1890 2814 rebus
1946 2760 2138 2830 expri-

502 2847 733 2902 mendis
763 2864 889 2918 que
922 2846 1171 2917 explicat
1199 2847 1338 2917 quid
1372 2848 1468 2914 sit,
1501 2847 1670 2917 quale
1701 2848 1796 2915 sit,
1854 2849 2140 2918 quemad-

500 2939 739 2992 modum
776 2936 1055 2991 membris
1075 2935 1200 2991 suis
1219 2943 1487 2991 constare
1510 2936 1739 3005 debeat,
1760 2953 2141 3009 exponemus.

496 3026 890 3083 Diffinitiones
922 3042 1048 3081 esse
1080 3025 1367 3097 principia
1397 3025 1733 3097 disputandi
1766 3030 1823 3081 et
1852 3044 2031 3098 supra
2053 3029 2144 3083 di-

496 3118 715 3182 ximus,
738 3122 795 3172 et
817 3117 888 3173 Μ.
915 3116 1145 3171 Tullius
1178 3116 1404 3187 probat,
1436 3122 1561 3171 tum
1596 3117 1654 3171 in
1682 3116 1930 3189 dialogis
1953 3118 2141 3173 omni-

2236 2223 2647 2281 substantialis
2668 2228 2758 2278 est
2780 2222 3116 2291 declaratio;
3144 2223 3242 2278 sed
3267 2222 3367 2278 hic
3381 2222 3589 2277 animal
3607 2218 3810 2291 quialale

2238 2314 2493 2387 patebat,
2516 2312 2742 2382 abjecta
2764 2313 2989 2382 species
3006 2316 3095 2368 est
3112 2317 3438 2377 terrenum,
3448 2313 3564 2382 jam
3584 2309 3813 2365 exclusura

2238 2407 2349 2473 est,
2375 2402 2529 2475 quod
2562 2407 2663 2457 aut
2693 2418 2927 2457 aereum
2950 2405 3060 2465 est,
3081 2406 3182 2456 aut
3200 2401 3543 2456 humidum.
3566 2400 3711 2469 Bipes
3728 2410 3814 2449 vero

2244 2498 2481 2564 propter
2506 2490 2619 2546 alia
2649 2490 2922 2546 animalia
2953 2490 3211 2561 positum
3272 2496 3369 2546 est
3428 2508 3552 2562 que
3608 2485 3813 2560 plurimis

2244 2582 2491 2652 pedibus
2518 2579 2874 2635 innituntur.
2908 2581 3047 2634 Item
3074 2579 3362 2635 rationale
3383 2586 3610 2651 propter
3629 2576 3712 2630 illa
3733 2588 3817 2643 qua

2246 2671 2467 2725 ratione
2499 2667 2943 2741 egent.Mortale
2971 2673 3168 2724 autem
3194 2674 3435 2739 propter
3463 2669 3517 2722 id
3549 2666 3684 2737 quod
3714 2663 3820 2717 Deus

2246 2765 2351 2815 est.
2395 2758 2617 2824 Quibus
2668 2758 2944 2814 omnibus
3002 2757 3367 2813 animalibus
3425 2775 3549 2828 que
3586 2752 3819 2810 convenire

2248 2854 2518 2922 poterant
2550 2848 2620 2903 ad
2653 2847 2955 2920 superiora
2986 2848 3043 2902 in
3077 2848 3343 2903 oratione
3378 2847 3565 2919 posita
3619 2839 3821 2898 discretis

2248 2944 2424 3009 atque
2454 2938 2721 3000 seclusis,
2756 2939 3050 3008 adjectum
3084 2941 3174 2992 est
3205 2936 3585 3008 propriumin
3608 2938 3738 3004 parte
3754 2945 3820 2997 p0-

2248 3033 2489 3095 strema,
2521 3032 2607 3082 est
2631 3026 2787 3081 enim
2821 3026 3010 3082 solum
3045 3025 3303 3081 hominis
3362 3026 3514 3097 quod
3572 3024 3715 3077 ridet.
3758 3018 3819 3070 Sic

2255 3118 2504 3189 perfecta
2535 3116 2693 3171 omni
2729 3133 2795 3171 ex
2827 3121 2989 3188 parte
3019 3116 3291 3171 dilﬁnitio
3324 3120 3419 3171 est
3475 3114 3543 3169 ad
3593 3108 3820 3167 hominem
3908 3116 3909 3121 ‘

744 3168 792 3172 μ
926 3168 949 3171 _
1178 3168 1229 3187 Γ
1256 3168 1273 3170 -
1596 3168 1654 3171 __
1688 3168 1928 3189 νττηο--
1956 3168 2107 3173 -____
2255 3168 2503 3189 rm",

496 3206 629 3276 bus,
655 3210 777 3259 tum
812 3205 983 3260 etiam
1018 3204 1076 3258 in
1110 3221 1175 3260 eo
1211 3204 1358 3260 libro
1391 3205 1491 3277 qui
1521 3205 1735 3277 Topica
1775 3206 2139 3278 inscribitur,
2174 3168 2217 3235 ε
2253 3203 3324 3274 declarandum,cum,positogenere,
3350 3201 3595 3259 exclusis
3615 3196 3821 3255 omnibus

498 3295 557 3350 in
592 3311 705 3365 quo
737 3296 905 3349 docet
938 3295 1190 3365 primum
1238 3300 1712 3365 argumentorum
1772 3295 1965 3351 locum
2015 3313 2145 3353 esse

498 3384 932 3449 difﬁnitionem,
969 3383 1077 3437 hoc
1109 3390 1218 3448 est,
1251 3400 1283 3438 a
1314 3388 1457 3451 toto,
1494 3385 1587 3439 cui
1610 3384 1735 3440 loco
1759 3386 1859 3457 qui
1892 3386 2146 3457 appella-

496 3478 596 3528 tur
626 3490 659 3528 a
682 3477 801 3527 toto
826 3470 1159 3527 necessario
1180 3472 1512 3526 adhibenda
1534 3479 1622 3528 est
1652 3474 1946 3541 difﬁnitio,
1983 3481 2043 3529 ut
2065 3476 2146 3531 ita

501 3562 837 3633 argumenti
856 3562 1019 3616 locus
1038 3564 1202 3616 atoto
1229 3561 1306 3615 sit
1328 3562 1837 3630 diffinitio.Porro,
1875 3571 1937 3619 ut
1968 3582 2146 3637 supra

501 3651 779 3719 diximus,
813 3649 1144 3722 explicandi
1169 3653 1495 3719 argumenti
1531 3653 1686 3723 quod
1723 3672 1756 3707 a
1787 3658 1905 3708 toto
1938 3658 2026 3709 est
2056 3654 2146 3709 di-

501 3739 654 3794 citur
672 3738 967 3795 diffinitio.
987 3739 1133 3810 Ergo
1158 3739 1456 3810 preceptis
1479 3745 1535 3795 et
1559 3741 1997 3798 dialecticorum
2018 3744 2149 3815 phi-

500 3828 1005 3900 1050phorumque
1027 3828 1291 3882 omnium
1318 3828 1461 3883 illud
1486 3834 1681 3885 tenere
1705 3832 2008 3902 debemus,
2034 3851 2147 3890 non

501 3935 629 3973 esse
660 3917 1101 3985 diffinitionem,
1135 3917 1246 3972 nisi
1279 3917 1462 3973 solam
1496 3935 1617 3988 que
1656 3918 1714 3973 in
1750 3936 1816 3974 ea
1870 3938 1930 3977 re
1973 3939 2146 3994 quam

503 4006 747 4062 definire
780 4004 1072 4076 volumus,
1108 4006 1271 4078 prius
1303 4023 1477 4078 quam
1512 4008 1641 4077 ejus
1672 4008 1749 4064 rei
1770 4027 1897 4066 esse
1928 4012 2151 4067 intelli-

502 4097 721 4168 gimus,
751 4096 1002 4151 declaret
1018 4101 1192 4168 atque
1220 4098 1491 4151 ostendat
1514 4098 1931 4155 substantiam.
1953 4101 2069 4156 Hoc
2090 4107 2153 4158 ut

506 4185 768 4256 apertius
802 4185 922 4252 fiat,
954 4185 1296 4241 docebimus
1329 4185 1547 4240 nullam
1582 4202 1711 4242 esse
1739 4189 2151 4246 dif‘flnitionem

502 4281 748 4342 certam,
772 4275 1537 4347 integram,apprubandam,
1565 4276 1678 4330 nisi
1701 4292 1827 4331 eam
1866 4296 2036 4349 quam
2063 4279 2152 4333 di-

504 4370 645 4418 cunt
669 4362 1003 4434 philosophi
1038 4364 1512 4432 substantialem,
1548 4364 2025 4436 GreceodaubSn:
2051 4386 2153 4441 ap-

504 4451 779 4519 pellatur.
817 4452 963 4516 Quid
990 4460 1183 4509 autem
1220 4454 1608 4509 substantiale
1640 4455 1737 4521 sit,
1785 4457 1923 4511 alibi
1971 4457 2152 4529 expli-

2252 3310 2352 3365 per
2383 3293 2737 3348 differentias
2769 3309 2895 3363 que
2930 3296 3199 3362 poterant
3244 3292 3571 3355 convenire,
3624 3289 3683 3344 ad
3733 3298 3822 3355 prﬂ'
3908 3332 3909 3347 η

2252 3382 2561 3454 prietatem
2590 3383 2718 3451 ejus
2742 3381 2813 3436 de
2844 3398 2959 3452 quo
2990 3381 3367 3450 querebatur
3400 3379 3649 3453 pervenit
3675 3373 3823 3430 oratio.

2251 3474 2437 3542 Atque
2466 3471 2574 3526 hoc
2606 3476 2960 3541 preceptum
2982 3470 3313 3526 Tullianum
3341 3476 3453 3539 est,
3478 3482 3711 3539 eousque
3731 3474 3822 3516 eum

2254 3562 2353 3632 qui
2391 3560 2643 3615 diffiniat
2674 3559 2934 3615 oratione
2965 3559 3335 3630 interponere
3368 3565 3428 3616 et
3458 3560 3687 3628 adjicere
3708 3549 3820 3605 dill’e.

2256 3652 2475 3704 rentias
2506 3653 2794 3721 oportere,
2829 3666 3137 3720 quousque
3184 3650 3253 3704 ad
3309 3649 3695 3720 proprietatem
3736 3652 3821 3709 quo?

2247 3739 2373 3809 jam
2406 3737 2736 3793 communis
2767 3755 2895 3793 esse
2928 3755 3041 3793 non
3097 3737 3281 3810 possit
3338 3754 3530 3793 sermo
3578 3728 3821 3806 perveniat.

2253 3827 2811 3884 VerumAristoteles
2827 3826 3234 3883 diffinitionem
3257 3828 3568 3897 perfectam
3590 3822 3823 3893 etplenam
3908 3810 3909 3871 l

2257 3916 2337 3972 ait
2362 3916 2680 3972 consistere
2710 3933 2779 3971 ex
2809 3932 3019 3986 genere
3047 3919 3129 3985 get
3171 3916 3537 3971 differentiis.
3583 3914 3649 3967 Ex
3675 3916 3823 3981 genere

2258 4006 2433 4061 etiam
2466 4010 2523 4061 et
2553 4004 2897 4061 dilferentiis
2930 4004 3036 4059 hoc
3067 4004 3218 4060 idem
3240 4021 3347 4059 nos
3376 4020 3551 4075 supra
3568 3999 3825 4057 docuimus:
3908 3990 3909 4015 ἦ

2260 4112 2391 4150 cum
2425 4095 2771 4166 interposita
2800 4094 3024 4165 species
3050 4093 3381 4148 differentia
3437 4109 3542 4148 sua
3592 4088 3693 4144 alia
3737 4096 3821 4152 qm
3908 4112 3909 4141 ξ

2261 4188 2510 4257 possunt
2538 4200 2666 4239 esse
2697 4182 3024 4239 consimilia
3054 4188 3371 4252 separaret.
3429 4180 3659 4247 Quidam
3686 4179 3822 4227 tamen

2261 4273 2552 4329 cautiores
2585 4274 2991 4345 plenioresque
3025 4272 3083 4326 in
3112 4272 3375 4327 docendo
3407 4263 3737 4326 diffinitionis
3759 4259 3821 4327 ip-

2261 4362 2384 4419 sius
2408 4362 2576 4434 quasi
2607 4362 2873 4434 quedam
2892 4361 3551 4424 membraconstituunt,
3582 4356 3822 4434 dicuntque
3908 4400 3909 4427 ξ

2263 4468 2391 4507 eam
2424 4432 2737 4523 perfectam
2770 4450 3179 4505 diffinitionem
3212 4450 3389 4505 istam
3442 4462 3607 4519 quam
3660 4432 3820 4510 appello

506 4540 781 4592 candum.
816 4540 901 4593 Ad
962 4541 1354 4611 cognitionem
1406 4542 1639 4597 interim
1692 4542 1833 4598 illud
1888 4547 2145 4614 accedat,
2182 4551 2225 4614 D
2257 4541 2705 4599 substantialem
2740 4556 2808 4595 ex
2840 4540 3102 4611 quinque
3133 4537 3503 4611 partibus,id
3530 4540 3629 4599 est,
3657 4536 3821 4597 sentire,

507 4628 735 4698 quoties
768 4628 836 4680 de
864 4626 1058 4697 aliquo
1095 4630 1375 4699 queritur
1397 4632 1532 4701 quid
1564 4631 1659 4699 sit,
1682 4639 1821 4688 tunc
1841 4651 2007 4705 posse
2024 4651 2153 4692 esse

509 4720 727 4771 certam
763 4732 827 4769 ac
852 4716 1298 4773 substantialem
1324 4720 1755 4789 diffinitionem,
1776 4724 2003 4793 quoties
2025 4726 2152 4795 ejus

510 4804 592 4858 rei
627 4806 693 4859 de
727 4821 843 4875 qua
875 4806 1174 4875 queritur,
1200 4811 1265 4861 ut
1288 4807 1565 4878 diximus,
1589 4826 1776 4880 genus
1801 4814 2161 4882 ponimus,et

507 4891 643 4947 inde
682 4898 887 4948 cetera
918 4910 1018 4965 per
1048 4894 1407 4950 differentias
1437 4897 1494 4951 in
1528 4899 1787 4953 oratione
1844 4901 2157 4973 subjungi-

510 4999 662 5036 mus.
696 4982 818 5037 Non
854 4982 1108 5037 alienum
1143 4983 1375 5038 videtur
1428 4986 1756 5056 exemplum
1820 5005 2052 5059 ponere,
2103 4996 2160 5047 et

507 5072 593 5127 sic
624 5073 693 5126 ad
729 5071 954 5144 reliqua
985 5089 1112 5143 que
1138 5074 1549 5128 suntobscura
1570 5076 1836 5131 transire.
1869 5080 2160 5143 Queritur

510 5161 683 5215 homo
718 5161 856 5230 quid
892 5161 990 5227 sit,
1026 5162 1160 5215 huic
1193 5161 1394 5231 utique
1423 5179 1607 5232 genus
1629 5168 1716 5219 est
1746 5165 1981 5221 animal.
2010 5168 2154 5225 Cum

508 5248 692 5318 igitur
724 5247 782 5301 in
816 5248 1169 5303 dilfinitione
1192 5265 1319 5320 que
1350 5249 1648 5321 explicabo
1680 5253 1817 5322 quid
1853 5254 1930 5309 sit
1959 5255 2155 5329 homo,

509 5335 727 5390 animal
762 5335 982 5405 dixero,
1012 5354 1078 5391 ac
1105 5336 1313 5392 deinde
1345 5338 1570 5410 reliqua
1628 5348 1989 5413 connectam,
2049 5347 2159 5401 erit

512 5424 925 5481 substantialis
958 5426 1258 5483 diffinitio.
1289 5428 1688 5483 Substantiam
1721 5431 1876 5486 enim
1902 5433 2158 5491 hominis

510 5512 798 5568 declaravi
826 5531 956 5569 cum
979 5515 1093 5569 dixi
1115 5514 1358 5570 animal.
1387 5522 1523 5571 ltem
1551 5533 1683 5572 cum
1703 5536 1897 5589 quero
1921 5522 2058 5592 quid
2083 5524 2160 5578 sit

510 5601 708 5658 album
743 5608 846 5658 aut
877 5604 1135 5674 nigrum,
1168 5604 1213 5659 si
1250 5606 1445 5661 dixero
1468 5605 1667 5661 album
1700 5613 1790 5663 est
1819 5608 1995 5679 color,
2020 5612 2160 5682 quia

2264 4631 2477 4704 specie,
2509 4631 2856 4693 differentia,
2890 4628 3200 4694 accidenti,
3235 4628 3490 4699 proprio,
3524 4623 3705 4678 debere
3728 4626 3821 4668 con-

2264 4722 2490 4777 sistere.
2551 4720 2659 4774 Sed
2714 4719 2983 4774 accidens
3041 4718 3099 4773 in
3159 4717 3506 4773 diffinitione
3569 4708 3819 4767 minimum,

2271 4810 2566 4883 proprium
2603 4809 2924 4879 plurimum
2959 4806 3128 4862 valet.
3157 4806 3221 4860 Et
3240 4812 3391 4860 recte
3423 4802 3639 4875 quidem
3661 4810 3713 4850 ac
3737 4799 3821 4883 rem

2269 4899 2381 4953 ista
2407 4901 2889 4965 commemorant,
2924 4913 3025 4951 nec
3060 4895 3268 4959 aliena,
3303 4898 3403 4948 aut
3432 4878 3815 4969 aprincipehaf
3908 4896 3909 4903 ‘

2269 5004 2396 5042 rum
2432 4988 2647 5041 artium
2683 4985 3007 5050 Aristotele,
3033 4988 3134 5037 aut
3164 5000 3197 5037 a
3228 4982 3305 5036 M.
3330 4980 3517 5035 Tullio
3540 4975 3627 5048 qui
3656 4972 3712 5025 de
3730 4967 3815 5059 islls

2270 5087 2547 5147 precepts
2563 5073 3271 5143 tradideruntjudicanda
3290 5077 3446 5126 sunt.
3484 5066 3692 5123 Constat
3709 5064 3812 5109 enim

2268 5165 2360 5220 his
2383 5168 2641 5235 quinque
2673 5164 2939 5235 partibus
2970 5161 3145 5216 veluti
3190 5159 3463 5214 membris
3518 5152 3628 5210 suis
3656 5149 3815 5236 integr“

2266 5234 2575 5320 difﬁnitior;
2593 5234 2788 5308 verum
2812 5258 2869 5307 et
2892 5249 3255 5317 Aristoteles,
3278 5249 3335 5302 in
3359 5245 3517 5301 libris
3535 5234 3813 5326 quos'fopic!

2268 5341 2827 5414 appellavit,docuit
2880 5340 3013 5410 quid
3074 5355 3261 5410 genus
3320 5338 3417 5403 sit,
3465 5332 3591 5404 quid
3637 5328 3811 5414 speCIei.

2267 5410 2408 5503 quid
2431 5410 2779 5497 differentia,
2809 5432 2946 5503 quid
2981 5430 3304 5502 prOprium,
3333 5432 3388 5481 et
3417 5422 3543 5493 quid
3595 5410 3808 5503 accidens:

2267 5494 2333 5574 ἐι
2357 5520 2592 5591 plurimi
2620 5494 2897 5591 praeterea
2919 5494 3252 5590 philosophi
3284 5494 3446 5569 libris
3476 5494 3807 5591 suiscomplf’x}

2267 5581 2476 5665 harum
2507 5581 2635 5664 vim.
2657 5625 2852 5665 rerum
2883 5581 2939 5665 et
2970 5605 3289 5679 potentiam
3342 5594 3686 5657 declararunt.
3732 5581 3807 5634 Ms
