3982 6156
143 302 229 357 909

1014 302 1425 360 TOPICORUM
1464 302 1935 359 ARISTOTELIS
1973 306 2578 363 INTERPRETATIO.

3402 307 3509 363 910

137 428 243 497 ejus
262 424 344 497 qui
366 425 511 482 sitin
531 425 833 499 republica
858 444 991 483 cum
1018 433 1304 500 potestate
1326 428 1593 500 degentis
1617 427 1730 482 dif—
1766 428 1819 495 Α
1851 444 2025 498 quam
2055 427 2229 500 leges,
2265 431 2689 486 advertendum
2726 432 2887 502 quod
2932 431 3225 488 Antonius
3285 430 3509 487 dixerat

136 516 244 570 linit
270 517 407 587 leges
439 533 606 577 esse;
638 520 950 587 Antonius,
977 518 1386 591 chirographa.
1422 519 1568 591 Ergo
1625 535 1733 573 sua

1854 516 2247 589 chirographa
2267 521 2846 592 esse,consequentia
2869 522 3182 592 diligenter
3202 523 3509 587 advertens

135 608 354 662 oratione
376 607 571 662 Cicero
595 612 652 663 et
683 609 982 679 dillinit,et
1000 611 1364 681 approbat,ei
1390 609 1625 664 deducit
1661 609 1731 663 ad
1838 606 2055 663 falsam
2087 608 2254 665 docet
2274 610 2685 666 dil'ﬁnitionem
2707 611 2808 666 sic:
2830 610 2879 666 ls
2898 611 2997 683 qui
3024 611 3182 665 estin
3199 617 3509 683 potestate,

131 695 371 766 speciem,
403 702 460 750 et
490 697 744 752 destruit
773 699 1183 755 dil‘ﬁnitionem
1216 701 1471 754 adversae
1530 700 1733 769 partis.

133 784 377 840 Dilfinitio
400 786 691 842 Ciceronis
721 796 805 843 est
832 788 950 844 haec
985 805 997 842 ε
1023 790 1090 843 Et
1119 790 1257 860 quid
1285 792 1372 844 est
1428 789 1582 859 quod
1617 793 1733 843 tam

127 875 329 946 proprie
357 876 473 930 dici
508 877 695 948 possit
726 881 919 933 actum
946 879 1075 949 ejus
1099 879 1198 949 qui
1231 883 1461 950 togatus
1486 877 1539 932 in
1583 892 1737 933 rem-

127 963 391 1036 publicam
422 982 556 1020 cum
588 971 871 1036 potestate
900 972 957 1022 et
1016 969 1260 1038 imperio
1317 973 1582 1023 versatus
1639 967 1737 1032 sit,

125 1071 279 1125 quam
309 1053 445 1125 lex'f?
478 1054 687 1111 deinde
708 1057 1092 1128 subjungitur
1112 1059 1239 1128 ejus
1256 1055 1624 1112 dilﬁnitionis
1647 1072 1745 1126 ap-

121 1146 359 1216 probatio
390 1145 499 1201 hoc
530 1147 721 1203 modo:
746 1152 946 1213 Quaere
968 1154 1095 1204 acta
1125 1148 1559 1219 Gracchi,leges
1582 1147 1745 1203 Sem-

121 1233 315 1304 proniae
348 1236 739 1306 proferentur.
774 1237 962 1300 Quare
993 1236 1185 1308 Syllae,
1243 1237 1542 1300 Corneliae,
1600 1236 1741 1307 quid

119 1323 466 1395 Ch.Pompeii
493 1326 706 1381 tertius
730 1326 1166 1394 consulatus,in
1196 1327 1411 1397 quibus
1434 1327 1580 1383 actis
1611 1342 1746 1381 con-

119 1412 303 1469 sistit?
324 1430 531 1486 nempe
552 1413 876 1487 inlegibus;
906 1415 1029 1471 haec
1049 1417 1391 1488 approbatio
1414 1414 1749 1471 est.Deinde

119 1503 442 1574 adiungitur
464 1504 739 1559 deductio
763 1503 1137 1561 dil’ﬁnitionis
1158 1508 1225 1561 ad
1259 1505 1534 1576 speciem.
1557 1506 1594 1559 Δ
1627 1503 1749 1559 Βεθ-

119 1609 239 1648 sare
267 1592 385 1664 ipso
419 1594 468 1648 si
502 1610 728 1665 quaeres
751 1596 1046 1665 quodnam
1066 1596 1284 1667 egisset
1326 1596 1387 1649 in
1410 1594 1561 1650 Urbe
1583 1598 1640 1649 et
1690 1592 1747 1646 in

115 1682 417 1754 toga,leges
447 1683 667 1738 multas
693 1685 1004 1754 respondet
1026 1702 1087 1740 se
1115 1692 1166 1740 et
1188 1684 1496 1755 praeclaras
1519 1682 1747 1737 tulisse.

1844 700 1933 749 est
1966 697 2022 750 in
2058 699 2396 769 republica;
2422 716 2549 755 cum
2581 702 2766 770 egerit
2796 698 3245 771 aliquid,actum
3273 706 3508 755 mutare

1855 801 1967 840 non
1996 792 2208 857 potest,
2246 790 2353 844 hoc
2382 791 2664 860 competit
2684 790 2893 861 legi,ut
2925 806 3059 845 cum
3098 789 3212 844 lata
3246 791 3323 843 sit
3356 806 3511 843 nun—

1863 892 2039 946 quam
2101 894 2134 932 a
2191 877 2375 933 latore
2435 884 2717 936 mutetur.
2778 882 2844 935 At
2905 896 3039 935 vero
3093 879 3506 949 chirographa,

1854 966 1993 1035 quia
2020 967 2382 1024 domesticus
2415 975 2581 1025 actus
2604 970 2871 1036 est,hanc
2896 970 3377 1040 consequentiam
3405 970 3501 1024 ha-

1852 1055 2073 1124 bent,et
2108 1061 2168 1111 ut
2198 1062 2585 1125 mutentur,et
2613 1075 2767 1130 saepe
2793 1076 2905 1113 non
2928 1058 3315 1129 proferantur.
3354 1058 3501 1128 Ergo

1855 1143 1932 1198 M.
1959 1144 2187 1200 Tullius
2220 1146 2301 1200 ita
2325 1146 2701 1218 reprehendit
2722 1147 3114 1220 chirographa
3138 1152 3333 1202 actum
3385 1164 3501 1203 non

1856 1234 2153 1305 esse,quia
2182 1241 2608 1306 consequenter
2642 1252 2752 1292 non
2789 1236 3005 1291 habent
3035 1242 3223 1303 actus,
3253 1237 3455 1291 dicens
3488 1253 3502 1292 :

1854 1322 2255 1394 Chirographa
2276 1341 2405 1379 vero
2424 1328 2525 1381 aut
2548 1331 2931 1393 mutaret,aut
2961 1343 3074 1381 non
3100 1327 3263 1381 daret
3286 1344 3299 1393 ;
3320 1330 3422 1380 aut
3452 1324 3505 1380 si

1855 1412 2255 1482 dedisset,non
2284 1414 2427 1469 istas
2452 1431 2543 1469 res
2562 1415 2617 1468 in
2639 1417 2785 1470 actis
2806 1416 2932 1470 suis
2955 1416 3213 1470 diceret:
3240 1416 3338 1470 sed
3363 1415 3505 1485 quia

1854 1516 1956 1571 per
1986 1500 2427 1556 concessionem
2461 1503 2823 1575 reprehensi,
2849 1504 2949 1558 sed
2982 1521 3050 1559 ea
3075 1505 3202 1574 ipsa
3223 1504 3503 1569 concedo,

1855 1606 1919 1644 ac
1942 1590 2296 1659 quibusdam
2322 1591 2498 1646 etiam
2520 1593 2577 1645 in
2601 1593 2774 1647 rebus
2802 1594 3082 1649 conniveo
3110 1611 3123 1659 ;
3150 1594 3207 1648 in
3230 1594 3503 1647 maximis

1855 1696 1991 1734 vero
2025 1681 2220 1749 rebus,
2254 1679 2309 1734 id
2344 1686 2431 1735 est
2464 1681 2521 1735 in
2553 1680 2804 1752 legibus,
2842 1687 2968 1738 acta
2990 1683 3235 1738 Caesaris
3254 1683 3503 1737 dissolvi

114 1772 373 1844 Sequitur
404 1774 760 1845 reprehenso
802 1774 1479 1869 difﬁnitionisnadversaa
1539 1770 1742 1869 partis,
1778 1807 1822 1869 Β
1858 1768 2781 1869 ferendumnonputo.Adjungit
2802 1772 3076 1869 posthac
3100 1772 3505 1843 reprehensio-

114 1879 286 1935 eaque
316 1864 379 1917 fit
406 1863 690 1934 bipartito
714 1879 729 1918 :
756 1862 1028 1918 autenim
1056 1879 1123 1918 ex
1153 1862 1272 1918 illis
1288 1862 1563 1917 omnibus
1586 1858 1742 1914 vitiis

112 1952 321 2024 aliquid
351 1952 408 2006 in
432 1969 499 2007 ea
531 1952 982 2023 reprehensione
1041 1951 1431 2019 concluditur,
1464 1955 1565 2005 aut
1612 1965 1744 2003 con-

111 2059 266 2098 cesso
289 2058 349 2096 eo
368 2042 521 2112 quod
546 2041 858 2097 adversarii
880 2042 1085 2096 dicunt
1101 2058 1197 2112 per
1220 2040 1740 2111 comparationem,

110 2131 289 2203 magis
313 2132 415 2186 hoc
433 2148 561 2187 esse
582 2131 733 2201 quod
757 2147 861 2186 nos
884 2130 1139 2185 dicimus
1167 2131 1581 2201 approbamus.
1639 2128 1743 2184 Hic

109 2227 418 2291 utrumque
451 2220 525 2276 M.
560 2219 788 2275 Tullius
822 2218 1129 2275 facit.Nam
1161 2224 1219 2274 et
1247 2220 1317 2274 de
1344 2219 1500 2274 vitiis
1526 2218 1622 2274 illa
1649 2236 1742 2291 po-

110 2310 195 2365 nit
219 2315 283 2366 ut
313 2309 518 2365 falsam
554 2308 966 2364 dilﬁnitionem
997 2309 1220 2375 doceat,
1260 2312 1318 2364 et
1375 2314 1630 2380 turpem,
1684 2314 1742 2363 et

107 2398 398 2455 inutilem.
427 2406 504 2454 Ac
536 2399 745 2454 deinde
776 2398 1303 2469 corcedensmagis
1325 2414 1494 2454 suam
1517 2398 1738 2453 confir-

101 2495 223 2546 met
254 2490 686 2556 dilﬁnitionem,
711 2489 987 2560 dicatque
1019 2488 1560 2558 potiorem.Falsam
1585 2488 1743 2543 diffi-

97 2580 386 2637 nitionem
419 2580 502 2636 sic
534 2580 733 2635 Cicero
758 2579 964 2651 probat
992 2578 1337 2633 excutienda
1364 2581 1519 2649 quod
1540 2594 1742 2633 conse-

96 2687 291 2743 quens
309 2670 405 2736 sit;
428 2668 522 2723 his
547 2667 700 2724 enim
727 2668 1009 2740 probatur
1031 2667 1177 2722 falsa
1191 2667 1542 2733 difﬁnitio,si
1566 2683 1740 2723 suum

88 2758 403 2833 proprium
438 2775 552 2814 non
582 2758 813 2825 habeat,
837 2757 885 2812 si
922 2757 1106 2828 magis
1127 2756 1485 2812 contrarium
1512 2757 1740 2824 habeat,

86 2851 138 2905 si
179 2864 556 2919 consequens
582 2864 757 2902 suum
783 2863 894 2902 non
930 2850 1145 2915 teneat,
1173 2847 1222 2901 si
1253 2846 1425 2901 aliter
1461 2847 1618 2901 dicta
1665 2846 1743 2901 sit

85 2945 281 3008 atque
302 2937 360 2993 in
386 2936 542 3009 vulgi
567 2942 658 2993 est
677 2936 972 3007 Opinione.
994 2936 1096 2991 Hic
1128 2951 1263 3006 ergo
1287 2936 1564 3007 quoniam
1589 2952 1742 3005 quae-

82 3032 257 3086 ritur
273 3027 413 3100 quid
430 3028 506 3083 sit
523 3033 718 3083 actum
739 3027 919 3100 togati
939 3027 1081 3082 civis
1100 3026 1157 3080 in
1176 3026 1595 3095 rempublicam
1613 3045 1745 3083 cum

70 3123 388 3193 potestate
421 3117 717 3188 degentis,
750 3118 1098 3187 dictumque
1124 3123 1210 3171 est
1242 3116 1389 3171 nihil
1415 3118 1576 3173 aliud
1620 3135 1750 3174 esse
1786 3104 1830 3171 C

1858 1874 1988 1913 nem
2011 1858 2280 1914 similiter
2297 1860 2800 1931 duplicem,unam
2825 1878 2893 1916 ex
2911 1861 3063 1916 vitiis
3089 1868 3150 1916 ut
3172 1867 3228 1917 et
3251 1866 3488 1932 turpem

1854 1948 2280 2019 dit‘ﬁnitionem:
2311 1949 2487 2016 dicat,
2516 1955 2571 2005 et
2617 1950 2904 2006 inutilem.
2954 1951 3172 2006 Deinde
3226 1952 3505 2006 concedat

1851 2038 2238 2092 conclusurus
2259 2055 2328 2092 ex
2349 2040 2783 2109 comparatione
2797 2056 2960 2094 suam
2984 2039 3501 2109 potiorem,dicens

1852 2143 1980 2182 esse
1996 2132 2223 2198 turpem
2243 2127 2583 2182 etinutilem
2604 2129 2658 2184 in
2677 2128 3020 2199 hujusmodi
3042 2130 3195 2184 dicto
3210 2130 3364 2200 quod
3380 2136 3493 2196 est,

1852 2215 1966 2271 nisi
1990 2216 2220 2283 sorte,si
2244 2217 2383 2287 quid
2408 2218 2700 2272 memoriaa
2723 2234 2902 2273 causa
2923 2218 3188 2273 retulitin
3208 2218 3495 2287 libellum,

1851 2306 1909 2362 id
1943 2305 2355 2361 numerabitur
2376 2306 2433 2360 in
2454 2306 2696 2363 actis.Et
2717 2308 2984 2377 quamvis
3007 2308 3273 2378 iniquum
3295 2314 3350 2363 et
3372 2308 3501 2363 inu-

1852 2395 1952 2451 tile
1970 2394 2428 2463 sit,det‘enditur:
2452 2395 2717 2467 Equites
2738 2395 2922 2452 virtus
2945 2401 3055 2465 est;
3082 2398 3263 2453 virtus
3298 2403 3496 2453 autem

1853 2485 1983 2556 ipsa
2004 2484 2486 2557 honestum,ergo
2509 2484 2791 2556 iniquitas
2809 2488 3000 2558 turpis
3028 2488 3281 2558 est,quia
3303 2489 3500 2558 turpi-

1852 2575 1996 2629 tudo
2028 2573 2321 2629 contraria
2352 2579 2443 2629 est
2471 2574 2788 2631 honestati.
2816 2575 2875 2630 Si
2926 2577 3107 2646 igitur
3165 2582 3396 2648 turpem
3449 2582 3508 2631 et

1851 2663 2128 2719 inutilem
2145 2662 2289 2733 ipsis
2304 2663 2495 2718 verbis
2509 2663 3510 2733 reprehenditdiffinitionem.Dein-

1856 2754 1927 2809 de
1954 2754 2551 2821 adjecitpostremum
2584 2752 2730 2808 illud
2766 2770 2869 2824 per
2900 2752 3338 2809 concessionem
3391 2754 3501 2809 hoc

1854 2844 2055 2900 modo:
2081 2844 2233 2915 quod
2268 2845 2337 2898 ad
2373 2843 2655 2915 populum
2688 2844 3032 2900 centuriatis
3062 2844 3320 2899 comitiis
3347 2844 3502 2914 tulit,

1859 2935 1915 2990 id
1952 2936 2009 2989 in
2043 2934 2190 2990 actis
2221 2934 2463 2989 Caesaris
2496 2951 2609 2990 non
2646 2936 2972 2991 habebitur.
3007 2940 3146 2989 Haec
3177 2940 3347 2990 acuto
3375 2952 3514 3006 quo-

1862 3042 1975 3097 que
2007 3024 2150 3080 satis
2185 3041 2313 3080 esse
2342 3024 2505 3080 duxi.

68 3246 2551 3278 Μ

992 3369 1732 3466 TOPICORUM
1797 3369 2633 3467 ARISTOTELIS

1565 3555 1781 3616 LIBRI
1826 3555 2054 3628 OCTO,

922 3707 1081 3768 AN.
1128 3708 1427 3770 MANL.
1475 3709 1674 3771 SEV.
1720 3708 2060 3771 BOETIO
2105 3706 2705 3768 INTERPRETE

1382 3979 1700 4065 LIBER
1770 3982 1903 4069 ΡΒ
1923 3982 2231 4070 IMUS.

626 4282 865 4339 CAPUT
908 4282 1224 4339 PRIMUM.

28 4372 279 4433 Primi
325 4373 652 4442 lapicorum
684 4373 821 4427 libri
854 4371 1173 4427 Aristotelis
1229 4386 1354 4442 quae
1383 4373 1639 4443 intentio,
1696 4378 1751 4428 et

536 4460 664 4514 quae
686 4443 1065 4499 ratiocinandi
1101 4447 1325 4515 species.

122 4548 544 4621 Propositum
580 4550 815 4621 quidem
846 4549 1065 4621 negotii
1095 4554 1151 4605 et
1194 4550 1539 4605 methodum
1585 4550 1750 4605 inve-

28 4643 206 4699 nire
237 4654 356 4710 per
388 4655 567 4709 quam
596 4639 921 4710 poterimus
942 4638 1285 4710 syllogizare
1307 4641 1377 4693 de
1406 4639 1566 4694 omni
1616 4656 1749 4710 pro-

28 4728 286 4804 posito
324 4727 687 4798 problemate
705 4744 773 4782 ex
799 4727 1222 4797 probabilibus.
1255 4734 1313 4783 et
1346 4728 1455 4799 ipsi
1480 4728 1750 4799 disputa-

1860 4284 2210 4341 Dialecticus
2226 4294 2415 4341 autem
2431 4285 2787 4359 sylogismus
2802 4289 2890 4341 est
2903 4285 2998 4357 qui
3018 4300 3084 4340 ex
3101 4282 3433 4357 probabilib
3447 4301 3481 4339 u

1862 4377 1950 4426 est
1979 4373 2279 4429 collectus.
2312 4374 2461 4429 Sunt
2494 4379 2691 4429 autem
2724 4389 2857 4428 vera
2882 4378 2938 4427 et
2981 4373 3173 4443 prima
3225 4388 3349 4442 quae
3394 4387 3511 4426 non

1866 4478 1965 4532 per
1993 4462 2237 4532 alia,ssd
2274 4479 2373 4531 per
2401 4479 2463 4518 se
2488 4464 2613 4534 ipsa
2661 4463 2835 4517 ﬁdem
2903 4462 3139 4517 habent.
3175 4466 3302 4516 Non
3349 4461 3510 4515 enim

1865 4556 2093 4622 oportet
2124 4552 2180 4606 in
2216 4551 2690 4621 disciplinaribus
2712 4551 3017 4623 principiis
3066 4550 3367 4623 inquirere
3414 4566 3522 4621 pro

1865 4646 1993 4711 pter
2022 4640 2200 4711 quod,
2233 4641 2335 4695 sed
2367 4641 2693 4696 secundum
2713 4642 3181 4712 unumquodque
3201 4639 3521 4711 principio.

1864 4745 1991 4782 rum
2015 4729 2207 4800 ipsam
2240 4745 2344 4800 per
2364 4746 2427 4785 se
2448 4747 2577 4785 esse
2596 4730 3139 4785 ﬁdem.Probabilia
3163 4736 3360 4783 autem
3384 4734 3526 4784 sunt

28 4826 317 4878 tionem
334 4819 697 4873 sustinentes
714 4817 1139 4872 nihildicemus
1155 4818 1761 4889 repugnansPrimum
1870 4834 1995 4889 quae
2023 4818 2301 4873 videntur
2331 4819 2631 4882 omnibus,
2652 4825 2751 4874 aut
2785 4820 3077 4890 plurimis,
3112 4824 3215 4873 aut
3239 4820 3523 4889 sapienti-

28 4914 275 4983 igitur
300 4908 619 4962 dicendum
648 4908 789 4979 quid
822 4913 911 4962 est
942 4907 1341 4979 syllogismus,
1376 4913 1433 4962 et
1466 4924 1597 4979 qum
1629 4909 1756 4977 ejus

28 4998 467 5063 differentiis,
502 4998 794 5068 quomodo
827 4997 1457 5052 sumaturdialecticus
1480 4997 1755 5068 syllogis-

30 5106 210 5147 mus
243 5108 263 5155 ;
296 5088 465 5142 hunc
494 5088 646 5142 enim
682 5088 1004 5157 qumrimus
1036 5088 1359 5142 secundum
1389 5089 1749 5158 propositum

28 5178 539 5252 negotium.Est
580 5178 776 5248 itaque
798 5176 1177 5248 syllogismus
1199 5176 1461 5232 oratioin
1487 5194 1599 5248 qua
1648 5194 1750 5249 po-

28 5273 85 5327 si
102 5271 205 5325 tis
229 5267 609 5339 quibusdam
631 5266 853 5337 aliquid
876 5265 1081 5320 aliuda
1100 5267 1387 5336 positis'ex
1404 5265 1751 5323 necessitate

27 5358 315 5417 accidit
349 5373 454 5427 per
482 5373 549 5411 ea
579 5373 707 5427 quis
739 5354 924 5425 posita
950 5360 1110 5410 sunt.
1152 5356 1577 5411 Demonstratio
1616 5373 1750 5413 vero

28 5454 147 5505 est
190 5446 464 5518 quando
492 5461 562 5500 ex
585 5446 737 5500 veris
760 5449 815 5499 et
847 5444 1054 5516 primis
1075 5443 1454 5517 syllogismus
1484 5445 1616 5513 erit,
1651 5448 1753 5500 aut

27 5556 112 5592 ex
162 5534 427 5591 talibus
461 5551 588 5606 qua:
621 5550 724 5605 per
757 5533 952 5603 aliqua
979 5533 1169 5604 prima
1197 5539 1254 5587 et
1284 5550 1415 5588 vera
1446 5535 1577 5603 ejus
1622 5550 1750 5604 quae

28 5630 221 5682 :irca
264 5624 416 5695 ipsa
445 5629 533 5678 est
562 5622 918 5693 cognitionis
950 5622 1306 5693 principium
1340 5628 1744 5694 sumpserunt.

1868 4910 1997 4974 bus,
2027 4913 2083 4962 et
2113 4908 2204 4963 his
2236 4908 2325 4963 vel
2358 4910 2661 4975 omnibus,
2693 4908 2779 4963 vel
2825 4908 3120 4979 plurimis,
3158 4909 3243 4961 vel
3268 4910 3525 4963 maxime

1867 4997 2261 5053 familiaribus
2278 5002 2335 5053 et
2366 4997 2973 5069 probatis.Litigiosus
3000 5003 3195 5052 autem
3221 5002 3311 5052 est
3351 4996 3525 5069 syllo-

1867 5085 2098 5157 gismus
2130 5087 2294 5141 exiis
2327 5104 2453 5157 quas
2494 5087 2772 5143 videntur
2798 5086 3150 5158 probabilia,
3212 5104 3325 5142 non
3387 5089 3527 5141 sunt

1867 5179 2087 5230 autem.
2120 5175 2189 5229 Et
2219 5175 2318 5246 qui
2350 5192 2419 5231 ex
2449 5174 2859 5247 probabilibus
2892 5177 3156 5247 quidem,
3197 5182 3299 5231 aut
3329 5192 3397 5230 ex
3451 5173 3524 5229 iis

1866 5281 1994 5335 qua:
2025 5263 2298 5319 videntur
2330 5265 2681 5336 probabilia,
2709 5274 2797 5321 est
2828 5282 3146 5337 apparens.
3182 5265 3306 5321 Non
3366 5264 3523 5321 enim

1867 5368 2041 5407 omne
2064 5354 2220 5423 quod
2244 5352 2477 5408 videtur
2508 5353 2811 5425 probabile
2839 5355 3013 5409 etiam
3057 5359 3147 5408 est
3195 5353 3525 5424 probabile,

1869 5442 2017 5497 nihil
2042 5444 2195 5498 enim
2225 5460 2425 5500 eorum
2452 5461 2577 5513 quae
2602 5443 3227 5515 dicunturprobabilia
3250 5445 3306 5499 in
3328 5460 3527 5515 super-

1870 5533 1999 5587 ﬁcie
2032 5532 2205 5588 habet
2235 5535 2476 5589 omnino
2512 5534 2905 5605 phantasiam,
2941 5530 3271 5586 velutcirca
3304 5533 3524 5602 litigio-

1862 5639 2063 5678 sarum
2098 5623 2573 5695 disputationum
2600 5622 2888 5694 principia
2920 5621 3129 5677 accidit
3159 5637 3221 5675 se
3260 5621 3515 5689 habere;
