4056 6176
310 324 416 379 913

1241 329 1655 384 TOPICORUM
1693 331 2158 386 ARISTOTELIS
2199 333 2808 388 INTERPRETATIO.

3626 335 3734 389 914

306 453 466 523 quod
502 467 616 506 non
649 450 804 506 idem
840 454 953 506 est.
988 452 1295 524 Proprium
1330 457 1523 507 autem
1558 457 1647 508 est
1673 454 1827 525 quod
1856 470 1968 509 non
2000 456 2053 522 Î‘
2083 459 2137 510 et
2159 471 2368 527 genus,
2390 460 2449 510 et
2473 455 2745 511 accidens
2774 456 2972 511 omnia
2994 456 3295 527 dicuntur,
3326 463 3385 514 et
3417 459 3487 514 ad
3521 459 3729 514 defini-

305 541 533 596 indicat
556 539 691 613 quid
718 545 809 595 est
832 556 981 607 esse,
1012 540 1121 595 soli
1147 546 1343 596 autem
1365 542 1537 611 inest,
1566 546 1623 596 et
1639 544 1967 598 conversim

305 631 668 702 praedicatur
689 631 759 684 de
783 646 843 685 re
868 635 931 684 ut
956 630 1260 702 proprium
1284 635 1373 685 est
1396 630 1655 686 hominis
1676 647 1969 703 gramma-

305 721 458 778 tices
483 735 613 775 esse
640 720 1062 789 susceptivum.
1086 724 1229 773 Nam
1255 720 1303 774 si
1332 719 1507 776 homo
1549 724 1662 788 est,
1693 725 1749 775 et
1772 737 1966 792 gram-

2078 544 2268 599 tiones
2300 545 2607 601 conveniet
2653 544 2788 600 dici.
2832 545 3219 601 Ostendentes
3259 547 3415 602 enim
3450 548 3726 618 quoniam

2079 650 2193 688 non
2227 634 2277 688 ei
2310 634 2418 689 soli
2451 636 2600 689 inest
2632 635 2784 705 quod
2802 640 2891 690 est
2913 636 3022 689 sub
3046 636 3727 707 definitione'(quemad-

2079 725 2315 779 modum
2340 728 2395 778 et
2417 726 2473 778 in
2501 722 2777 796 proprio),
2804 725 3197 796 autquoniam
3225 742 3337 780 non
3362 742 3547 796 genus
3570 728 3725 798 quod

308 809 555 866 matices
574 807 978 880 susceptibilis
1008 817 1120 876 est,
1151 809 1199 864 si
1232 809 1646 880 grammatices
1678 812 1971 882 suscepti-
2078 813 2444 885 assignatum
2473 818 2561 868 est
2610 814 2669 867 in
2730 814 3091 881 definitione,
3120 819 3222 869 aut
3274 816 3553 886 quoniam
3608 833 3723 870 non

307 916 454 955 vum
481 903 590 965 est,
625 903 682 953 et
708 897 886 953 homo
913 903 1023 954 est.
1060 898 1241 954 Nemo
1282 898 1439 954 enim
1492 899 1793 970 proprium
1826 895 1969 955 dicit

307 990 468 1062 quod
502 987 787 1058 contingit
831 988 928 1042 alii
984 988 1197 1057 inesse,
1234 994 1297 1043 ut
1326 987 1552 1044 homini
1582 988 1859 1055 dormire,
1895 1004 1966 1044 ne

301 1079 543 1151 quidem
576 1077 624 1131 si
659 1075 899 1132 forsitan
929 1092 1029 1147 per
1052 1075 1292 1148 aliquod
1318 1082 1551 1149 tempus
1576 1077 1730 1132 inest
1753 1076 1883 1132 soli.
1907 1077 1962 1131 Si

305 1174 508 1224 autem
546 1166 694 1221 forte
724 1164 953 1221 dicatur
983 1165 1205 1237 aliquid
1240 1166 1449 1221 talium
1497 1167 1823 1238 proprium,
1848 1184 1961 1222 non

300 1256 675 1329 simpliciter,
709 1255 1051 1326 aliquando,
1084 1255 1173 1312 vel
1197 1257 1268 1311 ad
1301 1257 1519 1328 aliquid
1554 1257 1800 1322 dicetur,
1825 1274 1961 1313 nam

300 1366 377 1405 ex
410 1347 629 1403 dextris
666 1344 903 1417 quidem
950 1363 1101 1411 esse,
1139 1345 1458 1417 aliquando
1518 1346 1818 1418 proprium
1851 1351 1959 1403 est.

302 1440 480 1512 Bipes
500 1442 691 1492 autem
718 1438 789 1491 ad
816 1435 1040 1507 aliquid
1069 1437 1372 1508 proprium
1397 1441 1488 1492 est
1506 1437 1745 1501 dictum,
1770 1442 1833 1491 ut
1857 1436 1960 1491 ho-

302 1529 456 1586 mini
490 1529 560 1583 ad
593 1543 811 1597 equum
847 1534 901 1581 et
932 1543 1161 1581 canem.
1195 1526 1353 1590 Quod
1390 1542 1581 1582 autem
1604 1543 1805 1581 eorum
1833 1542 1959 1596 quae

299 1618 661 1691 contingunt
680 1618 776 1673 alii
792 1619 986 1673 inesse
1002 1616 1233 1672 nullum
1249 1616 1571 1672 conversim
1592 1614 1958 1687 praedicatur,

301 1708 683 1765 manifestum
718 1711 847 1775 est;
883 1724 997 1761 non
1031 1705 1184 1761 enim
1211 1704 1607 1760 necessarium
1634 1708 1723 1759 est
1742 1704 1790 1758 si
1816 1703 1957 1775 quid

301 1798 552 1863 dormit,
584 1797 883 1853 hominem
917 1811 1069 1850 esse.
1097 1795 1292 1850 Genus
1325 1799 1520 1849 autem
1561 1800 1669 1861 est,
1699 1793 1852 1864 quod
1887 1793 1956 1847 de

302 1887 586 1960 pluribus
618 1892 675 1941 et
700 1884 1110 1941 differentibus
1135 1883 1325 1955 specie
1348 1883 1404 1937 in
1436 1900 1503 1938 eo
1518 1883 1668 1953 quod
1699 1882 1838 1953 quid
1864 1885 1954 1936 est

295 1977 677 2050 praedicatur.
700 1975 761 2030 ln
788 1991 854 2029 eo
879 1974 1033 2046 quod
1056 1973 1197 2043 quid
1226 1976 1315 2027 est
1333 1972 1632 2043 praedicari
1656 1988 1723 2025 ea
1745 1970 1952 2024 dicun-

294 2072 422 2134 tur,
457 2081 825 2137 quiscunque
854 2063 1123 2119 convenit
1156 2078 1290 2117 eum
1325 2061 1839 2133 quiinlerrogatus
1866 2062 1953 2113 est

292 2156 544 2211 reddere
567 2155 705 2226 quid
732 2159 823 2208 est
858 2154 1011 2225 quod
1052 2150 1414 2223 propositum
1434 2154 1543 2215 est,
1568 2149 1950 2220 quemadmo-

292 2246 445 2300 dum
479 2246 550 2300 de
581 2244 837 2309 homine,
868 2241 1135 2297 convenit
1157 2256 1290 2295 eum
1325 2240 1424 2311 qui
1451 2240 1842 2310 interrogatus
1864 2240 1953 2292 est

290 2336 440 2408 quid
474 2334 533 2389 id
563 2338 653 2390 est
674 2334 828 2404 quod
866 2330 1228 2403 propositum
1262 2334 1371 2397 est,
1405 2330 1597 2384 dicere
1629 2329 1783 2399 quod
1819 2326 1949 2381 ani-

291 2426 441 2481 mal.
470 2423 676 2479 Generi
709 2428 902 2478 autem
928 2422 1439 2477 accommodatum
1489 2422 1579 2473 est
1630 2423 1829 2472 utrum
1890 2416 1949 2471 in

290 2517 503 2573 eodem
532 2529 740 2585 genere
766 2510 923 2566 aliud
967 2510 1086 2576 alii,
1120 2526 1191 2563 an
1226 2510 1283 2564 in
1343 2508 1530 2564 ultero
1586 2507 1682 2563 sit.
1718 2506 1860 2561 Nam
1894 2510 1950 2561 et

290 2604 643 2675 hujusmodi
676 2604 786 2658 sub
817 2602 1017 2657 eadem
1052 2599 1323 2655 methodo
1355 2598 1512 2653 cadit
1541 2614 1673 2651 cum
1698 2611 1948 2668 genere;

291 2698 675 2767 disputantes
699 2693 855 2749 enim
875 2692 1029 2763 quod
1055 2688 1273 2745 animal
1296 2705 1482 2760 genus
1505 2687 1764 2743 hominis
1789 2684 1950 2741 simi-

292 2786 436 2841 liter
465 2790 522 2839 et
552 2784 766 2853 bonus,
799 2781 1173 2853 disputantes
1204 2779 1425 2833 erimus
1444 2777 1717 2849 quoniam
1743 2775 1865 2831 haec
1887 2774 1945 2829 in

288 2875 501 2931 eodem
526 2878 666 2930 sunt
686 2871 1005 2944 genere,sit
1027 2874 1219 2923 autem
1247 2867 1486 2923 alterius
1503 2867 1741 2937 quidem
1758 2871 1949 2920 osten-

288 2967 510 3021 damus
534 2964 689 3036 quod
711 2978 895 3034 genus
917 2958 1273 3027 est,alterius
1296 2963 1489 3012 autem
1517 2956 1670 3027 quod
1697 2973 1810 3011 non
1835 2961 1943 3025 est,

287 3057 670 3125 disputantes
702 3052 923 3107 erimus
956 3050 1231 3119 quoniam
1266 3064 1378 3101 non
1414 3048 1471 3101 in
1503 3048 1705 3102 eodem
1735 3062 1945 3118 genere

284 3144 415 3199 haec
448 3148 605 3199 sunt.
626 3140 910 3197 Accidens
933 3143 1124 3194 autem
1151 3136 1405 3207 estquod
1430 3134 1573 3190 nihil
1602 3134 1811 3190 horum
1836 3138 1943 3203 est,

2075 902 2255 967 inest,
2280 902 2501 973 aliquid
2544 919 2741 958 eorum
2788 920 2916 973 qua:
2940 904 2998 957 in
3026 904 3365 959 definitione
3398 904 3554 960 dicta
3584 910 3725 960 sunt

2074 992 2249 1063 (quod
2277 991 2517 1063 quidem
2533 991 2661 1046 etin
2678 991 2976 1047 accidente
2998 992 3112 1046 dici
3137 996 3365 1063 potest),
3388 993 3725 1048 interimen-

2073 1086 2161 1137 tes
2192 1081 2413 1135 erimus
2440 1080 2867 1135 definitionem.
2892 1080 3076 1143 Quare
3097 1083 3421 1137 secundum
3448 1081 3610 1154 prius
3634 1100 3724 1137 as-

2072 1170 2363 1241 signatam
2391 1169 2693 1237 ralionem,
2720 1169 2917 1224 omnia
2943 1175 3114 1225 erunt
3133 1171 3566 1241 quodammodo
3590 1171 3726 1225 defi-

2072 1258 2279 1313 nitioni
2300 1258 2799 1313 accommodanda
2824 1275 2951 1330 quae
2976 1264 3282 1314 numerata
3302 1264 3459 1315 sunt.
3479 1260 3587 1315 Sed
3611 1277 3722 1315 non

2070 1353 2311 1420 propter
2334 1348 2442 1403 hoc
2474 1364 2650 1402 unam
2672 1347 2731 1402 in
2764 1348 3041 1403 omnibus
3067 1348 3457 1404 universalem
3492 1349 3722 1404 metho-

2069 1438 2210 1493 dum
2236 1438 2643 1510 quaerendum,
2668 1454 2857 1508 neque
2887 1437 3044 1492 enim
3075 1436 3242 1493 facile
3276 1438 3538 1493 invenire
3570 1438 3722 1495 hanc

2068 1532 2178 1596 est,
2213 1532 2269 1582 et
2302 1526 2350 1581 si
2382 1525 2738 1591 inveniatur,
2771 1527 3011 1581 omnino
3043 1528 3293 1581 obscura
3341 1532 3398 1582 et
3456 1528 3718 1583 insuavis

2068 1615 2240 1689 plane
2274 1615 2448 1670 fuerit
2473 1616 2542 1669 ad
2579 1614 2946 1686 propositum
2975 1615 3297 1685 negotium.
3326 1614 3563 1686 Propria
3584 1632 3716 1671 vero

2068 1707 2125 1759 in
2153 1720 2506 1775 unoquoque
2550 1703 3067 1759 determinatorum
3100 1720 3379 1775 generum
3415 1703 3716 1775 assignate

2065 1794 2357 1858 methodo,
2382 1793 2549 1848 facile
2572 1810 2639 1847 ex
2661 1793 2734 1848 iis
2756 1810 2885 1865 qua:
2925 1793 3081 1848 circa
3104 1794 3561 1863 unumquodque
3583 1810 3713 1864 pro-

2067 1884 2193 1956 pria
2220 1884 2654 1938 suntdecursus
2678 1882 2962 1954 propositi
2984 1881 3105 1937 fieri
3142 1882 3349 1953 possit.
3375 1884 3562 1945 Quare
3587 1882 3716 1937 uni-

2064 1971 2372 2027 versaliter
2388 1972 2574 2043 figura
2597 1972 2834 2043 quidem
2850 1972 3368 2042 (quemadmodum
3386 1971 3605 2026 dictum
3630 1976 3718 2026 est

2066 2060 2247 2134 prius)
2272 2060 2653 2116 dividendum
2703 2066 2814 2130 est,
2865 2061 3225 2131 reliquorum
3258 2066 3455 2115 autem
3489 2078 3557 2115 ea
3587 2077 3715 2132 quae

2066 2149 2314 2204 maxime
2336 2154 2476 2205 sunt
2492 2148 2743 2220 singulis
2777 2150 3113 2221 peculiaria,
3134 2150 3565 2205 annectendum
3590 2166 3603 2216 ;
3628 2150 3717 2204 de-

2064 2239 2317 2295 finitioni
2355 2248 2409 2295 et
2464 2239 2663 2311 generi
2722 2240 3099 2296 accomodata
3157 2257 3224 2294 ea
3281 2244 3714 2311 nuncupantes,

2063 2345 2209 2400 pene
2224 2334 2415 2386 autem
2434 2330 2715 2400 adjuncta
2728 2334 2867 2385 sunt
2891 2329 3188 2400 quaedicta
3210 2330 3434 2385 suntad
3456 2328 3709 2399 singula.

2700 2464 2937 2520 CAPUT
2967 2464 3062 2520 VI.

2725 2555 2799 2610 De
2824 2554 3028 2610 eodem.

2133 2670 2391 2726 Primum
2408 2675 2603 2726 autem
2618 2670 2882 2725 omnium
2898 2671 2967 2725 de
2982 2671 3182 2725 eodem
3200 2670 3702 2725 determinandum

2059 2760 2292 2832 quoties
2315 2760 2550 2815 dicitur.
2566 2759 2870 2814 Videbitur
2891 2765 3084 2814 autem
3110 2760 3264 2814 idem
3294 2764 3359 2813 ut
3384 2758 3709 2830 figuraliter

2059 2849 2136 2903 sit
2158 2864 2413 2915 sumere,
2432 2846 3218 2919 lripliciterdividi.Numero
3237 2846 3415 2915 enim,
3444 2850 3545 2899 aut
3574 2862 3703 2916 spe-

2058 2936 2165 3005 cie,
2199 2941 2556 3008 autgenere,
2597 2936 2748 2990 idem
2783 2934 3042 2989 solemus
3084 2934 3397 3006 appellare.
3450 2938 3705 2989 Numero

2058 3025 2319 3097 quidem,
2344 3040 2595 3096 quorum
2623 3024 2864 3079 nomina
2902 3022 3093 3094 plura,
3118 3040 3209 3077 res
3242 3028 3435 3077 autem
3470 3040 3607 3087 una,
3643 3027 3707 3077 ut

2057 3116 2469 3170 indumentum
2501 3112 2771 3169 etvestis.
2789 3112 2991 3183 Specie
3020 3119 3215 3167 autem
3249 3128 3376 3183 quae
3408 3129 3539 3166 cum
3584 3114 3705 3167 sint

281 3248 483 3293 neque
506 3229 990 3299 definitio,neque
1014 3195 1337 3298 proprium,
1363 3241 1551 3295 neque
1574 3195 1942 3295 genus,inest
1978 3195 2020 3261 Î±
2060 3203 2252 3299 Î¡á½·Ï…Î¾ÎµÎ¿
2284 3202 2679 3299 â€œmitterent-ia
2709 3202 3189 3299 Î´Ï…Î·á½·ÎµÎ¸Î¸Ï…á¿Î¾á½±Î¹Î¾Ï‰
3212 3201 3489 3299 Speciem:
3510 3205 3575 3299 ul
3597 3201 3705 3299 b9-

282 3326 487 3377 autem
523 3320 646 3387 rei;
680 3324 738 3374 ct
778 3318 933 3389 quod
984 3316 1272 3387 contingit
1319 3316 1509 3369 inesse
1541 3314 1728 3367 cuivis
1756 3310 1857 3366 uni
1888 3315 1945 3365 et

282 3411 571 3477 eidem,et
590 3425 703 3462 non
730 3405 1229 3474 inesse,utsedere
1251 3400 1746 3473 contingitinesse
1768 3398 1943 3455 alicui

284 3500 506 3567 eidem,
539 3502 595 3553 et
627 3513 741 3552 non
795 3496 1011 3551 inesse.
1047 3493 1333 3550 Similiter
1390 3496 1585 3546 autem
1616 3494 1672 3545 et
1719 3489 1942 3565 album,

287 3605 433 3645 nam
466 3593 522 3643 et
550 3586 739 3642 eidem
778 3584 924 3639 nihil
987 3583 1254 3655 prohibet
1310 3580 1663 3652 quandoque
1719 3578 1942 3646 album,

289 3680 655 3751 quandoque
687 3693 803 3732 non
839 3674 1035 3730 album
1059 3690 1209 3730 esse.
1239 3674 1341 3729 Est
1370 3676 1563 3727 autem
1622 3669 1943 3726 accidentis

288 3769 707 3825 definitionum
735 3766 995 3821 secunda
1019 3764 1263 3819 melior:
1296 3778 1429 3817 nam
1455 3778 1587 3817 cum
1603 3758 1944 3831 diciturpri-

287 3876 413 3925 ma,
442 3856 840 3913 necessarium
875 3858 964 3910 est
994 3854 1043 3909 si
1072 3853 1242 3908 debet
1272 3849 1771 3923 quisintelligere,
1796 3865 1943 3920 prie-

285 3949 443 4005 scire
473 3947 613 4019 quid
647 3950 737 4001 est
782 3944 1092 4013 terminus,
1127 3946 1183 3998 et
1241 3958 1447 4013 genus,
1479 3945 1537 3995 et
1595 3940 1895 4011 proprium
1926 3955 1941 4006 ;

282 4037 549 4094 secunda
573 4039 769 4091 autem
795 4034 1050 4106 perfecta
1073 4036 1159 4087 est
1183 4031 1253 4085 ad
1278 4029 1753 4101 cognoscendum
1777 4027 1941 4099 (quid

282 4134 378 4184 est
404 4126 560 4198 quod
595 4125 837 4191 dicitur)
874 4140 975 4194 per
1005 4138 1087 4177 se.
1120 4123 1527 4177 Anneclantur
1567 4124 1762 4172 autem
1792 4115 1943 4171 acci-

283 4215 448 4271 denti
472 4219 530 4269 et
552 4231 679 4285 quae
699 4213 769 4267 ad
795 4228 856 4267 se
884 4211 1132 4265 invicem
1156 4206 1772 4279 suntcomparationes
1794 4221 1943 4275 quo-

286 4306 435 4361 libet
466 4304 638 4359 modo
669 4304 741 4357 ab
761 4302 1065 4357 accidente
1084 4300 1271 4365 dictae,
1298 4302 1363 4353 ut
1384 4302 1583 4352 utrum
1606 4296 1940 4364 honestum,

284 4412 363 4449 an
397 4394 551 4464 quod
585 4392 830 4458 confert,
862 4388 1258 4463 expetibilius,
1291 4391 1348 4443 et
1369 4390 1567 4441 utrum
1592 4401 1721 4457 qua:
1744 4388 1832 4439 est
1852 4401 1944 4439 se-

288 4484 554 4537 cundum
590 4482 889 4547 virtutem,
924 4496 996 4534 an
1029 4495 1151 4549 quae
1202 4477 1525 4533 secundum
1581 4472 1941 4543 voluptatem

287 4571 530 4627 suavior
557 4571 697 4639 vita,
729 4574 785 4625 et
816 4569 865 4622 si
901 4567 1037 4639 quid
1071 4566 1228 4621 aliud
1263 4564 1532 4620 similiter
1561 4563 1654 4618 his
1711 4566 1801 4617 est
1856 4561 1944 4617 di-

286 4664 473 4720 ctum.
498 4659 552 4712 in
579 4658 858 4712 omnibus
881 4656 1036 4712 enim
1069 4654 1286 4710 talibus
1321 4655 1432 4708 utri
1468 4653 1653 4722 magis
1672 4652 1942 4722 praedica-

282 4755 418 4803 tum
454 4747 685 4812 accidit,
720 4745 971 4816 quaestio
1006 4746 1087 4799 fit.
1124 4744 1502 4799 Manifestum
1529 4747 1618 4797 est
1653 4747 1845 4795 autem
1872 4757 1937 4795 ex

284 4837 384 4893 his
410 4835 689 4908 quoniam
718 4834 991 4891 accidens
1015 4832 1159 4888 nihil
1185 4832 1475 4904 prohibet,
1508 4835 1565 4886 et
1595 4831 1849 4901 quando,
1884 4834 1942 4883 et

286 4926 361 4981 ad
379 4924 600 4996 aliquid
623 4923 923 4996 prOprium
942 4922 1088 4990 ï¬eri,
1106 4921 1383 4977 utsedere
1397 4936 1529 4974 cum
1546 4920 1623 4974 sit
1648 4917 1941 4987 accidens,

288 5015 529 5086 quando
556 5015 689 5084 quis
720 5013 883 5069 solus
916 5014 1098 5078 sedet,
1124 5016 1265 5066 tunc
1291 5009 1607 5081 aliquando
1640 5008 1941 5080 proprium

288 5103 405 5159 erit
428 5120 441 5167 ;
461 5102 585 5157 solo
618 5119 753 5156 vero
785 5101 1133 5167 sedente,ad
1160 5116 1273 5155 non
1298 5099 1569 5154 sedentes
1596 5097 1901 5169 pr0prium
1926 5111 1940 5151 :

289 5207 477 5263 quare
495 5196 551 5246 et
573 5191 643 5245 ad
688 5191 1004 5262 aliquid,et
1032 5189 1349 5262 aliquando
1374 5186 1517 5243 nihil
1544 5187 1815 5258 prohibet
1846 5202 1943 5240 ac-

290 5281 496 5336 cidens
522 5279 825 5351 proprium
850 5278 995 5348 fieri,
1027 5276 1376 5350 simpliciter
1416 5281 1609 5332 autem
1644 5276 1942 5346 proprium

294 5386 414 5425 non
446 5368 579 5425 erit.

952 5456 1182 5512 CAPUT
1221 5455 1289 5510 V.

292 5547 447 5616 Quod
478 5556 689 5605 caetera
714 5546 1017 5619 praedicata
1049 5543 1571 5619 aliquidclaudant
1608 5559 1796 5599 eorum
1826 5558 1948 5615 qua:

853 5618 1106 5687 deï¬nitio
1135 5616 1405 5672 continet.

373 5706 499 5765 Non
532 5708 710 5766 lateat
725 5711 920 5765 autem
940 5724 1047 5765 nos
1068 5706 1348 5779 quoniam
1372 5722 1500 5777 qua:
1528 5706 1599 5761 ad
1620 5704 1947 5777 proprium,

2050 3309 2144 3347 mo
2167 3291 2415 3357 homini,
2437 3308 2627 3363 equus
2651 3308 2839 3363 equo;
2875 3307 3008 3346 nam
3036 3291 3379 3362 hujusmodi
3405 3292 3597 3361 specie
3618 3291 3699 3345 di-

2048 3388 2282 3448 cuntur,
2299 3398 2662 3452 quaacunque
2684 3380 2795 3435 sub
2810 3381 3012 3435 eadem
3029 3379 3214 3452 specie
3234 3386 3393 3434 sunt.
3415 3379 3702 3435 Similiter

2049 3476 2244 3526 autem
2269 3475 2325 3526 et
2353 3486 2564 3543 genere
2587 3471 2813 3535 eadem,
2835 3486 3196 3540 quascunque
3237 3470 3346 3524 sub
3369 3469 3569 3524 eodem
3595 3485 3693 3541 ge-

2049 3577 2186 3615 nere
2209 3564 2366 3624 sunt,
2394 3563 2455 3614 ut
2479 3576 2667 3630 equus
2688 3558 2931 3613 homini.
2960 3558 3264 3613 Videbitur
3285 3563 3477 3613 autem
3504 3559 3574 3612 ab
3598 3574 3696 3613 eo-

2048 3650 2180 3704 dem
2200 3650 2356 3703 fonte
2384 3665 2557 3719 aqua,
2573 3665 2700 3716 quis
2716 3648 2916 3703 eadem
2942 3647 3185 3714 dicitur,
3202 3648 3415 3702 habere
3434 3647 3693 3718 aliquam

2049 3738 2436 3794 differentiam
2471 3742 2679 3809 praeter
2707 3738 2893 3791 dictos
2910 3737 3135 3791 modos.
3154 3741 3270 3791 Non
3293 3739 3624 3803 tamen,sed
3641 3742 3697 3791 et

2049 3826 2390 3897 hujusmodi
2423 3826 2480 3880 in
2514 3828 2716 3881 eodem
2747 3826 3052 3881 ordinetur
3089 3826 3161 3881 iis
3202 3842 3329 3897 qua:
3370 3826 3693 3881 secundum

2050 3932 2226 3970 unam
2252 3915 2506 3988 speciem
2523 3932 2760 3987 quoquo
2778 3916 2949 3971 modo
2966 3915 3119 3969 dicta
3134 3921 3271 3970 sunt
3292 3915 3519 3970 :omnia
3539 3915 3693 3970 enim

2048 4005 2189 4059 talia
2216 4009 2463 4075 cognata
2493 4010 2550 4059 et
2580 4004 2781 4060 affinia
2811 4005 2921 4059 sibi
2950 4004 3199 4059 invicem
3232 4004 3504 4059 videntur
3528 4020 3695 4059 esse:

2049 4110 2186 4148 nam
2218 4093 2411 4149 omnis
2444 4110 2591 4163 aqua
2623 4094 2779 4148 omni
2813 4110 2977 4164 aquas
3007 4093 3209 4147 eadem
3244 4092 3436 4162 specie
3459 4093 3694 4157 dicitur,

2050 4198 2116 4236 eo
2136 4183 2290 4253 quod
2308 4182 2518 4236 habeat
2540 4183 2857 4253 quamdam
2881 4180 3330 4236 similitudinem
3360 4181 3461 4247 ;ab
3490 4182 3692 4235 eodem

2051 4274 2247 4327 autem
2282 4271 2436 4325 fonte
2457 4287 2610 4341 aqua
2640 4287 2767 4341 qua:
2798 4270 3001 4326 eadem
3026 4269 3240 4323 dicitur
3264 4268 3421 4323 nullo
3444 4268 3557 4323 alio
3584 4270 3693 4323 dif-

2050 4359 2181 4427 fert,
2198 4377 2373 4430 quam
2390 4375 2455 4414 eo
2470 4359 2623 4430 quod
2644 4358 3041 4413 vehementior
3053 4356 3467 4413 sitsimilitudo
3486 4374 3496 4411 :
3516 4374 3695 4429 quare

2054 4466 2167 4504 non
2200 4466 2538 4521 separamus
2572 4448 2724 4502 idem
2759 4448 2831 4502 ab
2864 4447 2936 4501 iis
2980 4464 3107 4519 qua;
3157 4448 3480 4502 secundum
3516 4464 3693 4502 unam

1976 4563 2022 4627 Î™)
2054 4538 2305 4609 speciem
2332 4555 2569 4609 quoquo
2594 4539 2766 4592 modo
2798 4536 3091 4592 dicuntur.
3114 4537 3362 4593 Maxime
3386 4541 3582 4592 autem
3605 4537 3693 4591 in-

2056 4627 2389 4682 dubitanter
2411 4627 2563 4697 quod
2584 4643 2765 4682 unum
2784 4625 3312 4693 estnumero,idem
3330 4626 3401 4681 ab
3423 4626 3698 4681 omnibus

2051 4717 2279 4772 vidi-tur
2302 4717 2438 4772 dici.
2459 4716 2824 4771 Soletautem
2845 4718 3022 4772 ethoc
3045 4716 3335 4787 assignari
3362 4715 3698 4787 multiplici-

2050 4814 2157 4876 ter,
2186 4807 2591 4880 prOpriissime
2614 4813 2809 4861 autem
2854 4812 2910 4861 et
2949 4806 3159 4877 primo,
3194 4806 3427 4877 quando
3462 4806 3701 4860 nomine

2048 4897 2136 4952 vel
2162 4896 2416 4951 termino
2442 4895 2594 4950 idem
2630 4896 2997 4967 assignatum
3022 4894 3295 4959 fuerit,ut
3323 4894 3502 4949 vestis
3534 4894 3699 4949 indu-

2052 4992 2273 5053 mento,
2290 4991 2347 5041 et
2369 4984 2905 5056 animalgressibile
2919 4985 3081 5056 bipes
3102 4985 3345 5041 homini.
3363 4987 3697 5041 Secundum

2055 5082 2275 5142 autem,
2300 5076 2535 5146 quando
2569 5075 2827 5147 proprio,
2852 5078 2915 5129 ut
2951 5074 3276 5146 disciplina:
3300 5075 3698 5147 susceptibilis

2055 5164 2299 5233 homini,
2324 5169 2381 5220 et
2401 5164 2556 5235 quod
2583 5168 2793 5218 natura
2815 5181 3054 5219 sursum
3088 5164 3268 5220 fertur
3286 5164 3699 5235 igni.'lâ€˜ertium

2055 5273 2211 5322 vero,
2236 5257 2472 5325 quando
2496 5254 2568 5308 ab
2591 5253 2910 5322 accidente,
2933 5260 2998 5308 ut
3029 5256 3261 5320 sedens,
3286 5254 3372 5307 vel
3409 5253 3699 5307 musicum

2054 5345 2299 5411 Socrati,
2324 5342 2522 5397 omnia
2551 5342 2706 5397 enim
2740 5342 2862 5398 haec
2893 5360 3078 5398 unum
3112 5360 3355 5398 numero
3386 5342 3588 5397 volunt
3619 5342 3701 5395 si-

2056 5431 2351 5505 gnificare.
2371 5431 2532 5495 Quod
2557 5437 2750 5487 autem
2774 5449 2974 5488 verum
3002 5432 3078 5488 sit
3100 5433 3253 5504 quod
3301 5448 3454 5486 nunc
3478 5432 3697 5485 dictum

2055 5527 2165 5589 est,
2183 5538 2251 5577 ex
2264 5527 2499 5577 transsu
2510 5522 2805 5577 mentibus
2820 5523 3290 5593 nuncupationes
3306 5522 3556 5575 maxime
3569 5520 3701 5589 quis

2056 5612 2278 5678 discat;
2303 5627 2456 5682 saepe
2483 5612 2638 5666 enim
2670 5612 3075 5683 precipientes
3107 5610 3341 5667 nomine
3363 5625 3563 5664 vocare
3594 5609 3702 5663 ali-

2058 5718 2229 5773 quem
2249 5702 2601 5771 sedentium,
2618 5700 3346 5771 transsumimus,quando
3362 5697 3570 5754 forteis
3585 5715 3699 5755 non
