3982 6156
406 259 515 313 915

1693 261 1815 314 ΔΝ.
1856 257 2081 312 MANL.
2119 255 2278 309 BEV.
2316 255 2555 310 BOETII
3675 263 3760 319 9l6

410 385 688 458 intelligit
704 386 793 441 cui
820 389 1171 458 praeceptum
1200 386 1467 455 facimus,
1490 391 1769 457 tanquam
1803 386 1874 439 ab
1907 384 2056 439 acci-
2090 384 2141 451 Α
2175 380 2495 447 dialectica,
2520 385 2576 437 et
2598 380 2734 452 quid
2771 380 3069 453 problems
3090 383 3485 441 dialecticum.
3514 385 3621 442 Non
3642 391 3762 446 enim

414 476 587 531 dente
611 476 738 547 ipso
762 476 945 544 magis
971 475 1355 548 intelligente,
1390 481 1446 531 et
1468 477 1746 546 jubemus
1768 476 2067 530 sedentem

413 565 502 620 vel
536 566 938 636 disputantem
969 581 1174 620 vocare
1208 565 1279 620 ad
1315 581 1443 631 nos,
1481 564 1861 620 manifestum
1914 563 2068 634 quod

419 659 483 710 ut
505 655 777 709 eumdem
829 653 1162 726 opinantes,
1188 659 1244 710 et
1276 655 1601 712 secundum
1633 669 1867 721 nomen,
1891 656 1947 708 et
1987 669 2072 707 se-

416 744 567 797 cund
580 759 675 796 um
692 742 962 797 accidens
976 743 1484 815 significarem-go
1498 742 2069 815 idem,quemadmo-

417 833 557 887 dum
591 832 815 886 dictum
845 836 955 901 est,
991 832 1304 905 tripliciter
1337 834 1653 888 dividatur.

1061 940 1293 998 CAPUT
1333 941 1459 996 VII.

417 1033 651 1091 Omnem
669 1030 1095 1099 disputationem
1116 1030 1465 1086 dialecticam
1479 1046 1589 1085 es'se
1601 1046 1672 1084 ex
1687 1030 1945 1086 termino.
1953 1043 2072 1098 pro-

462 1104 606 1174 prio,
631 1117 847 1173 genere,
873 1111 970 1156 aut
992 1104 1295 1171 accidente,
1324 1107 1374 1157 et
1400 1104 1496 1157 ubi
1523 1100 1631 1156 illa
1665 1104 2033 1173 reperiantur.

493 1192 783 1255 Quoniam
818 1196 1013 1245 autem
1046 1206 1111 1245 ex
1146 1191 1307 1262 prius
1332 1191 1505 1246 dictis
1524 1190 1994 1255 suntorationes,
2017 1193 2074 1244 et

423 1297 527 1353 per
548 1280 668 1334 haec
691 1284 747 1334 et
794 1281 862 1334 ad
919 1280 1038 1334 haec
1068 1296 1184 1335 una
1216 1280 1453 1349 quidem
1489 1280 1631 1335 ﬁdes
1650 1283 1739 1334 est
1769 1296 1871 1350 per
1900 1278 2071 1333 indu-

424 1369 768 1425 ctionem.Si
784 1369 939 1424 enim
960 1368 1091 1440 quis
1108 1368 1929 1440 consideretunamquamque
1949 1384 2073 1438 pro-

425 1459 783 1531 positionum
800 1456 2072 1530 etproblematum,apparebitautatermino,

426 1554 578 1604 auta
611 1549 865 1620 proprio,
891 1553 993 1603 aut
1027 1565 1057 1603 a
1082 1564 1313 1619 genere,
1340 1552 1440 1603 aut
1476 1548 1548 1601 ab
1580 1548 1878 1603 accidente
1901 1548 2070 1603 facta.

424 1638 551 1692 Alia
570 1643 767 1691 autem
796 1638 942 1691 ﬁdes
978 1654 1079 1708 per
1101 1636 1786 1709 syllogismum.Necesse
1807 1642 1893 1692 est
1915 1638 2070 1692 enim

2174 486 2405 526 omnem
2425 472 3020 541 pr0positionem,nec
3043 489 3216 528 omne
3236 474 3538 544 problema
3557 477 3773 534 dialecti-

2176 576 2308 615 cum
2344 560 2702 631 ponendum.
2727 559 2941 615 Nullus
2973 560 3130 616 enim
3163 563 3386 631 offeret,
3420 565 3517 635 qui
3565 574 3773 625 mentem

2174 649 2405 715 habeat,
2434 649 2587 719 quod
2614 649 2760 704 nulli
2786 650 3147 715 videtur,nec
3170 657 3609 723 proponetquod
3631 658 3775 711 omni-

2176 738 2287 793 bus
2307 743 2396 793 est
2417 739 2825 804 manifestum,
2850 738 2934 794 vel
2964 740 3265 810 plurimis:
3294 758 3429 797 nam
3455 741 3569 800 haec
3585 746 3776 815 quidem

2177 844 2292 883 non
2318 827 2536 882 habent
2560 827 3014 893 dubitationem,
3044 829 3143 884 illa
3193 836 3389 886 autem
3434 849 3596 888 nemo
3624 842 3782 904 ponet.

2179 918 2279 971 Est
2300 925 2494 971 autem
2523 917 2841 989 propositio
2864 917 3169 974 dialectica
3220 921 3589 993 interrogatio
3615 926 3784 994 proba-

2176 1004 2313 1061 bilis
2338 1010 2442 1060 aut
2473 1007 2771 1073 omnibus,
2803 1011 2903 1060 aut
2930 1006 3341 1078 plurimis,aut
3375 1011 3784 1081 sapientibus,et

2177 1094 2270 1148 bis
2290 1094 2375 1149 vel
2399 1095 2699 1160 omnibus,
2720 1096 2807 1150 vel
2836 1094 3128 1166 plurimis,
3147 1098 3232 1152 vel
3258 1098 3514 1154 maxime
3538 1100 3784 1156 familiari-

2175 1184 2287 1238 bus
2320 1200 2432 1238 non
2469 1183 2871 1255 inopinabilis.
2890 1191 3066 1240 Ponet
3081 1186 3235 1242 enim
3258 1188 3480 1258 aliquis
3502 1190 3641 1259 quod
3669 1192 3787 1246 tide-

2180 1273 2677 1344 tursapientibus,
2698 1274 2811 1328 nisi
2826 1274 2885 1329 id
2906 1276 3270 1330 contrarium
3288 1276 3366 1330 sit
3383 1276 3683 1334 multorum
3698 1281 3786 1352 opi-

2178 1363 2472 1418 nionibus.
2526 1363 2676 1417 Sunt
2707 1367 2901 1419 autem
2936 1365 3373 1436 propositiones
3406 1366 3787 1433 dialectice,et

2176 1468 2241 1507 ea
2276 1469 2403 1524 quae
2425 1452 2765 1524 probalibus
2797 1458 2936 1508 sunt
2959 1453 3265 1519 similia,el
3298 1457 3593 1510 contraria
3614 1457 3675 1511 iis
3691 1472 3788 1527 quae

2177 1541 2593 1597 videnturesse
2616 1542 2940 1613 probabilia
2953 1544 3279 1598 secundum
3303 1546 3786 1602 contradictionem

2179 1634 2536 1701 protensa,et
2551 1632 3234 1703 quaecunqueopiniones
3254 1636 3790 1690 suntsecundumar-

426 1744 597 1781 omne
622 1727 775 1797 quod
801 1728 869 1780 de
893 1725 1089 1797 aliquo
1114 1727 1482 1798 praedicatur,
1511 1731 1614 1782 aut
1644 1727 1968 1783 conversim
2003 1727 2072 1782 de
2104 1744 2151 1810 Β
2182 1724 2265 1774 tes
2302 1720 2588 1775 inventas.
2619 1721 2678 1776 Si
2704 1722 2854 1776 enim
2883 1721 3181 1793 probabile
3197 1727 3287 1778 est
3311 1725 3516 1779 eadem
3548 1740 3665 1780 esse
3684 1742 3789 1779 con-

426 1833 486 1871 re
517 1815 838 1887 prmdicari,
864 1821 964 1870 aut
988 1833 1139 1885 non;
1175 1820 1231 1871 et
1261 1817 1310 1872 si
1342 1816 1667 1872 conversim
1698 1818 2066 1888 praedicatur,

422 1905 711 1960 terminus
730 1905 861 1972 erit,
896 1904 983 1960 vel
1021 1906 1343 1977 proprium.
1370 1906 1512 1961 Nam
1547 1905 1905 1975 sisigniﬁcat
1928 1906 2065 1978 quid

426 2000 514 2052 est
535 2013 683 2063 esse,
708 2005 794 2051 est
818 1995 1106 2052 terminus
1133 2016 1147 2067 ;
1183 1997 1231 2052 si
1258 2000 1450 2053 autem
1477 2014 1589 2053 non
1615 1998 2072 2069 signiﬁcet,pro-

426 2086 641 2159 prium.
689 2086 806 2141 Hoc
836 2086 993 2141 enim
1026 2092 1152 2142 erat
1199 2088 1524 2159 proprium,
1559 2088 1712 2158 quod
1742 2087 2065 2143 conversim

424 2177 796 2247 praedicatur,
825 2192 939 2230 non
966 2175 1305 2246 signiﬁcans
1330 2176 1467 2246 quid
1491 2182 1579 2231 est
1609 2192 1757 2231 esse.
1790 2177 1845 2231 Si
1872 2180 2067 2230 autem

426 2282 541 2320 non
576 2264 897 2320 conversim
931 2265 1283 2334 praedicatur
1314 2266 1383 2319 de
1418 2281 1498 2330 re,
1533 2270 1636 2320 aut
1668 2281 1735 2319 ex
1768 2264 1839 2321 iis
1862 2282 1986 2337 qua:
2009 2264 2068 2319 in

426 2354 781 2410 deﬁnitionis
800 2354 1046 2424 subjecti
1071 2355 1371 2420 dicuntur,
1394 2362 1502 2424 est,
1527 2358 1629 2408 aut
1662 2372 1799 2420 non,
1827 2360 1884 2411 et
1917 2356 1964 2410 si
1984 2359 2071 2410 est

425 2445 579 2501 exiis
598 2461 727 2515 quae
742 2444 796 2497 in
815 2444 2072 2515 deﬁnitionedicuntur,autgenus,autdiﬁ"e-

426 2535 613 2589 rentia
635 2534 763 2601 erit,
788 2550 853 2587 eo
877 2535 1030 2604 quod
1053 2532 1314 2588 deﬁnitio
1334 2548 1399 2587 ex
1423 2550 1629 2603 genere
1651 2538 1707 2589 et
1728 2534 2071 2590 differentiis

425 2627 534 2678 est.
570 2622 629 2677 Si
662 2638 793 2677 vero
826 2638 893 2675 ex
914 2620 986 2676 iis
1010 2639 1123 2676 non
1148 2626 1237 2676 est
1260 2639 1388 2692 qum
1414 2622 1472 2676 in
1496 2622 1836 2678 deﬁnitione
1863 2622 2073 2678 dicun-

426 2716 542 2778 tur,
569 2709 759 2781 palam
784 2715 872 2766 est
894 2709 1170 2782 quoniam
1198 2711 1469 2767 accidens
1491 2711 1619 2778 erit,
1647 2729 1780 2766 nam
1800 2711 2071 2768 accidens

426 2801 729 2856 dicebatur
747 2801 898 2871 quod
924 2800 1633 2873 nequeterminus,neque
1654 2817 1862 2873 genus,
1880 2818 2070 2873 neque

426 2884 752 2960 proprium,
779 2887 930 2941 inest
951 2890 1143 2942 autem
1170 2886 1274 2942 rei.
1297 2890 1436 2943 Post
1462 2888 1583 2943 haec
1618 2894 1812 2943 autem
1845 2894 2073 2961 oportet

426 2976 814 3032 determinare
828 2992 1037 3048 genera
1051 2976 1691 3048 praedicamentorumin
1708 2979 1923 3050 quibus
1938 2982 2075 3034 sunt

427 3066 592 3121 dictas
617 3072 870 3137 quatuor
888 3064 1247 3123 differentiae.
1270 3069 1417 3121 Sunt
1446 3065 1567 3122 haec
1600 3072 1795 3123 autem
1829 3084 2072 3123 numero
2102 3090 2148 3153 ο

427 3156 651 3225 decem,
685 3156 840 3225 quod
874 3158 983 3223 est,
1016 3161 1325 3226 quantum,
1361 3155 1554 3227 quale,
1586 3157 1655 3211 ad
1682 3156 1920 3228 aliquid,
1950 3157 2071 3225 ubi,

428 3244 684 3316 quando,
718 3243 899 3298 situm
943 3259 1093 3309 esse,
1147 3243 1379 3311 habere,
1422 3244 1628 3316 facere,
1663 3245 1802 3319 pati.
1834 3247 2076 3318 Semper

426 3332 581 3387 enim
616 3331 909 3397 accidens,
942 3338 998 3385 et
1026 3348 1234 3403 genus,
1287 3337 1343 3388 et
1375 3334 1699 3405 proprium,
1731 3339 1787 3389 et
1814 3334 2074 3391 deﬁnitio

427 3421 486 3475 in
514 3438 628 3475 uno
651 3421 1237 3491 praedicamentorum
1254 3421 1464 3477 horum
1490 3425 1760 3494 erit,nam
1780 3441 1983 3480 omnes
2003 3427 2072 3480 ab

424 3510 518 3565 bis
552 3508 1004 3582 propositiones,
1045 3515 1143 3564 aut
1169 3509 1309 3581 quid
1344 3517 1455 3583 est,
1490 3518 1590 3568 aut
1629 3513 1799 3586 quale
1832 3517 1941 3584 est,
1973 3517 2075 3570 aut

422 3602 841 3671 quantum,aut
864 3598 1111 3653 aliorum
1131 3598 1367 3670 aliquod
1390 3602 1971 3673 praedicamentorum
1999 3605 2073 3659 si-

418 3688 719 3759 gniﬁcant.
747 3687 1118 3743 Manifestum
1144 3693 1234 3744 est
1255 3694 1449 3745 autem
1472 3708 1539 3746 ex
1554 3691 1774 3748 eisdem
1792 3694 2069 3765 quoniam

416 3780 571 3850 quod
588 3780 727 3850 quid
743 3784 826 3835 est
841 3779 1181 3851 signiﬁcans
1195 3782 1547 3853 quandoque
1562 3783 1793 3855 quidem
1804 3785 2073 3840 substan-

416 3869 549 3923 tiam
576 3868 890 3936 signiﬁcat,
914 3870 1269 3941 quandoque
1306 3876 1500 3927 autem
1522 3872 2072 3947 quale,quandoque

417 3974 549 4013 vero
563 3958 799 4029 aliquod
817 3958 1064 4013 aliorum
1084 3960 1669 4030 prmdicamentorum
1697 3980 1710 4030 ;
1733 3981 1865 4018 nam
1883 3982 2071 4036 quan-

416 4048 511 4113 do,
543 4048 730 4118 posito
767 4047 1021 4116 homine,
1045 4048 1251 4104 dixerit
1283 4052 1438 4114 quod
1474 4051 1731 4123 positum
1767 4058 1857 4109 est
1878 4053 2068 4110 homi-

416 4153 547 4191 nem
572 4154 720 4205 esse,
755 4136 840 4192 vel
875 4136 1117 4203 animal,
1144 4143 1200 4193 et
1230 4139 1369 4209 quid
1404 4143 1493 4194 est
1523 4139 1665 4195 dicit
1687 4146 1743 4197 et
1773 4142 2068 4211 signiﬁcat

410 4226 801 4281 substantiam
824 4226 1306 4297 ;quando,colore
1322 4228 1449 4284 albo
1466 4231 1895 4301 posito,dixerit
1910 4234 2061 4303 quod

409 4316 665 4385 positum
686 4322 776 4370 est
799 4316 1000 4369 album
1034 4332 1181 4382 esse,
1209 4316 1297 4373 vel
1322 4316 1597 4387 colorem,
1625 4320 1765 4391 quid
1790 4325 1876 4374 est
1899 4320 2064 4392 dicit,

409 4407 466 4458 et
514 4403 685 4473 quale
734 4404 1046 4475 signiﬁcat.
1091 4404 1373 4460 Similiter
1404 4411 1595 4462 autem
1632 4412 1687 4462 et
1718 4408 1787 4474 si,
1818 4410 2060 4465 cubitali

2183 1810 2493 1864 trariorum
2513 1810 2913 1883 disciplinam,
2928 1816 2983 1867 et
2996 1828 3233 1867 sensum
3251 1815 3528 1869 eumdem
3553 1830 3669 1869 esse
3689 1831 3793 1869 con-

2181 1901 2494 1957 trariorum
2522 1903 2824 1973 probabile
2845 1904 3171 1976 apparebit,
3201 1910 3257 1960 et
3289 1907 3340 1960 si
3375 1922 3548 1960 unam
3586 1922 3784 1963 numero

2179 1992 2595 2061 grammaticen
2611 1993 3215 2059 esse,ettibicinariam
3230 2011 3263 2048 u
3275 1995 3492 2061 nam;si
3506 1995 3788 2065 autemplu-

2183 2094 2274 2134 res
2296 2081 2734 2151 grammaticas,
2758 2090 2805 2135 el
2830 2081 3026 2153 plures
3044 2082 3440 2145 tibicinarias,
3466 2085 3649 2139 omnia
3667 2084 3784 2139 enim

2184 2168 2401 2223 similia
2418 2174 2473 2224 et
2489 2175 2736 2241 cognata
2756 2170 2878 2225 haec
2890 2172 3166 2227 videntur
3181 2173 3620 2230 esse.Similiter
3635 2178 3786 2228 autem

2183 2262 2317 2313 etea
2337 2274 2462 2329 quae
2480 2259 2880 2331 probabilibus
2896 2266 3034 2316 sunt
3055 2264 3351 2319 contraria
3364 2264 3672 2319 secundum
3686 2279 3785 2317 con-

2183 2348 2588 2404 tradictionem
2625 2354 2901 2421 protensa
2934 2352 3257 2422 probabilia
3279 2352 3573 2408 videntur.
3592 2352 3643 2405 Si
3662 2352 3782 2406 enim

2185 2436 2484 2506 probabile
2534 2442 2623 2493 est
2675 2440 2827 2509 quod
2862 2444 3088 2511 Oportet
3119 2441 3330 2497 amicis
3374 2443 3705 2506 benslacere,
3744 2444 3783 2495 et

2186 2529 2340 2601 quod
2378 2546 2491 2583 non
2524 2535 2752 2600 oportet
2780 2531 2985 2586 amicis
3020 2531 3298 2587 maleface
3352 2532 3643 2604 probabile
3678 2536 3778 2593 est;

2186 2622 2274 2673 est
2297 2622 2491 2673 autem
2520 2620 2878 2675 contrarium
2905 2620 3136 2689 quidem
3163 2622 3316 2692 quod
3347 2626 3572 2694 Oportet
3593 2619 3781 2674 malefa-

2186 2722 2311 2762 cere
2330 2707 2557 2774 amicis,
2573 2710 2895 2763 secundum
2919 2711 3443 2767 contradictionem
3460 2716 3639 2765 autem
3662 2706 3777 2777 quod

2184 2813 2300 2851 non
2330 2801 2559 2867 Oportet
2577 2796 2782 2851 amicis
2806 2797 3173 2853 malefacere.
3207 2799 3496 2855 Similiter
3540 2804 3708 2853 autem
3741 2800 3780 2850 et

2185 2885 2234 2941 si
2267 2889 2493 2957 oportet
2514 2886 2720 2941 amicis
2752 2887 3107 2956 benefacere,
3137 2888 3400 2944 inimicis
3432 2904 3541 2943 non
3568 2888 3777 2957 oportet;

2184 2978 2272 3029 est
2292 2980 2487 3030 autem
2512 2979 2570 3029 et
2587 2975 2690 3031 hoc
2704 2977 3026 3031 secundum
3052 2977 3573 3033 contradictionem
3599 2979 3779 3030 contra-

2186 3064 2429 3134 riorum,
2459 3079 2595 3119 nam
2620 3065 2975 3120 contrarium
3010 3070 3099 3120 est
3129 3068 3281 3137 quod
3316 3070 3540 3138 Oportet
3570 3061 3775 3119 inimicis

2186 3152 2542 3209 benefacere.
2576 3153 2858 3210 Similiter
2888 3158 3085 3209 autem
3116 3161 3172 3209 et
3202 3155 3258 3210 in
3317 3156 3473 3212 aliis.
3523 3149 3777 3208 Probabile

2182 3246 2375 3297 autem
2391 3242 2517 3297 etin
2534 3242 2918 3297 similitudine
2931 3249 3170 3315 apparet
3182 3245 3357 3299 etiam
3377 3241 3701 3300 contrarium
3722 3239 3775 3292 de

2181 3332 2493 3399 contrario,
2518 3337 2583 3387 ut
2599 3332 2649 3387 si
2680 3337 2907 3404 oportet
2929 3333 3131 3388 amicis
3156 3333 3517 3398 benefacere,
3542 3336 3594 3388 et
3614 3326 3774 3385 inimi-

2180 3420 2263 3476 cis
2289 3425 2516 3491 oportet
2538 3420 2708 3488 male,
2748 3422 3049 3492 apparebit
3068 3426 3124 3477 et
3158 3423 3517 3478 contrarium
3540 3421 3636 3475 hoc
3654 3414 3769 3488 quod

2179 3514 2267 3565 est
2295 3509 2495 3565 amicis
2523 3511 2879 3579 benefacere,
2904 3515 2958 3565 et
2981 3512 3135 3582 quod
3161 3510 3419 3568 inimicis
3443 3506 3769 3565 male.Utrum

2179 3604 2371 3654 autem
2394 3600 2719 3654 secundum
2743 3599 3045 3655 veritatem
3077 3616 3139 3654 se
3153 3600 3388 3671 habeat,
3405 3600 3486 3655 vel
3512 3613 3632 3665 non,
3650 3596 3693 3649 in
3714 3592 3766 3645 iis

2178 3705 2305 3759 qua
2323 3689 2393 3743 de
2416 3689 2706 3744 contrario
2729 3688 2998 3744 dicentur
3019 3691 3382 3745 ostendetur.
3400 3688 3584 3745 Palam
3607 3687 3762 3740 autem

2176 3778 2455 3850 quoniam
2479 3783 2534 3833 et
2575 3794 2941 3850 quaecunque
2972 3779 3279 3849 opiniones
3312 3780 3619 3835 secundum
3644 3776 3762 3827 artes

2174 3872 2335 3935 sunt,
2360 3867 2673 3922 dialecticae
2698 3869 3129 3939 propositiones
3161 3873 3321 3924 sunt.
3338 3866 3663 3925 Ponetenim
3681 3858 3761 3914 ali-

2174 3960 2307 4028 quis
2330 3973 2391 4013 ea
2419 3974 2546 4028 quae
2576 3958 2851 4012 videntur
2872 3958 2944 4012 iis
2975 3958 3074 4028 qui
3107 3959 3163 4012 in
3194 3958 3280 4013 eis
3314 3957 3535 4030 probati
3557 3956 3691 4015 sunt,
3714 3950 3761 4000 ut

2173 4046 2243 4100 de
2263 4046 2353 4100 his
2371 4046 2610 4116 quidem
2627 4062 2753 4117 qua
2774 4047 2830 4100 in
2845 4046 3257 4117 geometria,ut
3279 4050 3580 4117 geometer,
3599 4036 3757 4096 deillis

2173 4138 2365 4191 autem
2394 4150 2523 4205 quas
2546 4135 2601 4188 in
2638 4135 2949 4201 medicina,
2985 4140 3045 4190 ut
3078 4136 3362 4192 medicus.

2803 4224 3038 4281 CAPUT
3072 4226 3171 4279 IX.

2258 4314 2331 4368 De
2356 4313 2691 4385 problemata
2720 4313 3008 4369 dialectico
3040 4319 3090 4368 et
3116 4313 3386 4384 positione
3414 4307 3686 4369 dialectica.

2240 4404 2547 4458 Problema
2568 4408 2761 4457 autem
2777 4403 3082 4459 dialectica
3096 4420 3147 4457 m
3172 4410 3261 4459 est
3282 4401 3587 4475 speculatio
3607 4398 3748 4451 inten-

413 4455 820 4562 inlagnitudin:
842 4494 1052 4562 posita,
1088 4494 1300 4548 dixerit
1332 4497 1484 4566 quod
1507 4455 1872 4565 positumest
1895 4499 2058 4553 cubi-
2091 4455 2137 4519 Β
2169 4493 2313 4547 dens
2344 4492 2429 4547 vel
2462 4493 2533 4547 ad
2565 4492 2931 4563 electionem,
2955 4497 3011 4547 et
3038 4495 3257 4565 fugam,
3292 4455 3377 4549 νὲι
3410 4495 3475 4549 ad
3506 4488 3746 4547 veritatem

410 4580 582 4635 talem
609 4598 737 4637 esse
763 4581 1252 4653 magnitudinem,
1278 4589 1333 4637 et
1357 4584 1493 4655 quid
1520 4589 1607 4640 est
1628 4587 1770 4642 dicit
1786 4592 1841 4641 et
1864 4606 2057 4660 quan-

411 4674 534 4723 tum
562 4670 876 4741 signiﬁcat.
904 4670 1186 4724 Similiter
1207 4676 1400 4725 autem
1451 4678 1507 4727 et
1539 4672 1595 4729 in
1631 4674 1781 4731 aliis.
1836 4677 2060 4732 Unum-

411 4759 681 4830 quodque
704 4758 861 4813 enim
896 4757 1097 4813 talium
1124 4758 1245 4814 sive
1268 4760 1421 4815 idem
1456 4762 1525 4816 de
1570 4766 1770 4819 eodem
1805 4766 2056 4837 dicatur,

411 4848 532 4903 sive
554 4864 735 4917 genus
759 4848 827 4902 de
847 4848 976 4918 hoc,
994 4849 1133 4919 quid
1154 4854 1237 4904 est
1255 4850 1549 4921 signiﬁcat
1573 4870 1586 4920 ;
1614 4852 2058 4924 quandoautem

411 4939 483 4992 de
506 4937 638 5005 alio,
674 4937 948 5008 nonquid
1004 4943 1091 4993 est
1114 4937 1428 5009 signiﬁcat,
1474 4941 1574 4995 sed
1626 4947 2061 5011 quantum,aut

414 5026 605 5100 quale,
631 5034 729 5081 aut
760 5025 996 5098 aliquod
1017 5026 1264 5082 aliorum
1293 5028 1898 5099 prmdicamentorum.
1918 5033 2062 5095 Qua-

414 5133 472 5171 re
502 5117 571 5171 de
609 5115 824 5189 quibus
858 5119 997 5170 sunt
1034 5116 1491 5187 disputationes,
1521 5123 1576 5173 et
1598 5134 1665 5173 ex
1686 5121 1920 5191 quibus,
1944 5121 2062 5177 haec

413 5209 469 5261 et
488 5209 649 5260 tanta
670 5205 1134 5270 sunt.QuomodO
1158 5210 1355 5260 autem
1384 5214 1772 5278 sumemus,et
1793 5227 1894 5282 per
1932 5227 2060 5283 quae

413 5295 646 5367 c0pioso
678 5295 922 5360 erimus,
952 5297 1084 5366 post
1114 5294 1233 5349 haec
1268 5296 1601 5352 dicendum.

1038 5382 1264 5438 CAPUT
1294 5382 1443 5440 Vill.

833 5474 906 5528 De
933 5474 1305 5543 praposilione
1335 5472 1643 5531 dialectica.

413 5564 670 5620 Primum
704 5561 886 5636 igitur
933 5562 1355 5619 determinetur
1407 5565 1546 5637 quid
1598 5569 1688 5622 est
1741 5565 2060 5639 propositio

2167 4586 2224 4637 et
2253 4582 2581 4648 scientiam,
2607 4586 2709 4637 aut
2730 4598 2831 4653 per
2852 4598 2932 4652 se,
2953 4586 3053 4637 aut
3077 4587 3141 4637 ut
3164 4582 3577 4638 adminiculans
3592 4576 3649 4629 ad
3666 4569 3743 4625 ali-

2170 4671 2302 4741 quid
2339 4670 2497 4726 aliud
2524 4671 2757 4738 talium,
2785 4673 2856 4726 de
2879 4688 2994 4743 quo
3016 4676 3118 4727 aut
3141 4677 3343 4727 neutro
3370 4671 3529 4728 modo
3549 4664 3741 4738 opinan-

2169 4766 2286 4824 tur,
2306 4764 2408 4815 aut
2425 4760 2712 4815 contrarie
2735 4761 3000 4833 plerique
3030 4762 3417 4832 sapientibus,
3442 4762 3533 4815 aut
3558 4751 3741 4823 sapien-

2167 4856 2252 4907 tes
2279 4851 2589 4923 plerisque,
2616 4856 2718 4907 aut
2748 4854 3016 4924 utrisque
3051 4853 3225 4908 iidem
3267 4854 3500 4909 eisdem.
3523 4843 3738 4914 Quadam

2167 4941 2322 4995 enim
2341 4941 2773 5013 problematum
2789 4942 2933 4997 utile
2947 4947 3036 4997 est
3050 4944 3200 4997 scire
3214 4946 3308 4998 tan
3321 4947 3438 4997 tum
3452 4934 3737 5007 eligendum,

2168 5030 2255 5085 vel
2291 5030 2657 5101 fugiendum,
2692 5036 2758 5085 ut
2788 5037 2982 5086 utrum
3015 5032 3279 5103 voluptas
3312 5034 3388 5087 sit
3416 5024 3658 5100 eligenda,
3684 5029 3735 5070 8η

2170 5136 2307 5174 non.
2324 5121 2819 5193 Quaedam§autem
2840 5122 2911 5176 ad
2934 5121 3240 5177 sciendum
3265 5116 3735 5187 tantum,ututrum

2172 5210 2431 5265 mundus
2452 5215 2705 5266 aeternus
2727 5210 2824 5281 sit,
2846 5228 2916 5265 an
2938 5227 3073 5267 non.
3098 5211 3368 5274 Quaedam
3401 5223 3519 5264 vero
3539 5206 3641 5274 ipsa
3661 5206 3734 5265 Ρθτ

2171 5314 2233 5353 se
2251 5298 2486 5370 quidem
2500 5299 2573 5354 ad
2588 5305 2797 5354 neutru
2811 5316 2859 5354 m
2876 5300 3017 5355 boru
3029 5317 3081 5353 m
3093 5342 3106 5367 ,
3123 5300 3190 5354 ad
3201 5293 3575 5355 miniculantia
3587 5292 3732 5343 autem

2171 5393 2308 5443 sunt
2334 5388 2400 5442 ad
2428 5387 2625 5459 aliqua
2671 5388 2901 5444 talium.
2930 5388 3207 5460 Pleraque
3230 5390 3385 5444 enim
3416 5389 3528 5459 ipsa
3553 5375 3729 5469 quidem

2173 5491 2275 5549 per
2296 5492 2358 5532 se
2382 5493 2495 5531 non
2521 5478 2793 5534 volumus
2815 5494 3186 5551 cognoscere,
3210 5480 3312 5533 sed
3336 5478 3558 5534 aliorum
3575 5465 3727 5537 gratia,

2174 5570 2237 5621 ut
2254 5581 2356 5638 per
2370 5565 2467 5621 illa
2483 5566 2639 5623 aliud
2656 5566 2959 5639 quidpiam
2974 5582 3418 5640 cognoscamus.
3436 5563 3560 5620 Sunt
3576 5554 3716 5611 autem
