3982 6156
269 324 384 379 917

271 453 649 525 problemata
681 456 737 510 et
763 455 834 510 de
864 453 1078 524 quibus
1109 456 1386 511 contrarii
1409 460 1551 511 sunt
1582 455 1926 527 syllogismi:
1962 457 2010 523 Α

273 542 711 598 dubitationem
747 543 900 598 enim
937 545 1156 600 habent
1178 552 1374 599 utrum
1408 545 1491 600 sic
1523 562 1585 600 se
1616 545 1925 601 habenten

280 649 403 688 non
437 634 541 702 sic,
574 650 641 689 eo
658 636 814 704 quod
851 635 1120 706 utrisque
1152 641 1292 689 sunt
1317 635 1571 690 rationes
1588 637 1925 691 suasibiles.

276 722 351 778 Et
372 723 443 778 de
462 722 680 795 quibus
712 723 995 779 rationem
1030 741 1145 779 non
1168 724 1473 793 habemus,
1498 741 1632 779 cum
1665 725 1925 781 sintma-

271 827 414 883 gna,
433 812 667 868 difﬁcile
682 813 1033 868 arbitrantes
1049 830 1176 868 esse
1188 816 1584 885 propterquod
1600 815 1923 886 assignare;

272 906 344 957 ut
379 907 576 957 utrum
598 902 855 957 mundus
887 903 963 958 sit
983 908 1258 967 aeternus,
1282 921 1353 957 an
1387 920 1528 973 non,
1561 921 1698 958 nam
1728 904 1929 973 hujus-

274 992 436 1048 modi
455 997 675 1063 quaeret
696 991 929 1063 aliquis.
954 992 1325 1049 Problemata
1345 1010 1483 1065 ergo
1505 998 1561 1048 et
1580 994 1928 1064 propositio-

271 1097 386 1137 nes
446 1083 528 1151 (ut
573 1081 791 1137 dictum
853 1083 962 1151 est)
1004 1083 1335 1137 derminata
1395 1082 1532 1137 sint.
1580 1082 1791 1137 Positio
1840 1088 1929 1138 est

271 1172 480 1241 opinio
512 1170 879 1225 admirabilis
909 1169 1163 1240 alicujus
1196 1171 1574 1226 familiarium
1600 1173 1924 1227 secundum

271 1260 734 1332 philosophiam,
746 1264 807 1315 ut
822 1261 973 1331 quod
994 1277 1108 1315 non
1123 1264 1212 1316 est
1224 1262 1681 1331 contradicere,q
1693 1262 1927 1316 uemad-

270 1351 518 1405 modum
568 1349 717 1404 dixit
749 1350 1152 1418 Antisthenes,
1194 1356 1247 1405 et
1278 1352 1425 1421 quod
1459 1351 1658 1406 omnia
1688 1368 1925 1406 moven-

263 1444 389 1506 tur,
411 1441 738 1495 secundum
767 1440 1149 1508 Heraclitum,
1177 1444 1275 1495 aut
1303 1441 1455 1511 quod
1484 1457 1661 1495 unum
1687 1445 1776 1496 est
1796 1458 1924 1507 ens,

264 1530 773 1600 quemadmodum
810 1529 1087 1585 Melissus
1110 1530 1430 1600 dixit(nam
1465 1530 1535 1585 de
1557 1532 1764 1600 quovis
1783 1547 1921 1586 con-

263 1619 455 1676 traria
478 1619 857 1690 opinionibus
872 1620 1197 1690 proferente
1214 1636 1412 1675 curam
1440 1620 1651 1676 habere
1672 1621 1919 1675 stultum

261 1712 401 1779 est),
437 1714 538 1764 aut
570 1709 641 1763 de
672 1709 889 1779 quibus
917 1708 1240 1764 orationem
1267 1709 1551 1764 habemus
1567 1709 1918 1765 contrariam

262 1798 670 1870 opinionibus,
696 1803 758 1853 ut
781 1798 1057 1869 quoniam
1085 1815 1198 1853 non
1227 1814 1399 1853 omne
1424 1800 1577 1868 quod
1602 1804 1711 1863 est,
1737 1798 1822 1854 vel
1845 1800 1921 1855 fa-
1955 1820 2000 1884 Β

261 1894 430 1944 ctum
449 1892 559 1953 est,
575 1887 662 1942 vel
686 1892 994 1954 aeternum,
1012 1904 1043 1957 q
1060 1888 1520 1943 uemadmodum
1537 1888 1815 1959 sophistae
1836 1888 1925 1942 di-

257 1982 427 2033 cunt.
460 1978 606 2033 Nam
637 1976 956 2046 musicum,
977 1976 1433 2048 grammaticum
1453 1993 1603 2040 esse,
1630 1994 1817 2048 neque
1842 1978 1922 2031 fa-

259 2072 451 2135 ctum,
480 2083 667 2140 neque
689 2083 820 2123 esse
835 2071 1141 2122 aeternum.
1165 2066 1282 2122 Hoc
1297 2067 1453 2123 enim
1478 2073 1535 2123 et
1551 2066 1919 2124 sialicuinon

258 2158 554 2224 videatur,
587 2156 885 2211 videbitur
904 2156 1107 2226 utique
1128 2173 1194 2211 eo
1218 2157 1371 2228 quod
1398 2155 1683 2211 rationem
1709 2157 1920 2214 habeat

260 2245 633 2303 suasibilem.
671 2246 973 2317 Estigitur
1000 2251 1059 2301 et
1091 2246 1302 2317 positio
1334 2246 1569 2316 quidem
1596 2248 1915 2317 problema,

262 2353 385 2392 non
409 2341 603 2392 autem
618 2352 790 2391 omne
822 2334 1126 2406 problema
1153 2336 1628 2407 positio,eoquod
1646 2338 1915 2407 quaedam

262 2424 700 2497 problematum
731 2424 873 2480 talia
886 2428 1045 2490 sunt,
1062 2424 1132 2478 de
1146 2424 1361 2495 quibus
1387 2430 1592 2479 neutro
1608 2427 1776 2480 modo
1790 2426 1916 2496 opi-

262 2530 505 2569 namur.
534 2514 695 2579 Quod
741 2520 937 2569 autem
970 2519 1058 2567 est
1092 2513 1302 2584 positio
1334 2513 1636 2584 problema
1667 2514 1913 2570 manite-

261 2609 431 2659 stum
469 2612 553 2659 est
589 2620 603 2659 :
640 2621 879 2659 necesse
904 2608 993 2659 est
1018 2604 1172 2658 enim
1208 2621 1277 2659 ex
1307 2604 1379 2659 iis
1402 2621 1528 2675 quae
1568 2604 1722 2659 dicta
1753 2610 1911 2671 sunt,

260 2698 373 2749 aut
408 2694 607 2764 plures
638 2694 1004 2765 sapientibus
1054 2694 1208 2749 circa
1240 2694 1585 2765 positionem
1620 2693 1910 2761 dubitare,

256 2788 369 2838 aut
400 2782 991 2851 utroslihetsibimet,
1018 2800 1085 2839 eo
1115 2784 1269 2855 quod
1299 2783 1495 2855 opinio
1519 2785 1783 2855 quaedam
1810 2785 1911 2837 ad-

255 2874 539 2929 miranda
554 2874 766 2943 positio
796 2878 906 2929 est.
937 2879 1087 2929 Pene
1109 2879 1304 2929 autem
1332 2890 1486 2929 nunc
1507 2874 1705 2929 omnia
1727 2873 1908 2929 diale-

250 2962 409 3018 «:tica
426 2962 789 3032 problemata
805 2962 1123 3031 positiones
1136 2966 1437 3019 vacantur.
1454 2963 1693 3018 Ditl‘erat
1715 2969 1908 3019 autem

251 3051 409 3107 nihil
440 3052 1117 3123 quomodolihetdictum
1142 3070 1155 3108 :
1179 3069 1290 3108 non
1317 3052 1473 3108 enim
1507 3070 1719 3109 nomen
1742 3054 1908 3108 efﬁn-

248 3157 395 3213 gere
421 3141 681 3197 voleutes
732 3142 1042 3196 divisimus
1076 3143 1159 3197 sic
1203 3160 1288 3209 ea,
1324 3144 1423 3197 sed
1458 3148 1523 3197 ut
1544 3159 1655 3197 non
1685 3143 1907 3198 lateant

252 3247 392 3296 nos,
408 3247 476 3284 cu
492 3248 541 3284 m
564 3232 829 3302 quazdam
846 3247 1045 3285 eorum
1064 3232 1578 3289 suntdill‘erentiaa.
1605 3233 1728 3289 Non
1747 3250 1907 3303 Opor-

254 3324 343 3375 tet
372 3325 566 3375 autem
597 3337 769 3376 omne
800 3321 1122 3393 problema,
1156 3338 1262 3377 nec
1292 3338 1525 3377 omnem
1555 3324 1904 3394 positionem

253 3410 775 3481 considerare,sed
792 3428 967 3482 quam
993 3412 1287 3467 dubitabit
1319 3411 1533 3483 aliquis
1554 3428 1774 3481 eorum,
1804 3414 1905 3485 qui

254 3500 490 3555 ratione
521 3505 714 3571 egent,
747 3506 801 3555 et
836 3518 947 3555 non
984 3518 1151 3571 poena
1173 3502 1257 3557 vel
1283 3518 1480 3558 sensu.
1506 3506 1649 3557 Nam
1674 3504 1772 3574 qui
1798 3504 1906 3557 du-

254 3589 454 3643 bitant
474 3592 670 3643 utrum
697 3594 957 3658 Oporteat
972 3590 1113 3644 deos
1128 3591 1436 3659 honorare,
1452 3594 1509 3644 et
1527 3596 1793 3661 parentes
1814 3592 1907 3646 di-

254 3677 467 3749 ligere,
502 3695 573 3733 an
608 3695 743 3745 non,
780 3678 1271 3751 poenaindigent;
1306 3681 1402 3750 qui
1432 3696 1565 3735 vero
1594 3685 1792 3736 utrum
1812 3682 1909 3739 nix

251 3767 395 3821 alba
424 3784 494 3821 an
530 3784 880 3833 non,sensu.
914 3769 1111 3839 Neque
1140 3785 1271 3824 vero
1294 3786 1545 3840 quorum
1580 3770 1909 3843 propinqua

252 3861 349 3912 est
379 3857 825 3926 demonstratio,
850 3874 1041 3929 neque
1063 3875 1313 3930 quorum
1346 3860 1513 3915 valde
1543 3860 1746 3931 longe:
1774 3876 1907 3915 nam

252 3946 365 4000 illa
410 3946 645 4015 quidem
684 3964 799 4002 non
837 3947 1057 4002 habent
1085 3949 1535 4017 dubitationem,
1568 3950 1690 4005 haec
1711 3956 1907 4007 autem

254 4034 454 4106 magis
481 4051 658 4106 quam
694 4039 1020 4092 secundum
1056 4036 1412 4093 falcultatem
1452 4039 1903 4097 exercitativam.

917 4230 1149 4286 CAPUT
1190 4230 1249 4284 Χ.

250 4347 330 4401 De
386 4345 666 4417 speciebus
748 4346 1061 4474 disserenizlz'
1106 4388 1134 4431 ,_

1018 4435 1129 4474 zom

1018 4434 1179 4475 lOﬂlS.

1180 4346 1383 4401 dialect
1397 4348 1603 4419 leaeque
1659 4348 1904 4419 disputa-

1208 328 1621 383 TOPXCORUM
1660 328 2128 384 ARISTOTELIS
2165 333 2765 390 INTERPRETATIO.

3585 336 3695 391 9l8

2690 464 2919 520 CAPUT
2958 465 3048 520 XI.

2038 550 2117 600 De
2151 548 2765 626 z'nslrumenlisyquibus
2796 555 3252 622 syllogismorum
3286 556 3507 626 copiam
3537 554 3692 609 nobis

2388 624 2457 677 ad
2485 624 2865 679 disserendum
2895 626 3328 696 suppeditamus.

2106 708 2505 767 Instrumenta
2527 718 2719 768 autem
2746 731 2991 785 perque:
3027 715 3399 769 abundemus
3420 714 3686 787 syllogis-

2037 797 2149 853 mis
2177 804 2319 854 sunt
2340 807 2611 871 quatuor.
2637 802 2826 857 Unum
2854 803 3115 873 quidem,
3136 805 3565 873 propositiones
3585 822 3686 859 su-

2038 904 2211 943 mere.
2240 890 2576 946 Secundum
2617 898 2841 961 autem,
2863 893 3279 962 quotupliciter
3309 895 3684 964 unumquod-

2036 993 2150 1046 que
2182 977 2398 1033 dicitur
2417 997 2589 1050 posse
2610 982 2988 1051 distinguere.
3019 983 3301 1051 Tertium,
3327 982 3685 1037 differentias

2036 1066 2312 1121 invenire.
2381 1070 2664 1133 Quartum
2718 1077 2937 1139 autem,
2972 1071 3377 1127 similitudinis
3418 1072 3685 1127 conside-

2038 1157 2203 1211 ratio.
2235 1158 2383 1212 Sunt
2415 1164 2608 1215 autem
2656 1169 2707 1213 et
2741 1162 2913 1215 modo
2946 1163 3191 1230 quodam
3235 1162 3407 1215 etiam
3438 1162 3549 1215 tria
3579 1161 3683 1217 ho-

2036 1262 2166 1299 rum
2205 1246 2652 1317 propositiones.
2690 1250 2791 1303 Est
2818 1251 2972 1304 enim
3001 1252 3460 1321 unumquodque
3481 1268 3683 1306 eorum

2037 1335 2493 1405 propositionem
2548 1338 2755 1405 facere,
2793 1345 2857 1392 ut
2888 1340 3042 1410 quod
3094 1340 3427 1410 eligendum
3460 1346 3547 1395 est
3581 1341 3683 1396 ho-

2036 1430 2294 1488 nestum,
2350 1426 2433 1480 vel
2466 1426 2828 1495 delectabile,
2863 1428 2949 1482 vel
3000 1428 3169 1495 utile,
3199 1434 3255 1483 et
3286 1431 3437 1495 quod
3489 1430 3683 1486 dill‘ert

2036 1530 2247 1568 sensus
2280 1532 2311 1569 a
2343 1515 2676 1587 disciplina,
2710 1534 2775 1571 eo
2807 1518 2959 1588 quod
2992 1519 3285 1572 amittenti
3317 1535 3444 1573 eam
3488 1520 3678 1589 possi-

2034 1601 2149 1655 bile
2182 1608 2269 1657 est
2300 1621 2532 1659 rursum
2569 1622 2821 1670 sumere,
2850 1606 3015 1661 illum
3063 1612 3253 1661 autem
3290 1608 3677 1678 impossibile.

2038 1690 2390 1762 thuoniam
2412 1694 2685 1748 similiter
2703 1712 2764 1749 se
2797 1695 3222 1750 liabetsalubre
3256 1696 3321 1749 ad
3349 1695 3677 1764 sanitatem,

2034 1785 2090 1833 et
2121 1780 2311 1835 habile
2344 1782 2412 1835 ad
2451 1783 2656 1837 bonum
2680 1783 3107 1838 habitudinem.
3142 1785 3243 1839 Est
3274 1789 3467 1839 autem
3492 1785 3679 1855 prima

2032 1870 2350 1940 propositio
2370 1871 2536 1926 abiis
2572 1889 2696 1942 quas
2729 1872 3133 1944 multipliciter
3156 1875 3455 1942 dicuntur,
3475 1891 3680 1931 secun-

2028 1960 2100 2014 da
2132 1976 2164 2013 a
2197 1960 2561 2027 dilferentiis,
2600 1963 2767 2016 tertia
2797 1980 2930 2017 vero
2964 1980 2996 2017 a
3026 1962 3346 2019 similibus.

2656 2069 2883 2123 CAPUT
2911 2070 3031 2125 XII.

2381 2158 2451 2211 De
2501 2157 2811 2227 sumptione
2858 2161 3319 2229 propositionum.

2093 2265 2241 2332 Ergo
2277 2263 2707 2334 propositiones
2740 2264 2977 2335 quidem
3012 2264 3346 2335 eligendum
3383 2269 3675 2337 quotquot

2023 2352 2213 2405 modis
2244 2352 2698 2407 determinatum
2734 2358 2823 2408 est
2868 2353 2925 2408 in
2963 2355 3380 2426 propositione,
3415 2360 3513 2410 aut
3535 2374 3669 2411 om-

2020 2441 2182 2494 nium
2203 2441 2512 2511 opiniones
2532 2442 2901 2514 proponenti,
2920 2449 3021 2498 aut
3040 2444 3292 2515 plurium
3318 2450 3417 2499 aut
3437 2446 3671 2517 sapien-

2021 2533 2169 2593 tum,
2200 2534 2253 2584 et
2276 2530 2486 2585 horum
2511 2530 2597 2586 vel
2622 2533 3010 2593 omnium,vel
3030 2533 3543 2604 plurimorum,vel
3571 2552 3669 2590 no-

2018 2618 2404 2674 tissimorum.
2444 2623 2551 2675 Aut
2577 2622 2751 2675 etiam
2789 2623 3110 2677 contrarias
3143 2624 3585 2693 apparentibus,
3613 2631 3669 2678 et

2019 2724 2383 2780 quaecunque
2396 2709 2701 2780 opiniones
2715 2711 3038 2765 secundum
3058 2717 3240 2765 artem
3257 2716 3395 2766 sunt
3410 2718 3490 2776 ;at
3505 2730 3667 2785 opor-

2017 2800 2099 2851 tet
2112 2798 2452 2866 protendere
2476 2800 2795 2852 contrarias
2809 2800 3228 2870 apparentibus
3245 2802 3665 2872 probabilibus,

2017 2887 2337 2940 secundum
2355 2888 2897 2955 contradictionem,
2917 2890 3415 2959 quemadmodum
3443 2891 3664 2946 dictum

2015 2979 2103 3029 est
2132 2975 2312 3044 prius.
2346 2975 2495 3030 Utile
2529 2980 2722 3031 autem
2757 2982 2813 3031 et
2834 2978 3019 3032 facere
3050 2995 3147 3032 eas
3180 2978 3235 3031 in
3270 2978 3666 3050 eligendonon

2015 3063 2205 3119 solum
2241 3081 2372 3135 quae
2403 3070 2545 3119 sunt
2575 3065 2927 3135 probabiles,
2960 3068 3061 3120 sed
3098 3072 3155 3122 et
3208 3067 3432 3124 similes
3463 3070 3569 3135 eis,
3604 3073 3668 3124 ut

1938 3195 1979 3262 Ο
2021 3155 2176 3223 quod
2209 3154 2631 3209 contrariorum
2657 3154 2808 3209 idem
2834 3162 2919 3209 est
2940 3173 3170 3225 sensus,
3191 3173 3321 3210 nam
3344 3163 3398 3211 et
3421 3158 3667 3215 scientia

2019 3243 2447 3297 contrariorum
2464 3244 2791 3299 esteadem.
2811 3245 2873 3299 Et
2890 3246 3039 3315 quod
3058 3246 3321 3301 videmus
3339 3247 3665 3319 suscipien-

2014 3337 2103 3386 tes
2134 3331 2506 3403 aliquid,non
2540 3334 2894 3399 amittentes,
2917 3350 3049 3388 nam
3069 3339 3125 3390 et
3146 3334 3205 3388 in
3239 3335 3369 3390 aliis
3392 3336 3663 3391 sensibus

2013 3421 2097 3475 sic
2127 3427 2236 3487 est,
2271 3438 2406 3477 nam
2442 3427 2497 3477 et
2527 3424 2803 3477 audimus
2844 3424 3232 3493 suscipientes
3263 3423 3510 3495 aliquid,
3546 3442 3659 3479 non

2013 3513 2365 3577 amittentes,
2397 3518 2453 3566 et
2472 3512 2780 3567 olfacimus
2812 3513 3009 3567 eodem
3039 3513 3231 3579 modo,
3257 3513 3528 3568 similiter
3554 3531 3657 3568 au-

2012 3604 2127 3654 tem
2162 3605 2219 3655 et
2252 3601 2307 3655 in
2343 3600 3662 3673 aliis.Amplius:quaecunqueinomnibusvel

2014 3689 2288 3759 plurimis
2317 3690 2609 3758 videntur,
2643 3693 2996 3745 sumendum
3026 3696 3085 3744 ut
3113 3691 3465 3763 principium
3492 3697 3543 3746 et
3568 3709 3667 3764 ap-

2014 3784 2313 3846 parentem
2352 3780 2723 3849 positionem,
2758 3796 2889 3834 nam
2918 3785 3139 3850 ponunt
3160 3780 3258 3850 qui
3294 3798 3405 3835 non
3436 3782 3669 3853 conspi-

2013 3869 2195 3935 ciunt,
2216 3869 2271 3922 in
2291 3869 2485 3939 aliquo
2516 3886 2628 3924 non
2651 3870 2732 3923 sic
2752 3869 2939 3923 habet.
2974 3869 3201 3940 Eligere
3226 3875 3418 3925 autem
3438 3873 3666 3941 oportet

2013 3962 2069 4011 et
2090 3973 2155 4011 ex
2179 3957 2412 4028 scriptis
2443 3958 2988 4028 disceptationibus.
3023 3958 3452 4029 Descriptiones
3469 3965 3663 4014 autem

2013 4047 2205 4101 facere
2238 4047 2293 4100 in
2328 4063 2684 4117 unoquoque
2716 4063 2926 4117 genere
2958 4053 3358 4118 supponentes
3392 4066 3663 4103 seorsum

2012 4138 2098 4205 (ut
2129 4136 2198 4190 de
2231 4136 2536 4201 bono,‘faut
2558 4138 2629 4191 de
2651 4136 2913 4200 animali,
2947 4142 3001 4191 et
3027 4137 3096 4190 de
3122 4137 3274 4191 bono
3308 4137 3490 4207 omni)
3522 4138 3662 4191 inci-

2015 4225 2319 4294 pientema
2351 4226 2492 4295 quid
2525 4229 2633 4280 est.
2669 4226 2962 4279 Adnotare
2996 4230 3185 4279 autem
3213 4232 3267 4279 et
3289 4225 3656 4291 singulorum

2016 4313 2347 4384 Opiniones,
2382 4316 2446 4366 ut
2477 4314 2629 4384 quod
2666 4314 3045 4384 Empedocles
3088 4320 3345 4385 quatuor
3377 4315 3660 4370 dixitele-

2014 4407 2213 4457 menta
2246 4418 2555 4472 corporum
2590 4419 2740 4459 esse.
2776 4403 2955 4457 Ponet
2986 4403 3139 4457 enim
3164 4403 3376 4473 aliquis
3409 4404 3560 4474 quod
3588 4406 3659 4458 ab

2015 4490 2214 4560 aliquo
2240 4491 2483 4561 probato
2502 4492 2724 4546 dictum
2751 4496 2861 4546 est.
2887 4492 3037 4547 Sunt
3067 4497 3258 4547 autem
3294 4496 3381 4561 (ut
3405 4492 3661 4561 ﬁgurali-

326 4577 744 4633 Determinatis
790 4582 985 4633 autem
1034 4578 1147 4643 his,
1199 4582 1427 4649 oportet
1457 4578 1716 4634 dividere
1761 4584 1904 4650 quot
1938 4552 1980 4615 Β
2012 4552 2209 4634 ter-sit
2239 4552 2570 4651 complecti)
2615 4581 3083 4652 propositionum
3129 4585 3184 4636 et
3229 4552 3655 4651 problematum

248 4666 692 4722 dialecticarum
718 4668 1187 4739 disputationum
1223 4672 1363 4722 sunt
1395 4669 1638 4738 species.
1677 4673 1773 4724 Est
1796 4687 1902 4723 an-

243 4760 370 4811 tem
408 4756 667 4811 inductio
700 4756 933 4827 quidem
970 4756 1112 4821 haac,
1143 4756 1245 4810 illa
1276 4762 1468 4811 autem
1503 4757 1899 4828 syllogismus.

246 4850 317 4899 Et
348 4845 726 4917 syllogismus
758 4847 991 4918 quidem
1026 4846 1164 4917 quid
1201 4854 1309 4911 est,
1344 4846 1562 4900 dictum
1598 4854 1685 4902 est
1715 4850 1898 4918 prius.

247 4935 523 4991 luductio
553 4952 687 4991 vero
717 4942 807 4992 est
828 4954 861 4991 a
893 4935 1294 5007 singularibus
1326 4936 1392 4989 ad
1421 4937 1773 4991 universalia
1805 4955 1902 4993 ac-

243 5024 462 5089 cessio,
492 5030 557 5079 ut
586 5025 634 5081 si
664 5030 754 5080 est
799 5026 1160 5095 gubernator
1201 5024 1492 5091 eruditus,
1536 5026 1814 5096 optimus,
1848 5034 1901 5082 et

244 5114 480 5185 auriga,
538 5120 593 5169 et
624 5114 816 5169 omnis
848 5114 947 5184 qui
1000 5118 1089 5169 est
1119 5113 1385 5168 eruditus
1417 5115 1471 5167 in
1523 5130 1895 5186 unoquoque,

246 5204 534 5275 optimus.
570 5204 670 5258 Est
691 5208 885 5258 autem
910 5202 1175 5257 inductio
1195 5203 1589 5274 verisimilior,
1613 5210 1668 5259 et
1692 5205 1901 5261 clarior

244 5296 307 5348 et
328 5292 651 5347 secundum
704 5308 942 5347 sensum
978 5292 1194 5355 notior,
1226 5296 1282 5345 et
1330 5292 1598 5363 pluribus
1630 5310 1898 5349 commu-

247 5383 343 5437 nis
377 5380 755 5453 syllogismus
803 5389 995 5435 autem
1045 5381 1350 5449 valentior,
1399 5386 1456 5436 et
1485 5382 1554 5437 ad
1605 5384 1899 5439 contradi-

245 5474 450 5526 centes
481 5471 793 5526 efﬁcacior.
847 5471 995 5541 Ergo
1028 5484 1241 5540 genera
1272 5470 1343 5525 de
1372 5471 1586 5539 quibus
1631 5472 1895 5543 disputa-

244 5563 457 5620 tiones,
495 5566 553 5613 et
580 5576 647 5614 ex
699 5561 936 5631 quibus,
968 5559 1464 5631 quemadmodum
1512 5568 1643 5616 ante
1672 5564 1891 5617 dictum

244 5656 359 5715 est,
395 5649 784 5705 determinata
814 5647 951 5703 sint.

2017 4672 2206 4739 partes
2239 4676 2357 4724 tres
2391 4689 2404 4737 ;
2443 4687 2575 4725 nam
2606 4670 2731 4724 alia:
2756 4674 2895 4725 sunt
2923 4670 3171 4724 morales
3202 4670 3655 4741 propositiones,

2012 4757 2135 4812 aliae
2168 4759 2486 4825 naturales,
2522 4760 2645 4813 aliae
2670 4759 3003 4813 rationales.
3029 4760 3270 4813 Murales
3294 4760 3528 4831 quidem
3548 4760 3656 4814 hu.

2005 4848 2288 4916 jusmodi,
2311 4852 2375 4902 ut
2398 4854 2591 4902 utrum
2617 4854 2879 4919 oporteat
2905 4848 3241 4917 parentibus
3263 4849 3447 4919 magis
3472 4867 3542 4902 an
3575 4849 3657 4903 le-

2011 4937 2184 5006 gibus
2214 4936 2470 4999 obedire,
2500 4937 2546 4990 si
2608 4936 2979 4990 dissentiant.
3044 4936 3373 4991 Rationales
3406 4954 3561 5001 vero,
3596 4944 3656 4992 ut

2011 5028 2203 5079 utrum
2239 5025 2660 5079 contrariorum
2682 5026 2880 5079 eadem
2902 5024 3233 5096 disciplina,
3268 5041 3340 5079 an
3368 5043 3501 5080 non.
3540 5028 3655 5081 Na-

2010 5112 2228 5167 turales
2261 5120 2477 5178 autem,
2495 5118 2559 5169 ut
2578 5119 2766 5169 utrum
2787 5114 3043 5169 mundus
3059 5114 3422 5177 sitaeternus,
3449 5131 3650 5171 necne.

2007 5203 2285 5256 Similiter
2315 5210 2508 5258 autem
2543 5209 2599 5258 et
2630 5204 3011 5275 problemata.
3043 5206 3114 5258 At
3143 5221 3274 5257 vero
3299 5205 3499 5275 quales
3534 5205 3653 5258 sint

2008 5291 2251 5363 singulae
2284 5308 2479 5347 earum
2515 5310 2636 5365 qua:
2660 5294 2826 5349 dictae
2850 5299 3011 5359 sunt,
3045 5293 3379 5348 deﬁnitione
3409 5294 3645 5363 quidem

2008 5398 2121 5436 non
2150 5381 2315 5437 facile
2348 5383 2649 5454 assignare
2672 5385 2847 5438 estde
2875 5384 3038 5454 ipsis.
3075 5383 3171 5436 Est
3195 5391 3387 5436 autem
3421 5385 3647 5452 estquae

2008 5486 2109 5541 per
2140 5470 2538 5526 inductionem
2600 5474 2706 5541 est)
2742 5472 3119 5527 assuetudine
3180 5472 3523 5525 tentandum
3560 5487 3652 5524 co-

2005 5561 3347 5634 gnoscereunamquamqueearum,secundum
3370 5559 3647 5629 praedicta

2004 5650 2268 5721 exempla
2299 5653 2717 5707 consideranti.
2750 5653 2830 5705 Ad
2867 5648 3299 5722 philos0phiam
3332 5648 3531 5719 igitur,
3562 5664 3651 5703 se-
