3982 6156
398 306 504 361 919

1664 304 1784 356 ΔΝ.
1831 303 2047 356 MANL.
2090 303 2248 355 BEV.
2290 304 2528 359 BOETII

3665 309 3749 362 920

402 434 663 489 cundum
695 432 995 486 veritatem
1031 431 1099 484 de
1132 428 1226 484 his
1261 427 1705 499 negotiandum,
1740 426 2043 481 dialectico
2075 428 2129 494 Α
2158 429 2518 499 corporalem
2543 435 2761 496 actum,
2783 429 3359 498 nihil;manifestum
3376 447 3506 501 ergo
3528 435 3754 502 quoniam

405 528 598 579 autem
637 521 806 576 modo
839 521 908 573 ad
943 517 1301 588 opinionem.
1329 517 1640 571 Sumendae
1664 520 1854 570 autem
1874 532 2048 586 quam

407 612 660 668 maxime
676 607 1032 663 universales
1059 607 1487 678 propositiones
1531 610 1820 670 omnes,et
1845 622 1960 658 una
1982 607 2054 657 fa-

409 698 1094 766 ciendamultaa,utquod
1121 695 1525 766 oppositorum
1556 695 1764 749 eadem
1788 692 2055 762 discipli-

410 807 505 855 na,
538 787 747 842 deinde
780 787 933 857 quod
985 784 1416 840 contrariorum
1448 788 1504 837 et
1536 783 1691 854 quod
1724 786 1779 836 et
1810 782 2052 853 aliquid.

407 878 620 933 Eodem
653 877 826 931 modo
845 881 902 930 et
933 875 1075 946 ipsae
1109 890 1344 929 rursum
1377 872 1722 937 dividendae,
1753 887 2058 942 quousque

406 967 744 1037 contingere
774 969 966 1036 potest
995 963 1227 1026 divisio.
1261 966 1325 1016 ut
1356 961 1511 1032 quod
1544 961 1702 1028 boni,
1738 963 1795 1013 et
1828 958 2058 1023 mali,et

407 1055 547 1122 albi,
578 1060 634 1110 et
664 1054 840 1125 nigri,
873 1057 929 1108 et
961 1051 1178 1122 frigidi,
1208 1056 1264 1104 et
1295 1049 1471 1104 calidi
1508 1073 1522 1117 ;
1558 1047 1828 1104 similiter
1861 1052 2057 1102 autem

409 1150 466 1199 et
494 1145 555 1198 in
589 1142 739 1198 aliis.
766 1143 842 1198 De
862 1140 1364 1213 propositionibus
1396 1138 1576 1210 igitur
1606 1137 2058 1208 sufﬁciantpraa-

412 1234 589 1290 dicta.

1021 1317 1248 1373 CAPUT
1297 1317 1452 1372 XIII.

804 1411 876 1464 De
907 1407 1239 1476 multiplicis
1281 1407 1664 1461 distinctione.

483 1520 684 1591 Ipsum
709 1521 905 1572 autem
931 1514 1347 1588 quotupliciter
1371 1513 1790 1584 negotiandum
1821 1516 1928 1580 est,
1948 1530 2061 1568 non

414 1609 606 1664 solum
639 1622 1004 1679 quascunque
1037 1604 1318 1657 dicuntur
1363 1603 1687 1657 secundum
1719 1601 1900 1655 alium
1943 1618 2062 1656 mo-

414 1699 576 1764 dum,
595 1697 693 1751 sed
713 1701 767 1750 et
798 1696 1050 1749 rationes
1075 1709 1273 1748 eorum
1295 1693 1643 1747 tentandum
1664 1691 1985 1762 assignare,
2003 1696 2067 1745 ut

2165 534 2364 572 amare
2394 520 2774 590 aequivocum.
2803 521 3080 575 Praeterea
3111 522 3166 574 in
3201 521 3430 586 mediis,
3455 521 3759 594 Sibuicqui-

2166 607 2297 660 dem
2354 614 2444 663 est
2487 608 2709 680 aliquid
2758 611 3042 671 medium,
3087 609 3172 663 illi
3213 616 3414 664 autem
3451 610 3761 676 nihil,autsi

2167 697 2434 768 utrisque
2466 700 2702 769 quidem
2737 704 2845 765 est,
2889 717 3005 754 non
3052 701 3205 754 idem
3239 705 3463 765 autem,
3495 705 3555 754 ut
3582 699 3700 755 clari
3725 708 3765 757 et

2165 786 2400 843 obscuri
2435 829 2449 855 ,
2484 789 2538 843 in
2572 788 2870 844 coloribus
2902 789 3139 860 quidem
3166 788 3391 860 aliquid
3420 795 3506 843 est
3535 791 3767 857 medium,

2169 877 2418 945 fuscum,
2469 879 2526 932 in
2579 895 2734 948 voce.
2766 883 2962 934 autem
3024 877 3195 943 nihil,
3244 883 3348 932 aut
3410 879 3456 931 si
3514 879 3645 933 forte
3667 897 3768 935 rau-

2167 982 2323 1036 cum,
2347 969 2841 1037 quemadmodum
2874 968 3110 1038 quidam
3135 967 3346 1022 dicunt
3366 985 3590 1022 raucam
3614 986 3770 1025 vocem

2169 1056 2433 1110 medium
2466 1072 2618 1126 esse,
2669 1074 2850 1128 quare
2897 1057 3257 1127 mquivocum
3305 1057 3554 1121 clarum,
3605 1059 3770 1113 simili-

2169 1150 2257 1201 ter
2287 1151 2344 1201 et
2376 1147 2717 1202 obscurum.
2755 1149 3004 1218 Insuper
3035 1146 3081 1201 si
3120 1146 3334 1201 horum
3391 1147 3618 1217 quidem
3647 1148 3774 1219 plura

2167 1235 2371 1303 media,
2406 1235 2644 1290 illorum
2665 1240 2860 1291 autem
2877 1252 3086 1303 unum,
3114 1240 3178 1290 ut
3202 1235 3257 1289 in
3283 1235 3442 1291 claro
3470 1239 3527 1290 et
3549 1237 3774 1291 obscuro.

2168 1332 2311 1388 Nam
2333 1333 2391 1388 in
2411 1333 2705 1389 coloribus
2724 1334 2892 1405 plura
2916 1333 3129 1400 media,
3149 1334 3205 1387 in
3235 1350 3376 1388 voce
3400 1339 3588 1388 autem
3607 1351 3776 1400 unum,

2171 1438 2433 1478 raucum.
2451 1424 2702 1478 Rursum
2727 1423 2784 1476 in
2806 1440 2870 1478 eo
2893 1424 3046 1489 quod
3072 1424 3400 1477 secundum
3420 1423 3776 1477 contradictio-

2173 1529 2303 1567 nem
2327 1513 2661 1583 oppocitur,
2677 1512 3172 1567 considerandum
3191 1512 3238 1564 si
3255 1509 3652 1582 multipliciter
3668 1512 3776 1565 dici-

2172 1607 2285 1656 tur.
2319 1601 2462 1656 Nam
2498 1602 2544 1656 si
2579 1602 2686 1656 hoc
2712 1600 3117 1671 multipliciter
3149 1601 3396 1668 dicitur,
3433 1605 3488 1654 et
3523 1601 3779 1671 quodhuic

2174 1691 2488 1761 Opponitur
2516 1689 2918 1760 multipliciter
2935 1689 3179 1744 dicetur.
3213 1689 3287 1743 Ut
3315 1705 3434 1743 non
3464 1689 3644 1743 videre
3663 1688 3777 1742 mul-

415 1803 530 1840 non
565 1785 755 1840 solum
790 1785 944 1854 quod
980 1784 1198 1836 bonum
1231 1781 1344 1836 alio
1377 1782 1614 1851 quidem
1651 1781 1823 1834 modo
1851 1780 2064 1834 dicitur
2098 1789 2141 1853 Β
2173 1779 2448 1849 tipliciter
2475 1779 2712 1843 dicitur,
2745 1795 2928 1833 unum
2963 1779 3196 1850 quidem
3223 1795 3340 1833 non
3367 1778 3578 1832 habere
3606 1779 3777 1844 visum,

408 1874 644 1946 justitia
665 1879 721 1928 et
777 1873 1078 1940 fortitudo,
1115 1870 1305 1926 habile
1338 1876 1534 1925 autem
1585 1875 1642 1925 et
1672 1869 1926 1935 salubre,
1961 1870 2059 1924 sed

417 1965 571 2036 quod
587 1962 748 2018 etilla
765 1962 998 2033 quidem
1017 1960 1253 2031 eoquod
1270 1960 1398 2031 ipsa
1413 1958 1605 2030 qualia
1622 1960 1885 2029 quendam
1901 1963 2062 2025 sunt,

419 2055 538 2109 haec
570 2059 764 2107 autem
786 2068 850 2106 eo
874 2051 1024 2120 quod
1052 2050 1311 2104 effectiva
1333 2049 1669 2118 alicujus,et
1691 2065 1803 2102 non
1830 2048 2063 2118 ecquod

415 2141 609 2215 qualia
646 2141 913 2213 quadam
971 2144 1110 2193 sunt
1143 2156 1155 2205 ;
1189 2137 1462 2194 similiter
1510 2143 1704 2192 autem
1739 2143 1795 2191 et
1827 2137 1883 2191 in
1913 2137 2064 2191 aliis.

413 2232 620 2288 Utrum
661 2235 856 2285 autem
919 2227 1346 2298 multipliciter,
1380 2231 1480 2282 aut
1531 2243 1647 2281 uno
1681 2227 1853 2280 modo
1876 2226 2066 2297 specie

412 2321 653 2388 dicitur,
684 2336 786 2390 per
817 2319 937 2374 haec
981 2318 1498 2372 considerandum.
1533 2316 1795 2370 Primum
1831 2317 2065 2384 quidem

410 2409 468 2464 in
516 2408 809 2464 contrario
873 2406 1343 2478 perspiciendum
1401 2405 1450 2460 si
1512 2404 1922 2475 multipliciter
1978 2405 2069 2459 di-

409 2498 597 2564 citur,
634 2499 756 2553 sive
790 2495 1001 2567 specie,
1035 2496 1153 2550 sive
1185 2493 1422 2549 nomine
1470 2494 1748 2548 dissonet.
1790 2495 2066 2558 Quaedam

412 2590 571 2645 enim
605 2587 804 2643 statim
837 2590 893 2641 et
926 2585 1268 2639 nominibus
1327 2583 1442 2638 alia
1475 2587 1638 2651 sunt,
1699 2588 1763 2636 ut
1809 2589 1979 2638 acuto
2012 2584 2067 2638 in

415 2695 552 2733 voce
583 2676 945 2732 contrarium
978 2678 1066 2729 est
1110 2690 1304 2745 grave,
1342 2673 1395 2726 in
1431 2672 1839 2744 magnitudine
1872 2679 2067 2728 autem

414 2768 743 2831 obtusum;
797 2768 950 2834 patet
1011 2762 1193 2834 igitur
1253 2763 1407 2834 quod
1471 2761 1831 2817 contrarium
1897 2768 2068 2818 acuto

418 2854 827 2926 multipliciter
879 2852 1112 2917 dicitur,
1173 2852 1222 2906 si
1271 2857 1465 2906 autem
1501 2851 1653 2920 iboc,
1699 2857 1754 2905 et
1806 2858 2067 2907 acutum.

422 2945 568 3001 Nam
600 2943 922 2998 secundum
958 2949 1277 3011 utrumque
1311 2939 1521 2996 horum
1582 2940 1737 2995 aliud
1770 2945 1895 3010 erat
1929 2958 2071 2996 con-

427 3035 694 3100 trarium,
728 3049 843 3086 non
905 3030 1061 3086 enim
1096 3031 1248 3084 idem
1305 3035 1541 3085 acutum
1602 3030 1711 3084 erit
1756 3031 1965 3085 obtuso
2016 3041 2073 3085 et

420 3122 582 3194 gravi
615 3120 973 3176 contrarium
1013 3137 1025 3187 ;
1061 3119 1295 3190 utrique
1327 3124 1522 3173 autem
1569 3123 1804 3173 acutum
1839 3124 2066 3174 contra-

419 3213 595 3266 rium.
616 3211 865 3264 Rursum
884 3208 1119 3280 graviin
1140 3224 1276 3264 voce
1291 3208 1527 3278 quidem
1546 3208 1903 3263 contrarium
1922 3225 2067 3262 acu-

419 3305 573 3365 tum,
606 3298 1010 3368 magnitudine
1041 3303 1235 3351 autem
1269 3295 1428 3362 leve;
1464 3313 1644 3368 quare
1673 3297 2074 3368 multipliciter

420 3405 591 3460 grave
607 3387 914 3457 dicitur,eo
938 3387 1092 3456 quod
1112 3387 1561 3441 etcontrarium.
1581 3387 1859 3443 Similiter
1873 3394 2070 3442 autem

427 3483 485 3533 et
517 3475 848 3548 pulchro,ei
883 3475 1122 3546 quidem
1156 3476 1307 3547 quod
1329 3476 1639 3530 inanimali
1666 3478 2071 3548 turpe,eivero

427 3565 580 3637 quod
616 3568 705 3618 est
733 3563 791 3618 in
823 3564 1018 3628 domo,
1044 3563 1468 3634 perniciosum;
1500 3581 1678 3634 quare
1710 3565 2072 3636 equivocum

424 3654 757 3726 pulchrum.
796 3653 854 3707 In
887 3653 1223 3723 quibusdan
1249 3661 1442 3708 autem
1471 3653 1810 3709 nominibus
1834 3653 2072 3724 quidem

425 3745 586 3800 nullo
621 3743 792 3798 modo
825 3743 1112 3810 dissonat,
1140 3742 1327 3812 specie
1352 3747 1542 3797 autem
1572 3744 1884 3798 manifesta
1907 3743 1963 3797 in
1990 3744 2075 3798 eis

429 3833 628 3887 statim
663 3831 986 3886 differentia
1008 3835 1116 3896 est,
1152 3835 1213 3884 ut
1245 3830 1300 3884 in
1353 3830 1508 3886 claro
1541 3836 1596 3885 et
1626 3832 1879 3887 obscuro
1916 3852 1928 3900 ;
1965 3849 2071 3886 vox

427 3921 581 3977 enim
598 3919 754 3975 clara
785 3925 841 3975 et
868 3921 1119 3974 obscura
1142 3919 1383 3974 dicitur.
1402 3919 1682 3974 Similiter
1695 3925 1888 3976 autem
1905 3927 2071 3976 etco-

426 4012 534 4065 lor.
569 4011 714 4082 Ergo
731 4008 1071 4064 nominibus
1088 4008 1327 4080 quidem
1352 4008 1498 4062 nihil
1534 4010 2075 4080 dissonant.,specie

427 4106 621 4156 autem
658 4099 970 4154 manifesta
994 4097 1052 4152 in
1085 4097 1168 4152 eis
1195 4098 1394 4152 statim
1430 4098 1760 4152 differentia
1791 4103 1880 4153 est
1912 4117 1926 4166 ;
1959 4116 2073 4154 non

424 4191 578 4244 enim
615 4187 956 4244 similiteret
989 4185 1150 4241 color
1176 4185 1370 4241 clarus
1402 4187 1639 4254 dicitur,
1674 4193 1731 4241 et
1759 4204 1864 4241 vox
1897 4187 2071 4246 clara.

425 4278 792 4334 Manifestum
821 4282 1014 4332 autem
1037 4277 1094 4331 id
1122 4281 1208 4332 est
1230 4280 1284 4330 et
1308 4293 1407 4347 per
1429 4292 1695 4345 sensum,
1721 4293 1852 4331 nam
1870 4294 2071 4332 eorum

427 4387 551 4436 quae
567 4371 764 4422 eadem
785 4365 1150 4436 suntspecie,
1169 4366 1316 4419 idem
1336 4382 1578 4434 sensus;
1596 4371 1652 4419 at
1682 4364 1904 4420 clarum
1920 4368 2070 4436 quod

429 4460 485 4512 in
516 4473 648 4510 voce
685 4461 740 4508 et
770 4455 825 4508 in
861 4455 1050 4508 colore
1101 4471 1216 4508 non
1247 4455 1450 4508 eodem
1509 4470 1680 4509 sensu
1706 4455 2070 4524 judicamus,

433 4547 529 4601 sed
568 4545 677 4599 hoc
703 4543 941 4614 quidem
974 4543 1282 4606 visu,illud
1331 4543 2074 4599 autem‘auditu.Similiter

433 4639 625 4689 autem
646 4639 702 4688 et
733 4637 968 4687 acutum
985 4631 1326 4685 etobtusum
1346 4633 1400 4684 in
1419 4631 1770 4688 humoribus
1791 4638 1846 4687 et
1868 4634 1922 4687 ir
1949 4651 2070 4687 ma-

433 4722 864 4796 gnitudinibus,
897 4721 996 4774 sed
1031 4720 1137 4774 hoc
1180 4719 1414 4789 quidem
1468 4725 1653 4785 tactu,
1697 4722 1838 4776 illud
1874 4729 2070 4778 autem

431 4815 630 4883 gustu.
665 4811 808 4864 Nam
825 4825 1008 4878 neque
1028 4808 1471 4863 haecdissonant
1506 4810 1869 4874 nominibus,
1888 4827 2073 4881 neque

429 4901 488 4955 in
522 4899 754 4971 seipsis,
791 4913 976 4967 neque
1005 4897 1062 4950 in
1107 4897 1443 4964 contrariis,
1477 4899 1752 4952 obtusum
1776 4899 1930 4952 enim
1985 4904 2074 4954 est

430 4988 787 5046 contrarium
805 4985 1057 5056 utrique.
1087 4985 1417 5055 Ampliussi
1451 4985 1834 5055 buicquidem
1858 4987 2071 5042 estali-

430 5079 570 5152 quid
603 5075 984 5141 contrarium,
1018 5074 1101 5129 illi
1135 5078 1326 5128 autem
1365 5074 1710 5145 simpliciter
1744 5074 1909 5141 nihil,
1944 5076 2072 5131 utei

430 5187 555 5241 quae
587 5173 676 5222 est
710 5184 742 5220 a
773 5169 910 5236 potu
935 5162 1326 5228 delectationi,
1346 5181 1414 5218 ea
1431 5182 1556 5234 qua:
1579 5168 1668 5219 est
1695 5181 1728 5218 a
1759 5164 1854 5219 siti
1881 5164 2071 5219 tristi-

430 5261 534 5323 tia,
568 5255 923 5312 contrarium
963 5271 975 5320 ;
1010 5255 1059 5306 ei
1094 5258 1289 5306 autem
1325 5271 1450 5322 quae
1481 5260 1569 5308 est
1601 5255 1672 5309 ab
1702 5270 1766 5308 eo
1798 5256 1953 5325 quod
1987 5261 2075 5310 est

429 5347 800 5404 considerare
831 5343 978 5412 quod
1005 5342 1287 5395 diameter
1317 5348 1407 5396 est
1430 5349 1599 5398 costa:
1635 5344 2071 5399 incommensu-

432 5436 652 5501 rabilis,
687 5433 854 5488 nihil.
889 5431 1075 5494 Quare
1096 5429 1501 5501 multipliciter
1518 5431 2068 5488 delectatiodicitur.

432 5529 500 5581 Et
530 5526 580 5579 ei
615 5523 852 5596 quidem
887 5537 1014 5591 qua:
1044 5523 1136 5574 est
1185 5522 1510 5575 secundum
1566 5527 1819 5576 mentem
1855 5538 2072 5589 amare,

433 5617 592 5672 odire
615 5615 972 5671 contrarium
1005 5615 1094 5666 est
1125 5627 1140 5680 ;
1167 5608 1216 5665 ei
1250 5617 1441 5666 autem
1475 5628 1601 5683 qua:
1632 5617 1719 5666 est
1751 5613 2072 5668 secundum

2171 1867 2417 1922 alterum
2454 1873 2646 1923 autem
2665 1885 2779 1923 non
2813 1867 3204 1939 operarivisu.
3231 1867 3290 1921 Si
3325 1872 3526 1921 autem
3553 1867 3645 1921 hoc
3666 1867 3777 1921 mul-

2169 1956 2443 2024 tipliciter
2457 1957 2691 2023 dicitur,
2727 1956 3120 2012 necessarium
3136 1965 3225 2010 est
3244 1957 3513 2010 etvidere
3537 1955 3772 2026 multipli-

2170 2045 2312 2100 citer
2339 2046 2490 2100 dici:
2525 2047 2757 2117 utrique
2778 2047 2933 2101 enim
2958 2063 3074 2100 non
3098 2046 3299 2100 videre
3324 2045 3649 2116 opponitur,
3669 2050 3718 2098 ut
3737 2045 3774 2098 ei

2171 2135 2407 2205 quidem
2437 2135 2589 2205 quod
2609 2141 2698 2190 est
2730 2152 2842 2190 non
2868 2135 3081 2189 habere
3098 2135 3306 2198 visum,
3342 2135 3588 2202 habere;
3621 2134 3777 2187 illiau-

2174 2230 2288 2279 tem
2323 2225 2477 2294 quod
2511 2241 2624 2280 non
2653 2229 2742 2279 est
2770 2230 2997 2295 operari
3017 2225 3169 2289 visu,
3202 2225 3457 2296 operari.
3487 2223 3775 2293 Ampliusin

2171 2315 2405 2385 hisqure
2422 2315 2747 2369 secundum
2775 2314 3155 2385 privationem
3181 2320 3237 2368 et
3256 2314 3528 2369 habitum
3551 2313 3778 2366 dicuntur

2175 2404 2666 2475 perspiciendum.
2703 2403 2760 2458 Si
2795 2404 2951 2458 enim
2985 2403 3234 2457 alterum
3266 2401 3780 2474 multipliciterdici-

2176 2499 2293 2560 tur,
2325 2501 2378 2547 et
2402 2492 2693 2564 reliquum
2713 2492 2839 2546 utsi
2859 2492 3140 2547 sensibile
3156 2491 3774 2564 multipliciterdicitur:

2176 2597 2232 2645 et
2254 2591 2576 2644 secundum
2597 2589 2852 2644 animam
2883 2594 2938 2645 et
2954 2607 3187 2661 corpus,
3216 2594 3273 2644 et
3308 2589 3643 2645 insensibile
3660 2585 3778 2640 mul-

2175 2678 2453 2750 tipliciter
2485 2680 2711 2733 dicetur
2739 2683 2796 2734 et
2822 2679 3142 2733 secundum
3185 2679 3452 2734 animam
3487 2683 3542 2733 et
3590 2693 3776 2747 corpus.

2177 2768 2336 2832 Quod
2362 2772 2560 2822 autem
2595 2768 2919 2822 secundum
2937 2767 3324 2838 privationem
3357 2774 3413 2822 et
3446 2767 3775 2833 habitumop-

2179 2862 2622 2928 ponunturquaa
2653 2855 2808 2910 dicta
2824 2862 2985 2918 sunt,
3002 2857 3405 2925 manifestum,
3439 2872 3503 2911 eo
3524 2855 3660 2926 quod
3677 2861 3776 2907 nata

2179 2946 2297 2999 sint
2312 2950 2631 3016 utrumque
2645 2961 2881 2998 sensum
2896 2943 3110 2999 habere
3123 2945 3492 3013 animalia,et
3505 2943 3774 2998 secundum

2180 3034 2444 3088 animum
2493 3038 2548 3087 et
2580 3033 2903 3088 secundum
2946 3049 3180 3104 corpus.
3215 3033 3488 3103 Amplius
3535 3038 3700 3086 autem
3735 3031 3773 3083 in

2183 3122 2419 3178 casibus
2452 3123 2969 3177 considerandum.
3000 3121 3143 3176 Nam
3169 3122 3214 3175 si
3242 3122 3410 3192 juste
3433 3120 3776 3192 multipliciter

2182 3212 2419 3281 dicitur,
2453 3211 2750 3279 etjustum
2785 3210 3185 3282 multipliciter
3216 3210 3467 3275 dicetur,
3505 3210 3772 3263 secundum

2176 3306 2494 3370 utrumque
2525 3300 2675 3354 enim
2702 3301 2992 3370 iustorum
3018 3307 3106 3354 est
3130 3301 3391 3368 justum,
3427 3297 3776 3368 utsijustedi-

2176 3389 2326 3443 citur
2357 3395 2408 3442 et
2454 3389 2776 3442 secundum
2813 3389 2902 3442 sui
2933 3388 3330 3459 cognitionem
3368 3389 3625 3458 judicare
3663 3391 3706 3439 et
3733 3389 3774 3436 ut

2179 3481 2426 3548 oportet,
2459 3476 2736 3530 similiter
2767 3483 2822 3530 et
2843 3478 3094 3547 justum.
3124 3478 3339 3531 Eodem
3368 3489 3555 3531 autem
3577 3476 3774 3529 modoct

2179 3567 2225 3620 si
2254 3566 2486 3620 salubre
2510 3564 2913 3635 multipliciter
2939 3565 3174 3631 dicitur,
3210 3572 3268 3620 et
3298 3561 3774 3620 salubritermulti~

2177 3654 2407 3726 pliciter
2431 3655 2676 3721 dicetur,
2695 3659 2760 3708 ut
2777 3654 2824 3707 si
2859 3653 3093 3710 salubre
3112 3655 3329 3710 dicitur
3349 3655 3454 3710 hoc
3479 3654 3684 3724 quidem
3705 3667 3772 3703 sa-

2178 3743 2382 3798 nitatis
2398 3743 2751 3812 effectivum,
2770 3742 2912 3796 iltud
2934 3748 3118 3798 autem
3135 3745 3612 3808 conservativum,
3629 3738 3772 3811 quod-

2179 3833 2311 3886 dam
2346 3848 2480 3886 vero
2513 3831 2993 3902 significativum,
3019 3837 3076 3885 et
3097 3832 3419 3887 salubriter
3440 3833 3520 3886 vel
3545 3827 3769 3884 effective.

2176 3919 2266 3974 vel
2288 3920 2705 3987 conservative,
2736 3920 2826 3975 vel
2857 3920 3244 3990 signiﬁcative
3276 3922 3520 3975 dicetur.
3545 3917 3771 3974 Similiter

2178 4013 2372 4064 autem
2391 4013 2448 4063 et
2472 4010 2526 4063 in
2544 4009 2674 4064 aliis
2698 4010 2932 4081 quando
2961 4010 3156 4080 ipsum
3182 4010 3578 4083 multipliciter
3595 4008 3765 4061 dictum

2178 4099 2377 4161 fuerit,
2411 4103 2467 4152 et
2489 4115 2659 4153 casus
2682 4098 2752 4153 ab
2776 4115 2841 4152 eo
2875 4098 3278 4169 multipliciter
3297 4101 3520 4154 dicetur
3542 4115 3553 4164 ;
3576 4105 3624 4150 et
3642 4095 3680 4148 si
3700 4108 3770 4144 ca-

2179 4204 2303 4253 sus,
2338 4187 2624 4256 etipsum.
2650 4187 3086 4242 Consideranda
3105 4193 3297 4241 autem
3323 4195 3380 4243 et
3397 4203 3594 4260 genera
3613 4196 3766 4238 secun-

2181 4278 2318 4329 dum
2347 4294 2557 4330 nomen
2588 4277 3093 4347 praedicationum,
3120 4277 3167 4329 si
3191 4277 3408 4331 eaedem
3435 4280 3546 4331 sint
3568 4267 3765 4327 nomini-

2185 4363 2313 4418 bus.
2349 4369 2491 4419 Nam
2525 4365 2571 4418 si
2608 4381 2718 4418 non
2753 4366 2990 4426 eaedem,
3021 4367 3400 4420 manifestum
3433 4370 3517 4420 est
3545 4360 3763 4434 quoniam

2181 4455 2542 4524 azquivocum
2561 4461 2648 4509 est
2670 4456 2823 4524 quod
2851 4455 3091 4523 dicitur,
3119 4459 3181 4509 ut
3215 4458 3425 4510 bonum
3447 4457 3500 4509 in
3531 4446 3763 4518 cibisqui-

2182 4545 2311 4597 dem
2345 4545 2672 4598 efi‘ectivum
2724 4549 2813 4598 est
2843 4544 3175 4615 voluptatis,
3213 4545 3266 4598 in
3315 4544 3583 4600 medicina
3613 4545 3758 4594 autem

2183 4633 2508 4688 eﬂ'ectivum
2544 4633 2834 4699 sanitatis,
2859 4633 2916 4688 in
2952 4634 3149 4688 anima
3170 4651 3302 4688 vero
3330 4636 3550 4706 qualem
3582 4628 3760 4687 essent

2183 4728 2431 4789 castam,
2447 4723 2533 4776 vel
2556 4725 2785 4788 fortem,
2803 4722 3153 4792 veljustam.
3179 4724 3458 4778 Similiter
3478 4729 3645 4775 autem
3666 4714 3757 4769 etin

2185 4812 2457 4879 homine;
2492 4812 2799 4882 aliquoties
2827 4818 3022 4866 autem
3053 4815 3360 4883 etquando
3394 4820 3453 4867 ut
3482 4815 3534 4866 in
3558 4815 3756 4874 tempore

2185 4902 2398 4956 bonum
2426 4903 2666 4970 (bonum
2682 4902 2837 4955 enim
2863 4901 3147 4956 diciturin
3168 4904 3462 4973 tempore),
3482 4900 3755 4971 plerumque

2185 4997 2377 5045 autem
2395 4996 2681 5063 quantum
2699 4990 2756 5044 in
2776 4990 3292 5061 mediocri(dicitur
3305 4993 3454 5046 enim
3467 4995 3517 5045 et
3532 4983 3754 5042 mediocre

2187 5081 2467 5147 bonum);
2503 5095 2679 5150 quare
2693 5078 3056 5148 mquivocum
3077 5079 3318 5133 bonum.
3336 5078 3592 5135 Similiter
3611 5076 3752 5125 autem

2186 5175 2242 5223 et
2271 5169 2607 5232 candidum,
2640 5168 2697 5221 in
2731 5184 2970 5238 corpore
2997 5169 3235 5237 quidem
3268 5169 3435 5231 color,
3470 5167 3521 5220 in
3550 5177 3659 5216 voce
3676 5170 3751 5208 au-

2185 5263 2300 5314 tem
2334 5259 2481 5313 bene
2513 5257 2725 5312 audile.
2754 5256 3062 5310 Similiter.
3101 5263 3295 5312 autem
3331 5262 3384 5312 et
3415 5261 3639 5311 acutum,
3668 5257 3749 5298 non

2185 5347 2339 5402 enim
2374 5346 2644 5402 similiter
2667 5346 2816 5399 idem
2850 5345 2909 5399 in
2942 5345 3215 5401 omnibus
3265 5347 3489 5402 dicitur.
3528 5341 3645 5396 Nam
3674 5345 3747 5383 Vox

2186 5443 2351 5490 acula
2375 5435 2612 5505 quidem
2637 5433 2800 5488 velox
2821 5434 2995 5502 (sicut
3013 5434 3236 5501 dicunt,
3263 5430 3744 5510 quisecundumnuj

2187 5541 2377 5579 meros
2411 5524 2733 5578 harmonici
2758 5522 2939 5593 sunt),
2964 5523 3214 5593 angulus
3246 5530 3434 5579 autem
3463 5519 3740 5601 acutus‘lf”

2187 5613 2382 5668 minor
2416 5619 2505 5668 est
2535 5616 2708 5680 recto,
2740 5612 2970 5683 gladius
3002 5627 3134 5668 vero
3182 5612 3281 5684 qui
3312 5617 3397 5670 est
3415 5604 3584 5680 anguli
3606 5600 3734 5656 acuti-
