3982 6156
124 351 229 404 921

1050 347 1466 404 TOPICORUM
1504 351 1971 410 ARISTOTELIS
2006 360 2614 417 INTERPRETATIO.

3432 364 3541 418 922

120 475 561 532 Consideranda
584 474 757 529 etiam
785 478 841 529 et
870 490 1081 543 genera
1110 488 1306 529 eorum
1341 490 1466 545 quae
1493 480 1633 530 sunt
1661 477 1773 532 sub
1804 481 1856 547 Α
1888 482 1971 536 tet
1997 481 2047 537 si
2080 498 2281 541 eorum
2315 503 2442 558 qua
2474 488 2586 543 sub
2609 488 2809 543 eodem
2832 495 2968 544 sunt
2994 488 3253 556 nomine,
3277 488 3387 545 hoc
3410 490 3542 561 qui-

124 566 331 621 eodein
358 564 612 629 nomine,
635 565 685 617 si
710 564 941 619 diversa
957 568 1146 618 etnon
1170 562 1511 618 subalterna
1542 570 1703 631 sunt,
1720 574 1779 621 ut

121 673 340 726 equus,
367 654 473 709 hoc
505 663 697 708 autem
726 652 965 721 animal,
999 660 1056 708 et
1090 654 1194 709 hoc
1214 670 1338 709 vas.
1368 653 1601 709 Diversa
1622 655 1777 711 enim

118 762 253 817 quae
287 746 613 801 secundum
643 761 855 799 nomen
889 749 977 798 est
1024 743 1232 798 horum
1286 744 1479 811 ratio,§
1506 761 1638 800 nam
1671 745 1779 801 hoc

116 838 364 907 quidem
381 835 623 900 animal,
643 835 782 906 quid
808 834 1121 906 significat,
1144 833 1285 889 illud
1308 851 1439 889 vero
1458 851 1582 901 vas,
1606 835 1779 907 quale

115 927 289 997 quid.
314 926 371 980 Si
398 931 593 981 autem
619 924 959 980 subalterna
978 922 1343 994 sintgenera,
1370 942 1486 979 non
1511 942 1777 981 necessa-

114 1016 279 1071 rium
306 1016 566 1070 diversas
590 1030 717 1069 esse
742 1013 1016 1081 rationes,
1043 1017 1103 1068 ut
1124 1013 1277 1069 corvi
1307 1013 1545 1084 animal,
1576 1020 1633 1069 et
1653 1016 1777 1071 avis

114 1122 312 1177 genus
330 1104 680 1174 est;quando
697 1114 887 1158 autem
903 1119 1072 1158 corvu
1085 1103 1423 1172 m,dicimus
1438 1108 1633 1159 autem
1649 1120 1778 1161 esse

115 1201 178 1249 et
196 1193 589 1265 animal,quid
606 1192 857 1248 dicimus
871 1193 1140 1248 eumdem
1159 1209 1287 1249 esse
1306 1209 1509 1264 ;quare
1527 1198 1778 1264 utraque

114 1299 340 1354 genera
388 1284 459 1337 de
506 1282 707 1336 eodem
745 1280 1109 1352 praedicatur.
1161 1279 1441 1335 Similiter
1480 1286 1667 1336 autem
1719 1287 1777 1339 et

113 1372 362 1443 quando
384 1369 602 1425 animal
622 1369 852 1425 volatile
872 1368 1037 1441 bipes
1059 1384 1294 1424 corvum
1314 1368 1590 1438 dicimus,
1611 1386 1773 1425 avem

113 1462 383 1516 dicimus
401 1461 670 1515 eumdem
691 1475 841 1525 esse,
867 1463 923 1515 et
941 1459 1026 1514 sic
1042 1475 1178 1530 ergo
1207 1464 1454 1531 utraque
1468 1475 1681 1530 genera
1704 1461 1775 1515 de

109 1566 293 1605 corvo
328 1548 975 1619 praedicantur,etratio
999 1564 1221 1602 eorum.
1258 1547 1320 1602 In
1354 1564 1464 1602 non
1490 1548 1773 1603 subalter-

109 1640 213 1694 nis
229 1640 544 1709 generibus
563 1656 677 1694 non
693 1636 1240 1707 accidithoc;neque
1254 1640 1408 1691 enim
1426 1638 1660 1708 quando
1674 1654 1775 1694 vas

109 1730 402 1794 dicimus,
425 1728 643 1783 animal
668 1727 945 1792 dicimus,
966 1743 1154 1798 neque
1168 1726 1403 1797 quando
1417 1726 1630 1781 animal
1651 1744 1770 1782 vas.

113 1818 626 1873 Considerandum
648 1822 844 1872 autem
863 1833 975 1870 non
996 1816 1184 1871 solum
1203 1817 1251 1871 si
1280 1816 1335 1869 in
1362 1816 1661 1887 proposito
1683 1816 1773 1871 di-

108 1926 292 1964 versa
315 1912 455 1963 sunt
483 1924 718 1979 genera,
743 1912 800 1961 et
824 1923 935 1962 non
963 1905 1325 1971 subalterna,
1344 1907 1439 1960 sed
1475 1911 1529 1961 et
1552 1906 1609 1960 in
1640 1922 1771 1962 con-

113 2002 329 2057 trario.
350 2002 407 2056 bi
423 2001 576 2056 enim
592 2000 953 2055 contrarium
978 1998 1625 2070 multipliciterdicitur,
1646 2016 1769 2055 ma-

105 2090 401 2144 nifestum
436 2090 717 2161 quoniam
768 2095 825 2143 et
869 2089 1255 2160 propositum.
1290 2087 1442 2143 Utile
1471 2093 1665 2142 autem
1701 2088 1771 2142 ad

106 2178 527 2232 definitionem
548 2178 835 2249 inspicere
857 2193 986 2247 qua
1004 2178 1074 2231 de
1098 2174 1421 2246 composito
1441 2175 1522 2239 fit,
1549 2181 1613 2229 ut
1636 2192 1771 2230 can-

104 2267 239 2322 didi
257 2267 518 2337 corporis
532 2270 587 2321 et
617 2266 875 2321 candida:
899 2265 1079 2331 vocis,
1099 2280 1231 2319 nam
1256 2264 1489 2319 sublato
1514 2264 1770 2334 proprio,

100 2358 386 2412 eamdem
416 2355 701 2412 rationem
725 2360 952 2428 oportet
983 2354 1251 2425 relinqui.
1287 2355 1403 2410 Hoc
1434 2360 1629 2410 autem
1656 2371 1769 2409 non

100 2448 332 2504 accidit
362 2447 418 2502 in
443 2447 771 2517 aequivocis,
796 2453 861 2501 ut
890 2446 947 2500 in
982 2445 1055 2501 iis
1086 2462 1212 2515 quae
1245 2462 1397 2500 nunc
1427 2445 1580 2499 dicta
1605 2448 1767 2510 sunt,

100 2554 255 2595 nam
291 2536 399 2591 hoc
420 2537 656 2607 quidem
682 2535 792 2590 erit
814 2551 1024 2607 corpus
1049 2535 1273 2590 habens
1298 2534 1470 2589 talem
1490 2533 1765 2601 colorem,

100 2627 259 2683 illud
294 2631 490 2681 autem
522 2642 629 2681 vox
660 2627 804 2682 bene
835 2624 1135 2681 audibilis.
1162 2624 1403 2680 Sublato
1434 2622 1612 2695 igitur
1642 2638 1770 2678 cor-

103 2734 276 2787 pore,
312 2722 368 2770 et
397 2732 554 2783 voce,
588 2731 702 2770 non
746 2715 897 2771 idem
932 2715 991 2769 in
1025 2719 1274 2785 utraque
1304 2712 1678 2784 relinquitur,
1712 2716 1770 2767 at

102 2811 347 2879 oportet
361 2806 408 2861 si
432 2805 675 2860 univocu
689 2822 739 2860 m
756 2809 907 2860 esset
919 2804 1257 2873 candidum,
1274 2804 1429 2875 quod
1450 2804 1502 2856 in
1522 2807 1768 2872 utraque

102 2898 340 2953 dicitur
360 2896 677 2951 esseidem.
703 2896 864 2967 Saepe
879 2901 1069 2951 autem
1094 2900 1151 2949 et
1175 2894 1231 2948 in
1251 2892 1395 2964 ipsis
1414 2890 1766 2946 definitioni-

101 2988 230 3042 bus
259 2986 402 3040 latet
433 3002 747 3055 assequens
792 2985 1177 3055 aequivocum,
1228 2986 1585 3055 quaprOpter
1618 2986 1676 3035 et
1708 2979 1767 3034 in

104 3074 463 3131 definitione
476 3074 990 3129 considerandum.
1006 3072 1080 3129 Ut
1098 3072 1292 3143 siquis
1309 3068 1765 3143 significativum

101 3164 199 3219 vel
232 3162 563 3219 ellectivum
596 3162 867 3217 sanitatis
900 3164 1053 3234 quod
1090 3162 1383 3217 moderate
1407 3176 1467 3215 se
1492 3158 1666 3212 habet
1696 3156 1765 3210 ad

100 3255 434 3311 sanitatem
468 3254 623 3308 dicat
652 3270 801 3315 esse,
836 3269 947 3306 non
985 3252 1357 3308 refutandum
1396 3266 1410 3315 ;
1444 3249 1544 3303 sed
1578 3246 1766 3317 inspi-

98 3344 391 3400 ciendum
407 3342 544 3413 quid
562 3344 845 3398 moderate
858 3342 1093 3414 quidem
1110 3341 1435 3397 secundum
1452 3345 1770 3408 utrumque

94 3436 285 3503 dixit,
312 3439 375 3489 ut
403 3434 450 3489 si
474 3434 579 3489 hoc
606 3434 844 3506 quidem
870 3431 1294 3504 talesignificat
1315 3435 1376 3485 ut
1397 3431 1583 3485 facere
1610 3425 1765 3482 sani-

94 3529 319 3589 tatem,
357 3523 499 3577 illud
520 3529 711 3577 autem
738 3521 851 3576 tale
876 3526 939 3576 ut
959 3520 1290 3593 significare
1314 3520 1507 3590 qualis
1531 3516 1765 3589 quidem

97 3616 187 3670 sit
223 3613 485 3667 habitus.
508 3612 913 3683 Adbuc;si;non
947 3608 1369 3683 comparabilis
1390 3612 1529 3662 sunt
1558 3623 1770 3662 secun-

96 3706 254 3759 dum
311 3702 518 3773 magis,
550 3707 607 3755 et
637 3701 854 3769 minus,
904 3700 987 3755 vel
1016 3698 1308 3765 similiter,
1344 3703 1407 3753 ut
1452 3698 1608 3752 clara
1638 3713 1764 3762 vox,

99 3797 273 3853 clara
304 3795 506 3859 vestis,
554 3798 613 3848 et
640 3798 849 3848 acutus
880 3792 1115 3855 humor,
1148 3796 1205 3846 et
1261 3796 1430 3845 acuta
1462 3805 1567 3844 vox
1602 3806 1614 3844 :
1648 3789 1766 3843 haec

96 3884 270 3942 enim
297 3882 771 3955 nequesimiliter
793 3883 1069 3937 dicuntur
1085 3880 1242 3937 clara
1258 3880 1344 3935 vel
1370 3884 1561 3944 acuta,
1579 3894 1767 3950 neque

98 3975 308 4045 magis
324 3974 566 4028 alterum
586 3990 599 4028 :
618 3990 797 4044 quare
812 3972 1171 4044 saquivocum
1194 3970 1417 4025 clarum
1438 3974 1493 4025 et
1506 3973 1739 4024 acutum
1752 4007 1767 4031 ,

94 4081 249 4121 nam
286 4065 596 4117 univocum
630 4078 802 4117 omne
833 4060 1245 4133 comparabile,
1283 4071 1380 4115 aut
1417 4058 1570 4114 enim
1604 4056 1767 4112 simi-

92 4158 245 4212 liter
276 4154 504 4208 dicetur
533 4156 633 4206 aut
652 4152 839 4223 magis
860 4150 1129 4205 alterum.
1151 4148 1437 4212 Quoniam
1463 4152 1658 4202 autem
1675 4146 1767 4200 di-

93 4259 414 4301 versorum
430 4258 731 4314 generum,
758 4248 944 4297 etnon
970 4238 1417 4297 subalternatim
1443 4237 1766 4309 positorum

95 4336 357 4390 diverse:
391 4332 614 4403 species
645 4338 786 4388 sunt
834 4338 892 4389 et
924 4330 1285 4394 differentiae,
1317 4332 1381 4382 ut
1410 4326 1683 4381 animalis
1713 4330 1770 4379 et

92 4422 377 4480 Scientiae
420 4423 679 4492 (diversae
733 4423 889 4477 enim
954 4422 1159 4477 borum
1216 4419 1596 4485 differentiis),
1635 4432 1769 4469 con-

93 4512 496 4568 siderandum
554 4512 600 4565 si
654 4529 782 4582 quae
814 4512 923 4566 sub
969 4513 1171 4566 eodem
1214 4512 1367 4577 {sunt
1403 4507 1636 4563 nomine
1674 4505 1765 4558 di—

1890 570 2023 626 dem
2057 573 2281 644 species
2311 586 2416 644 est,
2444 577 2588 633 illud
2614 587 2807 633 autem
2832 579 3181 645 differentia,
3207 586 3269 634 ut
3290 580 3539 650 clarum,

1889 660 2042 729 quod
2076 661 2133 716 in
2158 679 2398 735 corpore
2412 667 2670 735 quidem,
2688 666 2912 738 species
2926 666 3317 737 coloris;quod
3342 674 3538 724 autem

1888 748 1946 803 in
1979 767 2139 818 voce,
2162 752 2513 811 differentia.
2554 757 2751 812 Dift‘ert
2772 757 2930 812 enim
2954 773 3058 812 vox
3084 773 3269 813 avoce
3292 774 3357 813 eo
3380 760 3536 829 quod

1889 837 2046 894 clara
2068 842 2165 896 sit.
2193 842 2350 899 Deeo
2376 845 2555 916 igitur
2575 848 2729 917 quod
2757 846 3166 918 multipliciter
3182 846 3421 914 dicitur,
3438 864 3539 919 per

1887 926 2010 983 haec
2038 934 2095 985 et
2124 930 2469 1003 hujusmodi
2493 935 2991 1006 perspiciendum.

2497 1079 2724 1135 CAPUT
2764 1081 2918 1137 XIV.

1888 1179 1958 1234 Dc
1973 1179 2426 1259 diﬂerentiarurn
2440 1184 3059 1253 inventione,similium
3079 1189 3534 1259 consideratione,

2214 1258 2264 1309 et
2306 1256 2651 1312 utilitatibus
2689 1260 3201 1316 instrumentorum.

1952 1378 2321 1437 Dif‘t‘erentias
2334 1386 2529 1439 autem
2554 1383 2611 1438 in
2628 1384 2773 1455 ipsis
2792 1386 3103 1458 generibus
3117 1388 3185 1440 ad
3206 1404 3268 1442 se
3285 1386 3530 1443 invicem

1882 1468 2383 1538 perspiciendum,
2407 1477 2472 1525 ut
2503 1489 2616 1544 quo
2648 1474 2841 1529 differt
2860 1474 3095 1543 justitia
3116 1492 3148 1529 a
3171 1475 3532 1546 fortitudine,

1882 1561 1939 1611 et
1971 1559 2281 1628 prudentia
2304 1578 2336 1615 a
2362 1563 2781 1633 temperantia:
2807 1562 2931 1619 haec
2951 1564 3105 1619 enim
3131 1566 3329 1620 omnia
3344 1582 3412 1620 ex
3433 1582 3531 1621 eo-

1881 1647 2013 1701 dem
2043 1664 2254 1719 genere
2283 1656 2427 1705 sunt
2455 1669 2521 1706 ex
2552 1652 2783 1709 virtute.
2810 1654 2876 1707 Et
2905 1670 2973 1708 ex
3022 1654 3132 1709 alio
3151 1655 3219 1708 ad
3256 1654 3436 1721 aliud,
3472 1659 3535 1710 ut

1879 1734 1939 1789 in
1974 1736 2045 1790 iis
2077 1753 2204 1808 quae
2235 1756 2349 1793 non
2391 1740 2638 1796 nimium
2671 1742 2973 1812 differunt,
3012 1748 3074 1797 ut
3104 1742 3163 1797 in
3198 1759 3313 1815 quo
3344 1744 3536 1798 differt

1882 1841 2094 1881 sensus
2116 1844 2148 1881 a
2166 1827 2438 1898 scientia;
2459 1846 2594 1884 nam
2620 1830 2677 1884 in
2704 1830 2775 1886 iis
2799 1848 2925 1902 quae
2955 1833 3207 1887 multum
3233 1832 3534 1903 differunt,

1879 1915 2201 1971 manifestae
2225 1923 2364 1972 sunt
2385 1919 2624 1974 omnino
2665 1920 3026 1977 differentiae.
3068 1922 3527 1978 Similitudinem

1877 2013 2075 2063 autem
2100 2010 2592 2067 considerandum
2616 2012 2672 2066 in
2694 2012 2766 2067 iis
2784 2029 2911 2081 qua:
2934 2014 3144 2069 suntin
3169 2014 3412 2069 diversis
3434 2030 3534 2085 ge-

1876 2098 2138 2166 neribus,
2176 2104 2239 2153 ut
2269 2100 2424 2156 sicut
2472 2100 2716 2155 alterum
2752 2107 2817 2157 ad
2854 2102 3108 2157 alterum
3140 2104 3403 2175 quidem,
3445 2104 3529 2159 sic

1876 2187 2035 2243 aliud
2058 2191 2128 2245 ad
2150 2189 2332 2260 aliud,
2353 2196 2416 2247 ut
2438 2192 2592 2247 sicut
2612 2192 2860 2248 scientia
2882 2195 2951 2249 ad
2970 2195 3191 2260 scibile,
3215 2194 3299 2250 sic
3321 2212 3532 2251 sensus

1875 2277 1945 2331 ad
1963 2279 2240 2335 sensibile
2262 2298 2276 2339 :
2301 2286 2435 2336 etut
2457 2280 2708 2337 alterum
2728 2282 2792 2337 in
2812 2283 2990 2339 altero
3010 2283 3228 2354 aliquo,
3263 2284 3346 2339 sic
3369 2284 3527 2340 aliud

1875 2364 1935 2420 in
1963 2366 2098 2435 alio,
2125 2373 2189 2423 ut
2216 2370 2711 2441 quemadmodum
2744 2371 2908 2427 visus
2951 2373 3010 2428 in
3043 2372 3234 2441 oculo,
3269 2390 3435 2429 mens
3466 2374 3525 2429 in

1874 2458 2165 2524 anima,et
2182 2464 2246 2513 ut
2275 2460 2675 2531 tranquillitas
2698 2460 2755 2516 in
2781 2463 2951 2527 mari,
2974 2463 3260 2519 serenitas
3291 2464 3347 2519 in
3372 2480 3527 2533 aere,

1874 2550 2192 2617 utrumque
2209 2548 2365 2603 enim
2389 2549 2579 2621 quies.
2594 2550 2844 2605 Maxime
2863 2557 3057 2607 autem
3082 2553 3140 2607 in
3158 2552 3365 2623 iisquae
3382 2552 3528 2607 mul-

1873 2638 1999 2689 tum
2034 2636 2258 2693 distant
2278 2638 2529 2693 exerceri
2544 2642 2793 2710 oportet,
2825 2639 2994 2695 facile
3015 2640 3169 2695 enim
3195 2642 3254 2696 in
3288 2641 3527 2713 reliquis

1875 2724 2199 2793 poterimus
2222 2725 2441 2781 similia
2470 2726 2779 2799 inspicere.
2803 2729 3301 2785 Considerandum
3326 2736 3524 2786 autem

1873 2817 1930 2867 et
1959 2828 2027 2867 ea
2057 2830 2180 2881 quae
2214 2815 2324 2870 sub
2355 2816 2554 2871 eodem
2605 2823 2747 2872 sunt
2803 2833 3033 2888 genere,
3091 2819 3139 2874 si
3191 2819 3331 2890 quid
3375 2820 3527 2875 inest

1875 2902 2152 2957 omnibus
2181 2902 2360 2969 idem,
2394 2910 2459 2959 ut
2488 2904 2735 2973 homini,
2755 2912 2812 2960 et
2841 2923 3015 2976 equo,
3039 2913 3097 2961 et
3119 2907 3247 2961 cani
3274 2925 3294 2961 :
3314 2923 3447 2961 nam
3473 2907 3522 2961 si

1874 2989 2262 3063 inestaliquid
2287 2992 2371 3047 eis
2396 2993 2548 3048 idem
2572 2994 2627 3048 in
2649 3011 2713 3049 eo
2738 3000 2877 3049 sunt
2900 2995 3135 3050 similia.
3162 2994 3309 3051 Utile
3329 3002 3523 3051 autem

1874 3080 2070 3151 ipsum
2091 3081 2348 3150 quidem,
2371 3083 2525 3153 quod
2543 3083 2980 3153 quotupliciter,
3000 3084 3234 3151 dicitur,
3252 3086 3525 3140 conside-

1878 3186 2038 3224 rasse
2052 3170 2121 3224 ad
2137 3171 2843 3238 diluciditatem;maxime
2857 3178 3052 3228 autem
3069 3174 3201 3241 quis
3221 3174 3365 3229 sciet
3383 3174 3524 3243 quid

1879 3267 2149 3332 ponatur,
2172 3263 2479 3316 manifesto
2505 3263 2657 3318 facto
2682 3263 3354 3334 quotupliciterdicitur.
3372 3265 3523 3319 Etad

1874 3348 1997 3403 ﬁeri
2030 3350 2355 3403 secundum
2386 3367 2505 3404 rem
2534 3353 2819 3416 eamdem,
2854 3357 2911 3405 et
2932 3368 3045 3407 non
3076 3353 3143 3406 ad
3171 3369 3383 3406 nomen
3408 3351 3521 3425 syl-

1871 3437 2153 3509 logismos
2179 3454 2191 3491 :
2220 3437 2895 3495 sieniminmanif'estum
2915 3439 2991 3494 sit
3011 3438 3428 3511 quotupliciter
3444 3441 3526 3495 di-

1873 3528 2048 3592 citur,
2085 3529 2373 3599 contingit
2402 3545 2516 3583 non
2551 3529 2621 3583 ad
2647 3529 2798 3584 idem
2818 3528 2994 3584 etiam
3014 3529 3112 3601 qui
3139 3531 3452 3600 respondet
3470 3535 3526 3585 et

1875 3618 1976 3689 qui
1999 3618 2321 3689 interrogat
2343 3618 2489 3674 ferre
2514 3618 2872 3674 intellectum
2900 3619 3303 3687 ;manifestato
3326 3627 3523 3674 autem

1874 3706 2291 3779 quotupliciter
2323 3708 2556 3776 dicitur,
2585 3714 2641 3763 et
2670 3710 2738 3763 ad
2767 3710 2909 3780 quid
2936 3710 3127 3763 ferens
3160 3714 3360 3780 ponat,
3389 3709 3527 3763 ridi-

1874 3795 2043 3850 culus
2074 3795 2368 3850 videbitur
2390 3794 2763 3867 interrogans
2784 3813 2933 3863 esse,
2960 3795 3009 3851 si
3035 3814 3151 3852 non
3173 3797 3244 3852 ad
3272 3797 3375 3852 hoc
3397 3814 3521 3852 sero

1874 3902 2107 3941 monem
2144 3885 2336 3941 faciat.
2373 3884 2525 3941 Utile
2554 3887 2759 3956 etiam,
2790 3892 2847 3941 et
2878 3890 2941 3941 ut
2972 3904 3085 3942 non
3123 3887 3271 3941 falsa
3297 3888 3523 3942 ratione

1872 3975 2257 4045 decipiamur,
2289 3975 2387 4029 sed
2424 3975 2787 4046 decipiamus
2820 3975 3054 4046 potius:
3098 3993 3232 4030 nam
3272 3977 3523 4032 scientes

1871 4062 2660 4134 quotupliciterdicitur,non
2676 4062 3259 4128 allucinabimur,sed
3274 4064 3523 4119 sciemus

1873 4153 1920 4208 si
1955 4170 2069 4207 non
2093 4155 2161 4208 ad
2187 4154 2342 4207 idem
2362 4170 2690 4209 sermonem
2716 4154 2890 4209 faciat
2908 4154 2957 4209 is
2976 4155 3072 4224 qui
3107 4155 3441 4224 interrogat,
3465 4158 3522 4208 et

1872 4241 1979 4311 ipsi
1998 4241 2421 4312 interrogantes
2440 4241 2741 4312 poterimus
2755 4242 3055 4312 apparenti
3078 4240 3521 4296 ratiocinatione

1877 4330 2097 4399 fallere,
2132 4329 2245 4384 nisi
2280 4330 2329 4383 is
2348 4329 2449 4400 qui
2467 4331 2782 4400 respondet
2803 4334 3085 4403 agnoscat
3105 4336 3284 4401 quotu
3296 4330 3523 4401 pliciter

1871 4420 2107 4475 dicitur.
2143 4424 2259 4475 Hoc
2293 4436 2406 4474 non
2442 4419 2497 4473 in
2526 4418 2799 4474 omnibus
2822 4436 3053 4492 semper
3096 4420 3395 4491 possibile,
3420 4420 3521 4475 sed

1871 4510 2104 4580 quando
2138 4508 2352 4563 fuerint
2380 4524 2583 4562 eorum
2633 4524 2759 4579 quae
2794 4509 3191 4579 multipliciter
3222 4509 3519 4576 dicuntur,

94 4616 410 4657 versorum
461 4616 765 4670 generum,
809 4605 864 4654 et
891 4617 1005 4655 non
1039 4600 1513 4654 subalternorum
1573 4594 1761 4648 diver-
1793 4595 1839 4659 D
1872 4598 2231 4667 aliaquidem
2250 4597 2529 4665 vera,alia
2547 4603 2741 4653 autem
2768 4599 2934 4655 falsa.
2954 4601 3055 4655 Est
3071 4606 3265 4655 autem
3288 4601 3522 4672 proprie

96 4707 190 4746 sae
238 4688 581 4744 differentia:
614 4689 750 4755 sint,
805 4696 870 4745 ut
901 4698 1138 4744 acutum
1172 4688 1325 4743 vocis
1383 4692 1439 4742 et
1468 4684 1761 4757 magnitu-

95 4778 271 4835 dinis
308 4798 321 4843 ;
355 4778 547 4832 differt
599 4778 751 4833 enim
785 4796 889 4833 vox
919 4798 951 4833 a
979 4795 1117 4833 voce
1160 4794 1225 4832 eo
1256 4777 1412 4848 quod
1462 4782 1633 4831 acuta
1661 4776 1759 4843 sit,

92 4869 386 4927 similiter
405 4874 461 4923 et
492 4869 834 4940 magnitudo
863 4886 895 4922 a
929 4867 1363 4938 magnitudine:
1386 4882 1566 4936 quare
1582 4882 1757 4936 δημη-

88 4976 317 5017 vocum
343 4964 602 5025 acutum,
636 4959 995 5013 diversorum
1030 4956 1186 5011 enim
1221 4971 1520 5027 generum,
1557 4960 1612 5008 et
1643 4970 1757 5009 non

87 5050 580 5109 subalternorum
608 5051 845 5105 diversa:
870 5049 1207 5103 differentia:
1232 5051 1390 5101 sunt.
1418 5047 1673 5101 Rursum
1708 5047 1755 5102 si

90 5140 444 5196 earumdem
480 5156 607 5209 qua;
640 5145 779 5193 sunt
821 5140 930 5194 sub
971 5138 1172 5193 eodem
1226 5136 1459 5191 nomine
1518 5136 1755 5189 diversae

88 5228 443 5286 differentia:
478 5234 636 5295 sunt,
671 5234 735 5282 ut
758 5227 969 5283 coloris
1002 5228 1101 5299 qui
1134 5234 1222 5282 est
1246 5228 1301 5280 in
1326 5228 1671 5297 corporibus
1702 5236 1755 5280 et

90 5321 153 5374 in
193 5316 489 5372 melodiis.
515 5316 658 5371 Nam
683 5319 810 5387 ejus
828 5318 929 5387 qui
953 5322 1042 5371 est
1066 5317 1121 5370 in
1149 5316 1487 5386 corporibus
1507 5332 1747 5387 congre-

83 5410 359 5481 gativum
392 5411 450 5460 et
498 5405 954 5476 disgregativum
988 5406 1169 5472 visus,
1221 5406 1349 5474 ejus
1381 5422 1513 5461 vero
1559 5408 1658 5477 qui
1692 5405 1749 5460 in

84 5496 371 5554 melodiis
401 5512 515 5550 non
540 5496 755 5549 easdem
779 5495 1117 5550 differentiis
1149 5514 1163 5561 ;
1190 5512 1366 5565 quare
1387 5496 1749 5567 aaquivocum

83 5588 417 5651 color,nam
435 5584 775 5639 eorumdem
810 5584 1023 5639 eaedem
1066 5584 1423 5639 differentias.
1455 5585 1746 5657 Amplius,

82 5695 118 5750 q
130 5676 368 5731 ueniam
380 5674 604 5745 species
619 5672 818 5729 nulius
832 5677 920 5729 est
936 5672 1560 5747 diff'erentiainspicere
1576 5690 1745 5746 Opor-

1874 4704 1988 4743 non
2004 4687 2352 4743 conveniens
2376 4688 2587 4742 modus
2611 4686 2703 4741 hic
2722 4688 3057 4758 dialecticae,
3082 4706 3262 4760 quare
3282 4692 3520 4744 omnino

1871 4778 2109 4833 vitanda
2141 4776 2816 4847 dialecticishujusmodi
2840 4781 2909 4833 ad
2934 4796 3141 4834 nomen
3173 4779 3519 4851 disputatio,

1874 4869 1989 4923 nisi
2024 4868 2157 4939 quis
2189 4867 2356 4923 aliter
2386 4884 2503 4922 non
2545 4868 2731 4937 possit
2760 4869 2831 4923 de
2881 4871 3177 4940 proposito
3210 4871 3517 4926 disserere.

1869 4955 2238 5011 DifI'erentias
2270 4962 2463 5011 autem
2500 4955 2761 5011 invenire
2776 4956 2936 5023 utile,
2957 4962 3015 5012 et
3042 4960 3114 5012 ad
3148 4958 3521 5030 syllogismos

1871 5046 1941 5097 de
1972 5045 2194 5111 eodem,
2229 5048 2286 5099 et
2315 5045 2563 5111 diverso,
2592 5048 2649 5099 et
2678 5046 2744 5098 ad
2770 5047 3244 5114 cognoscendum
3267 5047 3407 5117 quid
3431 5052 3520 5102 est

1870 5135 2527 5206 unumquodque.Quod
2544 5142 2739 5188 autem
2756 5135 2825 5189 ad
2844 5136 3217 5207 syllogismos
3232 5138 3515 5192 deeodem

1866 5230 1923 5279 et
1952 5226 2182 5279 diverse
2207 5223 2371 5291 utile,
2394 5225 2770 5279 manifestum
2794 5242 2813 5280 :
2848 5228 3208 5282 invenientes
3240 5227 3393 5282 enim
3414 5227 3519 5280 dif-

1868 5313 2173 5368 ferentiam
2200 5313 2637 5384 propositorum
2661 5314 3516 5385 quamlibet,ostendenteseri~

1867 5420 2001 5459 mus
2032 5403 2307 5474 quoniam
2346 5419 2459 5457 non
2492 5404 2668 5459 idem.
2700 5405 2783 5458 Ad
2819 5407 3287 5477 cognoscendum
3322 5411 3519 5461 autem

1862 5494 2002 5566 quid
2018 5494 2679 5567 estunumquodque,eo
2698 5498 2855 5565 quod
2873 5499 3159 5568 propriam
3178 5497 3519 5552 substantiae

1860 5590 2145 5657 cujusque
2162 5588 2437 5641 rationem
2451 5586 2543 5651 ,iis
2557 5603 2682 5657 quae
2698 5586 2874 5656 (circa
2889 5589 3341 5659 unumquodque
3353 5581 3515 5649 sunt)

1859 5675 2320 5733 accommodatis
2345 5675 2690 5730 differentiis
2707 5691 2984 5747 separare
3001 5677 3279 5732 solemus.
3300 5678 3518 5734 Simili-
