4022 6180
527 345 644 400 923

1808 352 1931 405 ΔΝ.
1974 351 2174 404 ΜΔΝῙ.

2286 351 2394 404 [ιν.
2435 351 2673 406 BOETII
3730 354 3805 409 925

532 473 754 529 tudinis
779 478 974 529 autem
1008 474 1401 530 consideratio
1434 474 1596 531 utilis
1628 480 1717 531 est
1748 476 1818 530 ad
1844 475 2176 531 inductivas
2207 478 2256 545 Α
2288 474 2521 531 niemus
2556 476 2940 548 pr0positum)
2990 475 3287 543 collocare,
3337 492 3461 531 nam
3510 480 3807 536 communium

531 565 805 626 rationes,
836 568 893 618 et
924 565 993 617 ad
1047 563 1422 635 syllogismos
1454 582 1521 620 ex
1565 564 1991 637 suppositione,
2020 570 2077 620 et
2108 566 2179 619 ad

532 655 985 726 assignationem
1015 656 1443 711 detinitionum.
1468 656 1551 710 Ad
1586 656 1917 710 inductivas
1940 655 2177 726 quidem

531 744 802 813 rationes,
836 761 901 799 eo
933 748 1087 816 quod
1123 748 1275 801 circa
1305 748 1542 818 singula
1589 748 1646 801 in
1680 746 1975 801 similibus
2008 747 2181 801 indu-

528 834 722 889 ctione
755 834 1081 889 universale
1111 837 1518 891 existimamus
1554 836 1849 903 inducere,
1876 852 1987 890 non
2023 836 2179 890 enim

532 922 701 977 facile
714 928 800 977 est
817 924 1092 979 inducere
1109 926 1446 997 ignorantes
1459 925 1789 980 similia.Ad
1805 924 2180 996 syllagismos

529 1029 597 1067 ex
630 1014 1054 1085 suppositione,
1090 1032 1155 1070 eo
1189 1016 1340 1085 quod
1369 1015 1670 1086 probabile
1694 1015 2181 1086 estquemadmo-

531 1104 672 1157 dum
708 1105 914 1159 in-uno
948 1104 1231 1159 similium
1268 1122 1329 1160 se
1378 1105 1576 1170 habet,
1611 1105 1693 1160 sic
1739 1109 1798 1159 et
1831 1106 1885 1158 in
1922 1104 2180 1176 reliquis.

530 1193 715 1255 Quare
731 1194 799 1247 ad
833 1194 1227 1265 quodcunque
1246 1210 1445 1248 eorum
1464 1192 1798 1249 facultatem
1832 1191 2185 1248 habebimus

531 1282 896 1352 disputandi,
937 1283 1344 1353 proﬁtebimur
1375 1283 1873 1354 quemadmodum
1898 1282 1956 1336 in
1994 1282 2082 1337 his
2122 1299 2184 1338 se

528 1373 725 1443 habet,
781 1375 865 1429 sic
920 1380 976 1430 et
1026 1375 1084 1429 in
1119 1375 1413 1446 proposito
1448 1375 1678 1430 habere.
1716 1376 1772 1429 Id
1805 1374 1960 1429 enim
1995 1379 2185 1430 osten-

529 1466 753 1533 dentes,
788 1470 843 1519 et
876 1466 1240 1537 pr0positum
1272 1482 1338 1520 ex
1375 1464 1780 1537 suppositione
1809 1465 2185 1521 ostendentes

528 1554 785 1609 erimus:
812 1561 1212 1625 supponentes
1232 1556 1389 1609 enim
1408 1556 1701 1626 quomodo
1717 1554 1773 1609 in
1797 1554 1886 1609 his
1905 1571 1967 1609 se
1987 1555 2183 1619 habet,

530 1644 612 1699 sic
648 1648 705 1699 et
736 1644 791 1697 in
828 1646 1129 1715 proposito
1162 1662 1223 1699 se
1264 1644 1476 1699 habere
1506 1645 2065 1701 demonstrationem
2102 1646 2184 1700 ta-

530 1733 774 1788 ciemus.
814 1735 887 1789 Ad
924 1733 1322 1789 deﬁnitionem
1380 1740 1575 1789 autem
1611 1734 2092 1806 assignationem,
2121 1748 2186 1789 eo

2286 568 2439 636 quod
2474 566 2725 621 maxime
2752 567 2810 621 in
2839 582 2904 621 eo
2938 568 3091 636 quod
3149 567 3287 637 quid
3348 567 3646 637 praedicatur
3687 586 3813 640 genus

2287 655 2415 710 erit.
2432 655 2715 711 Similiter
2735 661 2926 711 autem
2951 662 3007 711 et
3030 655 3089 711 in
3111 655 3353 709 multum
3374 657 3681 711 distantibus
3706 659 3815 712 utilis

2289 744 2357 798 ad
2392 744 2758 800 deﬁnitiones
2786 745 3191 799 similitudinis
3224 745 3601 812 consideratio,
3643 751 3818 817 utquod

2288 834 2444 889 idem
2496 832 2891 905 tranquillitas
2948 834 3005 888 in
3056 833 3222 901 mari,
3273 838 3330 888 et
3372 834 3623 889 serenitas
3648 836 3692 890 in
3717 853 3819 903 aere,

2288 928 2607 994 utrumque
2620 923 2771 978 enim
2792 923 2977 994 quies,
2998 924 3341 994 etquoniam
3372 928 3623 993 punctum
3642 923 3689 978 in
3705 923 3822 991 linea,

2287 1016 2343 1068 et
2375 1013 2569 1068 unitas
2601 1012 2658 1067 in
2704 1029 2966 1080 numero,
3000 1019 3317 1084 utrumque
3358 1012 3503 1068 enim
3542 1013 3826 1084 principium.

2288 1104 2473 1167 Quare
2490 1119 2614 1157 com
2626 1119 2721 1157 mu
2733 1104 2870 1156 nein
2888 1103 3163 1157 omnibus
3176 1119 3361 1174 genus
3376 1103 3715 1173 assignantes,
3728 1104 3829 1157 arbi-

2288 1196 2540 1249 trabitur
2572 1212 2685 1249 non
2719 1199 2989 1249 extranea
3033 1194 3298 1249 deﬁnire.
3350 1194 3492 1248 Pene
3521 1198 3684 1248 autem
3708 1199 3750 1246 et
3770 1195 3830 1246 de.-

2291 1284 2560 1339 ﬁnientes
2616 1283 2699 1339 sic
2744 1282 2935 1338 solent
2984 1283 3308 1353 assignare,
3360 1299 3487 1338 nam
3532 1288 3583 1336 et
3631 1282 3831 1336 unitatem

2290 1374 2638 1445 principium
2675 1373 2903 1427 numeri
2936 1373 3137 1427 dicunt
3163 1388 3331 1439 esse;
3365 1378 3419 1427 et
3465 1377 3705 1442 punctum
3732 1372 3835 1440 prin-

2290 1464 2507 1535 cipium
2542 1464 2727 1519 lineis.
2761 1463 3133 1518 Manifestum
3159 1464 3341 1530 igitur
3369 1464 3623 1533 quoniam
3653 1462 3707 1515 ad
3733 1476 3836 1514 com-

2294 1570 2469 1608 mune
2501 1558 2886 1625 utrorumque
2943 1569 3128 1623 genus
3182 1552 3487 1608 collocant.
3538 1552 3837 1605 Instrumenta

2290 1643 2489 1713 itaque
2522 1659 2622 1715 per
2653 1659 2785 1713 quae
2814 1647 2953 1697 sunt
2976 1642 3326 1713 syllogismi,
3357 1642 3472 1696 haec
3494 1639 3837 1705 sunt;lociau-

2292 1738 2407 1787 tem
2424 1733 2493 1787 ad
2525 1749 2671 1805 quos
2694 1731 2860 1786 utilia
2882 1732 3340 1803 suntpradicta,
3364 1730 3402 1785 ii
3427 1734 3558 1787 sunt
3580 1730 3662 1800 qui
3686 1724 3840 1780 dicen-ali

531 1824 684 1894 quod
721 1828 985 1895 potentes
1010 1825 1347 1895 conspicere
1378 1825 1517 1896 quid
1548 1824 1605 1878 in
1632 1840 1985 1895 unoquoque
2009 1825 2186 1889 idem,
2225 1857 2270 1922 Β
2301 1827 2458 1877 sunt.

533 1928 650 1967 non
684 1912 1090 1968 dubitabimus
1121 1914 1190 1968 ad
1217 1913 1352 1984 quid
1378 1918 1641 1985 oporteat
1663 1929 1848 1986 genus
1878 1912 2192 1984 (cumdefi-

1728 2103 2048 2191 LIBER
2116 2100 2754 2191 SECUNDUS.

1079 2372 1307 2427 CAPUT
1339 2372 1642 2428 PRIMUM.

521 2464 594 2518 De
621 2462 990 2535 problematis
1019 2462 1426 2517 uuiverxalibus
1460 2467 1512 2517 et
1542 2460 1602 2516 in
1633 2462 1834 2531 quibus
1858 2462 2188 2534 praedicatis

954 2533 1130 2589 inesse
1151 2539 1202 2589 et
1224 2551 1334 2589 esse
1347 2537 1756 2590 convertuntur.

592 2643 743 2698 Sunt
765 2646 960 2698 autem
981 2642 1403 2712 problematum
1424 2642 1546 2698 haec
1561 2643 1793 2715 quidem
1807 2639 2182 2707 universalia,

535 2732 782 2787 illavero
813 2732 1222 2803 particularia:
1249 2733 1603 2788 universalia
1624 2734 1884 2804 quidem,
1910 2737 1972 2787 ut
1994 2731 2186 2786 omnis

534 2824 803 2894 voluptas
838 2824 1054 2878 bonum
1108 2828 1216 2891 est,
1269 2829 1325 2878 et
1382 2823 1543 2879 nulla
1599 2823 1870 2893 voluptas
1916 2823 2184 2889 bonum;

519 2912 901 2985 particular-ia
952 2928 1108 2976 vero,
1171 2917 1237 2967 ut
1295 2912 1494 2984 aliqua
1550 2912 1819 2984 voluptas
1859 2913 2098 2980 bonum,
2132 2913 2189 2964 et

519 3002 717 3074 aliqua
739 3001 1015 3071 voluptas
1044 3019 1159 3057 non
1186 3002 1423 3057 bonum.
1449 3002 1597 3057 Sunt
1617 3008 1809 3057 autem
1829 3003 1899 3057 ad
1943 3006 2185 3072 utraque

519 3110 729 3165 genera
756 3092 1201 3165 problematum
1236 3093 1570 3147 communia
1589 3092 1953 3159 universalia,
1971 3097 2027 3147 et
2047 3108 2186 3147 con—

520 3182 825 3249 structiva,
885 3187 942 3236 et
978 3182 1362 3237 destructiva.
1404 3182 1791 3237 Ostendentes
1837 3183 1991 3237 enim
2025 3182 2177 3252 quod

525 3271 685 3327 omni
703 3272 875 3340 inest,
900 3275 956 3326 et
977 3271 1131 3341 quod
1156 3268 1331 3325 alicui
1356 3270 1506 3325 inest
1525 3271 1897 3325 ostendentes
1919 3270 2178 3339 erimus;

523 3360 801 3416 similiter
833 3365 1029 3414 autem
1050 3364 1105 3414 et
1126 3358 1175 3413 si
1202 3359 1351 3427 quod
1372 3358 1511 3413 nulli
1537 3359 1689 3413 inest
1723 3359 2178 3427 ostenderimus,

530 3456 586 3506 et
616 3450 769 3520 quod
806 3466 917 3504 non
966 3448 1121 3503 omni
1176 3448 1331 3502 inest
1378 3449 1751 3503 ostendentes
1786 3450 2025 3503 erimus.
2061 3447 2178 3503 Pri-

528 3556 690 3593 mum
725 3555 861 3611 ergo
891 3537 960 3592 de
994 3536 1424 3592 universalibus
1453 3537 1824 3592 destructivis
1847 3537 2178 3604 dicendum,

523 3647 589 3685 eo
618 3630 769 3701 quod
797 3628 1134 3683 communia
1157 3626 1629 3696 sinthujusmodi
1655 3629 1724 3681 ad
1745 3626 2095 3683 universalia
2124 3631 2181 3682 et

524 3717 927 3792 particularia,
950 3720 1006 3771 et
1037 3716 1176 3788 quia
1211 3717 1398 3787 magis
1423 3715 1741 3786 positiones
1766 3717 2009 3771 afferant
2029 3715 2086 3770 in
2111 3732 2176 3771 eo

526 3810 681 3881 quod
709 3809 881 3876 inest,
904 3822 1079 3878 quam
1103 3805 1622 3877 non,disputantes
1640 3811 1830 3860 autem
1847 3807 2174 3861 destruant.

529 3900 639 3954 Est
696 3902 891 3952 autem
950 3894 1365 3949 difﬁcillimum
1427 3896 1680 3950 converti
1742 3896 1813 3949 ab
1880 3896 2178 3950 accidente

523 3988 821 4059 propriam
853 3984 1323 4041 nomitationem.
1349 3984 1493 4039 Nam
1527 3983 1723 4054 aliquo
1773 3985 1945 4039 modo
1976 3990 2031 4039 et
2061 4002 2174 4039 non

520 4075 930 4133 universaliter
964 4074 1021 4129 in
1054 4073 1195 4129 solis
1227 4073 1517 4143 contingit
1541 4073 1961 4141 accidentibus,
1987 4075 2176 4129 adeti-

529 4166 749 4222 nitione
771 4165 950 4234 enim,
979 4168 1034 4219 et
1065 4163 1396 4235 proprio,et
1415 4178 1625 4233 genere
1656 4164 2042 4218 necessarium
2090 4170 2179 4219 est

519 4253 799 4320 converti,
834 4257 897 4307 ut
929 4252 977 4307 si
1012 4252 1166 4306 inest
1225 4249 1397 4305 alicui
1431 4249 1647 4305 animal
1679 4251 1979 4322 gressibile
2014 4250 2176 4322 bipes

521 4362 672 4411 esse,
706 4346 1136 4398 convertentem
1154 4357 1357 4397 verum
1384 4341 1494 4394 erit
1514 4340 1726 4407 dicere,
1745 4342 2017 4413 quoniam
2034 4341 2175 4395 illud

522 4433 737 4489 animal
770 4431 1081 4503 gressibile
1113 4432 1280 4503 bipes
1339 4434 1445 4486 est.
1481 4430 1765 4486 Similiter
1790 4437 1981 4488 autem
2015 4449 2046 4487 a
2080 4448 2174 4503 ge-

521 4538 679 4590 nere,
714 4539 851 4577 nam
876 4523 923 4576 si
949 4523 1160 4576 animal
1196 4523 1347 4576 inest
1371 4521 1568 4586 alicui,
1590 4522 1804 4577 animal
1830 4528 1939 4578 est.
1961 4523 2173 4577 Eodem

2297 2368 2522 2433 dicunt,
2553 2367 2640 2423 vel
2672 2367 2729 2422 in
2767 2382 2832 2423 eo
2864 2368 3019 2439 quod
3051 2368 3567 2439 transgrediuntur
3587 2365 3783 2437 positam
3798 2360 3849 2413 lo-

2296 2458 2614 2515 cutionem.
2640 2456 2872 2511 Falsum
2903 2456 3118 2512 etenim
3142 2458 3423 2521 dicentes,
3448 2462 3503 2511 et
3524 2455 3613 2528 qui
3634 2453 3754 2524 quod
3776 2464 3846 2502 non

2294 2548 2446 2602 inest
2477 2547 2670 2601 inesse
2703 2545 2877 2601 alicui
2910 2546 3135 2614 dicunt,
3170 2551 3435 2617 peccant,
3459 2550 3515 2600 et
3537 2536 3850 2615 quiextraneis

2295 2634 2635 2690 nominibus
2668 2651 2761 2690 res
2813 2634 3111 2705 appellant
3144 2638 3228 2703 (ut
3263 2634 3566 2690 Platanum
3594 2628 3850 2689 hominem),

2292 2727 2811 2798 transgrediuntur
2841 2726 3094 2797 positam
3129 2726 3605 2781 nominationem.

2926 2826 3155 2882 CAPUT
3204 2827 3288 2883 II.

2295 2915 2418 2971 Loci
2444 2916 2843 2986 problematum
2874 2914 3014 2985 quod
3044 2914 3347 2985 quidquam
3378 2916 3511 2970 insi!
3526 2913 3603 2968 vel
3637 2926 3727 2965 non
3747 2905 3850 2960 insit.

2364 3004 2527 3061 Unus
2550 3014 2740 3059 autem
2770 3003 2932 3059 locus
2954 3008 3044 3058 est
3069 3004 3365 3076 inspicere
3388 3005 3434 3059 si
3458 3004 3587 3074 quid
3612 2996 3851 3054 secundum

2295 3094 2550 3167 aliquem
2578 3094 2757 3148 alium
2776 3093 3013 3149 modum
3036 3093 3210 3159 inest,
3233 3094 3576 3149 utaccidens
3597 3081 3852 3158 assignavit.

2297 3189 2573 3239 Peccatur
2604 3188 2798 3237 autem
2834 3183 3087 3238 maxime
3119 3183 3173 3237 id
3208 3182 3366 3238 circa
3399 3198 3619 3254 genera,
3645 3170 3851 3242 utsiquis
3926 3170 3927 3239 ἴ

2291 3275 2420 3330 albo
2453 3274 2609 3328 dicat
2659 3273 2918 3329 accidere
2974 3274 3227 3329 colorem
3287 3290 3441 3345 esse,
3479 3289 3583 3327 non
3614 3268 3743 3325 enim
3769 3261 3852 3316 albo
3926 3272 3927 3345 ί

2287 3364 2540 3420 colorem
2591 3380 2719 3418 esse
2769 3362 2997 3429 accidit,
3050 3365 3151 3417 sed
3201 3380 3395 3434 genus
3446 3364 3569 3433 ejus
3614 3358 3744 3415 color
3783 3354 3852 3405 est.

2287 3453 2588 3525 Contingit
2620 3456 2811 3507 autem
2836 3459 2892 3507 et
2917 3453 3242 3507 secundum
3270 3451 3708 3507 nominationem
3727 3445 3853 3498 deter-

2288 3542 2511 3597 minare
2543 3558 2676 3596 eum
2705 3542 2801 3612 qui
2836 3541 3017 3612 ponit,
3050 3548 3113 3596 ut
3138 3542 3291 3612 quod
3320 3542 3532 3597 accidit
3558 3535 3763 3610 justitia
3785 3529 3853 3581 vir-

2286 3635 2471 3685 tutem
2502 3644 2649 3684 esse.
2684 3628 2846 3699 Saepe
2879 3633 3072 3683 autem
3111 3633 3168 3683 et
3225 3644 3360 3683 cum
3416 3645 3526 3683 non
3569 3617 3854 3680 determinet,

2287 3718 2665 3774 manifestum
2700 3718 2852 3788 quod
2886 3733 3072 3789 genus
3106 3721 3170 3771 ut
3202 3717 3474 3772 accidens
3505 3707 3794 3785 assignavit,
3815 3704 3855 3755 ut

2284 3808 2331 3863 si
2357 3808 2489 3879 quis
2512 3806 2841 3861 albedinem
2866 3805 3110 3861 colorari
3133 3806 3458 3877 dixerit,vel
3483 3798 3851 3861 ambulationem
3926 3820 3927 3869 ξ

2284 3896 2527 3952 moveri.
2546 3898 2589 3950 Α
2614 3896 2773 3950 nullo
2795 3895 2951 3950 enim
2971 3911 3182 3967 genere
3201 3894 3623 3950 denominative
3646 3882 3852 3962 praedica-
3926 3924 3927 3929 η

2282 3986 2363 4041 tio
2394 3987 2463 4040 de
2495 3985 2686 4057 specie
2715 3984 2950 4054 dicitur,
2978 3985 3074 4039 sed
3105 3984 3303 4039 omnia
3353 3985 3588 4039 univoce
3617 3989 3789 4051 genere
3810 3968 3854 4021 de

2284 4075 2591 4145 speciebus
2620 4072 3032 4145 praedicantur,
3070 4090 3203 4128 nam
3229 4077 3284 4128 et
3309 4091 3521 4128 nomen
3552 4076 3602 4125 et
3640 4063 3851 4122 rationem

2283 4181 2559 4236 generum
2613 4162 2945 4233 suscipiunt
2994 4163 3265 4233 species;
3320 4164 3421 4235 qui
3481 4161 3646 4232 igitur
3686 4150 3854 4209 colora-

2282 4260 2407 4310 tum
2442 4254 2586 4308 dixit
2608 4254 2828 4321 album,
2864 4270 3052 4325 neque
3081 4269 3266 4325 genus
3286 4252 3618 4325 assignavit,
3642 4240 3851 4318 quoniam

2283 4342 2716 4399 denominative
2747 4342 2911 4408 dixit,
2948 4359 3135 4413 neque
3160 4348 3223 4397 ut
3253 4345 3549 4414 proprium
3576 4338 3652 4394 vel
3681 4327 3850 4418 utdvﬁf

2283 4433 2585 4497 nitionem,
2612 4448 2746 4487 nam
2772 4432 3034 4486 deﬁnitio
3049 4436 3105 4487 et
3128 4433 3431 4504 proprium
3457 4429 3595 4487 nulli
3618 4425 3701 4482 alii
3720 4420 3849 4477 inest:

2284 4528 2423 4577 sunt
2445 4526 2639 4576 autem
2667 4520 2918 4576 colorata
2933 4525 2988 4575 et
3012 4521 3289 4593 pleraque
3313 4522 3576 4589 aliorum,
3596 4514 3849 4583 utlignum,

520 4617 710 4669 autem
748 4612 919 4667 modo
953 4618 1009 4666 et
1042 4612 1275 4684 proprio
1309 4616 1396 4666 est
1429 4629 1442 4679 ;
1497 4612 1545 4665 si
1598 4612 1751 4666 enim
1805 4610 1973 4666 alicui
2018 4610 2171 4665 inest
2200 4602 2246 4665 Ι)
2280 4611 2449 4683 lapis,
2485 4612 2680 4675 homo,
2714 4626 2920 4681 equus.
2957 4611 3328 4665 Manifestum
3357 4611 3532 4683 igitur
3563 4602 3789 4678 quoniam
3809 4594 3851 4644 ul

518 4702 930 4774 grammatices
946 4703 1346 4771 susceptivum
1364 4717 1512 4765 esse,
1533 4699 1944 4770 grammatices
1968 4715 2165 4753 susce-

517 4792 744 4864 ptivum
776 4791 903 4845 erit.
939 4790 1081 4845 Nam
1114 4790 1256 4844 nihil
1292 4790 1497 4843 horum
1531 4786 1815 4857 contingit
1841 4788 2164 4843 secundum

522 4880 658 4953 quid
684 4881 898 4945 inesse,
920 4881 1007 4934 vel
1036 4897 1149 4933 non
1175 4895 1324 4942 esse,
1350 4877 1445 4932 sed
1473 4875 1820 4946 simpliciter
1849 4874 1935 4928 vel
1961 4875 2174 4944 inesse,

524 4971 610 5027 vel
644 4971 983 5026 noninesse.
1004 4972 1065 5024 In
1091 4968 1490 5023 accidentibus
1513 4970 1707 5019 autem
1730 4963 1875 5018 nihil
1910 4963 2177 5035 prohibet

524 5064 849 5116 secundum
875 5058 1015 5130 quid
1044 5059 1255 5121 inesse,
1282 5060 1345 5109 ut
1367 5054 1716 5120 albedinem,
1742 5052 1826 5108 vel
1852 5053 2170 5124 justitiam.

524 5153 711 5216 Quare
746 5166 857 5203 non
879 5147 1095 5203 sufficit
1119 5145 1426 5199 ostendere
1459 5143 1734 5212 quoniam
1768 5143 1920 5196 inest
1947 5141 2171 5213 albedo,

521 5237 607 5292 vel
658 5235 916 5304 justitia,
977 5234 1045 5289 ad
1109 5232 1534 5287 ostendendum
1594 5231 1746 5299 quod
1818 5229 2009 5300 albus,
2084 5231 2170 5286 vel

513 5329 719 5399 justus
784 5330 893 5392 est,
960 5339 1093 5378 nam
1154 5320 1329 5374 habet
1386 5319 1828 5389 dubitationem,
1893 5321 2167 5391 quoniam

525 5415 852 5472 secundum
885 5412 1022 5483 quid
1056 5409 1246 5474 albus,
1278 5408 1366 5463 vel
1393 5408 1592 5478 justus
1649 5412 1736 5464 est
1768 5426 1781 5464 :
1818 5415 2173 5483 quapropter

525 5522 638 5560 non
675 5503 1070 5557 necessarium
1105 5503 1191 5554 est
1222 5498 1279 5551 in
1308 5497 1708 5552 accidentibus
1748 5501 2021 5555 converti.
2054 5507 2169 5556 De-

526 5594 840 5647 terminare
872 5595 1063 5643 autem
1117 5590 1344 5659 oportet
1384 5591 1438 5641 et
1499 5591 1731 5658 peccata
1781 5604 1907 5657 quae
1941 5593 2077 5643 sunt
2108 5589 2163 5643 in

526 5677 1010 5750 problematibus,
1037 5694 1169 5732 nam
1191 5681 1327 5732 sunt
1347 5678 1477 5746 duo,
1498 5676 1580 5731 vel
1606 5676 1662 5731 in
1689 5692 1753 5731 eo
1777 5678 1929 5748 quod
1958 5678 2167 5734 falsum

2278 4700 2550 4755 accidens
2603 4699 2945 4769 assignavit.
3000 4698 3165 4754 Alius
3210 4699 3374 4755 locus
3422 4704 3507 4756 est
3544 4692 3782 4767 inspicere
3804 4694 3847 4733 ea

2277 4790 2493 4860 quibus
2527 4790 2719 4844 inesse
2751 4794 2851 4843 aut
2879 4789 3156 4843 omnibus
3199 4796 3299 4844 aut
3354 4790 3497 4845 nulli
3532 4788 3725 4840 dictum
3773 4774 3847 4832 est,

2287 4878 2725 4933 etconsiderare
2744 4879 3065 4933 secundum
3092 4880 3334 4948 species,
3359 4885 3415 4934 et
3440 4896 3545 4934 non
3569 4877 3621 4929 in
3643 4862 3843 4926 infiniti-‘-

2285 4967 2431 5021 Nam
2462 4968 2713 5022 transitu
2751 4968 2935 5039 magis
2959 4968 3091 5021 etin
3116 4968 3486 5039 paucioribus
3519 4951 3846 5047 consideratio.

2283 5060 2509 5126 oportet
2535 5062 2728 5111 autem
2791 5058 3165 5112 considerare
3223 5062 3278 5112 et
3328 5058 3573 5129 incipere
3624 5046 3843 5119 aprimis.

2284 5144 2495 5199 deinde
2526 5156 2951 5217 consequenter
2982 5163 3169 5217 usque
3200 5147 3267 5200 ad
3305 5146 3612 5206 individua,
3648 5142 3701 5193 ut.
3726 5131 3762 5187 si
3781 5140 3843 5195 ορ·

2283 5234 2604 5305 positorum
2639 5236 2900 5290 eamdem
2935 5235 3305 5305 disciplinam
3340 5236 3470 5307 quis
3522 5227 3706 5287 dixerit
3739 5229 3840 5307 98591

2283 5322 2751 5394 perspiciendum
2783 5325 2829 5379 si
2866 5341 3064 5379 eorum
3120 5341 3239 5396 qua:
3287 5329 3424 5380 sunt
3478 5324 3544 5380 ad
3595 5304 3846 5396 aliqum)“

2281 5413 2734 5480 contrariorum,
2770 5419 2825 5469 et
2847 5431 2972 5485 quae
3005 5415 3326 5469 secundum
3350 5413 3699 5485 privationem
3718 5395 3844 5455 ϐίω·

2278 5501 2467 5556 hilum
2502 5509 2555 5556 et
2576 5519 2702 5573 quae
2738 5504 3059 5558 secundum
3088 5503 3591 5559 contradictionem
3614 5491 3841 5551 dicuntur,

2278 5590 2478 5645 eadem
2505 5591 2567 5645 ﬁt
2592 5591 2902 5661 disciplina
2919 5600 2973 5646 et
3000 5594 3046 5646 si
3071 5592 3129 5645 in
3152 5591 3239 5647 his
3260 5594 3512 5648 nondum
3540 5580 3835 5661 manifestum

2276 5682 2384 5748 est,
2419 5695 2652 5734 rursum
2685 5697 2751 5735 ea
2781 5680 3159 5736 dividendum
3191 5698 3380 5755 usque
3408 5682 3477 5738 ad
3500 5672 3767 5735 individua.
3794 5658 3837 5711 υί
