3982 6156
135 288 266 343 929

1087 286 1504 342 TOPICORUM
1542 287 2006 343 ARISTOTELIS
2042 289 2646 343 INTEBPRETATIO.

3467 286 3573 340 930

144 413 328 467 nitur
349 426 579 468 nomen.
602 410 673 466 Ut
705 409 1145 481 magnanimum
1169 426 1282 465 non
1308 409 1513 465 fortem
1548 411 1635 477 (ut
1656 409 1814 479 poni-
1846 413 1900 478 Α
1929 411 2253 467 secundum
2288 409 2912 481 superabundantiam.
2946 408 3095 464 Illud
3123 412 3317 465 autem
3359 425 3574 464 secun-

148 503 392 570 tur)sed
415 518 692 573 magnum
713 501 975 556 animum
990 501 1825 571 babentem,quemadmodum

152 592 473 659 ﬁdentem,
498 590 651 645 bona
678 595 1033 661 sperantem.
1058 590 1341 645 Similiter
1365 596 1559 645 autem
1583 596 1638 645 et
1662 590 1822 662 inge-

155 681 617 750 niosum,cujus
647 680 823 734 fuerit
852 680 1060 752 genius
1091 680 1411 735 studiosus.
1433 680 1821 745 Quemadmo-

158 772 316 826 dum
353 775 713 825 Xenocrates
755 769 953 840 inquit
997 770 1366 841 ingeniosum
1394 787 1529 826 eum
1563 787 1691 826 esse
1722 769 1821 841 qui

159 859 432 914 animam
459 859 701 915 sortitus
724 864 811 914 est
832 859 1383 931 studiosam,ipsam
1408 860 1564 915 enim
1596 860 1825 915 unicui-

161 966 291 1021 que
306 966 437 1004 esse
452 948 710 1020 genium.
735 950 1017 1014 Quoniam
1033 954 1223 1004 autem
1242 966 1433 1004 rerum
1450 949 1574 1004 alia:
1590 950 1822 1021 quidem

168 1045 325 1093 sunt
357 1054 427 1093 ex
458 1038 828 1102 necessitate,
853 1037 980 1093 alia:
1004 1043 1198 1093 autem
1224 1043 1286 1093 ut
1304 1039 1360 1093 in
1387 1038 1677 1110 pluribus,
1703 1038 1825 1093 alia:

160 1144 311 1183 vero
346 1127 716 1194 utrumlibet,
750 1128 797 1183 si
841 1128 993 1199 quod
1045 1144 1113 1183 ex
1156 1127 1501 1184 necessitate
1532 1132 1640 1194 est,
1673 1133 1737 1182 ut
1767 1129 1824 1182 in

166 1216 455 1289 pluribus
476 1223 853 1288 ponatur,aut
869 1217 1019 1287 quod
1038 1217 1169 1271 utin
1188 1216 1548 1287 pluribus,ex
1563 1215 1826 1271 necessi-

166 1311 318 1372 tate,
342 1306 648 1377 autipsum
664 1310 764 1361 aut
777 1306 1135 1361 contrarium
1151 1305 1200 1361 ei
1217 1307 1370 1378 quod
1387 1310 1474 1361 est
1489 1306 1622 1360 utin
1639 1304 1827 1376 pluri-

168 1396 856 1469 bussemperdatlocum
880 1398 1574 1469 argumentationis.Nam
1601 1399 1648 1453 si
1672 1397 1827 1467 quod

175 1506 250 1545 ex
284 1489 636 1544 necessitate
663 1492 752 1542 est
781 1494 845 1542 ut
869 1488 926 1542 in
962 1488 1230 1559 pluribus
1278 1493 1552 1559 ponatur,
1586 1486 1828 1542 manife-

175 1583 343 1635 stum
359 1577 637 1649 quoniam
654 1594 763 1633 non
781 1578 940 1632 omni
956 1577 1097 1632 dicit
1112 1579 1463 1648 inesse,cum
1482 1578 1829 1644 insitomni;

176 1685 367 1740 quare
426 1667 701 1741 peccavit,
734 1667 855 1723 sive
886 1668 1039 1739 quod
1079 1672 1142 1723 ut
1182 1669 1239 1723 in
1292 1668 1559 1740 pluribus
1617 1668 1833 1722 dicitur

1932 500 2072 555 dum
2098 501 2383 556 defectum
2409 501 2628 555 dictum
2654 499 3460 569 sit.Namsuperabundantia
3480 501 3573 553 fu-

1931 589 2276 658 giendorum
2302 590 2689 657 videturesse,
2712 589 2983 645 similiter
3005 595 3200 644 autem
3219 590 3576 644 etdefectus.

1934 677 2180 750 Reliqua
2200 695 2331 735 vero
2355 692 2608 749 quatuor
2624 678 2823 734 omnia
2846 679 3069 734 faciunt
3087 679 3578 743 contrarietatem,

1932 784 2066 822 nam
2093 768 2147 822 id
2174 770 2325 838 quod
2351 774 2435 823 est
2457 768 2660 823 amicis
2688 768 3044 832 benefacere,
3069 768 3118 822 ei
3143 768 3298 839 quod
3321 772 3410 822 est
3432 767 3580 822 ami-

1934 857 2019 913 cis
2054 856 2203 912 male
2234 858 2613 923 contrarium,
2650 874 2782 912 nam
2815 874 2848 913 a
2877 857 3169 913 contrario
3213 874 3372 913 more
3422 861 3578 926 sunt,

1934 952 1990 1003 et
2014 946 2155 1002 illud
2172 947 2407 1018 quidem
2423 946 2781 1020 eligendum,
2806 946 2913 1002 hoc
2936 952 3131 1001 autem
3153 947 3577 1018 spernendum.

1934 1036 2219 1093 Similiter
2236 1042 2429 1092 autem
2463 1043 2519 1092 et
2548 1037 2608 1091 in
2641 1036 2793 1092 aliis.
2821 1037 2966 1092 Nam
2992 1036 3049 1091 in
3075 1053 3430 1108 unaquaque
3448 1053 3584 1091 con-

1924 1127 2233 1199 jugatione
2264 1145 2447 1184 unum
2480 1127 2816 1200 eligendum
2848 1132 2905 1181 et
2936 1128 3185 1182 alterum
3212 1127 3579 1199 fugiendum,

1933 1217 2078 1271 illud
2112 1217 2347 1287 quidem
2385 1217 2515 1272 boni
2550 1215 2751 1283 moris,
2781 1216 2887 1272 hoc
2910 1221 3105 1271 autem
3131 1216 3312 1287 pravi.
3342 1216 3587 1270 Manife-

1935 1312 2093 1363 stum
2127 1306 2391 1378 igiturex
2414 1306 2485 1361 iis
2509 1324 2634 1377 quas
2657 1307 2813 1361 dicta
2842 1310 2981 1360 sunt
3011 1306 3165 1378 quod
3199 1305 3385 1361 eidem
3418 1306 3587 1375 plura

1936 1395 2230 1451 contraria
2288 1396 2559 1451 accidunt
2614 1395 2758 1460 ﬁeri,
2788 1411 2922 1449 nam
2956 1395 3007 1449 ei
3041 1394 3197 1464 quod
3241 1399 3331 1449 est
3379 1394 3587 1448 amicis

1936 1486 2294 1552 benefacere,
2327 1483 2383 1538 id
2418 1485 2573 1555 quod
2628 1488 2716 1539 est
2764 1483 3022 1538 inimicis
3050 1482 3414 1553 benefacere,
3440 1487 3497 1537 et
3526 1482 3585 1537 id

1939 1575 2091 1645 quod
2123 1580 2211 1629 est
2241 1573 2448 1630 amicis
2480 1572 2650 1641 male,
2685 1572 3042 1628 contrarium
3077 1577 3185 1628 est.

2008 1663 2289 1718 Similiter
2308 1668 2499 1718 autem
2521 1667 2577 1717 et
2598 1662 2848 1717 aliorum
2874 1660 3124 1733 singulis
3146 1661 3476 1732 quibusque
3491 1677 3590 1716 eo-

179 1775 251 1814 ex
279 1757 628 1813 necessitate
650 1758 810 1823 dixit,
838 1758 999 1813 omni
1020 1757 1165 1813 dixit
1188 1758 1400 1825 inesse,
1425 1774 1559 1812 cum
1592 1774 1705 1813 non
1740 1757 1833 1810 in-
1866 1785 1911 1849 Β
1940 1753 2073 1808 dem
2107 1753 2277 1807 modo
2309 1751 2818 1807 considerantibus
2849 1751 2965 1805 duo
2997 1750 3290 1805 contraria
3336 1764 3592 1821 appare-

182 1849 265 1906 sit
293 1852 453 1904 omni
480 1848 787 1904 :similiter
817 1855 1012 1904 autem
1046 1853 1103 1904 et
1131 1850 1179 1904 si
1220 1849 1578 1905 contrarium
1603 1849 1653 1904 ei
1676 1847 1830 1920 quod

178 1939 245 1993 in
281 1938 550 2009 pluribus
593 1942 681 1992 est
727 1954 795 1991 ex
843 1938 1187 1993 necessitate
1217 1939 1382 2008 dixit,
1416 1954 1646 2009 semper
1675 1938 1831 1992 enim

182 2028 247 2082 in
283 2025 659 2098 paucioribus
686 2026 897 2081 dicitur
927 2027 1287 2081 contrarium
1318 2027 1368 2081 ei
1402 2028 1553 2098 quod
1579 2031 1668 2082 est
1689 2030 1753 2080 ut
1774 2025 1832 2079 in

184 2115 480 2188 pluribus,
513 2120 578 2170 ut
607 2116 657 2170 si
688 2120 754 2170 ut
786 2116 846 2170 in
880 2115 1149 2187 pluribus
1182 2118 1341 2187 pravi
1377 2117 1663 2186 homines,
1697 2117 1833 2172 boni

183 2207 248 2261 in
283 2206 698 2278 paucioribus;
733 2222 911 2277 quare
935 2207 1117 2262 multo
1141 2207 1329 2279 magis
1349 2208 1625 2279 peccavit,
1650 2208 1697 2264 si
1733 2208 1832 2262 bo-

187 2311 301 2350 nos
323 2311 391 2349 ex
422 2296 770 2351 necessitate
799 2296 945 2351 dixit
978 2312 1143 2352 esse:
1172 2296 1445 2352 similiter
1473 2303 1669 2353 autem
1703 2306 1753 2352 et
1787 2297 1835 2351 si

187 2385 347 2457 quod
368 2390 561 2439 utrum
575 2384 814 2441 Iibetest
831 2402 898 2440 ex
922 2386 1264 2442 necessitate
1282 2386 1541 2453 dixit,vel
1556 2386 1690 2442 utin
1709 2386 1835 2457 plu-

188 2475 378 2541 ribus,
405 2491 591 2545 neque
609 2477 763 2530 enim
787 2492 855 2531 ex
878 2476 1223 2532 necessitate
1252 2476 1615 2545 utrumlibet,
1651 2491 1836 2547 neque

191 2570 258 2619 ut
290 2565 348 2618 in
381 2563 689 2635 pluribus;
719 2565 1005 2635 contingit
1035 2570 1230 2621 autem
1256 2571 1313 2621 et
1343 2567 1390 2621 si
1426 2565 1839 2637 non‘determio

192 2671 343 2709 nans
365 2652 576 2708 dixerit
598 2658 797 2709 utrum
823 2660 885 2708 ut
906 2654 962 2708 in
989 2655 1279 2726 pluribus,
1310 2674 1381 2711 an
1405 2673 1473 2712 ex
1496 2656 1839 2711 necessitate

196 2744 365 2810 dixit,
400 2744 447 2797 si
481 2748 673 2798 autem
710 2761 801 2799 res
833 2748 896 2799 ut
927 2744 982 2799 in
1019 2745 1308 2816 pluribus,
1343 2746 1647 2818 disputare
1680 2751 1742 2799 ut
1772 2761 1841 2799 ex

194 2832 546 2888 necessitate
571 2832 622 2888 is
650 2832 880 2888 dixerit.
914 2832 987 2889 Ut
1025 2835 1072 2889 si
1104 2852 1311 2906 pravos
1342 2834 1838 2891 exhaereditandos

192 2922 345 2975 dixit
366 2938 514 2989 esse,
540 2938 654 2977 non
679 2923 1382 2995 determinans,tanquam
1408 2942 1475 2980 ex
1499 2926 1841 2980 necessitate

191 3012 244 3065 is
282 3010 514 3077 dixerit,
548 3012 870 3082 disputare.
904 3012 1264 3084 Amplius,et
1281 3014 1331 3069 si
1360 3014 1514 3069 idem
1548 3013 1660 3069 sibi
1692 3011 1841 3069 acci-

190 3100 346 3154 dens
382 3101 642 3169 posuerit
671 3104 736 3154 ut
762 3100 1030 3169 alterum,
1060 3118 1126 3158 eo
1158 3104 1311 3174 quod
1355 3104 1600 3158 alterum
1636 3103 1712 3157 sit
1741 3118 1842 3157 no-

190 3188 875 3251 men.Quemadmodum
905 3191 1180 3247 Prodicus
1205 3192 1501 3247 dividebat
1518 3192 1845 3262 voluptates

190 3279 256 3333 in
296 3277 604 3348 gaudium,
628 3279 1153 3349 etjucunditatem,
1177 3286 1233 3336 et
1252 3280 1536 3349 latitiam,
1557 3282 1673 3336 haec
1696 3281 1847 3336 enim

190 3367 397 3423 omnia
428 3368 692 3439 ejusdem
724 3370 801 3438 (id
834 3376 923 3424 est
954 3370 1291 3441 voluptatis)
1326 3370 1565 3425 nomina
1596 3375 1768 3437 sunt;
1801 3369 1850 3425 si

190 3472 339 3527 ergo
361 3454 575 3526 aliquis
607 3459 861 3528 gaudere
891 3459 942 3514 ei
974 3461 1124 3530 quod
1161 3466 1250 3515 est
1280 3459 1464 3515 laetari
1498 3465 1676 3532 ponat
1707 3460 1854 3515 acci-

195 3546 363 3613 dere,
400 3546 549 3600 idem
583 3545 787 3617 utique
818 3546 929 3601 sibi
960 3548 1111 3603 dicet
1141 3548 1425 3605 accidere.

848 3636 1076 3694 CAPUT
1114 3638 1209 3694 Ill.

353 3724 423 3778 De
441 3722 643 3780 eisdem
674 3727 1039 3781 terminandz’s
1068 3728 1420 3797 problematis
1454 3727 1558 3784 loci
1586 3728 1709 3783 alii.

275 3813 562 3868 Ouoniam
598 3820 793 3870 autem
828 3817 1122 3873 contraria
1152 3823 1584 3874 connectuntur
1613 3817 1853 3889 quidem

196 3903 322 3958 sibi
342 3901 588 3959 invicem
603 3921 700 3959 sex
720 3906 1407 3970 modis,contrarietatem
1426 3914 1617 3963 autem
1636 3908 1858 3962 faciunt

191 3992 671 4064 quadrupliciter
692 3994 1252 4066 complexa,oportet
1281 3997 1542 4068 accipere
1564 3995 1858 4051 contraria

192 4097 559 4152 quocunque
611 4084 783 4138 modo
816 4082 960 4139 utile
990 4084 1167 4139 fuerit
1196 4090 1252 4140 et
1283 4085 1607 4141 destruenti
1640 4092 1695 4139 et
1725 4100 1859 4139 con-

192 4170 480 4227 struenti.
516 4172 679 4236 Quod
726 4177 922 4227 autem
968 4188 1067 4228 sex
1119 4173 1308 4229 modis
1365 4174 1857 4245 complectuntur,

195 4258 590 4315 manifestum
612 4278 625 4314 :
645 4277 779 4316 nam
805 4267 907 4316 aut
925 4266 1242 4333 utrumque
1264 4263 1695 4318 contrariorum
1721 4261 1864 4316 utri-

195 4366 322 4421 que
336 4351 759 4407 contrariorum
779 4354 1283 4423 connectitur,boo
1305 4361 1500 4409 autem
1525 4353 1859 4423 dupliciter,

194 4444 274 4496 ut
300 4438 501 4495 amicis
534 4442 872 4497 benefacere
894 4448 950 4497 et
971 4443 1228 4499 inimicis
1249 4443 1418 4512 male,
1446 4442 1529 4498 vel
1552 4458 1863 4498 econverso

1942 1842 2112 1905 bunt,
2138 1841 2395 1911 accipere
2419 1840 2598 1911 igitur
2619 1839 3047 1895 contrariorum
3081 1839 3468 1911 quodcunque
3485 1839 3593 1893 erit

1944 1932 2013 1987 ad
2047 1932 2395 2003 positionem
2422 1932 2582 1986 utile.
2613 1932 2880 2002 Amplius
2911 1932 2959 1986 si
2988 1936 3076 1985 est
3108 1930 3330 2001 aliquid
3364 1934 3592 1983 contra-

1944 2020 2097 2074 rium
2143 2019 2450 2086 accidenti,
2500 2018 2990 2073 considerandum
3033 2022 3121 2073 est
3148 2017 3198 2072 si
3233 2018 3388 2072 inest
3417 2016 3466 2070 ei
3500 2015 3594 2070 cui

1944 2110 2168 2165 dictum
2200 2113 2289 2163 est
2320 2107 2590 2164 accidens
2624 2107 2830 2162 inesse.
2855 2106 2999 2161 Nam
3034 2107 3083 2162 si
3113 2106 3220 2161 hoc
3252 2108 3425 2170 inest,
3448 2105 3593 2160 illud

1945 2214 2060 2253 non
2091 2197 2221 2261 erit,
2250 2195 2615 2269 impossibile
2645 2195 2802 2251 enim
2836 2193 3012 2250 simul
3065 2194 3358 2249 contraria
3404 2193 3592 2249 eidem

1944 2288 2156 2342 inesse.
2190 2290 2300 2342 Aut
2321 2287 2367 2341 si
2394 2286 2534 2357 quid
2566 2285 2677 2341 tale
2708 2285 2930 2341 dictum
2963 2288 3051 2339 est
3081 2285 3151 2339 de
3183 2284 3404 2355 aliquo,
3438 2283 3594 2354 quod

1945 2392 2079 2431 cum
2112 2377 2190 2431 sit
2222 2391 2455 2430 necesse
2486 2380 2575 2429 est
2604 2373 2895 2429 contraria
2925 2372 3138 2439 inesse,
3175 2377 3239 2427 ut
3267 2372 3315 2427 si
3351 2372 3508 2426 ideas
3538 2370 3595 2424 in

1946 2466 2115 2521 nobis
2139 2468 2271 2536 quis
2293 2464 2503 2520 dixerit
2518 2480 2667 2520 esse.
2690 2463 2835 2519 Nam
2867 2468 2923 2518 et
2956 2462 3171 2518 moveri
3211 2465 3268 2517 et
3298 2460 3601 2533 quiescere

1946 2557 2180 2610 easdem
2216 2555 2459 2621 accidet,
2491 2558 2548 2609 et
2577 2554 2752 2608 etiam
2797 2552 3106 2608 sensibiles
3136 2557 3192 2606 et
3224 2550 3600 2605 insensibiles

1947 2660 2095 2699 esse.
2130 2644 2275 2701 Nam
2306 2644 2580 2698 videntur
2624 2643 2767 2697 ideae
2816 2641 3141 2713 quiescere,
3177 2639 3512 2695 immobiles
3544 2644 3602 2694 et

1946 2732 2347 2804 intelligibiles
2367 2749 2494 2787 esse
2516 2732 2590 2786 iis
2614 2732 2713 2801 qui
2740 2735 2964 2801 ponunt
2986 2731 3147 2784 ideas
3175 2732 3599 2784 esseAttamen

1947 2840 2080 2877 cum
2114 2822 2234 2877 sint
2262 2822 2320 2876 in
2355 2822 2545 2891 nobis,
2569 2821 2933 2891 impossibile
2964 2825 3053 2875 est
3083 2818 3417 2874 immobiles
3447 2834 3594 2873 esse.

1948 2912 2089 2967 Nam
2128 2910 2301 2966 motis
2334 2910 2524 2979 nobis,
2549 2909 2948 2965 necessarium
2983 2913 3071 2963 est
3102 2913 3159 2963 et
3189 2924 3317 2979 quae
3344 2908 3399 2961 in
3428 2907 3598 2961 nobis

1948 3019 2015 3057 su
2028 3019 2056 3055 n
2071 3006 2087 3055 t
2100 3001 2298 3056 omnia
2310 3001 2356 3055 si
2369 3000 2485 3055 mul
2501 2998 3116 3054 moveri.Manifestum
3133 3004 3314 3053 autem
3328 2997 3597 3069 quoniam

1955 3096 2011 3145 ct
2041 3089 2368 3157 sensibiles,
2395 3089 2443 3144 si
2468 3088 2525 3142 in
2560 3087 2733 3144 nobis
2758 3092 2921 3150 sunt,
2945 3104 3076 3141 nam
3107 3102 3205 3158 per
3232 3103 3472 3142 sensum
3496 3086 3597 3157 qui

1960 3181 2113 3235 circa
2133 3180 2323 3234 visum
2348 3183 2437 3233 est
2456 3194 2584 3234 eam
2618 3194 2745 3248 qua
2767 3176 2828 3232 in
2851 3192 3202 3247 unoquoque
3234 3181 3323 3231 est
3356 3176 3604 3231 formam

1959 3268 2390 3340 cognoscimus.
2426 3270 2681 3322 Rursum
2711 3266 2759 3320 si
2790 3266 3043 3337 positum
3070 3269 3160 3321 est
3190 3265 3461 3320 accidens
3510 3265 3605 3319 cui

1959 3364 2043 3413 est
2060 3357 2282 3428 aliquid
2297 3356 2655 3412 contrarium
2668 3355 3181 3421 ,considerandum
3199 3355 3245 3408 si
3262 3352 3613 3409 etcontrarii

1961 3446 2359 3518 susceptivum
2384 3445 2540 3515 quod
2564 3450 2623 3499 et
2642 3443 2961 3499 accidentis
2984 3448 3090 3498 est.
3116 3443 3263 3498 Nam
3285 3443 3440 3498 idem
3474 3458 3611 3497 con-

1960 3537 2278 3591 trariorum
2302 3536 2792 3604 susceptivum,ut
2815 3533 2861 3588 si
2885 3533 3087 3587 odium
3113 3532 3331 3587 berere
3356 3532 3454 3587 irae
3476 3531 3613 3602 quis

1962 3625 2187 3689 dixerit,
2212 3622 2322 3680 erit
2342 3624 2541 3678 odium
2576 3624 2633 3678 in
2669 3622 2882 3677 furoris
2904 3622 3118 3693 specie,
3142 3621 3262 3676 illic
3293 3620 3451 3677 enim
3486 3621 3611 3688 ira;

1960 3712 2395 3783 inspiciendum
2419 3710 2659 3783 igitursi
2673 3715 2728 3767 et
2741 3710 3106 3766 contrarium
3124 3710 3180 3764 in
3198 3710 3409 3765 furoris
3423 3709 3616 3781 specie

1964 3819 2037 3857 an
2061 3803 2119 3856 in
2147 3801 2640 3873 concupiscentia.
2666 3816 2803 3855 nam
2837 3800 2886 3854 si
2912 3816 3049 3867 non,
3075 3800 3177 3854 sed
3208 3798 3268 3853 in
3300 3799 3618 3871 concupis-

1963 3891 2124 3947 cibili
2147 3896 2255 3957 est,
2281 3907 2395 3946 non
2419 3890 2667 3946 cohaeret
2688 3890 2886 3945 odium
2912 3890 3030 3945 ira.
3056 3888 3341 3944 Similiter
3354 3892 3620 3943 autemet

1965 3983 2011 4038 si
2045 3979 2520 4052 concupiscibile,
2546 3979 2813 4051 ignorare
2845 3979 3077 4047 dixerit,
3105 3994 3240 4034 nam
3284 3978 3394 4033 erit
3416 3982 3472 4033 et
3492 3978 3618 4032 dis-

1965 4068 2635 4141 ciplinaesusceptivum,
2661 4067 2951 4138 siquidem
2981 4073 3036 4121 et
3064 4067 3438 4137 ignorantiae;
3466 4066 3619 4136 quod

1967 4160 2201 4231 quidem
2254 4174 2368 4214 non
2414 4158 2663 4222 videtur,
2693 4156 3155 4227 concupiscibile
3212 4154 3617 4225 susceptivum

1968 4265 2097 4305 esse
2149 4247 2494 4318 disciplinis.
2531 4245 2856 4301 Destruenti
2919 4260 3058 4316 ergo
3117 4242 3621 4316 quemadmodum

1969 4340 2188 4395 dictum
2217 4341 2305 4391 est
2335 4339 2638 4397 utendum,
2665 4334 2952 4389 astruenti
2970 4349 3102 4388 vero
3134 4333 3289 4405 quod
3316 4332 3465 4386 inest
3486 4330 3621 4402 qui-

1970 4431 2101 4484 dem
2126 4426 2396 4482 accidens
2422 4441 2534 4480 non
2558 4422 2721 4478 utilis
2744 4422 3095 4494 locus,quod
3117 4426 3310 4477 autem
3337 4420 3624 4492 contingit

198 4528 421 4587 amicis
456 4530 605 4585 male
627 4536 683 4584 et
706 4532 963 4588 inimicis
988 4536 1168 4589 bene:
1195 4538 1294 4589 aut
1345 4534 1578 4605 quando
1612 4537 1859 4603 utraque
1892 4519 1936 4583 Ι)
1969 4520 2158 4575 inesse
2184 4517 2367 4573 Utilis.
2390 4515 2779 4605 Οεῗβηάθηῑεξ
2812 4514 2969 4569 enim
3002 4515 3155 4586 (ἰυοά
3187 4531 3299 4569 non
3335 4513 3622 4605 διξεοθρίί·

200 4619 286 4673 de
319 4634 454 4686 uno,
477 4619 793 4690 dupliciter
821 4626 1012 4677 autem
1047 4628 1105 4677 et
1136 4622 1265 4688 hoc,
1286 4627 1350 4677 ut
1379 4622 1584 4677 amicis
1618 4622 1858 4676 benefa-

199 4722 345 4763 cere
368 4712 423 4760 et
447 4708 654 4763 amicis
679 4708 852 4777 male,
876 4710 963 4765 vel
995 4710 1251 4766 inimicis
1294 4712 1627 4767 benefacere
1653 4714 1711 4766 et
1744 4710 1858 4765 ini-

202 4794 385 4852 micis
420 4797 607 4853 male:
633 4804 735 4853 aut
766 4816 950 4854 unum
983 4801 1054 4855 de
1087 4802 1375 4871 utrisque,
1398 4806 1455 4856 et
1485 4801 1593 4856 hoc
1623 4817 1858 4872 quoque

201 4884 546 4955 dupliciter,
597 4891 662 4941 ut
701 4887 906 4944 amicis
953 4890 1099 4945 bene
1143 4895 1201 4945 et
1247 4890 1500 4947 inimicis
1552 4890 1720 4955 bene,
1770 4888 1857 4945 vel

203 4972 422 5031 amicis
472 4975 624 5031 male
671 4981 729 5032 et
772 4977 1027 5035 inimicis
1061 4978 1229 5035 male.
1262 4980 1466 5034 Prima:
1499 4983 1695 5034 autem
1728 4981 1857 5034 dua:

202 5064 379 5120 dictae
397 5067 826 5136 complexiones
844 5084 958 5122 non
983 5068 1203 5125 faciunt
1225 5070 1859 5138 contrarietatem,nam

205 5153 272 5209 id
306 5154 459 5224 quod
492 5160 579 5210 est
608 5156 811 5212 amicis
841 5157 1181 5214 benefacere
1212 5161 1263 5215 ei
1295 5159 1451 5231 quod
1484 5163 1573 5213 est
1602 5158 1861 5213 inimicis

206 5241 559 5299 malefacere
591 5262 703 5300 non
732 5252 823 5302 est
853 5247 1232 5315 contrarium,
1294 5253 1543 5319 utraque
1572 5247 1727 5302 enim
1760 5245 1867 5301 eli-

207 5332 403 5404 genda
426 5336 565 5387 sunt
586 5339 644 5387 et
663 5336 927 5404 ejusdem
952 5336 1150 5404 moris;
1171 5336 1422 5408 nequeid
1441 5337 1597 5408 quod
1616 5340 1705 5391 est
1723 5334 1863 5391 ami-

208 5420 298 5474 cis
329 5419 480 5474 male
501 5421 549 5475 ei
575 5424 729 5493 quod
764 5428 852 5478 est
880 5424 1138 5481 inimicis
1160 5427 1469 5495 bene,nam
1485 5430 1541 5479 et
1564 5425 1682 5479 haec
1700 5429 1861 5478 utra-

210 5524 327 5579 que
360 5510 637 5577 fugienda
658 5517 715 5567 et
733 5514 997 5583 ejusdem
1034 5517 1236 5572 moris.
1266 5520 1383 5571 Non
1410 5516 1641 5569 videtur
1664 5518 1860 5568 autem

213 5598 557 5671 fugiendum
578 5603 850 5675 fugiendo
864 5604 1499 5674 contrariumesse,nisi
1517 5605 1623 5660 hoc
1638 5605 1867 5676 quidem

1966 4626 2104 4664 vum
2132 4612 2221 4663 est
2249 4604 2550 4671 contrarii,
2574 4604 2953 4659 ostendentes
2986 4605 3209 4658 erimus
3242 4603 3398 4674 quod
3435 4618 3624 4673 neque

1968 4699 2123 4754 inest
2178 4695 2472 4761 accidens,
2507 4710 2695 4765 neque
2748 4692 3035 4764 contingit
3088 4693 3300 4748 inesse.
3332 4692 3391 4747 Si
3425 4697 3622 4746 autem

1969 4786 2402 4844 ostenderimus
2435 4783 2590 4854 quod
2616 4784 2769 4838 inest
2788 4782 3171 4849 contrarium,
3196 4786 3297 4836 aut
3321 4782 3475 4851 quod
3497 4798 3628 4835 sus-

1969 4880 2261 4949 ceptivum
2285 4880 2376 4929 est
2392 4871 2696 4936 contrarii,
2720 4872 2983 4927 nondum
3007 4869 3382 4926 ostendentes
3404 4869 3626 4926 erimus

1971 4968 2124 5040 quod
2146 4970 2201 5021 et
2223 4964 2494 5020 accidens
2515 4961 2690 5025 inest,
2715 4961 2814 5016 sed
2844 4960 2997 5031 quod
3031 4960 3315 5031 contingit
3352 4960 3546 5014 inesse
3570 4957 3627 5012 in

1969 5062 2198 5112 tantum
2214 5053 2403 5110 solum
2420 5055 2717 5107 ostensum
2735 5048 3161 5114 erit.Quoniam
3181 5053 3380 5104 autem
3396 5046 3627 5120 opposi-

1971 5146 2161 5202 tiones
2174 5144 2594 5212 suntquatuor,
2619 5137 3005 5193 considerand
3019 5153 3113 5191 um
3133 5153 3201 5192 ex
3214 5137 3451 5193 contrad
3465 5134 3630 5190 ictio-

1973 5234 2172 5302 nibus,
2205 5245 2518 5286 econverso
2550 5244 2618 5283 ex
2647 5226 3102 5298 consequentia,
3134 5224 3579 5281 etinterimenti
3601 5254 3632 5293 θ

1969 5320 2433 5379 construenti.Su
2446 5335 2596 5373 mere
2610 5323 2806 5373 autem
2821 5322 2988 5372 estex
3001 5316 3013 5369 i
3026 5317 3097 5370 nd
3110 5315 3430 5382 uctione,ut
3443 5314 3490 5368 si
3506 5314 3615 5368 bo-

1977 5432 2070 5469 mo
2085 5409 2449 5476 animal,non
2466 5407 2809 5462 animalnon
2830 5408 3002 5462 homo
3030 5424 3042 5472 ;
3078 5404 3554 5459 similiterautem
3570 5406 3627 5457 et

1976 5504 2034 5559 in
2051 5499 2312 5557 aliis.Hic
2330 5497 2486 5553 enim
2500 5514 2639 5552 econ
2650 5513 2819 5551 uerso
2834 5494 3275 5565 consequentia,
3293 5510 3426 5548 nam
3443 5489 3631 5545 bomi.

1977 5611 2108 5652 nem
2126 5586 2343 5648 animal
2362 5585 2651 5657 sequitur,
2675 5601 2787 5640 non
2807 5585 3108 5640 hominem
3126 5586 3342 5649 autem,
3369 5596 3482 5636 non
3499 5578 3629 5634 ani-
