3982 6156
155 342 253 397 957

1065 345 1479 402 TOPICORUM
1517 344 1990 401 ARISTOTELIS
2026 346 2627 401 INTERPRETATIO.

3436 346 3544 402 958

151 467 247 539 qui
272 466 417 522 dixit
441 466 719 523 animalis
750 467 1051 540 proprium
1077 468 1336 524 animam
1368 468 1604 536 habere,
1630 467 1790 523 nullo
1821 471 1871 536 Α
1903 468 2131 523 dicetur
2160 484 2396 535 nomen,
2430 485 2611 541 quare
2652 486 2763 525 non
2796 471 2905 526 erit
2936 472 3081 526 bene
3113 472 3369 543 positum
3405 488 3541 543 pro-

150 560 384 613 ususest
410 558 732 624 communi,
757 559 869 612 erit
887 559 1212 613 secundum
1231 558 1335 613 hoc
1358 557 1505 613 bene
1540 558 1791 628 positum

147 646 967 718 propriunanimalis,ani.nam
986 647 1220 702 habere.
1235 646 1790 703 Deindedestruenti

149 736 401 806 quidem,
432 735 482 790 si
508 735 677 806 plura
700 737 937 807 propria
952 738 1218 807 assignat
1240 738 1526 807 ejusdem,
1554 753 1665 793 non
1691 737 1791 793 de-

149 825 464 881 terminans
481 826 635 897 quod
662 825 831 897 plura
848 827 1030 898 ponit.
1057 826 1181 881 Non
1208 827 1363 881 enim
1388 827 1499 883 erit
1519 827 1665 882 bene
1686 843 1788 899 po-

146 915 324 969 situm
346 913 680 986 proprium;
704 932 837 971 nam
862 917 1361 987 quemadmodum
1387 932 1493 972 nec
1515 917 1571 972 in
1585 917 1788 972 termi-

141 1002 233 1058 nis
264 1008 490 1075 oportet
521 1008 730 1075 praeter
759 1020 887 1060 eam
930 1008 1080 1076 (qua;
1106 1005 1331 1060 indicat
1371 1006 1786 1077 substantiam)

136 1097 455 1151 orationem
487 1097 810 1166 adjungere
841 1097 1145 1167 quidpiam
1181 1096 1542 1166 plusculum,
1574 1098 1657 1152 sie
1682 1112 1786 1152 nee

140 1184 199 1238 in
229 1184 475 1254 propriis
510 1190 717 1255 praeter
766 1201 895 1240 eam
927 1186 1077 1257 (quae
1114 1186 1251 1240 facit
1297 1186 1598 1257 proprium
1630 1188 1785 1259 quod

139 1273 359 1329 dictum
405 1274 515 1344 est)
538 1274 867 1329 orationem
899 1276 1224 1345 quidquam
1258 1276 1758 1347 coassignandum

140 1361 351 1417 Inutile
373 1362 530 1417 enim
556 1362 939 1432 ﬁtejusmodi,
969 1365 1187 1434 utquia
1207 1363 1307 1433 qui
1325 1364 1784 1435 dixitproprium

135 1451 312 1522 ignis,
343 1452 759 1507 tenuissimum
787 1457 843 1507 et
864 1452 1253 1520 levissimum,
1283 1454 1450 1524 plura
1467 1455 1784 1525 assignavit

134 1540 371 1612 propria
410 1542 749 1611 (utrumque
798 1542 954 1596 enim
1004 1542 1075 1596 de
1107 1542 1232 1597 solo
1272 1543 1407 1615 igne
1438 1559 1643 1599 verum
1692 1547 1783 1599 est

131 1630 369 1700 dicere),
394 1646 508 1685 non
533 1633 645 1686 erit
667 1632 813 1686 bene
841 1632 1095 1703 positum
1122 1634 1423 1704 proprium
1450 1633 1627 1705 ignis,
1652 1650 1779 1690 cor-

125 1737 244 1792 pus
265 1720 716 1777 subtilissimum
759 1727 817 1777 et
840 1722 1233 1778 levissimum.
1260 1726 1558 1780 Astruenti
1580 1741 1712 1781 vero
1731 1726 1778 1780 si

1899 556 2109 628 prium.
2135 556 2405 628 Amplius
2426 562 2621 613 autem
2643 560 2713 613 ad
2739 559 2879 625 haec,
2907 576 3094 630 neque
3117 562 3351 631 quando
3376 561 3540 632 quis-

1898 662 2070 717 quam
2102 646 2488 718 assignaverit
2506 648 2954 718 proprium,erit
2977 650 3351 705 manifestum
3381 651 3425 704 si
3452 652 3539 705 in-

1897 735 2413 807 estsiquidemtale
2436 742 2543 800 est,
2568 742 2633 792 ut
2662 739 2813 809 quod
2839 738 3031 803 ipsum
3058 737 3387 809 relinquere
3407 756 3542 810 pos-

1896 826 2003 881 sit:
2031 841 2146 880 non
2162 825 2341 895 igitur
2357 828 2466 882 erit
2479 826 2700 883 clarum
2716 843 2845 883 esse
2861 828 3052 899 propri
3065 845 3094 882 u
3107 844 3158 882 m
3171 870 3183 897 ,
3196 833 3263 882 ut
3284 828 3421 898 quia
3438 828 3537 900 qui

1895 914 2093 986 posuit
2122 914 2398 972 animalis
2442 918 2744 989 proprium
2795 918 3010 972 moveri
3048 918 3417 988 quandoque,
3452 917 3540 973 vel

1893 1008 2047 1060 stare
2062 1004 2198 1074 tale,
2222 1006 2911 1078 assignaveritproprium
2937 1010 3089 1076 quod
3116 1007 3541 1079 ﬁtquandoque

1893 1112 2011 1152 non
2046 1097 2365 1166 preprium,
2400 1113 2768 1168 nequaquam
2802 1099 2914 1153 erit
2945 1098 3091 1153 bene
3116 1099 3369 1169 positum
3407 1114 3541 1169 pro-

1890 1185 2105 1256 prium.
2136 1186 2435 1242 Astruenti
2468 1202 2622 1253 vero,
2656 1187 2704 1241 si
2738 1189 2893 1259 quod
2927 1204 2994 1243 ex
3024 1189 3367 1243 necessitate
3386 1205 3543 1242 sem-

1892 1291 1994 1347 per
2024 1280 2133 1341 est,
2169 1276 2467 1346 proprium
2492 1276 2898 1347 assignaverit.
2933 1277 3055 1331 Erit
3074 1278 3229 1332 enim
3260 1279 3405 1333 bene
3438 1293 3542 1348 po-

1891 1364 2071 1419 situm
2104 1367 2427 1420 secundum
2463 1366 2569 1420 hoc
2603 1366 2929 1436 preprium,
2965 1371 3029 1421 ut
3053 1366 3187 1435 quia
3210 1367 3309 1437 qui
3347 1368 3543 1436 posuit

1892 1454 2120 1510 virtutis
2145 1455 2444 1527 proprium
2478 1457 2630 1527 quod
2666 1456 2976 1510 habentem
3010 1457 3146 1511 facit
3183 1457 3539 1523 studiosum,

1890 1544 2041 1615 quod
2056 1561 2285 1615 semper
2299 1544 2585 1615 sequitur,
2602 1546 2903 1617 proprium
2923 1545 3244 1616 assignavit
3270 1565 3282 1614 ;
3301 1546 3411 1600 erit
3428 1546 3541 1600 uti-

1888 1650 2001 1704 que
2047 1634 2375 1688 secundum
2408 1634 2514 1689 hoc
2549 1636 2693 1689 bene
2742 1635 3103 1706 assignatum
3137 1635 3369 1690 virtutis
3400 1651 3540 1706 pro-

1888 1724 2104 1795 prium.
2124 1722 2679 1779 Deindedestruenti
2713 1724 2969 1793 quidem,
2988 1724 3035 1779 si
3054 1725 3208 1795 quod
3230 1740 3385 1779 nunc
3401 1741 3539 1796 pro-

131 1827 252 1866 non
286 1811 454 1882 plura
479 1812 746 1881 ejusdem
791 1812 1025 1884 propria
1055 1814 1400 1883 assignavit,
1438 1816 1536 1870 sed
1570 1832 1778 1871 unum.
1825 1832 1870 1896 B
1903 1814 2097 1884 prium
2122 1817 2213 1867 est
2235 1812 2564 1884 assignans,
2593 1830 2705 1869 non
2739 1813 3215 1869 determinaverit
3244 1814 3398 1885 quod
3425 1830 3539 1869 non

119 1900 260 1956 Erit
282 1900 433 1955 enim
459 1902 786 1956 secundum
814 1901 922 1957 hoc
938 1904 1081 1956 bene
1097 1903 1356 1974 positum
1382 1904 1704 1976 proprium,
1722 1909 1787 1960 ut

134 1989 279 2059 quia
303 1990 403 2060 qui
455 1989 601 2045 dixit
645 1990 875 2044 humidi
910 1992 1236 2062 proprium,
1297 2009 1507 2063 corpus
1546 1995 1694 2063 quod
1727 1993 1784 2048 in

136 2094 373 2133 omnem
398 2078 648 2150 ﬁguram
674 2078 1125 2145 ducitur,unum
1147 2080 1467 2151 assignavit
1489 2082 1787 2153 proprium

128 2174 189 2221 et
230 2183 344 2222 non
377 2167 570 2239 plura,
601 2168 712 2222 erit
744 2170 1070 2223 secundum
1105 2169 1214 2225 hoc
1236 2170 1385 2224 bene
1407 2172 1661 2242 positum
1686 2172 1791 2226 hu-

125 2255 281 2310 midi
306 2257 631 2327 proprium.
660 2256 880 2311 Deinde
904 2258 1563 2329 destruentiquidem,si
1583 2262 1784 2317 eodem

122 2361 279 2400 usus
304 2350 392 2399 est
413 2346 585 2416 cujus
612 2346 913 2416 proprium
936 2347 1283 2418 assignavit,
1310 2353 1410 2402 aut
1433 2365 1635 2404 eorum
1660 2367 1787 2421 quis

121 2440 274 2488 sunt
303 2434 464 2489 illius
491 2435 711 2506 aliquo.
738 2434 863 2490 Non
885 2436 1040 2489 enim
1068 2438 1180 2490 erit
1202 2436 1348 2492 bene
1366 2438 1621 2509 positum
1656 2455 1787 2510 pro-

122 2524 356 2593 prium,
391 2539 527 2578 nam
576 2523 841 2578 discendi
873 2526 1065 2595 gratia
1092 2526 1431 2593 assignatur
1462 2527 1788 2598 proprium,

124 2616 289 2670 idem
320 2620 515 2669 autem
548 2615 735 2670 eidem
770 2615 1045 2671 similiter
1075 2616 1337 2686 ignotum
1370 2622 1478 2686 est,
1502 2618 1556 2672 id
1592 2624 1787 2675 autem

126 2704 292 2776 quod
324 2702 545 2775 aliquid
578 2720 781 2760 eorum
832 2709 918 2759 est
947 2721 1074 2776 quis
1106 2712 1247 2760 sunt
1287 2707 1436 2776 ejus,
1472 2709 1786 2779 posterius,

129 2810 253 2848 non
286 2792 575 2863 igiturest
606 2792 823 2862 notius,
848 2810 1025 2863 quare
1052 2810 1165 2849 non
1192 2794 1257 2849 ﬁt
1278 2801 1344 2849 ut
1374 2811 1477 2866 per
1499 2796 1606 2852 hoc
1626 2797 1788 2867 quis-

125 2898 317 2953 quam
340 2882 526 2953 magis
556 2883 861 2953 quidpiam
887 2883 1093 2947 discat,
1128 2890 1192 2938 ut
1214 2884 1356 2955 quia
1377 2885 1477 2956 qui
1506 2884 1650 2940 dixit
1669 2888 1790 2941 ani-

124 2971 308 3027 malis
322 2971 646 3042 proprium,
667 2972 1062 3027 substantiam
1077 2975 1247 3041 cujus
1273 2974 1596 3044 speciesest
1619 2974 1789 3030 homo

124 3062 336 3132 aliquo
362 3078 504 3116 usus
531 3066 621 3117 est
649 3076 853 3118 eorum
886 3078 1010 3131 quis
1042 3066 1182 3117 sunt
1211 3062 1507 3131 animalis,
1541 3080 1656 3119 non
1678 3064 1788 3120 erit

1902 1902 2204 1974 proprium
2222 1903 2503 1974 assignat.
2529 1902 2649 1958 Non
2676 1903 2829 1957 enim
2855 1904 2964 1958 erit
2981 1904 3125 1958 bene
3143 1904 3397 1974 positum
3423 1920 3545 1972 pro-

1900 1993 2115 2063 prium,
2131 1992 2216 2063 pri
2229 1993 2637 2064 mumquidem
2674 1993 2807 2063 quia
2833 1993 2987 2064 quod
3005 1999 3211 2064 praeter
3230 1996 3541 2049 consuetu-

1899 2083 2093 2137 dinem
2125 2084 2390 2150 ﬁtomne,
2416 2098 2648 2154 semper
2670 2083 3154 2137 determinatione
3175 2082 3421 2154 indiget,
3446 2099 3544 2137 so-

1898 2170 2021 2226 lent
2038 2178 2232 2227 autem
2257 2180 2314 2227 ul
2338 2171 2657 2243 plurimum
2674 2188 2900 2240 omnes,
2922 2173 3075 2244 quod
3091 2188 3324 2244 semper
3340 2171 3543 2243 sequi-

1899 2267 1994 2316 tur
2008 2261 2308 2333 proprium
2323 2261 2653 2333 assignare;
2671 2261 2930 2318 secundo
2946 2266 3162 2328 autem,
3189 2262 3543 2333 quiaimma-

1900 2352 2179 2406 nifestum
2199 2356 2286 2406 est
2308 2352 2447 2422 quia
2466 2367 2579 2407 non
2623 2352 3117 2416 determinaverit,
3141 2352 3366 2424 siquod
3386 2368 3541 2408 nunc

1898 2446 1987 2495 est
2012 2440 2316 2512 proprium
2347 2442 2597 2496 voluerit
2621 2457 2850 2512 ponere.
2877 2441 3000 2496 Non
3025 2441 3204 2513 igitur
3234 2443 3422 2496 danda
3453 2447 3544 2498 est

1898 2529 2595 2601 objurgationisoccasio,
2612 2534 2676 2585 ut
2690 2531 2827 2602 quia
2842 2530 2939 2601 qui
2956 2531 3147 2602 posuit
3162 2529 3414 2601 alicujus
3436 2531 3540 2588 ho-

1900 2619 2075 2675 minis
2109 2618 2406 2690 proorium
2452 2620 2653 2676 sedere
2683 2636 2813 2675 cum
2847 2619 3045 2691 aliquo
3094 2620 3349 2688 homine,
3382 2622 3538 2691 quod

1901 2724 2057 2763 nunc
2090 2709 2386 2779 proprium
2405 2714 2493 2763 est
2515 2709 2730 2779 posuit,
2761 2725 2875 2763 non
2906 2710 3050 2764 bene
3074 2708 3372 2780 proprium
3398 2710 3541 2765 assi-

1899 2798 2120 2869 gnabit,
2156 2798 2203 2852 si
2230 2814 2341 2853 non
2361 2797 2754 2852 determinans
2777 2796 2987 2851 dixerit
3010 2798 3165 2867 quod
3192 2814 3265 2851 nu
3278 2814 3366 2853 nc.
3391 2802 3537 2852 Con-

1899 2903 1924 2940 s
1937 2886 2147 2941 truenti
2161 2892 2350 2941 autem
2364 2930 2376 2953 ,
2393 2887 2440 2941 si
2463 2903 2617 2941 nunc
2636 2888 2937 2957 proprium
2951 2886 3261 2958 assignans
3275 2887 3541 2942 determi-

1901 2967 2092 3021 nando
2125 2967 2341 3039 posuit,
2375 2967 2530 3039 quod
2577 2982 2732 3022 nunc
2766 2966 3066 3038 proprium
3102 2966 3379 3038 posuerit.
3419 2968 3539 3023 Erit

1899 3056 2053 3111 enim
2079 3055 2223 3111 bene
2238 3058 2491 3126 positum
2516 3057 2838 3111 secundum
2855 3055 2964 3110 hoc
2980 3055 3301 3126 proprium,
3328 3058 3541 3128 utquia

122 3153 284 3206 bene
301 3150 553 3221 positum
575 3151 1279 3222 proprium.Construenti
1297 3153 1574 3219 autem,si
1602 3170 1789 3225 neque
1822 3188 1863 3225 ,η
1904 3148 2003 3218 qui
2038 3146 2183 3201 diXit
2220 3147 2532 3216 cujusdam
2577 3146 2838 3201 hominis
2885 3145 3185 3216 proprium
3234 3145 3538 3201 ambulare

120 3242 362 3306 eodem,
392 3256 580 3311 neque
611 3256 810 3295 eorum
835 3257 961 3310 qum
984 3245 1124 3296 sunt
1144 3240 1333 3312 ipsius
1356 3241 1553 3313 aliquo
1581 3242 1787 3299 utitur.

122 3328 421 3384 Eritenim
439 3331 584 3385 bene
614 3331 940 3385 secundum
967 3331 1072 3385 hoc
1102 3330 1354 3401 positum
1377 3331 1702 3402 proprium,
1728 3336 1792 3387 ut

118 3419 277 3490 quia
298 3418 397 3489 qui
433 3418 628 3490 posuit
650 3419 925 3474 animalis
948 3420 1249 3490 proprium
1285 3438 1351 3475 ex
1370 3420 1565 3475 anima
1586 3425 1641 3475 et
1663 3437 1790 3476 cor-

114 3523 276 3579 pore
298 3507 692 3579 compositum
707 3524 857 3573 esse,
877 3525 1064 3579 neque
1079 3525 1279 3563 eorum
1304 3525 1428 3580 quae
1448 3514 1587 3564 sunt
1603 3509 1793 3578 ipsius

114 3596 333 3667 aliquo
362 3613 506 3652 usus
536 3602 664 3652 est:
697 3597 810 3652 erit
831 3598 1039 3668 utique
1062 3598 1207 3652 bene
1224 3598 1548 3653 secundum
1578 3598 1681 3653 hoc
1706 3615 1793 3653 as-

112 3688 434 3756 signatum
451 3685 726 3741 animalis
753 3686 1074 3758 proprium.
1102 3687 1313 3741 Eodem
1330 3692 1525 3742 autem
1546 3689 1717 3742 modo
1737 3692 1793 3743 et

118 3776 184 3829 in
226 3773 363 3829 aliis
384 3774 878 3829 considerandum
910 3779 1001 3829 est
1019 3791 1287 3845 quaenam
1308 3792 1422 3831 non
1450 3776 1670 3831 faciunt
1693 3781 1794 3831 aut

112 3863 586 3918 faciuntnotius.
606 3863 941 3918 Destruenti
958 3864 1220 3934 quidem,
1236 3865 1280 3917 si
1298 3865 1495 3936 aliquo
1517 3882 1658 3919 usus
1678 3870 1787 3933 est,

116 3957 237 4006 aut
272 3952 562 4023 opposito,
595 3956 696 4007 aut
725 3952 967 4007 omnino
1000 3951 1178 4007 simul
1211 3959 1442 4018 natura,
1476 3959 1576 4008 aut
1600 3960 1789 4025 poste-

114 4042 289 4097 riore
333 4043 552 4113 aliquo.
584 4046 710 4096 Non
754 4042 909 4097 enim
958 4042 1106 4098 bene
1146 4044 1410 4114 positum
1459 4045 1789 4114 proprium,

112 4146 271 4185 nam
304 4132 638 4201 oppositum
654 4130 1079 4195 simulnatura,
1108 4133 1473 4202 quodgautem
1492 4133 1789 4187 simulna-

104 4228 289 4284 tura,
322 4224 378 4274 et
420 4221 739 4290 posterius,
790 4236 905 4275 non
938 4221 1119 4276 efﬁcit
1149 4221 1363 4286 notius,
1413 4226 1478 4276 ut
1521 4223 1658 4293 quia
1689 4222 1789 4293 qui

112 4310 285 4363 dixit
314 4309 449 4364 boni
479 4312 781 4380 preprium
803 4310 960 4381 quod
994 4310 1149 4365 malo
1172 4312 1429 4366 maxime
1450 4313 1785 4382 opponitur,

103 4399 402 4470 opposito
434 4404 519 4454 est
550 4416 695 4455 usus
718 4400 875 4464 boni,
900 4416 1014 4455 non
1048 4400 1158 4454 erit
1186 4402 1445 4472 profecto
1471 4401 1615 4455 bene
1641 4402 1788 4456 assi-

105 4492 377 4560 gnatum
407 4488 539 4543 boni
567 4491 888 4559 proprium.
912 4489 1290 4546 Construenti
1315 4496 1532 4558 autem,
1554 4490 1602 4545 si
1627 4491 1788 4546 nullo

1904 3252 2059 3291 nunc
2077 3236 2313 3306 alicubi,
2340 3236 2704 3305 distinguens
2720 3235 3056 3307 posuithoc,
3082 3235 3227 3289 bene
3249 3235 3357 3289 erit
3380 3237 3535 3307 posi-

1898 3329 2022 3379 tum
2042 3326 2361 3396 proprium.
2379 3323 2597 3380 Deinde
2625 3324 3227 3396 destruentiquidem,
3253 3323 3429 3379 sitale
3446 3341 3538 3379 as-

1898 3415 2152 3486 signavit
2178 3415 2500 3485 proprium,
2525 3416 2676 3485 quod
2705 3414 3078 3469 manifestum
3111 3429 3223 3468 non
3259 3420 3348 3468 est
3369 3413 3541 3469 aliter

1898 3504 2089 3560 inesse
2111 3521 2284 3574 quam
2306 3520 2503 3559 sensu.
2526 3504 2648 3559 Non
2673 3505 2954 3559 enimerit
2972 3505 3114 3559 bene
3130 3502 3387 3575 positum
3408 3521 3541 3574 pro-

1900 3594 2115 3664 prium,
2150 3610 2286 3648 nam
2318 3608 2491 3649 omne
2540 3593 2817 3649 sensibile
2849 3598 3011 3649 extra
3040 3608 3282 3648 sensum
3314 3594 3539 3647 factum

1900 3682 2362 3737 immanil‘estum
2396 3688 2506 3750 est,
2541 3682 2729 3738 latens
2755 3683 2912 3738 enim
2944 3688 3033 3737 est
3063 3683 3111 3737 si
3147 3682 3337 3737 adhuc
3370 3682 3542 3736 inest.

1899 3785 1963 3827 eo
1988 3774 2145 3842 quod
2167 3789 2346 3828 sensu
2370 3772 2561 3827 solum
2579 3771 2970 3844 cognoscitur.
2987 3772 3105 3827 Erit
3127 3777 3325 3827 autem
3344 3786 3544 3827 verum

1900 3864 2008 3919 hoc
2055 3864 2115 3919 in
2146 3864 2220 3919 iis
2253 3880 2376 3935 quae
2434 3880 2549 3919 non
2581 3880 2650 3919 ex
2681 3864 3023 3919 necessitate
3063 3878 3295 3935 semper
3334 3878 3543 3917 conse-

1899 3960 2185 4024 quuntur,
2208 3958 2275 4008 ut
2299 3954 2436 4024 quia
2461 3953 2561 4025 qui
2584 3953 2781 4024 posuit
2802 3952 2945 4007 solis
2970 3953 3294 4023 proprium;
3320 3956 3540 4006 astrum

1899 4045 2049 4114 quod
2068 4043 2249 4097 fertur
2268 4060 2445 4113 super
2464 4049 2676 4097 terram
2695 4040 3270 4110 lucidissimum,tali
3293 4056 3436 4094 usus
3451 4042 3541 4095 est

1898 4133 1953 4187 in
1977 4133 2210 4203 proprio
2231 4134 2431 4203 (super
2452 4138 2690 4197 terram,
2717 4132 2976 4201 inquam,
3000 4130 3153 4198 ferri)
3181 4130 3334 4200 quod
3362 4145 3535 4183 sensu

1897 4223 2289 4292 cognoscitur,
2325 4237 2438 4276 non
2472 4221 2671 4290 utique
2694 4222 2803 4276 erit
2825 4221 2969 4273 bene
3000 4218 3142 4273 solis
3170 4219 3538 4289 assignatum

1898 4312 2195 4381 proprium
2220 4330 2233 4376 ;
2254 4310 2711 4365 immanit’estum
2737 4309 2893 4364 enim
2909 4309 3020 4363 erit
3042 4324 3174 4362 cum
3192 4307 3412 4362 occidet
3427 4307 3534 4373 sol,

1897 4403 1943 4455 si
1970 4401 2162 4455 adhuc
2189 4402 2410 4455 feratur
2431 4414 2609 4469 super
2629 4403 2865 4464 terram,
2884 4414 2949 4453 eo
2972 4398 3120 4469 quod
3148 4413 3252 4452 nos
3277 4401 3415 4451 tunc
3439 4395 3538 4450 de-

1896 4490 2189 4544 seruimus
2204 4504 2466 4543 sensum.
2491 4487 3037 4555 Construentivero,
3065 4486 3113 4541 si
3133 4487 3249 4542 tale
3268 4486 3539 4551 assigna-

111 4593 277 4632 usus
309 4582 400 4632 est
433 4594 623 4648 neque
654 4579 944 4649 opposito,
981 4595 1167 4650 neque
1198 4579 1436 4634 omnino
1471 4580 1649 4635 simul
1685 4596 1784 4635 na-
1821 4569 1863 4631 D
1896 4578 1977 4632 vit
2004 4579 2323 4650 proprium,
2349 4578 2502 4649 quod
2537 4593 2649 4631 non
2676 4593 2851 4632 sensu
2883 4582 2972 4632 est
2997 4576 3395 4643 manifestum,
3438 4579 3540 4630 aut

106 4674 288 4731 tura,
313 4682 501 4736 neque
529 4667 866 4737 posteriore.
893 4668 1014 4721 Erit
1032 4667 1186 4721 enim
1215 4669 1538 4723 secundum
1560 4669 1668 4724 hoc
1688 4671 1784 4725 be-

106 4774 194 4810 ne
230 4756 609 4825 assignatum
646 4757 970 4826 proprium,
1007 4758 1231 4827 utquia
1262 4758 1360 4828 qui
1396 4759 1790 4829 posuitdisci-

100 4845 301 4917 plinm
319 4845 985 4916 proprium,opinionem
1002 4853 1248 4901 maxime
1266 4848 1574 4902 facientem
1589 4848 1784 4919 ﬁdem,

101 4934 293 4989 nullo
318 4951 462 4990 usus
485 4940 574 4990 est
601 4951 788 5006 neque
815 4937 1105 5007 opposito,
1134 4953 1323 5006 neque
1356 4938 1594 4992 omnino
1610 4938 1786 4993 simul

105 5032 367 5092 natura,
403 5040 591 5095 neque
624 5026 965 5095 posteriore,
999 5026 1108 5080 erit
1141 5026 1466 5081 secundum
1500 5026 1607 5081 hoc
1640 5027 1787 5082 bene

99 5113 393 5184 positum
447 5113 773 5183 disciplinae
814 5116 1140 5185 proprium.
1194 5115 1412 5169 Deinde
1459 5115 1785 5169 destruenti

98 5202 392 5273 quidem,
419 5202 467 5255 si
500 5218 613 5257 non
634 5203 785 5273 quod
814 5219 1045 5274 semper
1065 5205 1338 5275 sequitur
1365 5204 1667 5276 proprium
1692 5220 1789 5258 as-

96 5292 409 5363 signavit,
438 5292 538 5346 sed
574 5292 629 5345 id
665 5293 819 5362 quod
845 5292 909 5346 ﬁt
932 5294 1286 5365 quandoque
1318 5311 1431 5349 non
1457 5292 1780 5365 proprium.

96 5381 249 5437 Non
287 5381 446 5435 enim
481 5382 593 5435 erit
623 5381 769 5435 bene
802 5383 1244 5450 pronuntiatum
1289 5384 1615 5454 proprium,
1646 5398 1782 5438 nam

100 5485 319 5540 neque
350 5470 409 5524 in
444 5487 560 5540 quo
590 5470 1087 5540 deprehendimus
1108 5474 1304 5527 inesse
1336 5471 1553 5542 ipsum,
1587 5472 1656 5525 de
1673 5471 1786 5527 hoc

98 5564 173 5614 et
208 5574 433 5613 nomen
467 5575 535 5613 ex
585 5558 931 5614 necessitate
960 5562 1311 5625 veriﬁcatur,
1358 5576 1545 5631 neque
1577 5560 1632 5613 in
1667 5576 1783 5630 quo

98 5648 594 5720 deprehenditur
624 5664 739 5704 non
762 5648 971 5717 inesse,
991 5650 1062 5705 de
1082 5650 1191 5706 hoe
1215 5666 1283 5706 ex
1304 5649 1649 5706 necessitate
1666 5664 1780 5705 non

1898 4685 2029 4723 cum
2051 4668 2127 4722 sit
2149 4665 2448 4732 sensibile,
2472 4682 2538 4721 ex
2564 4666 2911 4721 necessitate
2942 4666 3135 4721 inesse
3158 4666 3539 4721 manifestum

1902 4762 2010 4812 est.
2030 4757 2318 4811 Eritenim
2335 4757 2661 4811 secundum
2678 4756 2785 4810 hoc
2800 4756 2945 4811 bene
2962 4756 3215 4827 positum
3236 4754 3536 4827 proprium

1896 4852 1956 4902 ut
1975 4846 2224 4918 quiaqui
2242 4846 2772 4918 posuitsuperliciei
2791 4845 3086 4916 proprium
3101 4846 3275 4915 ,quod
3293 4846 3540 4916 primum

1897 4937 2223 4993 coloratum
2248 4941 2358 5001 est,
2384 4934 2644 4991 sensibili
2671 4936 2908 5005 quidem
2941 4936 3136 5005 aliquo
3162 4952 3304 4990 usus
3319 4940 3541 5004 est(co-

1896 5025 2150 5081 loratum
2166 5041 2315 5093 esse,
2331 5026 2613 5095 inquam),
2630 5024 2732 5079 tali
2749 5023 2982 5093 quidem
3000 5025 3153 5096 quod
3172 5026 3545 5082 manifestum

1896 5120 1985 5170 est
2010 5116 2201 5171 inesse
2223 5130 2457 5185 semper
2480 5131 2493 5169 :
2515 5114 2627 5169 erit
2648 5113 2972 5169 secundum
2993 5114 3102 5169 hoc
3120 5115 3265 5169 bene
3279 5115 3542 5187 assigna-

1896 5208 2020 5259 tum
2038 5203 2365 5275 superiiciei
2385 5201 3266 5274 preprium.Deindedestruenti
3282 5206 3514 5274 quidem
3529 5247 3543 5272 ,

1896 5297 1945 5351 si
1969 5294 2287 5350 terminum
2304 5299 2367 5348 ut
2390 5293 2691 5365 proprium
2724 5295 3067 5365 assignavit.
3094 5295 3218 5349 Non
3254 5295 3407 5348 enim
3428 5295 3538 5349 erit

1894 5386 2040 5441 bene
2056 5384 2311 5455 positum
2346 5384 2672 5455 proprium,
2706 5399 2841 5438 nam
2876 5400 2988 5439 non
3021 5388 3247 5455 oportet
3276 5384 3535 5437 indicare

1894 5474 2049 5544 quod
2067 5474 2203 5544 quid
2220 5477 2309 5527 est
2322 5486 2450 5527 esse
2464 5472 3001 5543 proprium,utquia
3017 5473 3113 5542 qui
3132 5471 3535 5526 dixithominis

1893 5562 2194 5634 proprium
2213 5561 2430 5617 animal
2454 5560 2761 5633 gressibile
2774 5562 2959 5630 bipes,
2975 5561 3125 5630 quod
3143 5559 3279 5629 quid
3301 5564 3391 5615 est
3406 5575 3534 5615 esse

1891 5652 2231 5722 signiﬁcans
2262 5650 2587 5723 assignavit
2628 5648 2885 5703 hominis
2916 5648 3239 5720 proprium,
3274 5664 3391 5703 non
3422 5648 3533 5703 uti-
