3982 6156
474 304 581 360 959

1731 314 1850 367 AN.
1891 312 2111 365 MANL.
2154 312 2311 366 BEV.
2353 314 2591 369 BOETII
3692 319 3769 372 960

475 447 586 503 que
617 432 727 488 erit
769 432 1024 489 hominis
1061 434 1363 505 proprium
1388 435 1534 490 bene
1559 436 1947 507 assignatum.
1969 435 2112 491 Con-
2147 440 2200 503 Α
2229 435 2279 491 si
2309 436 2379 491 de
2412 452 2526 506 quo
2578 452 2791 492 nomen
2823 441 2878 492 et
2909 437 3095 492 oratio
3143 436 3495 508 praedicatur.
3538 440 3635 494 Erit
3657 444 3767 498 enim

477 521 725 576 struenli
753 527 970 589 autem,
1004 520 1223 593 siquod
1239 524 1567 578 conversim
1586 525 1825 596 quidem
1848 525 2121 596 praedica-

478 614 576 665 tur
606 610 928 681 assignavit
962 611 1287 682 proprium,
1322 628 1435 668 non
1461 620 1656 668 autem
1690 615 1842 685 quod
1876 614 2013 685 quid
2038 616 2129 668 est

478 715 606 754 esse
635 699 923 754 indicans.
958 700 1078 754 Erit
1107 701 1262 756 enim
1293 704 1623 757 secundum
1659 704 1764 759 hoc
1795 705 1940 758 bene
1973 702 2121 757 assi-

476 794 721 860 gnatum
758 788 1078 860 proprium,
1104 796 1169 845 ut
1195 790 1335 861 quia
1356 791 1457 863 qui
1484 793 1679 863 posuit
1700 792 1957 848 hominis
1992 807 2127 863 pro-

478 878 671 948 prium
697 877 915 932 animal
949 889 1325 935 mansuetum
1359 886 1588 947 natura,
1621 884 1774 953 quod
1799 882 2123 937 conversim

478 967 714 1039 quidem
738 968 1109 1038 praedicatur,
1139 969 1464 1041 assignavit
1490 971 1811 1042 preprium,
1836 988 1949 1026 non
1971 970 2125 1042 quod

477 1056 618 1127 quid
669 1061 757 1113 est
806 1059 1044 1128 quidem
1103 1058 1413 1131 indicans;
1472 1063 1582 1117 erit
1639 1063 1965 1119 secundum
2018 1065 2127 1123 hoc

478 1145 625 1200 bene
675 1147 1041 1217 assignatum
1076 1149 1375 1219 proprium
1428 1149 1707 1206 hominis.
1739 1152 1961 1207 Deinde
1993 1155 2124 1210 des-

478 1235 1033 1306 truentiquidem,si
1064 1254 1179 1292 non
1196 1238 1497 1309 quidpiam
1525 1240 1582 1294 in
1606 1240 1747 1312 quid
1770 1246 1858 1296 est
1882 1259 2125 1312 ponens,

480 1324 803 1395 assignavit
822 1326 1562 1397 propriumﬂportetenim
1579 1328 1635 1382 in
1652 1330 2123 1402 propriis,quem-

480 1414 801 1469 admodum
855 1416 912 1468 in
945 1414 1237 1483 terminis,
1286 1415 1543 1487 primum
1576 1418 1865 1489 assignari
1916 1437 2124 1491 genus,

482 1504 693 1558 deinde
727 1503 811 1558 sic
833 1504 959 1574 jam
1005 1503 1217 1559 addere
1256 1503 1481 1575 reliqua
1512 1514 1565 1561 et
1597 1524 1888 1578 separare.
1939 1514 2127 1576 Quare

482 1593 637 1664 quod
673 1609 787 1648 non
811 1592 919 1647 hoc
944 1593 1114 1648 modo
1138 1594 1391 1665 positum
1424 1599 1513 1650 est
1530 1597 1852 1668 proprium,
1883 1615 1995 1654 non
2018 1600 2128 1657 erit

484 1684 629 1738 bene
660 1682 1049 1753 assignatum,
1102 1689 1166 1738 ut
1196 1685 1335 1755 quia
1359 1686 1457 1756 qui
1506 1686 1649 1741 dixit
1679 1688 2125 1761 animalisgpro-

483 1772 678 1844 prium
711 1771 968 1827 animam
992 1772 1354 1841 habere,non
1371 1776 1902 1848 posuitquidquam
1928 1779 1985 1834 in
2009 1797 2125 1850 quo
2160 1806 2205 1869 Β

484 1866 584 1917 aut
599 1862 654 1916 in
672 1862 809 1932 quid
831 1866 917 1916 est
935 1861 1293 1918 animal.non
1311 1864 1579 1920 eritbene
1591 1865 1844 1937 positum
1859 1869 2130 1925 animalis

484 1952 809 2023 prOprium.
827 1952 1195 2008 Construenti
1211 1953 1422 2017 vero,si
1438 1954 1569 2025 quis
1583 1955 1882 2026 quidpiam
1898 1958 2051 2029 quod
2070 1959 2128 2013 in

485 2039 626 2112 quid
651 2044 741 2094 est
761 2056 981 2110 ponens
1002 2040 1130 2109 ejus
1154 2042 1324 2111 cujus
1348 2042 1645 2113 proprium
1666 2044 2011 2115 assignavit,
2036 2063 2127 2102 re-

484 2127 647 2201 liqua
671 2128 956 2199 adjungit.
996 2128 1113 2183 Erit
1135 2130 1292 2184 enim
1325 2132 1654 2186 secundum
1678 2131 1786 2187 hoc
1810 2133 1959 2189 bene
1982 2135 2128 2190 assi-

484 2221 727 2287 gnatum
753 2219 1080 2288 preprium,
1108 2223 1173 2273 ut
1195 2218 1332 2290 quia
1359 2220 1459 2291 qui
1493 2220 1690 2291 posuit
1718 2220 1975 2278 hominis
1997 2240 2127 2294 pro-

482 2308 678 2378 prium
734 2307 955 2363 animal
988 2308 1317 2380 disciplinis
1374 2311 1775 2382 susceptibile,
1828 2313 2124 2384 quidpiam

483 2397 637 2468 quod
674 2397 732 2451 in
766 2396 904 2468 quid
930 2398 1288 2469 estiponens,
1315 2399 1637 2471 assignavit
1658 2402 1957 2472 prOprium
1984 2402 2129 2459 :erit

484 2485 810 2540 secundum
862 2483 969 2540 hoc
1003 2485 1149 2541 bene
1199 2486 1455 2557 positum
1494 2488 1797 2558 proprium
1848 2488 2123 2546 hominis.

485 2573 689 2629 Utrum
706 2574 885 2646 igitur
897 2574 1041 2629 bene
1056 2592 1127 2629 an
1153 2591 1268 2630 non
1282 2576 1425 2631 bene
1450 2576 2123 2651 assigneturprOprium,

485 2679 591 2735 per
619 2663 739 2719 hinc
771 2663 1227 2736 inspiciendum.

1118 2752 1353 2809 CAPUT
1384 2754 1481 2809 III.

979 2843 1055 2898 De
1080 2842 1309 2915 proprio
1363 2844 1473 2899 loci
1500 2844 1626 2899 alii.

2236 524 2535 595 proprium
2568 526 2718 594 quod
2741 526 2995 595 positum
3030 529 3262 580 estesse
3296 526 3584 595 proprium,
3608 533 3775 600 utqui:

2236 614 2305 668 de
2337 630 2452 683 quo
2492 613 2754 669 animam
2801 614 3016 669 habere
3059 614 3388 669 veriﬁcatur
3435 616 3699 684 animal,et
3728 622 3777 674 de

2236 719 2351 774 quo
2384 703 2599 758 animal
2649 704 2903 758 animam
2933 704 3171 771 habere,
3213 703 3321 759 erit
3366 705 3595 759 animam
3622 706 3779 764 habere

2236 792 2509 847 animalis
2544 793 2868 864 proprium.
2901 792 3123 847 Deinde
3153 792 3483 847 destruendi
3512 794 3720 865 quidem,
3750 798 3781 853 si

2235 882 2568 952 subjectum
2603 882 2905 953 proprium
2930 880 3254 952 assignavit
3273 882 3323 951 ej
3335 898 3400 937 us
3419 885 3558 951 quod
3578 884 3625 937 in
3644 885 3782 951 subje

2234 976 2327 1028 cto
2359 988 2487 1027 esse
2517 971 2751 1026 dicitur.
2776 971 2901 1026 Non
2925 970 3083 1025 enim
3112 970 3223 1026 erit
3255 971 3539 1042 proprium
3572 973 3697 1042 quod
3718 991 3783 1043 po-

2238 1062 2419 1117 situm
2460 1065 2549 1116 est
2578 1076 2707 1117 esse
2740 1060 3063 1131 preprium,
3119 1064 3181 1114 ut
3213 1059 3352 1131 quia
3381 1060 3477 1131 qui
3508 1063 3673 1129 posuit
3695 1080 3785 1133 pro-

2236 1151 2427 1221 prium
2445 1148 2820 1205 subtilissimi
2858 1148 3142 1220 corporis,
3156 1148 3676 1218 ignem,subjectum
3690 1151 3787 1204 assi-

2236 1240 2435 1313 gnavit
2458 1240 2752 1311 praedicati
2786 1238 3112 1310 proprium,
3149 1254 3262 1293 non
3296 1237 3405 1292 erit
3432 1238 3570 1307 ignis
3597 1242 3789 1308 corporis

2236 1328 2969 1401 subtillissimiproprium.
2994 1329 3235 1399 Propter
3257 1326 3366 1383 hoc
3388 1333 3572 1382 autem
3593 1345 3687 1383 non
3717 1329 3791 1382 erit

2236 1420 2590 1490 subjectum,
2624 1420 2752 1489 ejus
2784 1419 2940 1490 quod
2972 1417 3031 1473 in
3061 1419 3325 1487 subjecto
3350 1434 3476 1473 esse
3493 1416 3676 1472 dicitur
3699 1435 3790 1488 pro-
3884 1448 3885 1491 ι

2235 1508 2451 1581 prium,
2483 1523 2548 1563 eo
2581 1507 2736 1579 quod
2760 1507 2913 1561 idem
2946 1510 3101 1562 esset
3121 1504 3376 1576 plurium
3408 1510 3464 1560 et
3481 1506 3792 1560 diﬂerentium
3884 1522 3885 1555 ι

2236 1597 2428 1669 specie
2446 1595 2769 1668 proprium,
2797 1612 2932 1651 nam
2965 1595 3154 1651 eidem
3179 1595 3347 1666 plura
3370 1596 3619 1667 quaedam
3639 1594 3794 1649 discre-

2236 1686 2435 1758 pantia
2481 1684 2674 1757 specie
2705 1686 2931 1752 insunt,
2982 1684 3053 1739 de
3080 1683 3207 1739 solo
3240 1684 3418 1752 dicta,
3470 1700 3691 1755 quorum
3725 1685 3795 1737 erit

2237 1776 2498 1831 omnium
2521 1774 2821 1846 proprium
2847 1774 3002 1845 quod
3017 1773 3348 1843 subjectum
3372 1778 3479 1839 est,
3497 1772 3542 1827 si
3563 1774 3677 1844 quis
3691 1773 3797 1827 hunc

2240 1867 2298 1921 in
2316 1866 2555 1920 modum
2572 1869 2753 1937 ponat
2768 1863 3092 1935 proprium.
3111 1862 3797 1931 Construentivero,siquod

2238 1955 2297 2010 in
2330 1954 2737 2025 subjecto;est,
2768 1952 3091 2023 assignavit
3120 1951 3425 2024 proprium
3459 1950 3698 2022 subjecti.
3722 1950 3800 2004 Erit

2238 2042 2395 2099 enim
2412 2044 2713 2114 proprium
2735 2042 2888 2113 quod
2907 2040 3161 2112 positum
3180 2046 3270 2096 est
3284 2056 3401 2095 non
3416 2056 3536 2095 esse
3551 2040 3799 2111 proprium.

2238 2131 2529 2203 siquidem
2562 2131 2633 2187 de
2672 2131 2795 2187 solo
2831 2130 3178 2202 praedicatur
3207 2134 3299 2197 (ut
3328 2130 3549 2184 dictum
3597 2130 3689 2197 est)
3714 2144 3800 2199 pro-

2237 2220 2451 2292 prium,
2487 2224 2552 2274 ut
2602 2219 2741 2290 quia
2769 2219 2870 2290 qui
2915 2218 3059 2273 dixit
3098 2223 3266 2274 terrae
3319 2220 3611 2289 proprium
3651 2233 3801 2286 corpus

2236 2308 2653 2383 gravissimum
2686 2308 2902 2380 specie,
2928 2308 3177 2379 subjecti
3200 2307 3521 2379 assignavit
3554 2306 3802 2378 proprium.

2238 2400 2395 2471 quod
2427 2400 2498 2454 de
2529 2398 2653 2454 sola
2674 2397 2891 2454 dicitur
2907 2415 2987 2466 re,
3013 2402 3068 2453 et
3098 2397 3483 2469 utproprium
3509 2396 3803 2469 praedicatur,

2237 2489 2523 2545 eritterrie
2548 2487 2845 2559 proprium
2860 2490 3011 2542 recte
3024 2486 3301 2558 positum.
3324 2486 3536 2542 Deinde
3555 2483 3803 2541 destruenti
3884 2560 3885 2567 γ

2236 2578 2474 2650 quidem
2486 2577 2553 2643 ,si
2569 2577 2826 2632 secundu
2838 2591 2891 2630 m
2906 2574 3407 2648 participationem
3420 2576 3806 2647 assignavitprw
3884 2624 3885 2641 η

2236 2668 2448 2739 prium.
2481 2666 2606 2721 Non
2638 2665 2795 2720 enim
2828 2665 2939 2720 erit
2968 2664 3295 2736 proprium,
3330 2666 3488 2736 quod
3520 2664 3735 2735 positum
3752 2666 3808 2717 est
3884 2666 3885 2739 χ

2236 2772 2365 2813 esse
2381 2756 2845 2828 proprium,nam
2863 2754 3016 2825 quod
3030 2755 3361 2810 secundum
3380 2753 3807 2825 participationem

2238 2846 2488 2913 inest,ad
2512 2845 2667 2915 quod
2695 2844 2835 2915 quid
2862 2848 2951 2898 est
2974 2859 3103 2898 esse
3125 2844 3429 2911 conducit;
3448 2843 3553 2898 erit
3569 2840 3806 2898 autembu-

555 2931 760 2988 Utrum
790 2949 928 2989 vero
973 2932 1275 3004 proprium
1323 2938 1412 2988 est
1442 2934 1679 2990 omnino
1720 2936 1873 3006 quod
1907 2936 2126 2993 dictum
2224 2932 3110 3007 jusmodidiﬂ‘erentiaquzsdam
3132 2932 3202 2987 de
3237 2932 3445 3004 aliqua
3477 2932 3653 3004 specie
3686 2930 3808 2987 dicta,

484 3026 592 3089 est,
627 3038 698 3077 an
726 3039 839 3077 non
871 3021 1193 3094 proprium,
1220 3038 1289 3077 ex
1319 3022 1412 3077 bis
1439 3023 1951 3080 considerandum.
1980 3027 2124 3082 Nam

483 3111 830 3182 simpliciter
844 3116 1252 3166 coustruentes
1277 3111 1576 3182 proprium
1602 3113 1756 3182 quod
1782 3113 1928 3168 bene
1970 3115 2123 3185 posi-

478 3204 604 3254 tum
634 3204 741 3269 est,
769 3199 877 3255 loci
912 3201 1086 3255 iidem
1113 3205 1285 3255 erunt
1305 3200 1378 3254 iis
1407 3200 1507 3271 qui
1531 3202 1833 3273 proprium
1882 3204 2121 3260 omnino

480 3290 742 3359 faciunt;
777 3290 837 3344 in
870 3289 988 3345 illis
1021 3290 1201 3361 igitur
1231 3289 1519 3346 dicentur.
1557 3291 1815 3346 Primum
1847 3309 1983 3364 ergo
2033 3296 2126 3349 de-

478 3377 729 3433 struenti
753 3379 988 3448 quidem
1013 3378 1442 3449 inspiciendum
1461 3380 1531 3435 ad
1554 3383 2014 3454 unumquodque
2031 3399 2125 3439 eo-

479 3486 611 3524 rum
641 3471 811 3539 cujus
862 3470 1163 3541 proprium
1201 3470 1541 3541 assignavit.
1574 3471 1644 3527 Ut
1686 3473 1735 3527 si
1775 3472 1922 3528 nulli
1952 3475 2127 3538 inest,

481 3564 583 3615 aut
605 3558 652 3614 si
678 3575 789 3613 non
815 3559 885 3614 de
908 3559 1016 3613 hoc
1039 3559 1276 3630 quidem
1307 3560 1663 3630 veriﬁcatur,
1688 3567 1790 3617 aut
1819 3562 1868 3616 si
1901 3580 2014 3618 non
2038 3570 2129 3620 est

483 3648 781 3721 pmprium
798 3648 1084 3719 cujusque
1098 3664 1298 3703 eorum
1318 3648 1798 3705 secundumillud
1818 3653 1987 3723 cujus
2001 3670 2130 3724 pro-

483 3738 675 3809 prium
692 3737 1033 3809 assignavit.
1059 3736 1182 3792 Non
1199 3736 1351 3791 enim
1377 3736 1489 3792 erit
1514 3738 1838 3809 proprium,
1861 3742 2016 3810 quod
2033 3757 2130 3812 po-

482 3828 660 3882 situm
691 3834 779 3881 est
821 3841 949 3881 esse
978 3826 1301 3897 proprium,
1329 3830 1392 3880 ut
1423 3827 1558 3896 quia
1581 3827 1651 3881 de
1682 3834 1980 3899 geometra
2012 3847 2127 3885 non

480 3917 815 3971 veriﬁcatur
836 3912 1311 3986 indeceptibilem
1335 3930 1462 3969 esse
1482 3914 1553 3970 ab
1577 3916 1837 3973 oratione
1858 3926 2009 3982 (nam
2030 3919 2131 3975 de-

483 4007 699 4078 cipitur
728 4009 1025 4078 geometer
1056 4021 1189 4060 cum
1225 4005 1755 4076 pseudographiam
1806 4008 1981 4078 facit),
2017 4025 2129 4064 non

483 4099 593 4152 erit
628 4098 732 4152 hoc
765 4096 1003 4152 scientis
1028 4094 1353 4167 proprium,
1389 4112 1504 4151 non
1528 4096 1717 4167 decipi
1751 4099 1821 4153 ab
1849 4100 2130 4156 oratione.

482 4186 862 4243 Construenti
883 4191 1083 4241 autem
1109 4186 1157 4240 si
1190 4186 1263 4241 de
1288 4185 1446 4240 omni
1476 4186 1832 4254 veriﬁcatur,
1856 4190 2131 4260 etquade

482 4274 591 4330 hoc
622 4274 976 4330 verificatur.
1013 4274 1134 4329 Erit
1156 4274 1313 4329 enim
1346 4273 1671 4345 preprium,
1697 4276 1851 4346 quod
1877 4277 2131 4347 positum

481 4370 568 4420 est
588 4382 713 4421 esse
738 4363 1066 4437 proprium,
1097 4368 1160 4419 ut
1182 4363 1322 4435 quia
1345 4364 1563 4420 animal
1592 4364 1915 4436 disciplina
1939 4383 2134 4423 susce-

486 4452 705 4523 ptivum
736 4455 804 4508 de
836 4453 994 4508 omni
1030 4453 1268 4508 homine
1301 4453 1655 4522 verilicatur,
1688 4460 1744 4509 et
1775 4470 1889 4524 qua
1933 4453 2131 4521 homo,

2237 2976 3110 3006 ,u....v........-.....-....,_..-_...
3133 2976 3202 2987 η
3237 2976 3445 3004 -..νη
3477 2976 3651 3004 ﬂ”-.-
3687 2976 3808 2987 _.--_,

2237 3029 2300 3080 ut
2316 3023 2445 3095 quia
2467 3022 2565 3093 qui
2598 3020 2740 3076 dixit
2759 3020 3015 3076 hominis
3040 3020 3346 3092 proprium
3365 3020 3654 3093 gressibile
3675 3020 3804 3088 bipes.

2236 3112 2558 3169 secundum
2578 3109 3083 3182 participationem
3096 3110 3426 3181 assignavit
3439 3110 3809 3181 preprium,noa
3884 3109 3885 3123 ³

2236 3203 2345 3261 erit
2376 3201 2576 3271 utique
2594 3198 2895 3271 proprium
2914 3197 3173 3254 hominis
3197 3199 3508 3270 gressibile
3529 3199 3693 3269 bipes.
3710 3198 3809 3251 Co:-

2231 3290 2483 3347 struenti
2518 3293 2735 3355 autem,
2770 3287 2821 3343 si
2854 3304 2966 3342 non
3002 3287 3330 3343 secundum
3374 3285 3807 3360 participationem

2233 3375 2557 3447 assignavit
2605 3374 2932 3446 proprium,
2967 3390 3070 3429 nec
3119 3375 3272 3445 quod
3310 3376 3412 3447 qui
3447 3381 3534 3430 est
3570 3390 3681 3430 esse
3706 3370 3808 3426 indi-

2233 3485 2395 3536 cans,
2428 3466 2756 3521 conversim
2784 3464 3100 3536 praedicata
3130 3482 3211 3519 re.
3247 3465 3371 3521 Erit
3395 3465 3549 3521 enim
3581 3464 3808 3537 proprium

2235 3557 2387 3629 quod
2423 3554 2679 3627 positum
2715 3559 2805 3609 est
2821 3571 2947 3610 esse
2969 3555 3299 3625 proprium,
3323 3560 3393 3610 ut
3416 3555 3551 3625 quia
3568 3554 3655 3625 qui
3676 3550 3811 3624 posui:
3884 3608 3885 3629 χ

2236 3645 2515 3703 animalis
2542 3643 2845 3716 proprium
2879 3642 3033 3713 quod
3069 3647 3273 3697 natum
3308 3649 3401 3699 est
3432 3643 3652 3709 sentire,
3680 3653 3813 3711 neque
3884 3640 3885 3655 ‘

2235 3734 2553 3791 secundum
2576 3731 3082 3803 participationem
3108 3731 3812 3804 assignavitproprium,ne-
3884 3788 3885 3795 η

2236 3841 2349 3896 que
2382 3823 2536 3894 quod
2571 3820 2709 3893 quid
2744 3835 2872 3875 esse
2904 3819 3198 3888 indicans,
3231 3824 3560 3877 conversim
3593 3838 3647 3875 re
3666 3816 3810 3890 pradi-

2237 3918 2389 3980 cata,
2421 3911 2532 3967 erit
2564 3910 2766 3982 utique
2797 3910 2951 3981 quod
2985 3911 3201 3965 sentire
3234 3915 3441 3966 natum
3476 3917 3583 3979 est,
3610 3904 3811 3965 animalis

2238 4000 2559 4074 proprium.
2576 3996 2795 4055 Deinde
2813 3999 3139 4054 destruenti
3160 3999 3427 4069 quidem,
3451 4001 3499 4055 si
3522 4017 3624 4055 non
3641 3996 3811 4053 contin-

2237 4092 2322 4163 git
2352 4088 2531 4146 simul
2564 4091 2755 4144 inesse
2800 4087 3123 4159 proprium,
3174 4089 3279 4144 sed
3328 4089 3420 4145 vel
3454 4088 3730 4159 posterius,
3754 4080 3810 4134 vel

2239 4177 2853 4251 priusquamidipsum
2874 4191 3110 4233 nomen.
3138 4176 3262 4232 Non
3278 4178 3439 4232 enim
3456 4180 3563 4233 erit
3586 4175 3809 4248 proprium

2239 4270 2393 4343 quod
2430 4267 2685 4340 positum
2706 4270 2795 4322 est
2815 4282 2945 4322 esse
2965 4264 3269 4337 proprium
3301 4272 3404 4321 aut
3428 4281 3724 4338 nunquam,
3750 4263 3813 4313 aut

2240 4375 2354 4413 non
2386 4361 2708 4425 semper,ut
2737 4355 3018 4427 quoniam
3050 4354 3339 4427 contingit
3362 4355 3537 4411 alicui
3562 4351 3811 4427 priusfore.

2240 4453 2297 4503 et
2327 4446 2619 4519 posterius
2646 4444 2946 4501 ambulare
2968 4462 3068 4516 per
3090 4445 3282 4500 forum
3304 4463 3484 4517 quam
3510 4444 3652 4517 quod
3673 4442 3810 4500 homo,

481 4541 592 4596 erit
622 4541 882 4597 hominis
906 4542 1208 4612 proprium
1238 4541 1459 4596 animal
1485 4541 1809 4614 disciplinae
1842 4544 2133 4615 suseepti-
2162 4531 2208 4594 D
2241 4553 2353 4592 non
2370 4535 2481 4591 erit
2503 4533 2805 4590 ambulare
2827 4550 2930 4606 per
2954 4534 3143 4589 forum
3162 4534 3431 4590 hominis
3455 4531 3811 4615 ριόρΐὶυωιθιῆί

479 4645 639 4685 vum.
667 4632 767 4686 Est
789 4636 984 4686 autem
1004 4630 1170 4686 locus
1192 4630 1287 4685 hic
1304 4630 1626 4685 destruenti
1653 4631 1913 4701 quidem,
1938 4632 1988 4687 si
2012 4650 2126 4687 non

484 4719 554 4773 de
586 4736 699 4789 quo
734 4735 945 4774 nomen
976 4724 1033 4774 et
1051 4719 1233 4774 oratio
1252 4718 1600 4788 verificatur,
1635 4723 1691 4773 et
1707 4720 1755 4774 si
1776 4737 1891 4776 non
1922 4724 1994 4776 de
2015 4738 2131 4793 quo

483 4809 667 4863 oratio
697 4815 755 4863 et
787 4824 998 4863 nomen
1029 4808 1390 4864 veriﬁcatur.
1424 4808 1797 4864 Construenti
1830 4815 2049 4878 autem,
2074 4812 2121 4866 si

484 4896 554 4951 de
588 4913 701 4967 quo
720 4912 928 4951 nomen
963 4901 1019 4950 et
1047 4895 1598 4963 oratio,etsidequo
1626 4898 1814 4951 oratio
1837 4901 1892 4951 et
1916 4914 2124 4954 nomen

484 4987 856 5058 praedicatur.
909 4985 1129 5040 Deinde
1162 4984 1482 5039 destruenti
1530 4985 1792 5055 quidem,
1827 4985 1875 5040 si
1908 5003 2022 5042 non
2056 4989 2126 5044 de

483 5095 598 5149 quo
630 5078 814 5133 oratio
844 5082 901 5132 et
933 5090 1144 5130 nomen
1183 5073 1545 5143 verificatur,
1568 5078 1627 5129 et
1657 5074 1706 5129 si
1752 5092 1865 5130 non
1898 5075 1969 5130 de
2009 5093 2125 5148 quo

480 5185 692 5223 nomen
707 5171 763 5221 et
781 5164 965 5221 oratio
979 5164 1327 5219 veriﬁcatur.
1359 5168 1480 5218 Non
1505 5163 1662 5218 enim
1675 5164 2125 5236 eritproprium,

481 5258 632 5328 quod
654 5254 1008 5327 positumest
1034 5270 1163 5308 esse
1179 5252 1479 5323 proprium
1499 5252 1737 5322 ,utquia
1758 5253 1976 5308 animal
1993 5256 2126 5326 qui-

483 5348 615 5401 dem
669 5344 993 5415 disciplinae
1025 5341 1429 5412 susceptivum
1477 5341 1806 5396 veriﬁcalur
1852 5344 1922 5398 de
1968 5349 2123 5412 Deo;

481 5436 656 5491 homo
681 5439 871 5490 autem
893 5451 1008 5490 non
1044 5432 1412 5506 prmdicatur,
1442 5448 1551 5487 non
1584 5432 1693 5486 erit
1714 5432 1969 5487 hominis
1993 5450 2124 5503 pro-

479 5525 700 5597 prium,
725 5524 941 5580 animal
967 5522 1288 5592 disciplina:
1312 5520 1730 5592 susceptivum.
1756 5523 2125 5577 Construenti

481 5622 704 5685 autem,
737 5615 785 5671 si
819 5615 890 5671 de
923 5630 1037 5686 quo
1094 5612 1277 5667 oratio
1307 5615 1364 5667 et
1412 5626 1624 5667 nomen
1665 5609 2038 5683 praedicatur,
2070 5616 2128 5666 et

2239 4640 2541 4696 nunquam
2562 4628 2787 4678 autnon
2814 4638 3065 4694 semper.
3091 4623 3467 4678 Construenti
3502 4628 3696 4686 autem,
3723 4612 3813 4669 sisi-

2243 4714 2364 4770 mul
2388 4729 2455 4767 ex
2480 4713 2827 4768 necessitate
2846 4728 3081 4783 semper
3098 4712 3270 4777 inest,
3306 4727 3443 4766 cum
3469 4726 3645 4782 neque
3670 4700 3810 4760 termi'

2236 4820 2369 4873 nus,
2390 4819 2579 4874 neque
2604 4801 2932 4857 dilferentia
2954 4801 3047 4854 sit.
3075 4798 3198 4855 Erit
3219 4799 3374 4853 enim
3394 4785 3807 4871 proprium,quod

2236 4897 2488 4967 positum
2508 4892 2857 4949 estforsitan
2886 4908 2998 4945 non
3014 4906 3143 4946 esse
3164 4890 3563 4962 proprium,nt
3596 4877 3808 4957 quiaani-

2234 4987 2345 5039 mal
2377 4983 2699 5054 disciplima
2748 4980 3169 5052 susceptivum,
3219 4978 3398 5033 simul
3438 4996 3504 5032 ex
3545 4972 3806 5031 necessitatie

2235 5091 2460 5145 semper
2474 5077 2643 5137 est,et
2662 5073 2718 5125 id
2744 5072 2897 5142 quod
2921 5074 3009 5124 est
3032 5069 3227 5135 homo,
3252 5085 3385 5122 cum
3419 5082 3598 5137 neque
3613 5061 3807 5150 differen-

2234 5164 2315 5219 tia
2332 5163 2408 5217 sit
2439 5178 2543 5217 nec
2558 5160 2845 5216 terminus
2864 5159 2970 5213 erit
2992 5157 3189 5212 animal
3228 5155 3549 5227 disciplina
3588 5152 3804 5235 suscepti:

2235 5270 2365 5309 vum
2382 5250 2641 5308 hominis
2666 5249 2989 5321 proprium.
3008 5246 3227 5302 Deinde
3240 5244 3557 5300 destruenti
3571 5240 3806 5312 quidem1

2234 5343 2574 5399 eorumdem
2606 5339 2937 5411 quaeadem
2965 5341 3124 5406 sunt,
3144 5339 3358 5391 nonest
3382 5335 3528 5389 idem
3556 5324 3801 5401 preprium.

2233 5433 2360 5488 Non
2387 5432 2542 5487 enim
2572 5430 2682 5486 erit
2700 5428 3020 5500 preprium,
3041 5426 3196 5497 quod
3221 5424 3477 5496 positum
3499 5427 3702 5477 estesse
3716 5425 3799 5483 pro'

2236 5521 2526 5593 prium,ut
2542 5520 2679 5590 quia
2698 5534 2811 5573 non
2830 5520 2921 5571 est
2944 5514 3244 5587 proprium
3266 5506 3659 5598 prosequendi.
3676 5514 3799 5598 ei???

2234 5626 2361 5667 rere
2379 5608 2732 5680 quibusdam
2746 5606 3185 5676 bonum,neque
3202 5600 3456 5673 eligendi
3477 5596 3636 5655 fuerit
3656 5596 3799 5657 utique
