3982 6156
56 357 153 410 973

938 357 1356 411 TOPICORUM
1395 354 1867 408 ARISTOTELIS
1906 356 2220 409 INTERPR
2231 356 2508 412 ETATIO.

3323 356 3426 409 9Ἶὶ

56 501 117 540 ex
144 484 244 539 bis.
283 483 532 538 Primum
582 498 719 552 ergo
751 482 798 537 si
835 499 949 537 non
981 497 1085 552 per
1116 481 1308 553 priora
1340 485 1395 536 et
1446 482 1674 536 notiora
1704 480 1755 545 Α
1788 479 1901 534 alia
1927 481 2113 553 magis
2144 485 2299 548 nota,
2331 500 2462 537 nam
2496 483 2830 555 aprincipio
2852 484 3084 554 quidem
3106 482 3427 551 sensibilis,

52 572 276 628 confecit
293 571 863 627 deﬁnitionem.Nam
884 572 1171 626 terminus
1196 571 1528 641 assignatur
1547 571 1676 641 ejus

50 660 405 733 cognoscendi
420 660 609 731 gratia
622 661 775 732 quod
794 660 1310 731 diciturgcognosci
1324 676 1452 713 mus
1480 665 1674 713 autem

45 767 156 806 non
185 767 246 806 ex
263 748 637 820 quibuslibet,
658 750 756 803 sed
784 765 851 804 ex
880 749 1173 819 prioribus
1200 747 1675 817 potioribusque,

42 838 572 911 quemadmodumin
588 836 1296 907 demonstrationibus(sic
1312 836 1466 890 enim
1485 853 1569 891 οτι]
1585 836 1677 890 nis

42 928 291 984 doctrina
316 933 371 982 et
400 927 593 982 omnis
625 926 938 997 disciplina
970 942 1031 981 se
1054 926 1251 995 habet)
1272 925 1675 992 ;manil'estum

42 1018 213 1089 igitur
227 1018 367 1089 quod
384 1017 481 1087 qui
508 1033 621 1071 non
644 1032 744 1086 per
769 1014 1111 1084 huiusmodi
1137 1013 1421 1079 deﬁnivit,
1448 1030 1561 1067 non
1584 1015 1676 1068 de-

42 1107 221 1162 ﬁnivnt
242 1124 253 1174 ;
278 1106 321 1161 si
340 1105 495 1161 enim
520 1104 806 1172 deﬁnivit,
830 1103 1028 1175 plures
1049 1107 1221 1157 erunt
1243 1103 1507 1173 ejusdem
1533 1103 1674 1156 deﬁ-

41 1197 301 1251 nitiones.
330 1194 475 1251 Nam
513 1194 892 1250 manifestum
942 1193 1095 1263 quod
1130 1196 1187 1246 et
1218 1192 1318 1262 qui
1352 1208 1453 1262 per
1485 1190 1677 1262 priora

41 1304 109 1341 ac
141 1287 363 1353 notiora,
389 1285 603 1339 iterum
636 1283 846 1338 melius
879 1282 1162 1349 deﬁnivit,
1197 1298 1377 1352 quare
1415 1287 1676 1351 utraeque

41 1380 209 1431 erunt
235 1374 596 1430 deﬁnitiones
644 1372 933 1443 ejusdem.
964 1370 1101 1426 Tale
1141 1376 1335 1424 autem
1371 1386 1482 1424 non
1516 1370 1675 1424 vide—

41 1470 157 1534 tur,
182 1481 299 1519 nam
324 1463 641 1532 unicuique
662 1477 863 1516 eorum
888 1477 1017 1531 qua:
1045 1465 1203 1525 sunt,
1235 1476 1416 1514 unum
1440 1464 1529 1513 est
1551 1474 1677 1513 esse

42 1554 283 1625 ldipsum
314 1552 461 1623 quod
490 1557 606 1618 est;
626 1566 807 1622 quare
829 1549 877 1604 si
903 1548 1675 1620 plureseruntejusdemde-

42 1644 343 1711 ﬁnitiones,
365 1641 521 1696 idem
546 1640 656 1695 erit
676 1639 936 1693 definitio
957 1654 1107 1705 esse,
1142 1639 1296 1708 quod
1332 1638 1566 1707 quidem
1590 1652 1676 1691 se-

42 1734 287 1789 :undum
317 1737 624 1801 utramque
668 1729 1070 1785 deﬁnitionem
1102 1727 1472 1798 signiﬁcatur
1504 1744 1518 1793 ;
1553 1727 1675 1780 haec

42 1827 230 1879 iutem
261 1838 367 1876 non
402 1821 604 1875 eadem
638 1823 798 1883 sunt,
824 1835 889 1874 eo
912 1819 1066 1890 quod
1089 1817 1461 1871 deﬁnitiones
1492 1816 1675 1870 diver-

41 1931 133 1969 sae.
167 1912 528 1968 Manifestum
587 1911 771 1982 igitur
802 1909 1079 1981 quoniam
1114 1925 1224 1963 non
1260 1908 1543 1974 deﬁnivit,
1577 1905 1674 1976 qui

42 2019 150 2057 non
186 2018 279 2072 per
307 2001 495 2073 priora
525 2006 703 2070 atque
753 1999 981 2053 notiora
1037 1997 1321 2052 deﬁnivit.
1358 1995 1539 2066 Igitur
1580 2012 1679 2066 per

41 2108 149 2145 ιοη
186 2089 398 2145 notiora
419 2089 657 2159 quidem
692 2088 1010 2142 terminum
1044 2085 1180 2153 dici,
1232 2085 1545 2155 dupliciter
1592 2088 1681 2138 est

41 2180 306 2251 iccipere.
322 2181 433 2233 Aut
455 2178 609 2233 enim
626 2178 673 2232 si
695 2176 1046 2248 simpliciter
1066 2191 1133 2229 ex
1152 2174 1561 2245 ignotioribus,
1582 2175 1682 2227 aut

54 2271 69 2323 i
102 2269 267 2324 nobis
287 2267 695 2340 ignotioribus,
720 2265 1008 2333 contingit
1031 2265 1188 2320 enim
1223 2269 1469 2334 utroque
1487 2263 1678 2317 modo.

41 2356 385 2425 simpliciter
413 2354 593 2426 igitur
617 2352 815 2408 notius
841 2352 993 2422 quod
1024 2352 1187 2422 prius
1218 2354 1308 2405 est
1341 2348 1680 2419 posteriore,

41 2454 85 2501 lt
124 2449 398 2517 punctum
431 2443 608 2507 linea,
639 2446 698 2497 et
731 2442 883 2495 linea
907 2440 1316 2510 superﬁcie,et
1338 2438 1680 2508 superﬁcies

43 2535 237 2600 olido,
258 2530 758 2602 quemadmodum
777 2534 834 2583 et
855 2529 1052 2583 unitas
1078 2525 1682 2597 numerozpriusenim

45 2631 70 2678 t
111 2621 459 2694 principium
479 2619 672 2675 omnis
699 2617 951 2685 numeri,
972 2615 1254 2672 similiter
1278 2620 1472 2670 autem
1499 2620 1555 2669 et
1577 2614 1689 2668 ele-

41 2717 292 2768 nentum
325 2709 567 2780 syllaba.
603 2708 784 2762 Nobis
820 2711 1015 2761 autem
1049 2721 1079 2759 e
1113 2720 1389 2759 converso
1422 2703 1689 2773 quando-

42 2817 145 2874 [οε
176 2799 382 2855 accidit
412 2813 547 2852 nam
582 2796 837 2850 maxime
865 2794 1119 2849 solidum
1147 2793 1336 2863 magis
1369 2792 1477 2847 sub
1509 2806 1686 2846 sensu

50 2890 187 2944 adit
220 2903 393 2959 quam
448 2886 814 2956 superﬁcies,
862 2883 1204 2953 superﬁcies
1255 2885 1445 2935 autem
1500 2879 1689 2950 magis

41 2994 214 3050 [nam
247 2976 417 3044 linea,
444 2975 596 3029 linea
627 2978 823 3028 autem
850 2974 1017 3041 signo
1044 2971 1229 3041 magis
1252 2987 1263 3023 :
1288 2986 1469 3039 quare
1495 2967 1690 3021 multi-

50 3068 179 3124 udo
212 3065 399 3134 magis
432 3062 771 3132 huiusmodi
801 3060 1121 3131 cognoscit,
1156 3077 1287 3114 nam
1325 3059 1424 3113 illa
1451 3058 1686 3127 quidem

41 3154 492 3229 luomodolibet,
526 3153 647 3207 haec
677 3156 871 3206 autem
906 3149 1110 3204 subtili
1142 3154 1198 3203 et
1238 3148 1482 3201 fecundo
1512 3145 1688 3200 intel-

1785 570 2260 626 instructioribus
2292 577 2483 626 autem
2521 572 2711 639 factis,
2750 577 2951 628 contra
2983 592 2996 641 ;
3033 590 3211 643 quare
3245 589 3431 643 neque

1785 659 1855 713 ad
1880 660 2151 714 eumdem
2178 676 2412 731 semper
2443 662 2512 716 ad
2538 664 2741 716 eadem
2765 660 3027 716 deﬁnitio
3052 660 3428 731 assignanda,

1784 747 1857 801 iis
1888 748 1986 819 qui
2022 765 2121 819 per
2151 765 2218 803 ea
2249 766 2375 819 quas
2406 750 2651 818 singulis
2681 751 3014 821 quibusque
3037 754 3177 804 sunt
3208 749 3435 804 notiora

1784 836 2184 892 deﬁnitionem
2202 840 2455 893 fatentur
2469 839 2663 910 assign
2675 840 2784 893 and
2795 855 2885 894 am
2901 838 3432 893 esse.Manifestum

1783 924 1963 994 igitur
1993 927 2142 996 quod
2170 942 2283 981 non
2306 926 2701 982 deﬁniendum
2732 944 2831 999 per
2861 944 2925 982 ea
2946 944 3070 996 quas
3094 925 3436 996 hujusmodi

1784 1019 1943 1083 sunt,
1977 1017 2078 1070 sed
2118 1032 2216 1086 per
2248 1016 2594 1087 simpliciter
2636 1018 2883 1082 notiora,
2938 1032 3070 1070 nam
3103 1015 3226 1070 solo
3260 1016 3432 1069 modo

1783 1104 1867 1157 sic
1900 1120 2015 1158 una
2036 1109 2092 1159 et
2123 1106 2321 1159 eadem
2352 1106 2613 1160 deﬁnitio
2636 1121 2868 1177 semper
2897 1106 3012 1159 ﬁet.
3046 1105 3315 1159 Fortasse
3335 1121 3435 1158 au-

1782 1198 1897 1247 tem
1933 1198 1989 1248 et
2021 1196 2174 1265 quod
2203 1194 2549 1266 simpliciter
2580 1200 2808 1266 notum,
2843 1213 2958 1250 non
3016 1199 3106 1250 est
3166 1195 3220 1249 id
3278 1194 3436 1264 quod

1782 1284 2058 1336 omnibus
2079 1285 2422 1353 notum,sed
2442 1285 2595 1354 quod
2616 1285 2759 1339 bene
2775 1283 3079 1354 dispositis
3097 1282 3389 1337 intellectu
3421 1300 3434 1349 ;

1782 1372 2281 1439 quemadmodum
2318 1380 2369 1426 et
2394 1372 2739 1443 simpliciter
2770 1371 3002 1427 salubre
3048 1371 3119 1426 iis
3161 1371 3257 1441 qui
3292 1371 3435 1424 bene

1782 1460 2052 1514 affectum
2073 1459 2516 1531 habentcorpus
2543 1465 2950 1532 ;oportetergo
2973 1461 3438 1531 unumquodque

1782 1547 1984 1601 talium
2003 1548 2315 1620 diligenter
2329 1550 2743 1621 pervestigare,
2760 1550 2843 1604 uti
2860 1554 3051 1604 autem
3071 1549 3437 1619 disputantes

1782 1637 1850 1690 ad
1886 1637 1939 1689 id
1975 1638 2125 1705 quod
2150 1639 2663 1709 expedit.Maxime
2695 1644 2891 1693 autem
2920 1638 3048 1692 sine
3072 1636 3439 1692 dissensione

1781 1725 2121 1793 interimere
2152 1728 2440 1799 contingit
2462 1727 2889 1792 deﬁnitionem,
2914 1726 2958 1781 si
2990 1742 3179 1796 neque
3202 1741 3267 1780 ex
3298 1724 3439 1778 sim-

1787 1813 2014 1885 pliciter
2040 1815 2583 1881 notioribus,neque
2601 1832 2667 1870 ex
2697 1815 2768 1870 iis
2794 1832 2922 1885 quae
2945 1812 3441 1884 nobis,'contingit

1788 1902 2188 1958 deﬁnitionem
2228 1905 2370 1959 ﬁerii
2406 1904 2569 1960 Unus
2602 1905 2782 1975 igitur
2814 1905 2976 1959 locus
3007 1909 3094 1959 est
3132 1904 3258 1973 ejus
3282 1902 3437 1973 quod

1785 2007 1898 2045 non
1925 2008 2024 2061 per
2049 1995 2456 2063 notiora,quod
2484 2010 2583 2064 per
2624 1992 2946 2065 posteriora
2974 1992 3165 2064 priora
3195 1992 3441 2057 indicat,

1786 2081 2284 2150 quemadmodum
2314 2082 2477 2153 prius
2510 2081 2965 2136 diximus.Alius
2991 2085 3208 2145 autem,
3239 2079 3288 2134 si
3312 2080 3439 2149 ejus

1786 2169 1938 2239 quod
1973 2176 2063 2224 est
2094 2170 2151 2224 in
2186 2171 2381 2242 quiete
2422 2175 2477 2225 et
2511 2169 2871 2237 deﬁnitione,
2915 2186 3015 2241 per
3046 2170 3439 2236 indeﬁnitum,

1786 2263 1842 2313 et
1874 2259 2026 2329 quod
2046 2260 2103 2313 in
2131 2265 2289 2315 motu
2315 2264 2404 2315 est
2426 2261 2727 2332 assignate
2748 2264 2834 2315 est
2866 2259 3053 2314 oratio
3078 2256 3441 2313 nobis.Prius

1788 2349 1942 2401 enim
1969 2353 2056 2403 est
2078 2354 2134 2403 et
2164 2350 2360 2405 notius
2406 2351 2561 2419 quod
2597 2365 2842 2404 manens
2884 2352 2992 2414 est,
3026 2352 3082 2403 et
3110 2348 3441 2413 deﬁnitum,

1788 2450 1854 2489 eo
1886 2437 2038 2507 quod
2065 2436 2434 2491 indeﬁnitum
2461 2439 2591 2492 etin
2618 2444 2777 2492 motu
2797 2439 3051 2509 est.Ejus
3070 2441 3264 2491 autem
3285 2436 3440 2508 quod

1791 2530 1878 2579 est
1907 2541 2020 2579 non
2051 2542 2119 2581 ex
2150 2527 2586 2596 prioribus,tres
2606 2531 2744 2581 sunt
2765 2526 2893 2582 loci.
2915 2527 3149 2581 Primus
3181 2526 3442 2598 quidem,

1792 2614 1841 2668 si
1869 2631 1966 2685 per
1987 2616 2322 2685 oppositum
2352 2616 2685 2687 oppositum
2710 2616 2992 2681 deﬁnivit,
3021 2620 3082 2669 ut
3115 2616 3161 2669 si
3196 2632 3297 2685 per
3318 2630 3441 2669 ma-

1797 2704 1943 2767 lum,
1976 2703 2217 2759 bonum.
2250 2704 2434 2758 Simul
2467 2705 2623 2759 enim
2650 2709 2861 2759 natura
2891 2703 3181 2775 opposita,
3216 2707 3271 2758 et
3302 2720 3443 2757 non-

1794 2792 1974 2847 nullis
1995 2794 2170 2848 etiam
2221 2794 2419 2847 eadem
2456 2793 2767 2864 disciplina
2798 2798 3181 2864 utrorumque
3214 2793 3445 2847 videtur

1794 2885 1956 2953 esse};
1978 2900 2157 2953 quare
2173 2900 2283 2938 non
2303 2885 2498 2939 notius
2514 2884 2757 2938 alterum
2783 2884 3229 2954 altero.0portet
3246 2888 3442 2937 autem

1797 2989 1910 3025 non
1940 2971 2115 3026 latere
2138 2974 2405 3043 quaedam
2434 2973 2677 3027 fortasse
2697 2972 3102 3026 aliterdeﬁniri
3120 2988 3232 3026 non
3250 2987 3444 3043 posse,

1797 3066 1861 3115 ut
1891 3061 2135 3130 duplum
2171 3061 2296 3115 sine
2326 3061 2589 3127 dimidio,
2639 3068 2692 3115 et
2723 3076 3083 3131 quaecunque
3113 3077 3213 3131 per
3259 3075 3319 3114 se
3376 3060 3447 3113 ad

1804 3148 2015 3218 aliquid
2034 3149 2340 3204 dicuntur:
2367 3166 2499 3203 nam
2527 3150 2803 3204 omnibus
2828 3149 3271 3219 hujusmodiest
3294 3148 3445 3202 idem

43 3207 191 3302 lectu
208 3207 701 3313 comprehendere
723 3243 949 3310 oportet
976 3255 989 3303 ;
1014 3235 1555 3307 simpliciterigitur
1576 3250 1689 3288 me-
1720 3207 1762 3273 Ο
1802 3207 1929 3292 esse
1952 3239 2000 3291 ei
2020 3239 2168 3307 quod
2195 3243 2281 3292 est
2300 3239 2368 3291 ad
2395 3239 2613 3307 aliquid
2639 3207 3093 3309 quodamumudo
3112 3253 3172 3292 se
3194 3238 3447 3303 habere;

48 3338 150 3389 ius
184 3349 285 3405 per
308 3331 520 3402 priora,
556 3328 882 3400 posteriora
916 3329 1135 3381 tentare
1162 3339 1530 3394 cognoscere,
1557 3338 1690 3376 nam

42 3423 227 3493 uagis
259 3419 642 3475 scientiﬁcum
677 3418 791 3472 tale
821 3420 927 3470 est.
962 3418 1177 3469 Verum
1221 3414 1290 3467 ad
1324 3429 1422 3467 eos
1456 3412 1553 3482 qui
1581 3412 1693 3464 im-

42 3516 306 3568 iotentes
324 3514 790 3577 suntcognocere
823 3521 922 3575 per
946 3504 1101 3571 talia,
1129 3502 1525 3557 necessarium
1551 3500 1697 3553 forte

41 3620 129 3658 ter
159 3617 234 3656 ea
264 3614 386 3670 qua!
408 3596 524 3651 illis
550 3594 782 3667 cognita
799 3598 941 3648 sunt
962 3592 1148 3646 facere
1172 3591 1527 3654 orationem;
1558 3592 1699 3643 sunt

42 3696 237 3747 .utem
270 3688 478 3743 talium
512 3684 886 3741 deﬁnitiones
919 3698 1043 3753 quae
1071 3690 1126 3735 et
1168 3680 1394 3751 puncti,
1426 3684 1479 3733 et
1508 3678 1696 3745 lineae,

50 3789 72 3836 t
112 3776 478 3850 superﬁciei,
512 3773 891 3830 omnesenim
928 3787 1027 3843 per
1047 3769 1369 3841 posteriora
1401 3767 1593 3838 priora
1615 3767 1697 3821 in-

42 3871 249 3925 licant
282 3884 295 3922 :
331 3881 467 3920 nam
501 3863 647 3918 illud
679 3861 919 3933 quidem
947 3859 1132 3927 lineas,
1165 3857 1337 3912 istam
1373 3861 1569 3911 autem
1602 3872 1701 3909 su-

42 3954 326 4021 »erﬁciei,
362 3954 511 4008 hanc
534 3966 667 4006 vero
718 3948 890 4005 solidi
949 3948 1092 4003 ﬁnes
1155 3947 1359 4000 dicunt
1399 3961 1542 3999 esse.
1576 3944 1699 3999 Non

41 4050 276 4119 lportet
306 4046 504 4098 autem
532 4040 712 4095 latere
743 4037 1025 4109 quoniam
1078 4035 1160 4091 sic
1208 4034 1555 4089 deﬁnientes
1586 4050 1701 4088 non

47 4131 330 4205 ontingit
360 4130 515 4202 quod
548 4129 690 4199 quid
716 4132 804 4182 est
836 4142 965 4181 esse
996 4123 1282 4188 deﬁnitio,
1311 4122 1568 4178 indicare
1591 4122 1705 4185 nisi

44 4223 348 4293 ontingat
376 4221 531 4275 idem
555 4217 724 4272 nobis
752 4216 947 4270 notius
970 4229 1120 4279 esse,
1146 4218 1203 4266 et
1225 4210 1575 4282 simpliciter
1604 4228 1703 4266 no-

42 4318 167 4379 ius,
206 4309 512 4380 siquidem
535 4310 765 4378 oportet
788 4321 890 4375 per
912 4319 1098 4374 genus
1120 4307 1178 4357 et
1208 4300 1575 4356 differentias
1608 4302 1705 4355 de-

42 4402 205 4457 inire
240 4413 379 4453 eum
411 4396 511 4467 qui
536 4396 682 4450 bene
714 4393 921 4449 deﬁnit
946 4410 957 4447 :
981 4391 1101 4445 haec
1134 4395 1327 4445 autem
1363 4389 1712 4460 simpliciter

42 4491 271 4548 notiora
301 4493 361 4542 et
389 4486 582 4558 priora
615 4489 756 4540 sunt
786 4482 1000 4553 specie,
1033 4479 1322 4535 interimit
1342 4480 1495 4533 enim
1523 4494 1710 4549 genus

1802 3343 1982 3396 quare
2015 3344 2128 3380 non
2162 3331 2250 3381 est
2281 3326 2559 3397 possibile
2592 3328 2719 3381 sine
2746 3328 2927 3382 altero
2951 3326 3199 3382 alterum
3232 3341 3448 3397 cogno-

1801 3430 1983 3480 scere,
2014 3432 2080 3470 eo
2113 3416 2265 3485 quod
2296 3415 2689 3470 necessarium
2717 3420 2808 3470 est
2831 3416 2886 3470 in
2920 3414 3164 3469 alterius
3191 3415 3451 3469 oratione

1801 3504 2095 3559 coassumi
2128 3508 2185 3559 et
2207 3504 2633 3575 alterum.Ergo
2657 3521 3007 3575 cognoscere
3029 3504 3262 3575 quidem
3288 3519 3454 3573 opor-

1803 3596 2238 3665 tethujusmodi
2255 3596 2565 3663 omnia,uti
2583 3601 2776 3651 autem
2794 3598 2878 3651 eis
2896 3597 2950 3651 in
2971 3595 3454 3651 bisutvidebitur

1803 3686 2090 3756 expedire.
2126 3685 2311 3752 Alius,
2345 3686 2391 3739 si
2416 3686 2613 3741 eodem
2635 3703 2778 3741 usus
2804 3690 2891 3740 est
2909 3686 2956 3739 ei
2978 3686 3124 3756 quod
3150 3684 3453 3739 deﬁnitur.

1804 3778 1966 3829 Latet
1988 3778 2206 3841 autem,
2228 3791 2360 3829 cum
2393 3791 2506 3829 non
2530 3775 2730 3829 eodem
2748 3775 2970 3829 deliniti
2997 3773 3230 3829 nomine
3246 3773 3455 3842 utitur,

1807 3863 1932 3917 utsi
1958 3862 2141 3917 solem
2165 3862 2391 3918 stellam
2416 3865 2473 3917 in
2503 3864 2593 3919 die
2619 3868 2993 3935 apparentem
3027 3863 3455 3927 deﬁnivit,nam

1807 3951 1909 4023 qui
1939 3952 2035 4005 die
2066 3952 2273 4021 utitur,
2298 3953 2418 4006 sole
2450 3953 2656 4019 utitur,
2689 3958 2746 4007 et
2778 3970 2881 4023 par
2906 3955 2994 4007 est
3033 3952 3099 4005 ad
3136 3950 3459 4023 deprehen-

1809 4040 2151 4096 dendatalia
2174 4057 2406 4096 sumere
2430 4058 2530 4111 pro
2575 4040 2811 4096 nomine
2841 4040 3185 4110 orationem,
3215 4045 3277 4094 ut
3301 4038 3457 4109 quod

1811 4129 1936 4184 dies
1969 4133 2076 4197 est,
2107 4128 2246 4184 solis
2272 4128 2411 4184 latio
2435 4146 2609 4200 super
2638 4134 2879 4184 terram:
2926 4146 3056 4183 nam
3095 4132 3236 4181 tunc
3269 4126 3457 4181 mani-

1813 4219 2021 4274 festum
2048 4218 2200 4288 quod
2234 4218 2333 4287 qui
2358 4218 2499 4272 solis
2538 4218 2813 4273 lationem
2858 4233 3035 4287 super
3059 4221 3268 4271 terram
3294 4213 3457 4280 dixit,

1815 4306 1995 4362 solem
2027 4307 2170 4361 dixit
2205 4323 2422 4377 ;quare
2446 4306 2633 4361 utitur
2663 4306 2803 4375 sole,
2838 4306 2935 4375 qui
2968 4306 3059 4360 die
3090 4304 3294 4359 utitur.
3316 4304 3461 4358 Rur-

1816 4412 1947 4450 sum
1977 4394 2025 4450 si
2056 4412 2122 4450 eo
2154 4396 2307 4466 quod
2342 4412 2371 4450 e
2421 4396 2647 4451 diverso
2693 4395 2995 4460 dividitur,
3019 4394 3076 4448 id
3110 4394 3265 4464 quod
3311 4409 3341 4447 e
3371 4391 3462 4447 di-

1816 4502 1980 4541 verso
2004 4485 2285 4540 dividitur
2314 4485 2597 4540 deﬁnivit.
2634 4484 2703 4540 Ut
2734 4485 2925 4555 impar
2953 4489 3061 4554 est,
3096 4484 3193 4554 qui
3241 4483 3465 4538 unitate

50 4588 73 4635 t
94 4573 939 4645 differentiaspeciem,quare
961 4570 1152 4641 priora
1176 4569 1295 4623 hare
1318 4568 1532 4639 specie.
1565 4568 1705 4622 Sunt

1823 4576 2008 4646 major
2038 4578 2127 4629 est
2158 4591 2317 4644 pare,
2342 4574 2520 4629 simul
2556 4576 2708 4629 enim
2742 4578 2971 4636 natura,
3006 4589 3135 4643 quin
3164 4589 3231 4627 ex
3262 4572 3465 4627 eodem

42 4675 239 4724 .utem
280 4666 532 4730 notiora,
564 4678 695 4717 nam
717 4659 909 4733 specie
936 4660 1169 4731 quidem
1197 4666 1331 4713 nota
1365 4672 1600 4712 necesse
1622 4665 1709 4712 est

42 4772 226 4827 ;enus
242 4759 304 4808 et
319 4752 681 4808 diﬁ'erentias
698 4746 1099 4820 cognosci;qui
1125 4746 1422 4800 hominem
1441 4745 1596 4799 enim
1618 4761 1708 4800 co-

41 4846 259 4913 ;nocit,
296 4849 358 4897 et
380 4840 598 4896 animal
623 4837 927 4911 gressibile
960 4835 1297 4907 cognoscit:
1332 4838 1391 4887 at
1419 4849 1632 4904 genere
1654 4838 1711 4889 et

42 4933 387 4988 iiﬁ‘erentia
402 4930 709 4997 notis,non
724 4941 958 4982 necesse
972 4924 1390 4994 estetspeciem
1418 4923 1708 4993 cognosci,

42 5038 220 5093 mare
242 5020 511 5091 ignotior
533 5016 773 5087 species.
806 5014 1099 5085 Amplius,
1122 5012 1239 5067 illis
1263 5012 1359 5082 qui
1385 5013 1709 5067 secundum

42 5112 344 5166 'eritatem
363 5106 689 5177 hujusmodi
709 5102 1077 5159 deﬁnitiones
1091 5101 1289 5156 dicunt
1302 5116 1431 5155 esse
1445 5117 1565 5171 quae
1580 5106 1715 5157 sunt

48 5219 86 5255 χ
116 5201 203 5255 iis
240 5215 384 5270 quae
411 5195 729 5265 unicuique
751 5196 891 5248 sunt
910 5197 1067 5259 nota,
1099 5191 1300 5261 plures
1326 5190 1589 5260 ejusdem
1614 5207 1711 5247 ac-

50 5290 169 5345 idit
194 5289 409 5344 dicere
442 5284 816 5341 deﬁnitiones
848 5298 996 5346 esse,
1023 5297 1157 5335 nam
1183 5279 1295 5334 alia
1322 5278 1474 5345 aliis,
1509 5286 1565 5335 et
1598 5298 1711 5336 non

42 5379 327 5433 mnibus
359 5376 566 5431 eodem
617 5371 908 5441 contingit
957 5368 1183 5424 notiora
1229 5383 1397 5435 esse;
1432 5384 1611 5439 quare
1645 5372 1711 5425 ad

42 5479 546 5539 unumquemque
577 5462 687 5517 erit
708 5459 969 5515 deﬁnitio
1001 5457 1375 5529 assignanda,
1404 5458 1450 5511 si
1477 5459 1713 5530 quidem

52 5576 85 5611 χ
110 5558 191 5612 iis
230 5573 379 5627 qua:
410 5550 664 5624 singulis
691 5548 1023 5620 quibusque
1055 5552 1195 5603 sunt
1218 5546 1465 5607 notiora,
1508 5549 1717 5604 deﬁni-

43 5650 262 5703 ionem
285 5649 523 5717 oportet
540 5637 1024 5709 facere.Amplius
1038 5635 1259 5692 eisdem
1275 5635 1720 5720 aliainterdum,

1818 4679 2027 4735 genere
2074 4680 2104 4717 e
2135 4662 2366 4717 diverso
2415 4662 2777 4729 dividuntur,
2815 4664 3006 4734 impar
3045 4666 3238 4717 autem
3283 4666 3337 4716 et
3370 4676 3477 4732 par

1819 4769 1849 4808 e
1882 4752 2108 4807 diverso
2133 4751 2500 4817 dividuntur,
2518 4769 2650 4807 nam
2677 4753 2849 4807 ambo
2874 4752 3096 4806 numeri
3123 4750 3479 4805 differentias.

1821 4840 2104 4896 Similiter
2135 4845 2331 4895 autem
2365 4840 2484 4895 etsi
2515 4857 2614 4912 per
2636 4840 2930 4909 inferiora,
2956 4839 3256 4913 superiora
3279 4838 3478 4893 deﬁni-

1822 4934 2006 4989 vit.Ut
2038 4949 2231 5002 parem
2273 4950 2612 4999 numerum,
2640 4934 2739 5005 qui
2791 4932 3061 5005 bipartite
3092 4939 3348 5001 secatur,
3381 4935 3482 4987 aut

1824 5026 2040 5078 bonum
2068 5024 2331 5077 habitum
2366 5024 2764 5078 virtutisznam
2792 5027 2844 5077 et
2880 5022 3152 5093 bipartite
3176 5027 3479 5093 sumptum

1824 5119 1911 5168 est
1943 5130 1974 5167 a
2006 5112 2237 5167 duobus
2269 5129 2395 5183 quae
2420 5113 2582 5184 paria
2605 5116 2762 5178 sunt,
2796 5116 2853 5166 et
2878 5111 3061 5167 virtus
3086 5112 3302 5166 bonum
3327 5110 3480 5179 quod

1827 5203 1960 5257 dam
1996 5206 2107 5263 est,
2151 5217 2335 5271 quare
2386 5202 2660 5257 inferiora
2691 5201 2810 5255 hmo
2845 5216 3019 5271 quam
3057 5200 3155 5255 illa
3193 5205 3349 5254 sunt.
3385 5198 3487 5251 Est

1827 5295 2021 5346 autem
2058 5306 2291 5345 necesse
2314 5307 2442 5345 eum
2497 5291 2593 5361 qui
2632 5289 3005 5344 inferioribus
3044 5291 3243 5355 utitur,
3280 5292 3337 5342 et
3364 5284 3485 5340 illis

1830 5380 1909 5435 uti
1948 5396 1960 5432 :
1996 5396 2128 5433 nam
2158 5384 2214 5433 et
2238 5380 2336 5450 qui
2360 5381 2577 5435 virtute
2603 5380 2814 5447 utitur,
2837 5380 2986 5433 bono
3014 5379 3292 5443 utitur,eo
3321 5373 3482 5447 quod

1829 5471 2047 5524 bonum
2073 5469 2368 5539 quoddam
2386 5470 2590 5535 virtus,
2614 5456 3095 5524 Similiterautem
3112 5464 3483 5537 etquibipar-

1828 5558 1934 5612 tite
1968 5556 2172 5621 utitur,
2199 5561 2255 5611 et
2288 5574 2422 5628 pars
2454 5557 2656 5625 utitur,
2709 5572 2775 5611 eo
2826 5558 2977 5627 quod
3014 5556 3072 5609 in
3131 5556 3247 5608 duo
3298 5548 3484 5607 secari

1830 5645 2125 5716 signiﬁcat
2156 5646 2426 5717 bipartite
2457 5648 2667 5713 secari,
2721 5646 2836 5700 duo
2887 5651 3083 5699 autem
3140 5642 3304 5713 paria
3324 5649 3486 5696 sunt.
