4022 6180
543 316 650 371 975

1838 314 1955 366 AN.
1996 311 2217 365 MANL.
2256 313 2414 367 BEV.
2454 315 2697 369 BOETII
3753 308 3836 363 9Ἳῦ

542 439 959 496 Universaliter
989 437 1172 509 igitur
1200 436 1469 505 dicendo,
1492 438 1751 491 unusest
1773 434 1936 491 locus
1960 451 2074 490 non
2100 451 2200 505 per
2231 438 2278 501 A
2310 436 2529 509 bipedi.
2564 440 2679 492 Aut
2709 437 2757 493 si
2790 440 2876 492 est
2896 437 3132 509 quidem
3156 453 3186 493 e
3214 435 3432 492 diverso
3463 434 3618 491 divisa
3640 434 3837 490 differen-

541 530 737 601 priora
766 536 823 583 et
853 527 1080 581 notiora
1114 527 1320 580 fecisse
1354 524 1705 589 orationem,
1756 530 1947 595 partes
1997 533 2192 578 autem

540 621 668 687 ejus
697 634 764 672 ea
789 634 912 686 quae
935 615 1091 670 dicta
1112 615 1585 669 sunt.Secundus
1620 618 1840 679 autem,
1875 615 1921 669 si
1947 629 2039 667 res
2061 629 2197 667 cum

540 709 612 763 sit
628 724 741 761 non
759 704 1065 776 poniturin
1083 705 1467 775 genere.Nam
1484 706 1543 757 in
1560 702 2201 773 omnibushujusmodi

539 800 843 866 peccatum
861 794 1033 863 est,in
1060 796 1275 863 quibus
1292 810 1405 846 non
1430 792 1592 862 prius
1609 793 1845 862 ponitur
1864 792 1918 845 in
1935 791 2201 846 oratione

535 885 673 955 quid
708 889 816 950 est,
854 888 916 937 ut
947 882 1209 954 corporis
1240 882 1524 949 definitio,
1562 882 1717 952 quod
1750 881 1927 935 habet
1962 890 2077 935 tres
2108 881 2200 933 di-

541 974 895 1041 mensiones,
929 978 1031 1026 aut
1060 971 1105 1026 si
1131 972 1265 1042 quis
1285 971 1583 1025 hominem
1604 970 1892 1037 deﬁnivit,
1926 971 2080 1040 quod
2111 973 2201 1024 est

540 1061 730 1115 sciens
755 1075 1088 1122 numerare,
1122 1075 1235 1112 non
1261 1057 1418 1113 enim
1449 1059 1671 1111 dictum
1698 1064 1787 1112 est
1827 1058 1966 1127 quid
1992 1062 2080 1111 est
2102 1056 2201 1109 ha-

542 1150 679 1204 bere
701 1154 819 1203 tres
851 1147 1275 1212 dimensiones,
1299 1146 1381 1201 vel
1415 1147 1555 1217 quid
1590 1150 1679 1201 est
1720 1147 1831 1199 scit
1862 1161 2195 1200 numerare.

543 1238 740 1293 Genus
774 1243 969 1292 autem
1005 1238 1128 1290 vult
1160 1236 1298 1305 quid
1351 1242 1440 1289 est
1471 1234 1825 1304 signiﬁcare,
1857 1239 1915 1289 et
1944 1234 2198 1305 primum

542 1328 857 1398 apponitur
885 1343 1087 1381 eorum
1121 1342 1243 1396 quae
1274 1325 1331 1379 in
1362 1325 1699 1380 deﬁnitione
1731 1325 2027 1380 dicuntur.
2061 1327 2202 1378 Am—

542 1416 719 1487 plius,
742 1415 791 1470 si
811 1417 880 1471 ad
908 1414 1075 1486 plura
1098 1414 1475 1469 cumdioatur
1498 1415 1550 1467 id
1574 1415 1727 1485 quod
1749 1413 2047 1479 deﬁnitur,
2084 1430 2198 1467 non

541 1506 613 1560 ad
636 1505 836 1560 omnia
867 1502 1209 1574 assignavit,
1242 1509 1305 1557 ut
1336 1505 1381 1556 si
1412 1503 1861 1574 grammaticen,
1892 1502 2199 1557 scientiam

542 1594 835 1650 scribendi
870 1594 1023 1664 quod
1060 1594 1375 1663 profertur,
1428 1610 1563 1647 nam
1598 1592 1819 1663 indiget
1848 1601 1903 1648 et
1930 1592 2084 1663 quod
2118 1592 2199 1646 le-

541 1683 737 1753 gendi,
768 1682 951 1736 nihilo
998 1682 1157 1736 enim
1196 1682 1389 1752 magis
1423 1681 1716 1737 scribendi
1743 1698 1921 1752 quam
1968 1679 2197 1752 legendi

2306 528 2414 593 tia,
2449 544 2564 583 non
2597 528 2928 583 veriﬁcatur
2956 533 3153 582 autem
3186 527 3255 581 de
3298 540 3515 598 genere.
3542 525 3663 580 Nam
3688 525 3845 589 sinon,

2308 615 2690 671 manifestum
2710 616 2985 686 quoniam
3014 620 3219 671 neutra
3238 615 3351 670 erit
3364 617 3574 687 generis
3587 612 3847 679 differentia,

2307 721 2513 761 omnes
2540 707 2693 761 enim
2728 723 2854 776 quae
2886 723 2917 761 e
2947 707 3178 761 diverso
3211 706 3535 760 dividuntur
3578 703 3847 766 differentis,

2307 793 2681 849 veriﬁeantur
2712 795 2782 849 de
2816 795 3048 865 proprio
3079 810 3310 865 genere.
3342 793 3603 848 Similiter
3628 797 3781 846 autem
3817 797 3853 844 et

2306 884 2356 937 si
2388 884 2725 938 veriﬁcatur
2756 885 3017 954 quidem,
3038 888 3095 937 at
3135 900 3248 938 non
3280 882 3417 937 facit
3438 882 3677 951 apposita
3700 878 3854 950 generi,

2306 972 2583 1041 speciem.
2618 972 2761 1026 Nam
2802 973 3206 1038 manifestum,
3231 971 3381 1042 quod
3410 987 3516 1025 non
3536 970 3635 1024 erit
3656 969 3756 1023 hac
3772 985 3857 1036 spe-

2305 1062 2471 1116 ciﬁca
2491 1062 2821 1117 differentia
2843 1062 3093 1133 generis,
3116 1079 3251 1117 nam
3282 1062 3470 1117 omnis
3491 1059 3724 1130 specifica
3741 1058 3856 1112 diffe-

2308 1151 2495 1205 rentia
2524 1168 2656 1205 cum
2691 1167 2903 1221 genere
2922 1152 3177 1223 speciem
3208 1152 3382 1217 facit,
3406 1151 3647 1205 siautem
3676 1148 3857 1202 hacnon

2306 1244 2397 1294 est
2431 1239 2779 1305 differentia,
2844 1257 2948 1295 nec
2981 1257 3108 1310 quae
3141 1240 3299 1294 dicta
3328 1245 3436 1304 est,
3469 1238 3591 1307 quia
3620 1236 3723 1291 haec
3762 1235 3861 1289 edi-

2306 1344 2470 1383 verso
2498 1328 2798 1383 dividitur.
2817 1330 3111 1399 Amplius,
3128 1330 3174 1382 si
3195 1329 3498 1400 negatione
3510 1326 3860 1395 dividatgenus,

2307 1422 2371 1470 ut
2401 1416 2727 1488 quilineam
2753 1417 3476 1486 deﬁniuntlongitudinem
3498 1416 3613 1471 sine
3632 1412 3862 1469 latitudine

2307 1521 2437 1560 esse
2452 1522 2608 1560 :nam
2629 1505 2771 1559 nihil
2789 1506 2946 1561 aliud
2963 1506 3275 1574 significat,
3293 1506 3419 1561 sine
3434 1504 3859 1572 latitudine,quam

2307 1594 2460 1665 quod
2502 1611 2616 1648 non
2641 1594 2821 1649 habet
2850 1594 3221 1650 latitudinem
3256 1612 3269 1650 :
3314 1594 3535 1650 accidet
3565 1592 3717 1665 igitur
3740 1604 3865 1662 genus

2310 1682 2658 1752 participare
2677 1684 2954 1753 speciem.
2978 1683 3123 1738 Nam
3149 1682 3341 1738 omnis
3363 1682 3648 1754 longitudo
3666 1677 3866 1734 sinelati-

545 1771 916 1842 assignatqui
936 1770 1355 1833 deﬁnit.0uare
1380 1786 1497 1825 non
1521 1771 1802 1839 alius,sed
1828 1770 1928 1841 qui
1955 1775 2203 1839 utraque
2236 1795 2278 1859 Β
2312 1771 2517 1826 tudine
2545 1775 2645 1825 aut
2675 1771 3046 1826 latitudinem
3094 1771 3320 1828 habens
3367 1777 3478 1836 est,
3508 1769 3635 1843 quia
3664 1769 3721 1823 de
3758 1766 3864 1821 omni

552 1861 669 1915 haec
701 1860 865 1928 dicit,
911 1876 978 1914 eo
1038 1860 1193 1931 quod
1231 1859 1433 1930 plures
1468 1876 1581 1913 non
1615 1858 1905 1930 contingit
1937 1858 2201 1928 ejusdem

549 1949 923 2003 deﬁnitiones
954 1965 1106 2017 esse,
1126 1948 1182 2001 in
1210 1949 1563 2019 quibusdam
1596 1948 1851 2018 profecto
1875 1946 2202 2002 secundum

549 2038 854 2092 veritatem
870 2054 931 2092 se
946 2037 1144 2103 habet,
1164 2042 1225 2091 ut
1256 2039 1476 2091 dictum
1501 2042 1609 2102 est,
1644 2036 1701 2089 in
1727 2036 2086 2106 quibusdam
2109 2049 2206 2088 au-

550 2133 667 2182 tem
703 2144 840 2193 non,
866 2127 1007 2181 utin
1038 2127 1493 2197 quibuscunque
1529 2140 1640 2179 non
1663 2142 1763 2195 per
1793 2140 1854 2179 se
1882 2123 2099 2178 dicitur
2130 2123 2201 2177 ad

549 2221 894 2286 utrumque,
930 2220 994 2269 ut
1027 2214 1403 2282 medicinam,
1441 2213 1772 2279 scientiam,
1806 2213 2117 2267 sanitatem
2149 2216 2206 2266 et

549 2305 955 2375 aegritudinem
978 2304 1268 2358 efficiendi
1298 2320 1310 2357 :
1340 2319 1470 2357 nam
1520 2303 1590 2356 de
1614 2303 1711 2355 illa
1746 2302 1979 2371 quidem
2014 2317 2114 2371 per
2141 2316 2203 2354 se

552 2394 787 2462 dicitur,
807 2396 876 2448 de
900 2395 1005 2447 hac
1020 2397 1212 2447 autem
1237 2408 1335 2462 per
1357 2392 1650 2459 accidens,
1676 2390 2025 2461 simpliciter
2042 2389 2200 2444 enim

551 2483 809 2538 alienum
842 2500 875 2536 a
932 2480 1224 2536 medicina
1273 2481 1683 2552 aegritudinem
1728 2480 1975 2534 efficere.
2010 2481 2201 2544 Quare

552 2572 698 2628 nihil
734 2571 919 2643 magis
950 2570 1215 2626 definivit
1263 2571 1360 2641 qui
1397 2570 1468 2624 ad
1505 2576 1819 2641 utrumque
1855 2571 2201 2641 assignavit,

550 2678 727 2732 quam
755 2661 855 2731 qui
874 2661 943 2714 ad
967 2660 1239 2729 alterum,
1264 2674 1460 2714 verum
1486 2659 1734 2714 fortasse
1755 2662 1811 2713 et
1832 2659 2113 2729 deterius,
2131 2678 2199 2716 eo

547 2753 700 2823 quod
734 2756 791 2806 et
833 2750 1188 2821 reliquorum
1242 2748 1492 2820 quilibet
1549 2754 1741 2820 potest
1786 2748 2197 2819 egritudinem

547 2840 800 2896 efﬁcere.
853 2838 1143 2909 Amplius,
1190 2839 1236 2893 si
1272 2854 1386 2893 non
1420 2838 1491 2891 ad
1522 2836 1891 2907 meliusised
1925 2837 1995 2891 ad
2030 2838 2197 2908 pejus

547 2930 896 3001 assignavit,
929 2946 1062 2983 cum
1088 2929 1210 2983 sint
1233 2927 1400 2999 plura
1422 2929 1491 2981 ad
1519 2944 1645 2999 quae
1668 2927 1887 2982 dicitur
1917 2927 2071 2997 quod
2097 2929 2196 2982 de-

548 3019 767 3073 finitur.
802 3018 947 3073 Nam
981 3018 1178 3072 omnis
1236 3016 1551 3087 disciplina
1591 3020 1648 3070 et
1679 3020 1961 3088 potestas,
1988 3016 2196 3086 optimi

548 3107 780 3162 videtur
804 3123 951 3161 esse.
986 3106 1242 3160 Rursum
1262 3106 1307 3160 si
1337 3121 1448 3159 non
1471 3106 1727 3175 positum
1751 3108 1840 3158 est
1870 3102 1928 3157 in
1964 3104 2196 3175 proprio

547 3211 757 3266 genere
778 3196 931 3264 quod
953 3196 1175 3248 dictum
1201 3199 1311 3261 est,
1335 3193 1825 3248 considerandum
1859 3210 1927 3247 ex
1950 3193 2021 3247 iis
2046 3195 2195 3265 (quae

548 3285 619 3338 ad
650 3300 860 3355 genera
891 3286 1050 3351 sunt)
1084 3283 1410 3348 elementis,
1463 3284 1961 3353 quemadmodum
1997 3288 2085 3337 est
2110 3283 2195 3337 di-

547 3378 705 3425 ctum
742 3372 924 3440 prius.
960 3371 1212 3425 Rursum
1249 3372 1296 3424 si
1331 3372 1666 3425 transiliens
1699 3372 1839 3425 dicit
1866 3388 2098 3441 genera,
2137 3377 2200 3426 ut

548 3459 644 3529 qui
671 3460 988 3529 justitiam,
1021 3459 1375 3529 aequalitatis
1420 3459 1688 3513 habitum
1721 3460 2073 3525 effectivum,
2108 3460 2194 3515 vel

549 3548 990 3604 distributivum
1027 3549 1198 3619 aequi,
1235 3566 1370 3603 nam
1396 3550 1651 3603 transilit
1687 3549 1811 3619 (qui
1845 3549 1931 3603 sie
1970 3549 2197 3619 deﬁnit)

554 3640 845 3692 virtutem.
867 3636 1677 3708 Relinquensigiturjustitizn
1697 3653 1905 3708 genus,
1925 3653 2036 3692 non
2056 3637 2198 3693 dicit

553 3728 691 3798 quid
723 3732 813 3781 est
843 3744 971 3781 esse
1002 3728 1158 3793 (nam
1187 3728 1525 3782 substantia
1548 3729 1867 3796 unicuique
1886 3732 1975 3781 est
2006 3730 2062 3780 in
2094 3744 2194 3799 ge-

549 3816 705 3884 nere)
728 3820 1051 3881 ;estautem
1075 3815 1349 3870 hoeidem
1370 3816 1419 3869 ei
1445 3816 1598 3887 quod
1623 3819 1837 3869 estnon
1856 3816 1911 3868 in
1931 3816 2193 3885 proximo

544 3920 755 3975 genere
790 3921 1020 3974 ponere.
1057 3910 1200 3959 Nam
1236 3906 1332 3975 qui
1373 3905 1429 3958 in
1466 3907 1726 3974 proximo
1754 3906 1969 3974 posuit,
1994 3908 2192 3961 omnia

544 4010 611 4047 su
624 3993 870 4064 perioria
887 3992 1053 4057 dixit,
1073 4010 1138 4047 eo
1163 3994 1314 4063 quod
1342 3994 1538 4047 omnia
1558 3994 1859 4064 superiora
1879 4010 2094 4063 genera
2117 3996 2188 4051 de

544 4082 918 4138 inferioribus
951 4084 1360 4153 praedicantur.
1388 4086 1574 4147 Quare
1596 4089 1697 4137 aut
1718 4082 1774 4137 in
1811 4083 2073 4153 proximo
2098 4100 2187 4153 ge-

544 4189 676 4227 nere
692 4173 1018 4244 ponendum
1035 4176 1334 4226 automies
1348 4172 1705 4226 differentias
1719 4173 2002 4241 superiori
2020 4189 2186 4243 gene-

543 4263 591 4317 ri
607 4262 928 4316 addendum
961 4278 1058 4330 per
1081 4278 1227 4331 quas
1250 4261 1529 4315 deﬁnitur
1551 4263 1876 4331 proximum
1892 4262 2189 4331 genus,sie

542 4352 698 4405 enim
716 4349 979 4405 eritnihil
998 4350 1587 4420 praetermissum,sed
1606 4368 1706 4421 pro
1722 4350 2042 4415 nomine,in
2056 4367 2187 4405 ora-

538 4438 693 4491 tione
709 4439 930 4492 dictum
948 4439 1313 4494 eritinf‘erius
1330 4440 1794 4510 genusgquivero
1809 4439 2003 4509 ipsum
2019 4456 2186 4509 supe-

2311 1859 2625 1915 affirmatio
2650 1859 2738 1914 vel
2774 1862 3004 1931 negatio
3039 1877 3172 1917 vera
3206 1860 3291 1928 fit,
3330 1877 3508 1932 quare
3560 1873 3718 1930 genus
3756 1855 3864 1909 linea

2311 1965 2441 2002 eum
2478 1948 2783 2019 longitudo
2810 1951 2908 2015 sit,
2961 1951 3091 2005 sine
3122 1950 3433 2005 latitudine
3457 1953 3553 2005 aut
3581 1947 3863 2002 latitudinem

2311 2037 2536 2092 habens
2569 2038 2797 2093 eritzat
2821 2037 3131 2109 longitudo
3154 2039 3281 2094 sine
3314 2038 3612 2094 latitudine
3628 2032 3797 2105 speciei
3813 2033 3868 2085 est

2311 2128 2479 2190 ratio,
2505 2126 2778 2182 similiter
2800 2132 2991 2182 autem
3018 2132 3075 2182 et
3104 2128 3405 2197 longitudo
3442 2125 3769 2182 latitudinem
3805 2120 3865 2173 ha-

2310 2215 2478 2282 bens,
2513 2232 2645 2271 nam
2683 2216 2810 2270 sine
2842 2216 3172 2283 latitudine,
3207 2221 3265 2270 et
3313 2214 3665 2271 latitudinem
3697 2211 3865 2271 habens,

2308 2305 2650 2360 differentiae
2683 2309 2822 2360 sunt
2854 2322 2866 2359 :
2898 2320 2966 2358 ex
2996 2304 3324 2360 differentia
3349 2309 3536 2359 autem
3560 2308 3613 2359 et
3638 2300 3867 2367 genereest

2308 2394 2521 2465 speciei
2555 2396 2761 2461 oratio,
2798 2410 2975 2465 quare
2997 2410 3184 2465 genus
3206 2394 3492 2465 suscipiet
3511 2391 3698 2464 speciei
3722 2384 3868 2443 oratio-

2310 2499 2465 2536 nem.
2500 2483 2771 2538 Similiter
2800 2488 2994 2537 autem
3019 2488 3075 2537 et
3097 2483 3462 2549 differentiae,
3496 2497 3557 2537 eo
3586 2478 3719 2552 quod
3746 2475 3869 2530 altera

2306 2571 2598 2626 dictarum
2631 2572 3091 2627 differentiarum
3126 2590 3195 2627 ex
3240 2571 3581 2629 necessilate
3611 2566 3869 2640 praedicatur

2305 2665 2372 2716 de
2396 2678 2626 2733 genere.
2662 2663 2759 2717 Est
2788 2666 2987 2717 autem
3018 2663 3210 2717 dictus
3242 2662 3409 2718 locus
3434 2661 3588 2717 utilis
3612 2659 3673 2715 ad
3701 2673 3777 2712 eos
3803 2652 3867 2723 qui

2305 2756 2528 2819 ponunt
2560 2752 2722 2806 ideas
2751 2768 2903 2821 esse,
2940 2767 3073 2806 nam
3108 2752 3157 2806 si
3190 2768 3305 2807 non
3333 2756 3422 2807 est
3464 2751 3587 2823 ipsa
3623 2742 3867 2817 longitudo.

2304 2838 2555 2907 quodam
2581 2838 3188 2910 modofpraedicabitur
3211 2840 3281 2894 de
3303 2855 3514 2913 genere
3528 2837 3669 2911 quod
3684 2828 3870 2889 latitudi.

2305 2942 2436 2982 nem
2468 2925 2662 2991 habet,
2697 2934 2798 2981 aut
2830 2927 2958 2982 sine
2981 2926 3289 2982 latitudine
3306 2934 3400 2983 est
3424 2944 3437 2983 :
3461 2930 3672 2999 oportet
3688 2916 3866 2978 enimde

2304 3015 2462 3069 omni
2480 3013 2847 3085 longitudine
2862 3015 3110 3070 alterum
3130 3031 3332 3071 eorum
3350 3008 3863 3081 verifieari,siquidem

2309 3104 2379 3157 de
2401 3119 2611 3175 genere
2643 3105 2927 3159 veriﬁcari
2961 3105 3188 3160 debeat.
3215 3104 3336 3160 Hoc
3364 3111 3555 3161 autem
3578 3118 3679 3158 non
3700 3093 3862 3156 accidit.

2310 3198 2449 3247 sunt
2479 3198 2668 3248 autem
2689 3201 2743 3248 et
2763 3194 2889 3248 sine
2911 3193 3237 3261 latitudine,
3261 3203 3314 3249 et
3348 3194 3693 3249 latitudinem
3713 3187 3865 3241 haben-

2306 3285 2394 3337 tes
2419 3281 3025 3354 longitudines,quare
3046 3283 3116 3338 ad
3139 3282 3273 3338 illos
3295 3284 3455 3339 solos
3471 3281 3622 3338 utilis
3638 3279 3717 3335 hic
3739 3275 3866 3329 locus.

2308 3372 2647 3442 quicunque
2671 3388 2860 3443 genus
2890 3388 3073 3426 unum
3108 3388 3355 3427 numero
3387 3374 3581 3427 dicunt
3632 3382 3758 3427 esse.
3798 3362 3867 3413 hoc

2307 3466 2498 3514 autem
2527 3460 2747 3515 faciunt
2772 3461 2872 3531 qui
2905 3461 3063 3515 ideas
3096 3465 3347 3531 ponunt.
3382 3461 3524 3516 Nam
3555 3446 3867 3531 ipsamlonfil'

2305 3548 2567 3601 tudinem
2603 3553 2658 3602 et
2681 3548 2874 3618 ipsum
2908 3547 3148 3613 animal,
3174 3564 3362 3618 genus
3412 3549 3604 3604 dicunt
3631 3558 3755 3600 esse.
3780 3538 3869 3593 For-

2305 3638 2462 3690 tasse
2491 3641 2686 3690 autem
2730 3636 2787 3690 in
2821 3635 3175 3706 quibusdam
3208 3637 3389 3692 etiam
3425 3632 3780 3692 necessarium
3815 3624 3871 3677 esi

2306 3725 2612 3793 negatione
2646 3725 2729 3779 uti
2762 3724 3159 3792 deﬁnientem,
3189 3730 3252 3779 ut
3281 3726 3338 3779 in
3368 3723 3869 3799 privationibusmam

2303 3831 2520 3870 caecum
2537 3817 2792 3887 estquod
2819 3832 2933 3871 non
2957 3815 3131 3871 habet
3152 3816 3372 3887 visum,
3393 3817 3619 3889 quando
3634 3816 3796 3869 natum
3814 3804 3871 3859 est

2306 3904 2533 3961 habere.
2565 3904 2757 3959 Differt
2774 3910 2965 3959 autem
2984 3905 3127 3959 nihil
3143 3906 3455 3977 negatione
3468 3905 3704 3960 dividere
3718 3908 3868 3970 genus,

2304 3998 2403 4047 aut
2419 3992 2757 4063 bujusmodi
2783 3993 3168 4049 afﬁrmatione
3182 4011 3214 4064 q
3227 4011 3299 4048 ua
3321 3996 3676 4065 negationem
3694 3992 3869 4042 necesse

2305 4087 2394 4135 est
2426 4081 2911 4151 ediversodividi,
2937 4087 3000 4136 ut
3020 4083 3067 4137 si
3092 4081 3546 4154 longitudinem,
3566 4081 3760 4137 habens
3778 4069 3868 4126 lati-

2300 4171 2565 4225 tudinem
2581 4171 3003 4235 deﬁnivit,nam
3026 4171 3276 4227 habente
3295 4172 3651 4228 latitudinem
3666 4184 3691 4222 e
3704 4165 3870 4220 diverso

2297 4258 2703 4314 dividiturnon
2720 4260 2943 4313 habens
2966 4258 3367 4331 latitudinem,
3388 4277 3573 4333 neque
3591 4254 3726 4312 aliud
3749 4246 3868 4321 quii-

2297 4362 2686 4417 quam;quare
2704 4348 3005 4417 negatione
3028 4364 3092 4401 ru
3104 4364 3264 4402 rsum
3282 4349 3751 4416 dividiturgenus.
3768 4341 3869 4426 Rur:

2298 4452 2426 4490 sum
2457 4436 2505 4489 si
2540 4437 2791 4507 speciem
2828 4440 2891 4491 ut
2920 4435 3309 4491 differentiam
3343 4435 3670 4508 assignavit,
3712 4433 3762 4484 ut
3800 4434 3867 4492 qm

535 4527 658 4580 rius
680 4542 864 4593 genus
887 4526 1046 4592 dicit,
1074 4543 1186 4581 non
1204 4528 1414 4583 dicitet
1440 4528 1689 4583 inferius
1709 4545 1914 4600 genus,
1934 4545 2061 4583 nam
2082 4528 2183 4598 qui
2215 4512 2260 4578 Ι)
2291 4524 2614 4579 convicium
2633 4524 2907 4595 injuriam
2928 4541 3060 4579 cum
3076 4524 3347 4581 irrisione
3365 4524 3758 4590 deﬁnivit,nam
3776 4511 3867 4600 irri:

534 4615 793 4687 plantam
809 4615 946 4669 dicit
961 4631 1071 4669 non
1087 4616 1229 4671 dicit
1242 4617 1835 4673 arboremltursumin
1853 4617 2194 4672 differentiis

534 4705 658 4764 sini
676 4704 1325 4771 literconsiderandum,
1341 4706 1460 4760 siet
1482 4705 1839 4759 differentias
1860 4706 2191 4776 dixitgene-

530 4793 775 4848 ris.Nam
795 4794 840 4847 si
858 4795 936 4847 rei
953 4810 1060 4847 non
1077 4793 1430 4863 specialibus
1444 4793 1703 4848 definivit
1717 4792 2191 4864 differentiis,aut

530 4882 767 4937 sietiam
783 4883 1020 4936 omnino
1040 4880 1260 4951 aliquid
1278 4881 1617 4948 hujusmodi
1634 4880 1943 4949 dixitquod
1965 4880 2186 4938 nullius

527 4972 817 5042 contingit
845 4970 1231 5025 differentiam
1251 4985 1377 5022 esse
1403 4967 1747 5038 (utanimal,
1773 4974 1873 5022 aut
1905 4969 2182 5025 substan-

2300 4614 2387 4667 sio
2419 4612 2633 4683 injuria
2665 4593 2929 4683 quaedam
2946 4618 3033 4667 est
3058 4632 3072 4681 ;
3102 4630 3281 4684 quare
3312 4631 3426 4671 non
3462 4608 3771 4669 differentia.
3796 4593 3865 4653 Sed

2299 4702 2623 4771 speciesest
2640 4701 2851 4756 irrisio.
2872 4701 3161 4772 Amplius,
3178 4702 3225 4756 si
3249 4719 3439 4774 genus
3472 4709 3533 4757 ut
3552 4689 3863 4757 differentiam

2297 4790 2463 4854 dixit,
2494 4794 2556 4844 ut
2586 4789 2858 4845 virtutem
2891 4789 3154 4845 habitum
3189 4791 3407 4847 bonum
3464 4790 3547 4847 vel
3577 4784 3861 4845 studiosum.

2296 4896 2431 4935 nam
2455 4881 2672 4935 bonum
2696 4883 2784 4933 est
2808 4894 2995 4950 genus
3018 4879 3266 4934 virtutis.
3289 4882 3368 4935 An
3395 4897 3506 4935 non
3529 4891 3697 4951 genus
3711 4866 3862 4927 estbO'

2295 4984 2461 5035 num,
2484 4969 2583 5024 sed
2610 4967 2934 5023 differentia
2952 4968 3040 5023 ?si
3059 4969 3295 5040 quidem
3311 4985 3513 5024 verum
3536 4959 3758 5035 estquod
3780 4964 3859 5008 non

2291 5059 2589 5123 contingat
2615 5058 2767 5113 idem
2801 5057 2859 5111 in
2892 5057 3123 5112 duobus
3153 5058 3462 5127 generibus
3493 5070 3615 5111 esse
3636 5066 3733 5107 non
3758 5055 3859 5098 con-

2287 5147 2614 5201 tinentibus
2646 5162 2706 5201 se
2729 5146 2978 5201 invicem
3017 5126 3174 5215 (nam
3207 5162 3396 5218 neque
3427 5150 3632 5201 bonum
3664 5126 3861 5224 contine!

2287 5234 2575 5298 habitum,
2604 5249 2792 5304 neque
2817 5235 3051 5291 habitus
3107 5236 3326 5289 bonum
3357 5252 3371 5291 :
3408 5251 3518 5289 non
3548 5231 3689 5288 enim
3716 5227 3857 5280 omnis

2284 5322 2520 5376 habitus
2554 5321 2796 5390 bonum,
2832 5340 3015 5393 neque
3048 5340 3222 5379 omne
3252 5324 3469 5379 bonum
3500 5316 3750 5383 habitus).
3776 5316 3853 5361 οοη

2281 5414 2453 5465 erunt
2477 5411 2731 5479 profecto
2754 5427 2971 5482 genera
2991 5413 3183 5468 ambo.
3210 5413 3259 5467 Si
3285 5412 3463 5484 igitur
3483 5409 3701 5466 habitus
3718 5403 3853 5489 36110.9

2278 5497 2952 5572 estvirtutis,perspicuu
2965 5518 3018 5555 m
3035 5502 3254 5557 bonum
3278 5518 3390 5557 non
3409 5494 3703 5573 genus,sed
3718 5492 3855 5573 ωδειέ

2278 5570 2661 5645 differentiam
2680 5570 2829 5647 esse.
2851 5591 3144 5663 Amplius,
3168 5570 3650 5664 habitus—quidem
3670 5576 3782 5655 quid
3797 5570 3859 5626 est

524 5061 710 5129 tiam),
747 5059 1122 5114 manifestum
1155 5057 1434 5125 quoniam
1469 5074 1583 5110 non
1606 5056 1870 5111 definivit
1901 5074 1912 5109 :
1958 5056 2180 5114 nullius

526 5150 679 5205 enim
713 5147 1072 5211 differentia,
1106 5160 1232 5214 qua:
1256 5144 1407 5198 dicta
1439 5148 1601 5200 sunt.
1626 5144 1956 5199 Videndum
1981 5152 2177 5202 autem

526 5243 582 5293 et
612 5237 661 5291 si
690 5242 775 5291 est
804 5233 1022 5304 aliquid
1057 5233 1206 5301 quod
1240 5250 1268 5287 e
1300 5233 1528 5288 diverso
1556 5232 1838 5289 dividitur
1863 5235 2029 5289 dictae
2063 5237 2176 5291 dif-

523 5325 801 5381 f'erentiae.
836 5329 978 5379 Nam
1000 5321 1047 5375 si
1073 5337 1184 5375 non
1206 5327 1315 5387 est,
1344 5322 1713 5392 perspicuum
1741 5326 2021 5393 quoniam
2058 5342 2172 5381 non

522 5415 631 5470 erit
656 5433 781 5485 QUID
804 5415 957 5467 dicta
986 5415 1074 5466 est
1092 5411 1324 5481 generis
1349 5412 1697 5482 differentia,
1723 5430 1858 5467 nam
1885 5431 2057 5469 omne
2078 5430 2173 5485 ge-

524 5521 636 5558 nus
660 5504 728 5557 iis
751 5504 900 5573 (quae
931 5518 960 5556 e
985 5500 1213 5555 diverso
1249 5501 1611 5573 dividuntur)
1647 5501 1995 5557 differentiis
2024 5502 2169 5557 divi-

520 5593 698 5659 ditur,
733 5600 796 5645 ut
828 5590 1042 5645 animal
1072 5590 1453 5662 gressibili,et
1482 5591 1718 5657 volatili,
1752 5597 1808 5645 et
1838 5591 2166 5661 aquatili,et
