  <div class='ocr_page' id='page_1' title='image "/cluster/home/n/w/nwhite01/storage/ocr_20150623/64/hvd.32044073505125/494.png"; bbox 0 0 3982 6156; ppageno 0'>
   <div class='ocr_carea' id='block_1_1' title="bbox 218 242 336 296">
    <p class='ocr_par' dir='ltr' id='par_1_1' title="bbox 218 242 336 296">
     <span class='ocr_line' id='line_1_1' title="bbox 218 242 336 296; baseline -0.008 -1"><span class='ocrx_word' id='word_1_1' title='bbox 218 242 336 296; x_wconf 83' lang='lat'><strong>977</strong></span> 
     </span>
    </p>
   </div>
   <div class='ocr_carea' id='block_1_2' title="bbox 1153 245 2710 305">
    <p class='ocr_par' dir='ltr' id='par_1_2' title="bbox 1153 245 2710 305">
     <span class='ocr_line' id='line_1_2' title="bbox 1153 245 2710 305; baseline -0.001 -1"><span class='ocrx_word' id='word_1_2' title='bbox 1153 250 1566 305; x_wconf 79' lang='lat' dir='ltr'><strong>TOPICORUM</strong></span> <span class='ocrx_word' id='word_1_3' title='bbox 1607 246 2072 302; x_wconf 80' lang='lat' dir='ltr'><strong>ARISTOTELIS</strong></span> <span class='ocrx_word' id='word_1_4' title='bbox 2109 245 2710 303; x_wconf 79' lang='lat' dir='ltr'><strong>INTERPRETATIO.</strong></span> 
     </span>
    </p>
   </div>
   <div class='ocr_carea' id='block_1_3' title="bbox 3534 255 3640 309">
    <p class='ocr_par' dir='ltr' id='par_1_3' title="bbox 3534 255 3640 309">
     <span class='ocr_line' id='line_1_3' title="bbox 3534 255 3640 309; baseline 0.019 -3"><span class='ocrx_word' id='word_1_5' title='bbox 3534 255 3640 309; x_wconf 88' lang='lat'><strong>978</strong></span> 
     </span>
    </p>
   </div>
   <div class='ocr_carea' id='block_1_4' title="bbox 214 368 3640 450">
    <p class='ocr_par' dir='ltr' id='par_1_4' title="bbox 214 368 3640 450">
     <span class='ocr_line' id='line_1_4' title="bbox 214 368 3640 450; baseline 0.004 -28"><span class='ocrx_word' id='word_1_6' title='bbox 214 368 415 425; x_wconf 86' lang='lat' dir='ltr'><strong>virtus</strong></span> <span class='ocrx_word' id='word_1_7' title='bbox 446 369 765 441; x_wconf 92' lang='lat' dir='ltr'><strong>signiﬁcat,</strong></span> <span class='ocrx_word' id='word_1_8' title='bbox 801 371 1017 427; x_wconf 90' lang='lat' dir='ltr'><strong>bonum</strong></span> <span class='ocrx_word' id='word_1_9' title='bbox 1052 378 1247 427; x_wconf 90' lang='lat' dir='ltr'><strong>autem</strong></span> <span class='ocrx_word' id='word_1_10' title='bbox 1281 390 1395 427; x_wconf 91' lang='lat' dir='ltr'><strong>non</strong></span> <span class='ocrx_word' id='word_1_11' title='bbox 1428 372 1567 443; x_wconf 90' lang='lat' dir='ltr'><strong>quid</strong></span> <span class='ocrx_word' id='word_1_12' title='bbox 1626 375 1737 438; x_wconf 90' lang='lat' dir='ltr'><strong>est,</strong></span> <span class='ocrx_word' id='word_1_13' title='bbox 1771 369 1872 424; x_wconf 90' lang='lat' dir='ltr'><strong>sed</strong></span> <span class='ocrx_word' id='word_1_14' title='bbox 1905 372 1958 435; x_wconf 79' lang='grc' dir='ltr'><strong>Α</strong></span> <span class='ocrx_word' id='word_1_15' title='bbox 1990 369 2198 423; x_wconf 90' lang='lat' dir='ltr'><strong>vidunt</strong></span> <span class='ocrx_word' id='word_1_16' title='bbox 2216 370 3057 443; x_wconf 87' lang='lat' dir='ltr'><strong>animalincrepant,tanquam</strong></span> <span class='ocrx_word' id='word_1_17' title='bbox 3075 376 3640 450; x_wconf 86' lang='lat' dir='ltr'><strong>gressibilcetaqua-</strong></span> 
     </span>
    </p>
   </div>
   <div class='ocr_carea' id='block_1_5' title="bbox 216 458 1876 533">
    <p class='ocr_par' dir='ltr' id='par_1_5' title="bbox 216 458 1876 533">
     <span class='ocr_line' id='line_1_5' title="bbox 216 458 1876 533; baseline -0.001 -19"><span class='ocrx_word' id='word_1_18' title='bbox 216 458 396 530; x_wconf 88' lang='lat' dir='ltr'><strong>quale</strong></span> <span class='ocrx_word' id='word_1_19' title='bbox 428 460 565 530; x_wconf 89' lang='lat' dir='ltr'><strong>quid</strong></span> <span class='ocrx_word' id='word_1_20' title='bbox 589 467 697 526; x_wconf 88' lang='lat' dir='ltr'><strong>est,</strong></span> <span class='ocrx_word' id='word_1_21' title='bbox 724 462 955 516; x_wconf 89' lang='lat' dir='ltr'><strong>videtur</strong></span> <span class='ocrx_word' id='word_1_22' title='bbox 976 466 1168 518; x_wconf 88' lang='lat' dir='ltr'><strong>autem</strong></span> <span class='ocrx_word' id='word_1_23' title='bbox 1196 463 1523 518; x_wconf 84' lang='lat' dir='ltr'><strong>differentia</strong></span> <span class='ocrx_word' id='word_1_24' title='bbox 1540 460 1712 533; x_wconf 87' lang='lat' dir='ltr'><strong>quale</strong></span> <span class='ocrx_word' id='word_1_25' title='bbox 1737 460 1876 530; x_wconf 90' lang='lat' dir='ltr'><strong>quid</strong></span> 
     </span>
    </p>
   </div>
   <div class='ocr_carea' id='block_1_6' title="bbox 218 548 1876 620">
    <p class='ocr_par' dir='ltr' id='par_1_6' title="bbox 218 548 1876 620">
     <span class='ocr_line' id='line_1_6' title="bbox 218 548 1876 620; baseline 0 -18"><span class='ocrx_word' id='word_1_26' title='bbox 218 548 582 620; x_wconf 88' lang='lat' dir='ltr'><strong>signiﬁcare.</strong></span> <span class='ocrx_word' id='word_1_27' title='bbox 613 550 941 605; x_wconf 83' lang='lat' dir='ltr'><strong>Videndum</strong></span> <span class='ocrx_word' id='word_1_28' title='bbox 976 560 1161 607; x_wconf 83' lang='lat' dir='ltr'><strong>autem</strong></span> <span class='ocrx_word' id='word_1_29' title='bbox 1190 558 1247 607; x_wconf 89' lang='lat' dir='ltr'><strong>et</strong></span> <span class='ocrx_word' id='word_1_30' title='bbox 1276 552 1323 607; x_wconf 91' lang='lat' dir='ltr'><strong>si</strong></span> <span class='ocrx_word' id='word_1_31' title='bbox 1360 568 1474 606; x_wconf 89' lang='lat' dir='ltr'><strong>non</strong></span> <span class='ocrx_word' id='word_1_32' title='bbox 1506 549 1677 620; x_wconf 85' lang='lat' dir='ltr'><strong>quale</strong></span> <span class='ocrx_word' id='word_1_33' title='bbox 1711 548 1876 619; x_wconf 91' lang='lat' dir='ltr'><strong>quid,</strong></span> 
     </span>
    </p>
   </div>
   <div class='ocr_carea' id='block_1_7' title="bbox 216 638 1875 712">
    <p class='ocr_par' dir='ltr' id='par_1_7' title="bbox 216 638 1875 712">
     <span class='ocr_line' id='line_1_7' title="bbox 216 638 1875 712; baseline 0 -21"><span class='ocrx_word' id='word_1_34' title='bbox 216 639 327 692; x_wconf 89' lang='lat' dir='ltr'><strong>sed</strong></span> <span class='ocrx_word' id='word_1_35' title='bbox 350 638 542 709; x_wconf 89' lang='lat' dir='ltr'><strong>ipsum</strong></span> <span class='ocrx_word' id='word_1_36' title='bbox 571 639 707 709; x_wconf 91' lang='lat' dir='ltr'><strong>quid</strong></span> <span class='ocrx_word' id='word_1_37' title='bbox 738 640 1031 711; x_wconf 89' lang='lat' dir='ltr'><strong>signiﬁcat</strong></span> <span class='ocrx_word' id='word_1_38' title='bbox 1051 640 1349 712; x_wconf 82' lang='lat' dir='ltr'><strong>assignate</strong></span> <span class='ocrx_word' id='word_1_39' title='bbox 1368 638 1875 695; x_wconf 81' lang='lat' dir='ltr'><strong>dilferentia.Nam</strong></span> 
     </span>
    </p>
   </div>
   <div class='ocr_carea' id='block_1_8' title="bbox 213 726 1876 801">
    <p class='ocr_par' dir='ltr' id='par_1_8' title="bbox 213 726 1876 801">
     <span class='ocr_line' id='line_1_8' title="bbox 213 726 1876 801; baseline -0.001 -20"><span class='ocrx_word' id='word_1_40' title='bbox 213 726 458 781; x_wconf 80' lang='lat' dir='ltr'><strong>videtur</strong></span> <span class='ocrx_word' id='word_1_41' title='bbox 475 728 646 798; x_wconf 87' lang='lat' dir='ltr'><strong>quale</strong></span> <span class='ocrx_word' id='word_1_42' title='bbox 664 728 801 798; x_wconf 90' lang='lat' dir='ltr'><strong>quid</strong></span> <span class='ocrx_word' id='word_1_43' title='bbox 819 731 1013 785; x_wconf 90' lang='lat' dir='ltr'><strong>omnis</strong></span> <span class='ocrx_word' id='word_1_44' title='bbox 1028 730 1356 785; x_wconf 89' lang='lat' dir='ltr'><strong>differentia</strong></span> <span class='ocrx_word' id='word_1_45' title='bbox 1369 729 1876 801; x_wconf 84' lang='lat' dir='ltr'><strong>significare.Con-</strong></span> 
     </span>
    </p>
   </div>
   <div class='ocr_carea' id='block_1_9' title="bbox 216 816 1877 873">
    <p class='ocr_par' dir='ltr' id='par_1_9' title="bbox 216 816 1877 873">
     <span class='ocr_line' id='line_1_9' title="bbox 216 816 1877 873; baseline 0 -4"><span class='ocrx_word' id='word_1_46' title='bbox 216 816 609 870; x_wconf 89' lang='lat' dir='ltr'><strong>siderandum</strong></span> <span class='ocrx_word' id='word_1_47' title='bbox 642 822 837 872; x_wconf 87' lang='lat' dir='ltr'><strong>autem</strong></span> <span class='ocrx_word' id='word_1_48' title='bbox 871 823 927 872; x_wconf 89' lang='lat' dir='ltr'><strong>et</strong></span> <span class='ocrx_word' id='word_1_49' title='bbox 957 820 1003 872; x_wconf 90' lang='lat' dir='ltr'><strong>si</strong></span> <span class='ocrx_word' id='word_1_50' title='bbox 1049 819 1373 873; x_wconf 91' lang='lat' dir='ltr'><strong>secundum</strong></span> <span class='ocrx_word' id='word_1_51' title='bbox 1417 818 1690 873; x_wconf 89' lang='lat' dir='ltr'><strong>accidens</strong></span> <span class='ocrx_word' id='word_1_52' title='bbox 1723 817 1877 870; x_wconf 88' lang='lat' dir='ltr'><strong>inest</strong></span> 
     </span>
    </p>
   </div>
   <div class='ocr_carea' id='block_1_10' title="bbox 215 908 1873 965">
    <p class='ocr_par' dir='ltr' id='par_1_10' title="bbox 215 908 1873 965">
     <span class='ocr_line' id='line_1_10' title="bbox 215 908 1873 965; baseline -0.001 -4"><span class='ocrx_word' id='word_1_53' title='bbox 215 908 466 963; x_wconf 85' lang='lat' dir='ltr'><strong>definito</strong></span> <span class='ocrx_word' id='word_1_54' title='bbox 492 908 838 963; x_wconf 83' lang='lat' dir='ltr'><strong>differentia.</strong></span> <span class='ocrx_word' id='word_1_55' title='bbox 856 909 999 964; x_wconf 83' lang='lat' dir='ltr'><strong>Nam</strong></span> <span class='ocrx_word' id='word_1_56' title='bbox 1030 908 1191 964; x_wconf 92' lang='lat' dir='ltr'><strong>nulla</strong></span> <span class='ocrx_word' id='word_1_57' title='bbox 1211 909 1541 965; x_wconf 68' lang='lat' dir='ltr'><strong>differentia</strong></span> <span class='ocrx_word' id='word_1_58' title='bbox 1562 913 1650 963; x_wconf 90' lang='lat' dir='ltr'><strong>est</strong></span> <span class='ocrx_word' id='word_1_59' title='bbox 1671 922 1873 961; x_wconf 83' lang='lat' dir='ltr'><strong>eorum</strong></span> 
     </span>
    </p>
   </div>
   <div class='ocr_carea' id='block_1_11' title="bbox 215 998 1871 1068">
    <p class='ocr_par' dir='ltr' id='par_1_11' title="bbox 215 998 1871 1068">
     <span class='ocr_line' id='line_1_11' title="bbox 215 998 1871 1068; baseline -0.001 -18"><span class='ocrx_word' id='word_1_60' title='bbox 215 1012 351 1067; x_wconf 58' lang='lat' dir='ltr'><strong>quae</strong></span> <span class='ocrx_word' id='word_1_61' title='bbox 379 998 704 1053; x_wconf 83' lang='lat' dir='ltr'><strong>secundum</strong></span> <span class='ocrx_word' id='word_1_62' title='bbox 729 998 999 1052; x_wconf 84' lang='lat' dir='ltr'><strong>accidens</strong></span> <span class='ocrx_word' id='word_1_63' title='bbox 1028 999 1254 1063; x_wconf 78' lang='lat' dir='ltr'><strong>insunt,</strong></span> <span class='ocrx_word' id='word_1_64' title='bbox 1273 998 1427 1054; x_wconf 80' lang='lat' dir='ltr'><strong>sicut</strong></span> <span class='ocrx_word' id='word_1_65' title='bbox 1456 1014 1643 1068; x_wconf 90' lang='lat' dir='ltr'><strong>neque</strong></span> <span class='ocrx_word' id='word_1_66' title='bbox 1666 1012 1871 1065; x_wconf 82' lang='lat' dir='ltr'><strong>genus,</strong></span> 
     </span>
    </p>
   </div>
   <div class='ocr_carea' id='block_1_12' title="bbox 218 1085 1871 1156">
    <p class='ocr_par' dir='ltr' id='par_1_12' title="bbox 218 1085 1871 1156">
     <span class='ocr_line' id='line_1_12' title="bbox 218 1085 1871 1156; baseline -0.001 -16"><span class='ocrx_word' id='word_1_67' title='bbox 218 1101 341 1140; x_wconf 87' lang='lat' dir='ltr'><strong>non</strong></span> <span class='ocrx_word' id='word_1_68' title='bbox 366 1085 522 1140; x_wconf 91' lang='lat' dir='ltr'><strong>enim</strong></span> <span class='ocrx_word' id='word_1_69' title='bbox 550 1086 836 1156; x_wconf 71' lang='lat' dir='ltr'><strong>contingit</strong></span> <span class='ocrx_word' id='word_1_70' title='bbox 857 1088 1248 1142; x_wconf 86' lang='lat' dir='ltr'><strong>differentiam</strong></span> <span class='ocrx_word' id='word_1_71' title='bbox 1270 1088 1464 1143; x_wconf 90' lang='lat' dir='ltr'><strong>inesse</strong></span> <span class='ocrx_word' id='word_1_72' title='bbox 1486 1086 1661 1142; x_wconf 88' lang='lat' dir='ltr'><strong>alicui</strong></span> <span class='ocrx_word' id='word_1_73' title='bbox 1679 1090 1732 1140; x_wconf 88' lang='lat' dir='ltr'><strong>et</strong></span> <span class='ocrx_word' id='word_1_74' title='bbox 1756 1101 1871 1140; x_wconf 88' lang='lat' dir='ltr'><strong>non</strong></span> 
     </span>
    </p>
   </div>
   <div class='ocr_carea' id='block_1_13' title="bbox 216 1174 1871 1247">
    <p class='ocr_par' dir='ltr' id='par_1_13' title="bbox 216 1174 1871 1247">
     <span class='ocr_line' id='line_1_13' title="bbox 216 1174 1871 1247; baseline 0.001 -20"><span class='ocrx_word' id='word_1_75' title='bbox 216 1174 437 1229; x_wconf 88' lang='lat' dir='ltr'><strong>inesse.</strong></span> <span class='ocrx_word' id='word_1_76' title='bbox 461 1175 751 1245; x_wconf 86' lang='lat' dir='ltr'><strong>Amplius,</strong></span> <span class='ocrx_word' id='word_1_77' title='bbox 778 1176 824 1231; x_wconf 90' lang='lat' dir='ltr'><strong>si</strong></span> <span class='ocrx_word' id='word_1_78' title='bbox 856 1177 1206 1247; x_wconf 67' lang='lat' dir='ltr'><strong>praedicatur</strong></span> <span class='ocrx_word' id='word_1_79' title='bbox 1224 1178 1294 1232; x_wconf 90' lang='lat' dir='ltr'><strong>de</strong></span> <span class='ocrx_word' id='word_1_80' title='bbox 1315 1193 1525 1247; x_wconf 85' lang='lat' dir='ltr'><strong>genere</strong></span> <span class='ocrx_word' id='word_1_81' title='bbox 1546 1174 1871 1230; x_wconf 84' lang='lat' dir='ltr'><strong>differentia</strong></span> 
     </span>
    </p>
   </div>
   <div class='ocr_carea' id='block_1_14' title="bbox 212 1261 1871 1336">
    <p class='ocr_par' dir='ltr' id='par_1_14' title="bbox 212 1261 1871 1336">
     <span class='ocr_line' id='line_1_14' title="bbox 212 1261 1871 1336; baseline 0.001 -20"><span class='ocrx_word' id='word_1_82' title='bbox 212 1261 308 1317; x_wconf 87' lang='lat' dir='ltr'><strong>vel</strong></span> <span class='ocrx_word' id='word_1_83' title='bbox 338 1263 584 1331; x_wconf 87' lang='lat' dir='ltr'><strong>species,</strong></span> <span class='ocrx_word' id='word_1_84' title='bbox 610 1270 711 1318; x_wconf 89' lang='lat' dir='ltr'><strong>aut</strong></span> <span class='ocrx_word' id='word_1_85' title='bbox 734 1263 1079 1318; x_wconf 82' lang='lat' dir='ltr'><strong>inferiorum</strong></span> <span class='ocrx_word' id='word_1_86' title='bbox 1108 1264 1324 1334; x_wconf 87' lang='lat' dir='ltr'><strong>aliquid</strong></span> <span class='ocrx_word' id='word_1_87' title='bbox 1359 1264 1597 1336; x_wconf 87' lang='lat' dir='ltr'><strong>speciei,</strong></span> <span class='ocrx_word' id='word_1_88' title='bbox 1623 1280 1734 1318; x_wconf 93' lang='lat' dir='ltr'><strong>non</strong></span> <span class='ocrx_word' id='word_1_89' title='bbox 1760 1263 1871 1317; x_wconf 92' lang='lat' dir='ltr'><strong>erit</strong></span> 
     </span>
    </p>
   </div>
   <div class='ocr_carea' id='block_1_15' title="bbox 213 1351 1869 1424">
    <p class='ocr_par' dir='ltr' id='par_1_15' title="bbox 213 1351 1869 1424">
     <span class='ocr_line' id='line_1_15' title="bbox 213 1351 1869 1424; baseline -0.001 -19"><span class='ocrx_word' id='word_1_90' title='bbox 213 1351 683 1409; x_wconf 87' lang='lat' dir='ltr'><strong>deﬁniens.Nam</strong></span> <span class='ocrx_word' id='word_1_91' title='bbox 699 1352 929 1407; x_wconf 90' lang='lat' dir='ltr'><strong>nullum</strong></span> <span class='ocrx_word' id='word_1_92' title='bbox 945 1368 1081 1408; x_wconf 88' lang='lat' dir='ltr'><strong>eoru</strong></span> <span class='ocrx_word' id='word_1_93' title='bbox 1094 1369 1149 1408; x_wconf 92' lang='lat' dir='ltr'><strong>m</strong></span> <span class='ocrx_word' id='word_1_94' title='bbox 1165 1370 1197 1424; x_wconf 91' lang='lat' dir='ltr'><strong>q</strong></span> <span class='ocrx_word' id='word_1_95' title='bbox 1210 1370 1293 1408; x_wconf 68' lang='lat' dir='ltr'><strong>uae</strong></span> <span class='ocrx_word' id='word_1_96' title='bbox 1308 1354 1465 1409; x_wconf 90' lang='lat' dir='ltr'><strong>dicta</strong></span> <span class='ocrx_word' id='word_1_97' title='bbox 1483 1352 1869 1420; x_wconf 80' lang='lat' dir='ltr'><strong>sunl,contin-</strong></span> 
     </span>
    </p>
   </div>
   <div class='ocr_carea' id='block_1_16' title="bbox 213 1439 1863 1513">
    <p class='ocr_par' dir='ltr' id='par_1_16' title="bbox 213 1439 1863 1513">
     <span class='ocr_line' id='line_1_16' title="bbox 213 1439 1863 1513; baseline 0.001 -21"><span class='ocrx_word' id='word_1_98' title='bbox 213 1440 304 1511; x_wconf 85' lang='lat' dir='ltr'><strong>git</strong></span> <span class='ocrx_word' id='word_1_99' title='bbox 321 1439 391 1494; x_wconf 92' lang='lat' dir='ltr'><strong>de</strong></span> <span class='ocrx_word' id='word_1_100' title='bbox 413 1455 624 1511; x_wconf 87' lang='lat' dir='ltr'><strong>genere</strong></span> <span class='ocrx_word' id='word_1_101' title='bbox 646 1440 968 1510; x_wconf 72' lang='lat' dir='ltr'><strong>praadicari,</strong></span> <span class='ocrx_word' id='word_1_102' title='bbox 988 1457 1054 1495; x_wconf 91' lang='lat' dir='ltr'><strong>eo</strong></span> <span class='ocrx_word' id='word_1_103' title='bbox 1078 1442 1233 1511; x_wconf 90' lang='lat' dir='ltr'><strong>quod</strong></span> <span class='ocrx_word' id='word_1_104' title='bbox 1256 1457 1444 1513; x_wconf 90' lang='lat' dir='ltr'><strong>genus</strong></span> <span class='ocrx_word' id='word_1_105' title='bbox 1467 1442 1538 1496; x_wconf 90' lang='lat' dir='ltr'><strong>de</strong></span> <span class='ocrx_word' id='word_1_106' title='bbox 1563 1440 1863 1511; x_wconf 81' lang='lat' dir='ltr'><strong>quamplu-</strong></span> 
     </span>
    </p>
   </div>
   <div class='ocr_carea' id='block_1_17' title="bbox 213 1528 1868 1600">
    <p class='ocr_par' dir='ltr' id='par_1_17' title="bbox 213 1528 1868 1600">
     <span class='ocr_line' id='line_1_17' title="bbox 213 1528 1868 1600; baseline 0 -17"><span class='ocrx_word' id='word_1_107' title='bbox 213 1528 388 1583; x_wconf 87' lang='lat' dir='ltr'><strong>rimis</strong></span> <span class='ocrx_word' id='word_1_108' title='bbox 411 1529 671 1584; x_wconf 88' lang='lat' dir='ltr'><strong>omnium</strong></span> <span class='ocrx_word' id='word_1_109' title='bbox 699 1529 935 1584; x_wconf 88' lang='lat' dir='ltr'><strong>dicitur.</strong></span> <span class='ocrx_word' id='word_1_110' title='bbox 955 1531 1203 1585; x_wconf 81' lang='lat' dir='ltr'><strong>Rursum</strong></span> <span class='ocrx_word' id='word_1_111' title='bbox 1231 1531 1277 1585; x_wconf 92' lang='lat' dir='ltr'><strong>si</strong></span> <span class='ocrx_word' id='word_1_112' title='bbox 1313 1530 1663 1600; x_wconf 83' lang='lat' dir='ltr'><strong>praedicatur</strong></span> <span class='ocrx_word' id='word_1_113' title='bbox 1682 1545 1868 1599; x_wconf 90' lang='lat' dir='ltr'><strong>genus</strong></span> 
     </span>
    </p>
   </div>
   <div class='ocr_carea' id='block_1_18' title="bbox 219 1616 1865 1689">
    <p class='ocr_par' dir='ltr' id='par_1_18' title="bbox 219 1616 1865 1689">
     <span class='ocr_line' id='line_1_18' title="bbox 219 1616 1865 1689; baseline 0.001 -17"><span class='ocrx_word' id='word_1_114' title='bbox 219 1617 296 1673; x_wconf 88' lang='lat' dir='ltr'><strong>de</strong></span> <span class='ocrx_word' id='word_1_115' title='bbox 318 1616 665 1673; x_wconf 82' lang='lat' dir='ltr'><strong>differentia.</strong></span> <span class='ocrx_word' id='word_1_116' title='bbox 681 1618 824 1672; x_wconf 88' lang='lat' dir='ltr'><strong>Nam</strong></span> <span class='ocrx_word' id='word_1_117' title='bbox 848 1635 963 1673; x_wconf 83' lang='lat' dir='ltr'><strong>non</strong></span> <span class='ocrx_word' id='word_1_118' title='bbox 987 1621 1058 1673; x_wconf 89' lang='lat' dir='ltr'><strong>de</strong></span> <span class='ocrx_word' id='word_1_119' title='bbox 1076 1619 1427 1686; x_wconf 88' lang='lat' dir='ltr'><strong>differentia,</strong></span> <span class='ocrx_word' id='word_1_120' title='bbox 1443 1618 1540 1674; x_wconf 92' lang='lat' dir='ltr'><strong>sed</strong></span> <span class='ocrx_word' id='word_1_121' title='bbox 1562 1617 1865 1689; x_wconf 61' lang='lat' dir='ltr'><strong>dejquibus</strong></span> 
     </span>
    </p>
   </div>
   <div class='ocr_carea' id='block_1_19' title="bbox 1986 457 3640 533">
    <p class='ocr_par' dir='ltr' id='par_1_19' title="bbox 1986 457 3640 533">
     <span class='ocr_line' id='line_1_19' title="bbox 1986 457 3640 533; baseline 0.008 -22"><span class='ocrx_word' id='word_1_122' title='bbox 1986 457 2087 512; x_wconf 92' lang='lat' dir='ltr'><strong>tile</strong></span> <span class='ocrx_word' id='word_1_123' title='bbox 2122 457 2336 512; x_wconf 87' lang='lat' dir='ltr'><strong>alicubi</strong></span> <span class='ocrx_word' id='word_1_124' title='bbox 2372 459 2681 530; x_wconf 88' lang='lat' dir='ltr'><strong>signiﬁcet.</strong></span> <span class='ocrx_word' id='word_1_125' title='bbox 2715 464 2799 515; x_wconf 83' lang='lat' dir='ltr'><strong>An</strong></span> <span class='ocrx_word' id='word_1_126' title='bbox 2832 463 2889 516; x_wconf 90' lang='lat' dir='ltr'><strong>in</strong></span> <span class='ocrx_word' id='word_1_127' title='bbox 2934 464 3005 519; x_wconf 88' lang='lat' dir='ltr'><strong>iis</strong></span> <span class='ocrx_word' id='word_1_128' title='bbox 3038 464 3273 533; x_wconf 82' lang='lat' dir='ltr'><strong>quidem</strong></span> <span class='ocrx_word' id='word_1_129' title='bbox 3338 484 3453 521; x_wconf 83' lang='lat' dir='ltr'><strong>non</strong></span> <span class='ocrx_word' id='word_1_130' title='bbox 3486 473 3640 525; x_wconf 88' lang='lat' dir='ltr'><strong>recte</strong></span> 
     </span>
    </p>
   </div>
   <div class='ocr_carea' id='block_1_20' title="bbox 1988 547 3636 628">
    <p class='ocr_par' dir='ltr' id='par_1_20' title="bbox 1988 547 3636 628">
     <span class='ocr_line' id='line_1_20' title="bbox 1988 547 3636 628; baseline 0.007 -28"><span class='ocrx_word' id='word_1_131' title='bbox 1988 547 2338 617; x_wconf 83' lang='lat' dir='ltr'><strong>increpant?</strong></span> <span class='ocrx_word' id='word_1_132' title='bbox 2358 565 2469 602; x_wconf 90' lang='lat' dir='ltr'><strong>non</strong></span> <span class='ocrx_word' id='word_1_133' title='bbox 2491 550 2643 603; x_wconf 90' lang='lat' dir='ltr'><strong>enim</strong></span> <span class='ocrx_word' id='word_1_134' title='bbox 2668 549 2723 603; x_wconf 94' lang='lat' dir='ltr'><strong>in</strong></span> <span class='ocrx_word' id='word_1_135' title='bbox 2751 550 2970 622; x_wconf 90' lang='lat' dir='ltr'><strong>aliquo,</strong></span> <span class='ocrx_word' id='word_1_136' title='bbox 2998 569 3187 624; x_wconf 90' lang='lat' dir='ltr'><strong>neque</strong></span> <span class='ocrx_word' id='word_1_137' title='bbox 3211 554 3423 610; x_wconf 91' lang='lat' dir='ltr'><strong>alicubi</strong></span> <span class='ocrx_word' id='word_1_138' title='bbox 3451 558 3636 628; x_wconf 86' lang='lat' dir='ltr'><strong>signi-</strong></span> 
     </span>
    </p>
   </div>
   <div class='ocr_carea' id='block_1_21' title="bbox 1986 637 3638 713">
    <p class='ocr_par' dir='ltr' id='par_1_21' title="bbox 1986 637 3638 713">
     <span class='ocr_line' id='line_1_21' title="bbox 1986 637 3638 713; baseline 0.009 -25"><span class='ocrx_word' id='word_1_139' title='bbox 1986 637 2120 691; x_wconf 86' lang='lat' dir='ltr'><strong>ficat</strong></span> <span class='ocrx_word' id='word_1_140' title='bbox 2154 637 2411 706; x_wconf 84' lang='lat' dir='ltr'><strong>aquatile</strong></span> <span class='ocrx_word' id='word_1_141' title='bbox 2440 642 2498 691; x_wconf 91' lang='lat' dir='ltr'><strong>et</strong></span> <span class='ocrx_word' id='word_1_142' title='bbox 2532 644 2827 710; x_wconf 79' lang='lat' dir='ltr'><strong>terrestre,</strong></span> <span class='ocrx_word' id='word_1_143' title='bbox 2861 644 2961 695; x_wconf 87' lang='lat' dir='ltr'><strong>sed</strong></span> <span class='ocrx_word' id='word_1_144' title='bbox 2995 642 3163 711; x_wconf 80' lang='lat' dir='ltr'><strong>quale</strong></span> <span class='ocrx_word' id='word_1_145' title='bbox 3194 644 3334 713; x_wconf 93' lang='lat' dir='ltr'><strong>quid</strong></span> <span class='ocrx_word' id='word_1_146' title='bbox 3365 662 3376 699; x_wconf 93' lang='lat'>:</span> <span class='ocrx_word' id='word_1_147' title='bbox 3407 662 3542 700; x_wconf 86' lang='lat' dir='ltr'><strong>nam</strong></span> <span class='ocrx_word' id='word_1_148' title='bbox 3581 654 3638 703; x_wconf 94' lang='lat' dir='ltr'><strong>et</strong></span> 
     </span>
    </p>
   </div>
   <div class='ocr_carea' id='block_1_22' title="bbox 1984 724 3636 800">
    <p class='ocr_par' dir='ltr' id='par_1_22' title="bbox 1984 724 3636 800">
     <span class='ocr_line' id='line_1_22' title="bbox 1984 724 3636 800; baseline 0.007 -20"><span class='ocrx_word' id='word_1_149' title='bbox 1984 724 2033 780; x_wconf 92' lang='lat' dir='ltr'><strong>si</strong></span> <span class='ocrx_word' id='word_1_150' title='bbox 2065 725 2122 779; x_wconf 92' lang='lat' dir='ltr'><strong>in</strong></span> <span class='ocrx_word' id='word_1_151' title='bbox 2158 726 2314 781; x_wconf 90' lang='lat' dir='ltr'><strong>sicco</strong></span> <span class='ocrx_word' id='word_1_152' title='bbox 2348 727 2441 791; x_wconf 87' lang='lat' dir='ltr'><strong>sit,</strong></span> <span class='ocrx_word' id='word_1_153' title='bbox 2468 726 2742 783; x_wconf 90' lang='lat' dir='ltr'><strong>similiter</strong></span> <span class='ocrx_word' id='word_1_154' title='bbox 2766 731 3045 800; x_wconf 87' lang='lat' dir='ltr'><strong>aquatile,</strong></span> <span class='ocrx_word' id='word_1_155' title='bbox 3068 732 3343 787; x_wconf 88' lang='lat' dir='ltr'><strong>similiter</strong></span> <span class='ocrx_word' id='word_1_156' title='bbox 3365 739 3557 789; x_wconf 83' lang='lat' dir='ltr'><strong>autem</strong></span> <span class='ocrx_word' id='word_1_157' title='bbox 3580 742 3636 791; x_wconf 90' lang='lat' dir='ltr'><strong>et</strong></span> 
     </span>
    </p>
   </div>
   <div class='ocr_carea' id='block_1_23' title="bbox 1980 816 3633 890">
    <p class='ocr_par' dir='ltr' id='par_1_23' title="bbox 1980 816 3633 890">
     <span class='ocr_line' id='line_1_23' title="bbox 1980 816 3633 890; baseline 0.007 -22"><span class='ocrx_word' id='word_1_158' title='bbox 1980 818 2275 884; x_wconf 88' lang='lat' dir='ltr'><strong>terrestre,</strong></span> <span class='ocrx_word' id='word_1_159' title='bbox 2297 821 2353 870; x_wconf 73' lang='lat' dir='ltr'><strong>et</strong></span> <span class='ocrx_word' id='word_1_160' title='bbox 2371 816 2417 869; x_wconf 91' lang='lat' dir='ltr'><strong>si</strong></span> <span class='ocrx_word' id='word_1_161' title='bbox 2449 817 2505 871; x_wconf 92' lang='lat' dir='ltr'><strong>in</strong></span> <span class='ocrx_word' id='word_1_162' title='bbox 2534 817 2773 873; x_wconf 88' lang='lat' dir='ltr'><strong>humido</strong></span> <span class='ocrx_word' id='word_1_163' title='bbox 2799 818 2898 887; x_wconf 85' lang='lat' dir='ltr'><strong>sit,</strong></span> <span class='ocrx_word' id='word_1_164' title='bbox 2918 820 3193 876; x_wconf 88' lang='lat' dir='ltr'><strong>similiter</strong></span> <span class='ocrx_word' id='word_1_165' title='bbox 3211 829 3507 890; x_wconf 87' lang='lat' dir='ltr'><strong>terrestre,</strong></span> <span class='ocrx_word' id='word_1_166' title='bbox 3532 827 3633 879; x_wconf 91' lang='lat' dir='ltr'><strong>sed</strong></span> 
     </span>
    </p>
   </div>
   <div class='ocr_carea' id='block_1_24' title="bbox 1984 904 3638 985">
    <p class='ocr_par' dir='ltr' id='par_1_24' title="bbox 1984 904 3638 985">
     <span class='ocr_line' id='line_1_24' title="bbox 1984 904 3638 985; baseline 0.007 -28"><span class='ocrx_word' id='word_1_167' title='bbox 1984 920 2095 958; x_wconf 88' lang='lat' dir='ltr'><strong>non</strong></span> <span class='ocrx_word' id='word_1_168' title='bbox 2132 904 2388 975; x_wconf 83' lang='lat' dir='ltr'><strong>aquatile</strong></span> <span class='ocrx_word' id='word_1_169' title='bbox 2411 907 2556 975; x_wconf 85' lang='lat' dir='ltr'><strong>erit;</strong></span> <span class='ocrx_word' id='word_1_170' title='bbox 2589 912 2843 963; x_wconf 87' lang='lat' dir='ltr'><strong>attamen</strong></span> <span class='ocrx_word' id='word_1_171' title='bbox 2878 909 2925 962; x_wconf 94' lang='lat' dir='ltr'><strong>si</strong></span> <span class='ocrx_word' id='word_1_172' title='bbox 2958 912 3309 983; x_wconf 88' lang='lat' dir='ltr'><strong>quandoque</strong></span> <span class='ocrx_word' id='word_1_173' title='bbox 3342 913 3638 985; x_wconf 87' lang='lat' dir='ltr'><strong>significat</strong></span> 
     </span>
    </p>
   </div>
   <div class='ocr_carea' id='block_1_25' title="bbox 1980 992 3631 1071">
    <p class='ocr_par' dir='ltr' id='par_1_25' title="bbox 1980 992 3631 1071">
     <span class='ocr_line' id='line_1_25' title="bbox 1980 992 3631 1071; baseline 0.007 -26"><span class='ocrx_word' id='word_1_174' title='bbox 1980 992 2040 1046; x_wconf 91' lang='lat' dir='ltr'><strong>in</strong></span> <span class='ocrx_word' id='word_1_175' title='bbox 2070 992 2267 1064; x_wconf 85' lang='lat' dir='ltr'><strong>aliquo</strong></span> <span class='ocrx_word' id='word_1_176' title='bbox 2288 994 2637 1063; x_wconf 70' lang='lat' dir='ltr'><strong>differentia,</strong></span> <span class='ocrx_word' id='word_1_177' title='bbox 2654 995 3030 1051; x_wconf 82' lang='lat' dir='ltr'><strong>manifestum</strong></span> <span class='ocrx_word' id='word_1_178' title='bbox 3049 1000 3327 1069; x_wconf 90' lang='lat' dir='ltr'><strong>quoniam</strong></span> <span class='ocrx_word' id='word_1_179' title='bbox 3348 1003 3631 1071; x_wconf 89' lang='lat' dir='ltr'><strong>peccabit.</strong></span> 
     </span>
    </p>
   </div>
   <div class='ocr_carea' id='block_1_26' title="bbox 1979 1084 3627 1159">
    <p class='ocr_par' dir='ltr' id='par_1_26' title="bbox 1979 1084 3627 1159">
     <span class='ocr_line' id='line_1_26' title="bbox 1979 1084 3627 1159; baseline 0.007 -24"><span class='ocrx_word' id='word_1_180' title='bbox 1979 1086 2235 1136; x_wconf 84' lang='lat' dir='ltr'><strong>Rursum</strong></span> <span class='ocrx_word' id='word_1_181' title='bbox 2268 1084 2315 1137; x_wconf 90' lang='lat' dir='ltr'><strong>si</strong></span> <span class='ocrx_word' id='word_1_182' title='bbox 2344 1084 2617 1138; x_wconf 86' lang='lat' dir='ltr'><strong>affectum</strong></span> <span class='ocrx_word' id='word_1_183' title='bbox 2656 1084 3043 1140; x_wconf 72' lang='lat' dir='ltr'><strong>differentiam</strong></span> <span class='ocrx_word' id='word_1_184' title='bbox 3095 1088 3431 1159; x_wconf 85' lang='lat' dir='ltr'><strong>assignavit.</strong></span> <span class='ocrx_word' id='word_1_185' title='bbox 3483 1091 3627 1147; x_wconf 89' lang='lat' dir='ltr'><strong>Nam</strong></span> 
     </span>
    </p>
   </div>
   <div class='ocr_carea' id='block_1_27' title="bbox 1978 1170 3627 1248">
    <p class='ocr_par' dir='ltr' id='par_1_27' title="bbox 1978 1170 3627 1248">
     <span class='ocr_line' id='line_1_27' title="bbox 1978 1170 3627 1248; baseline 0.005 -23"><span class='ocrx_word' id='word_1_186' title='bbox 1978 1172 2171 1225; x_wconf 90' lang='lat' dir='ltr'><strong>omnis</strong></span> <span class='ocrx_word' id='word_1_187' title='bbox 2188 1170 2456 1241; x_wconf 86' lang='lat' dir='ltr'><strong>affectus,</strong></span> <span class='ocrx_word' id='word_1_188' title='bbox 2474 1188 2605 1226; x_wconf 89' lang='lat' dir='ltr'><strong>cum</strong></span> <span class='ocrx_word' id='word_1_189' title='bbox 2626 1173 2814 1244; x_wconf 90' lang='lat' dir='ltr'><strong>magis</strong></span> <span class='ocrx_word' id='word_1_190' title='bbox 2838 1174 2921 1240; x_wconf 84' lang='lat' dir='ltr'><strong>fit,</strong></span> <span class='ocrx_word' id='word_1_191' title='bbox 2941 1174 3197 1230; x_wconf 89' lang='lat' dir='ltr'><strong>detrahit</strong></span> <span class='ocrx_word' id='word_1_192' title='bbox 3218 1194 3247 1230; x_wconf 91' lang='lat' dir='ltr'><strong>a</strong></span> <span class='ocrx_word' id='word_1_193' title='bbox 3270 1178 3627 1248; x_wconf 86' lang='lat' dir='ltr'><strong>substantia,</strong></span> 
     </span>
    </p>
   </div>
   <div class='ocr_carea' id='block_1_28' title="bbox 1979 1258 3627 1339">
    <p class='ocr_par' dir='ltr' id='par_1_28' title="bbox 1979 1258 3627 1339">
     <span class='ocr_line' id='line_1_28' title="bbox 1979 1258 3627 1339; baseline 0.006 -26"><span class='ocrx_word' id='word_1_194' title='bbox 1979 1258 2309 1313; x_wconf 87' lang='lat' dir='ltr'><strong>differentia</strong></span> <span class='ocrx_word' id='word_1_195' title='bbox 2336 1265 2533 1315; x_wconf 87' lang='lat' dir='ltr'><strong>autem</strong></span> <span class='ocrx_word' id='word_1_196' title='bbox 2597 1278 2709 1315; x_wconf 88' lang='lat' dir='ltr'><strong>non</strong></span> <span class='ocrx_word' id='word_1_197' title='bbox 2748 1262 3084 1332; x_wconf 88' lang='lat' dir='ltr'><strong>hujusmodi</strong></span> <span class='ocrx_word' id='word_1_198' title='bbox 3117 1271 3226 1332; x_wconf 90' lang='lat' dir='ltr'><strong>est,</strong></span> <span class='ocrx_word' id='word_1_199' title='bbox 3259 1283 3392 1320; x_wconf 89' lang='lat' dir='ltr'><strong>nam</strong></span> <span class='ocrx_word' id='word_1_200' title='bbox 3438 1269 3627 1339; x_wconf 86' lang='lat' dir='ltr'><strong>magis</strong></span> 
     </span>
    </p>
   </div>
   <div class='ocr_carea' id='block_1_29' title="bbox 1974 1346 3627 1425">
    <p class='ocr_par' dir='ltr' id='par_1_29' title="bbox 1974 1346 3627 1425">
     <span class='ocr_line' id='line_1_29' title="bbox 1974 1346 3627 1425; baseline 0.008 -26"><span class='ocrx_word' id='word_1_201' title='bbox 1974 1346 2205 1401; x_wconf 89' lang='lat' dir='ltr'><strong>videtur</strong></span> <span class='ocrx_word' id='word_1_202' title='bbox 2225 1348 2449 1402; x_wconf 90' lang='lat' dir='ltr'><strong>salvare</strong></span> <span class='ocrx_word' id='word_1_203' title='bbox 2478 1348 2801 1405; x_wconf 80' lang='lat' dir='ltr'><strong>differentia</strong></span> <span class='ocrx_word' id='word_1_204' title='bbox 2825 1351 2875 1404; x_wconf 88' lang='lat' dir='ltr'><strong>id</strong></span> <span class='ocrx_word' id='word_1_205' title='bbox 2904 1352 3071 1421; x_wconf 88' lang='lat' dir='ltr'><strong>cujus</strong></span> <span class='ocrx_word' id='word_1_206' title='bbox 3089 1359 3179 1407; x_wconf 88' lang='lat' dir='ltr'><strong>est</strong></span> <span class='ocrx_word' id='word_1_207' title='bbox 3204 1354 3627 1425; x_wconf 87' lang='lat' dir='ltr'><strong>differentia,et</strong></span> 
     </span>
    </p>
   </div>
   <div class='ocr_carea' id='block_1_30' title="bbox 1976 1435 3623 1514">
    <p class='ocr_par' dir='ltr' id='par_1_30' title="bbox 1976 1435 3623 1514">
     <span class='ocr_line' id='line_1_30' title="bbox 1976 1435 3623 1514; baseline 0.007 -24"><span class='ocrx_word' id='word_1_208' title='bbox 1976 1435 2321 1507; x_wconf 89' lang='lat' dir='ltr'><strong>simpliciter</strong></span> <span class='ocrx_word' id='word_1_209' title='bbox 2349 1437 2716 1508; x_wconf 87' lang='lat' dir='ltr'><strong>impossibile</strong></span> <span class='ocrx_word' id='word_1_210' title='bbox 2746 1446 2835 1494; x_wconf 90' lang='lat' dir='ltr'><strong>est</strong></span> <span class='ocrx_word' id='word_1_211' title='bbox 2866 1440 3167 1511; x_wconf 90' lang='lat' dir='ltr'><strong>singulum</strong></span> <span class='ocrx_word' id='word_1_212' title='bbox 3192 1445 3465 1514; x_wconf 91' lang='lat' dir='ltr'><strong>quodque</strong></span> <span class='ocrx_word' id='word_1_213' title='bbox 3494 1462 3623 1501; x_wconf 89' lang='lat' dir='ltr'><strong>esse</strong></span> 
     </span>
    </p>
   </div>
   <div class='ocr_carea' id='block_1_31' title="bbox 1974 1525 3619 1603">
    <p class='ocr_par' dir='ltr' id='par_1_31' title="bbox 1974 1525 3619 1603">
     <span class='ocr_line' id='line_1_31' title="bbox 1974 1525 3619 1603; baseline 0.006 -24"><span class='ocrx_word' id='word_1_214' title='bbox 1974 1525 2101 1580; x_wconf 90' lang='lat' dir='ltr'><strong>sine</strong></span> <span class='ocrx_word' id='word_1_215' title='bbox 2124 1527 2359 1597; x_wconf 91' lang='lat' dir='ltr'><strong>propria</strong></span> <span class='ocrx_word' id='word_1_216' title='bbox 2380 1527 2728 1597; x_wconf 80' lang='lat' dir='ltr'><strong>differentia,</strong></span> <span class='ocrx_word' id='word_1_217' title='bbox 2753 1545 2887 1583; x_wconf 90' lang='lat' dir='ltr'><strong>nam</strong></span> <span class='ocrx_word' id='word_1_218' title='bbox 2910 1545 3041 1584; x_wconf 90' lang='lat' dir='ltr'><strong>cum</strong></span> <span class='ocrx_word' id='word_1_219' title='bbox 3068 1548 3177 1585; x_wconf 92' lang='lat' dir='ltr'><strong>non</strong></span> <span class='ocrx_word' id='word_1_220' title='bbox 3203 1538 3292 1586; x_wconf 89' lang='lat' dir='ltr'><strong>est</strong></span> <span class='ocrx_word' id='word_1_221' title='bbox 3313 1534 3619 1603; x_wconf 85' lang='lat' dir='ltr'><strong>gressible,</strong></span> 
     </span>
    </p>
   </div>
   <div class='ocr_carea' id='block_1_32' title="bbox 1975 1614 3619 1690">
    <p class='ocr_par' dir='ltr' id='par_1_32' title="bbox 1975 1614 3619 1690">
     <span class='ocr_line' id='line_1_32' title="bbox 1975 1614 3619 1690; baseline 0.007 -23"><span class='ocrx_word' id='word_1_222' title='bbox 1975 1630 2085 1669; x_wconf 89' lang='lat' dir='ltr'><strong>non</strong></span> <span class='ocrx_word' id='word_1_223' title='bbox 2112 1615 2218 1669; x_wconf 90' lang='lat' dir='ltr'><strong>erit</strong></span> <span class='ocrx_word' id='word_1_224' title='bbox 2244 1614 2437 1682; x_wconf 90' lang='lat' dir='ltr'><strong>homo,</strong></span> <span class='ocrx_word' id='word_1_225' title='bbox 2458 1622 2511 1670; x_wconf 90' lang='lat' dir='ltr'><strong>et</strong></span> <span class='ocrx_word' id='word_1_226' title='bbox 2530 1618 2615 1685; x_wconf 91' lang='lat' dir='ltr'><strong>(ut</strong></span> <span class='ocrx_word' id='word_1_227' title='bbox 2632 1616 2980 1688; x_wconf 89' lang='lat' dir='ltr'><strong>simpliciter</strong></span> <span class='ocrx_word' id='word_1_228' title='bbox 2993 1619 3279 1690; x_wconf 90' lang='lat' dir='ltr'><strong>dicamus)</strong></span> <span class='ocrx_word' id='word_1_229' title='bbox 3293 1624 3619 1678; x_wconf 88' lang='lat' dir='ltr'><strong>secundum</strong></span> 
     </span>
    </p>
   </div>
   <div class='ocr_carea' id='block_1_33' title="bbox 212 1703 3624 1798">
    <p class='ocr_par' dir='ltr' id='par_1_33' title="bbox 212 1703 3624 1798">
     <span class='ocr_line' id='line_1_33' title="bbox 212 1703 3624 1798; baseline 0.001 -36"><span class='ocrx_word' id='word_1_230' title='bbox 212 1705 567 1775; x_wconf 78' lang='lat' dir='ltr'><strong>differentia,</strong></span> <span class='ocrx_word' id='word_1_231' title='bbox 599 1722 787 1777; x_wconf 88' lang='lat' dir='ltr'><strong>genus</strong></span> <span class='ocrx_word' id='word_1_232' title='bbox 816 1708 1047 1762; x_wconf 78' lang='lat' dir='ltr'><strong>videtur</strong></span> <span class='ocrx_word' id='word_1_233' title='bbox 1075 1708 1395 1778; x_wconf 70' lang='lat' dir='ltr'><strong>praedicari,</strong></span> <span class='ocrx_word' id='word_1_234' title='bbox 1430 1712 1494 1763; x_wconf 90' lang='lat' dir='ltr'><strong>ut</strong></span> <span class='ocrx_word' id='word_1_235' title='bbox 1533 1707 1746 1762; x_wconf 86' lang='lat' dir='ltr'><strong>animal</strong></span> <span class='ocrx_word' id='word_1_236' title='bbox 1794 1708 1865 1762; x_wconf 92' lang='lat' dir='ltr'><strong>de</strong></span> <span class='ocrx_word' id='word_1_237' title='bbox 1897 1736 1941 1798; x_wconf 82' lang='grc' dir='ltr'><strong>Β</strong></span> <span class='ocrx_word' id='word_1_238' title='bbox 1972 1717 2335 1774; x_wconf 64' lang='lat' dir='ltr'><strong>quaecunque</strong></span> <span class='ocrx_word' id='word_1_239' title='bbox 2358 1703 3271 1775; x_wconf 87' lang='lat' dir='ltr'><strong>alteraturhabens,nihileorum</strong></span> <span class='ocrx_word' id='word_1_240' title='bbox 3292 1709 3624 1767; x_wconf 84' lang='lat' dir='ltr'><strong>differentia</strong></span> 
     </span>
    </p>
   </div>
   <div class='ocr_carea' id='block_1_34' title="bbox 217 1794 1862 1867">
    <p class='ocr_par' dir='ltr' id='par_1_34' title="bbox 217 1794 1862 1867">
     <span class='ocr_line' id='line_1_34' title="bbox 217 1794 1862 1867; baseline 0.001 -18"><span class='ocrx_word' id='word_1_241' title='bbox 217 1794 476 1857; x_wconf 89' lang='lat' dir='ltr'><strong>homine,</strong></span> <span class='ocrx_word' id='word_1_242' title='bbox 493 1800 548 1849; x_wconf 91' lang='lat' dir='ltr'><strong>et</strong></span> <span class='ocrx_word' id='word_1_243' title='bbox 570 1797 731 1864; x_wconf 89' lang='lat' dir='ltr'><strong>bove,</strong></span> <span class='ocrx_word' id='word_1_244' title='bbox 747 1796 894 1850; x_wconf 89' lang='lat' dir='ltr'><strong>etde</strong></span> <span class='ocrx_word' id='word_1_245' title='bbox 916 1794 1045 1851; x_wconf 90' lang='lat' dir='ltr'><strong>aliis</strong></span> <span class='ocrx_word' id='word_1_246' title='bbox 1062 1796 1474 1867; x_wconf 89' lang='lat' dir='ltr'><strong>gressibilibus</strong></span> <span class='ocrx_word' id='word_1_247' title='bbox 1488 1795 1862 1861; x_wconf 88' lang='lat' dir='ltr'><strong>animalibus,</strong></span> 
     </span>
    </p>
   </div>
   <div class='ocr_carea' id='block_1_35' title="bbox 214 1883 1863 1955">
    <p class='ocr_par' dir='ltr' id='par_1_35' title="bbox 214 1883 1863 1955">
     <span class='ocr_line' id='line_1_35' title="bbox 214 1883 1863 1955; baseline 0 -18"><span class='ocrx_word' id='word_1_248' title='bbox 214 1899 333 1938; x_wconf 91' lang='lat' dir='ltr'><strong>non</strong></span> <span class='ocrx_word' id='word_1_249' title='bbox 368 1888 561 1937; x_wconf 89' lang='lat' dir='ltr'><strong>autem</strong></span> <span class='ocrx_word' id='word_1_250' title='bbox 595 1885 666 1938; x_wconf 90' lang='lat' dir='ltr'><strong>de</strong></span> <span class='ocrx_word' id='word_1_251' title='bbox 691 1899 761 1938; x_wconf 90' lang='lat' dir='ltr'><strong>ea</strong></span> <span class='ocrx_word' id='word_1_252' title='bbox 789 1885 1116 1939; x_wconf 80' lang='lat' dir='ltr'><strong>differentia</strong></span> <span class='ocrx_word' id='word_1_253' title='bbox 1147 1901 1277 1955; x_wconf 72' lang='lat' dir='ltr'><strong>quae</strong></span> <span class='ocrx_word' id='word_1_254' title='bbox 1307 1885 1378 1939; x_wconf 94' lang='lat' dir='ltr'><strong>de</strong></span> <span class='ocrx_word' id='word_1_255' title='bbox 1408 1885 1599 1955; x_wconf 89' lang='lat' dir='ltr'><strong>specie</strong></span> <span class='ocrx_word' id='word_1_256' title='bbox 1629 1883 1863 1953; x_wconf 90' lang='lat' dir='ltr'><strong>dicitur,</strong></span> 
     </span>
    </p>
   </div>
   <div class='ocr_carea' id='block_1_36' title="bbox 209 1970 1865 2044">
    <p class='ocr_par' dir='ltr' id='par_1_36' title="bbox 209 1970 1865 2044">
     <span class='ocr_line' id='line_1_36' title="bbox 209 1970 1865 2044; baseline -0.001 -17"><span class='ocrx_word' id='word_1_257' title='bbox 209 1987 351 2027; x_wconf 80' lang='lat' dir='ltr'><strong>nam</strong></span> <span class='ocrx_word' id='word_1_258' title='bbox 374 1970 423 2025; x_wconf 91' lang='lat' dir='ltr'><strong>si</strong></span> <span class='ocrx_word' id='word_1_259' title='bbox 446 1971 517 2026; x_wconf 90' lang='lat' dir='ltr'><strong>de</strong></span> <span class='ocrx_word' id='word_1_260' title='bbox 544 1988 897 2043; x_wconf 86' lang='lat' dir='ltr'><strong>unaquaque</strong></span> <span class='ocrx_word' id='word_1_261' title='bbox 920 1973 1383 2029; x_wconf 85' lang='lat' dir='ltr'><strong>differentiarum</strong></span> <span class='ocrx_word' id='word_1_262' title='bbox 1408 1973 1626 2028; x_wconf 87' lang='lat' dir='ltr'><strong>animal</strong></span> <span class='ocrx_word' id='word_1_263' title='bbox 1654 1972 1865 2044; x_wconf 85' lang='lat' dir='ltr'><strong>praedi-</strong></span> 
     </span>
    </p>
   </div>
   <div class='ocr_carea' id='block_1_37' title="bbox 207 2062 1864 2134">
    <p class='ocr_par' dir='ltr' id='par_1_37' title="bbox 207 2062 1864 2134">
     <span class='ocr_line' id='line_1_37' title="bbox 207 2062 1864 2134; baseline -0.001 -17"><span class='ocrx_word' id='word_1_264' title='bbox 207 2062 464 2125; x_wconf 82' lang='lat' dir='ltr'><strong>cabitur,</strong></span> <span class='ocrx_word' id='word_1_265' title='bbox 497 2062 685 2117; x_wconf 88' lang='lat' dir='ltr'><strong>multa</strong></span> <span class='ocrx_word' id='word_1_266' title='bbox 714 2064 996 2118; x_wconf 90' lang='lat' dir='ltr'><strong>animalia</strong></span> <span class='ocrx_word' id='word_1_267' title='bbox 1028 2065 1097 2118; x_wconf 93' lang='lat' dir='ltr'><strong>de</strong></span> <span class='ocrx_word' id='word_1_268' title='bbox 1131 2064 1327 2134; x_wconf 90' lang='lat' dir='ltr'><strong>specie</strong></span> <span class='ocrx_word' id='word_1_269' title='bbox 1370 2064 1864 2134; x_wconf 77' lang='lat' dir='ltr'><strong>praedicabuntur,</strong></span> 
     </span>
    </p>
   </div>
   <div class='ocr_carea' id='block_1_38' title="bbox 209 2151 1862 2223">
    <p class='ocr_par' dir='ltr' id='par_1_38' title="bbox 209 2151 1862 2223">
     <span class='ocr_line' id='line_1_38' title="bbox 209 2151 1862 2223; baseline 0 -17"><span class='ocrx_word' id='word_1_270' title='bbox 209 2167 349 2206; x_wconf 84' lang='lat' dir='ltr'><strong>nam</strong></span> <span class='ocrx_word' id='word_1_271' title='bbox 384 2151 720 2206; x_wconf 62' lang='lat' dir='ltr'><strong>differentiae</strong></span> <span class='ocrx_word' id='word_1_272' title='bbox 761 2152 831 2207; x_wconf 93' lang='lat' dir='ltr'><strong>de</strong></span> <span class='ocrx_word' id='word_1_273' title='bbox 887 2152 1081 2223; x_wconf 91' lang='lat' dir='ltr'><strong>specie</strong></span> <span class='ocrx_word' id='word_1_274' title='bbox 1123 2152 1532 2222; x_wconf 65' lang='lat' dir='ltr'><strong>praedicantur.</strong></span> <span class='ocrx_word' id='word_1_275' title='bbox 1570 2152 1862 2223; x_wconf 75' lang='lat' dir='ltr'><strong>Amplius,</strong></span> 
     </span>
    </p>
   </div>
   <div class='ocr_carea' id='block_1_39' title="bbox 210 2239 1863 2311">
    <p class='ocr_par' dir='ltr' id='par_1_39' title="bbox 210 2239 1863 2311">
     <span class='ocr_line' id='line_1_39' title="bbox 210 2239 1863 2311; baseline -0.001 -16"><span class='ocrx_word' id='word_1_276' title='bbox 210 2239 557 2295; x_wconf 74' lang='lat' dir='ltr'><strong>differentiae</strong></span> <span class='ocrx_word' id='word_1_277' title='bbox 580 2249 923 2305; x_wconf 83' lang='lat' dir='ltr'><strong>omnes,aut</strong></span> <span class='ocrx_word' id='word_1_278' title='bbox 944 2241 1190 2311; x_wconf 88' lang='lat' dir='ltr'><strong>species,</strong></span> <span class='ocrx_word' id='word_1_279' title='bbox 1219 2246 1321 2295; x_wconf 86' lang='lat' dir='ltr'><strong>aut</strong></span> <span class='ocrx_word' id='word_1_280' title='bbox 1346 2241 1647 2295; x_wconf 90' lang='lat' dir='ltr'><strong>individua</strong></span> <span class='ocrx_word' id='word_1_281' title='bbox 1669 2246 1863 2304; x_wconf 89' lang='lat' dir='ltr'><strong>erunt,</strong></span> 
     </span>
    </p>
   </div>
   <div class='ocr_carea' id='block_1_40' title="bbox 207 2328 1867 2401">
    <p class='ocr_par' dir='ltr' id='par_1_40' title="bbox 207 2328 1867 2401">
     <span class='ocr_line' id='line_1_40' title="bbox 207 2328 1867 2401; baseline 0.001 -17"><span class='ocrx_word' id='word_1_282' title='bbox 207 2328 503 2399; x_wconf 86' lang='lat' dir='ltr'><strong>siquidem</strong></span> <span class='ocrx_word' id='word_1_283' title='bbox 522 2333 664 2383; x_wconf 90' lang='lat' dir='ltr'><strong>sunt</strong></span> <span class='ocrx_word' id='word_1_284' title='bbox 686 2328 984 2396; x_wconf 82' lang='lat' dir='ltr'><strong>animalia,</strong></span> <span class='ocrx_word' id='word_1_285' title='bbox 1006 2346 1140 2384; x_wconf 91' lang='lat' dir='ltr'><strong>nam</strong></span> <span class='ocrx_word' id='word_1_286' title='bbox 1164 2330 1629 2401; x_wconf 85' lang='lat' dir='ltr'><strong>unumquodque</strong></span> <span class='ocrx_word' id='word_1_287' title='bbox 1646 2330 1867 2385; x_wconf 87' lang='lat' dir='ltr'><strong>anima-</strong></span> 
     </span>
    </p>
   </div>
   <div class='ocr_carea' id='block_1_41' title="bbox 205 2416 1858 2489">
    <p class='ocr_par' dir='ltr' id='par_1_41' title="bbox 205 2416 1858 2489">
     <span class='ocr_line' id='line_1_41' title="bbox 205 2416 1858 2489; baseline 0.004 -18"><span class='ocrx_word' id='word_1_288' title='bbox 205 2416 351 2472; x_wconf 90' lang='lat' dir='ltr'><strong>lium</strong></span> <span class='ocrx_word' id='word_1_289' title='bbox 372 2417 734 2489; x_wconf 89' lang='lat' dir='ltr'><strong>autspecies,</strong></span> <span class='ocrx_word' id='word_1_290' title='bbox 750 2418 1231 2473; x_wconf 89' lang='lat' dir='ltr'><strong>autindividuum</strong></span> <span class='ocrx_word' id='word_1_291' title='bbox 1248 2422 1356 2473; x_wconf 88' lang='lat' dir='ltr'><strong>est.</strong></span> <span class='ocrx_word' id='word_1_292' title='bbox 1372 2418 1858 2477; x_wconf 88' lang='lat' dir='ltr'><strong>Similiterautem</strong></span> 
     </span>
    </p>
   </div>
   <div class='ocr_carea' id='block_1_42' title="bbox 207 2506 1859 2579">
    <p class='ocr_par' dir='ltr' id='par_1_42' title="bbox 207 2506 1859 2579">
     <span class='ocr_line' id='line_1_42' title="bbox 207 2506 1859 2579; baseline 0.002 -19"><span class='ocrx_word' id='word_1_293' title='bbox 207 2506 649 2578; x_wconf 88' lang='lat' dir='ltr'><strong>inspiciendum</strong></span> <span class='ocrx_word' id='word_1_294' title='bbox 687 2512 743 2561; x_wconf 90' lang='lat' dir='ltr'><strong>et</strong></span> <span class='ocrx_word' id='word_1_295' title='bbox 771 2510 817 2560; x_wconf 84' lang='lat' dir='ltr'><strong>si</strong></span> <span class='ocrx_word' id='word_1_296' title='bbox 851 2508 1098 2578; x_wconf 87' lang='lat' dir='ltr'><strong>species,</strong></span> <span class='ocrx_word' id='word_1_297' title='bbox 1132 2512 1233 2561; x_wconf 91' lang='lat' dir='ltr'><strong>aut</strong></span> <span class='ocrx_word' id='word_1_298' title='bbox 1265 2508 1609 2562; x_wconf 82' lang='lat' dir='ltr'><strong>inferiorum</strong></span> <span class='ocrx_word' id='word_1_299' title='bbox 1644 2509 1859 2579; x_wconf 85' lang='lat' dir='ltr'><strong>speciei</strong></span> 
     </span>
    </p>
   </div>
   <div class='ocr_carea' id='block_1_43' title="bbox 207 2595 1860 2668">
    <p class='ocr_par' dir='ltr' id='par_1_43' title="bbox 207 2595 1860 2668">
     <span class='ocr_line' id='line_1_43' title="bbox 207 2595 1860 2668; baseline 0.002 -18"><span class='ocrx_word' id='word_1_300' title='bbox 207 2595 893 2667; x_wconf 82' lang='lat' dir='ltr'><strong>aliquod,dediﬁerentia</strong></span> <span class='ocrx_word' id='word_1_301' title='bbox 910 2597 1661 2667; x_wconf 67' lang='lat' dir='ltr'><strong>praedicatuerpossibile</strong></span> <span class='ocrx_word' id='word_1_302' title='bbox 1677 2598 1860 2668; x_wconf 86' lang='lat' dir='ltr'><strong>enim,</strong></span> 
     </span>
    </p>
   </div>
   <div class='ocr_carea' id='block_1_44' title="bbox 208 2685 1858 2757">
    <p class='ocr_par' dir='ltr' id='par_1_44' title="bbox 208 2685 1858 2757">
     <span class='ocr_line' id='line_1_44' title="bbox 208 2685 1858 2757; baseline 0.001 -18"><span class='ocrx_word' id='word_1_303' title='bbox 208 2700 278 2739; x_wconf 88' lang='lat' dir='ltr'><strong>eo</strong></span> <span class='ocrx_word' id='word_1_304' title='bbox 302 2686 454 2755; x_wconf 90' lang='lat' dir='ltr'><strong>quod</strong></span> <span class='ocrx_word' id='word_1_305' title='bbox 488 2685 559 2740; x_wconf 90' lang='lat' dir='ltr'><strong>de</strong></span> <span class='ocrx_word' id='word_1_306' title='bbox 589 2685 859 2755; x_wconf 89' lang='lat' dir='ltr'><strong>pluribus</strong></span> <span class='ocrx_word' id='word_1_307' title='bbox 889 2685 1215 2740; x_wconf 84' lang='lat' dir='ltr'><strong>differentia</strong></span> <span class='ocrx_word' id='word_1_308' title='bbox 1248 2702 1423 2757; x_wconf 92' lang='lat' dir='ltr'><strong>quam</strong></span> <span class='ocrx_word' id='word_1_309' title='bbox 1458 2686 1680 2748; x_wconf 84' lang='lat' dir='ltr'><strong>species</strong></span> <span class='ocrx_word' id='word_1_310' title='bbox 1715 2687 1858 2741; x_wconf 86' lang='lat' dir='ltr'><strong>dici-</strong></span> 
     </span>
    </p>
   </div>
   <div class='ocr_carea' id='block_1_45' title="bbox 192 2774 1856 2846">
    <p class='ocr_par' dir='ltr' id='par_1_45' title="bbox 192 2774 1856 2846">
     <span class='ocr_line' id='line_1_45' title="bbox 192 2774 1856 2846; baseline 0.002 -19"><span class='ocrx_word' id='word_1_311' title='bbox 192 2778 333 2841; x_wconf 43' lang='lat' dir='ltr'><strong>,tur.</strong></span> <span class='ocrx_word' id='word_1_312' title='bbox 350 2776 487 2828; x_wconf 91' lang='lat' dir='ltr'><strong>Item</strong></span> <span class='ocrx_word' id='word_1_313' title='bbox 500 2774 1120 2829; x_wconf 79' lang='lat' dir='ltr'><strong>accidetdifferentiam</strong></span> <span class='ocrx_word' id='word_1_314' title='bbox 1138 2775 1389 2846; x_wconf 85' lang='lat' dir='ltr'><strong>speciem</strong></span> <span class='ocrx_word' id='word_1_315' title='bbox 1405 2775 1856 2846; x_wconf 88' lang='lat' dir='ltr'><strong>esse,siquidem</strong></span> 
     </span>
    </p>
   </div>
   <div class='ocr_carea' id='block_1_46' title="bbox 214 2863 1859 2936">
    <p class='ocr_par' dir='ltr' id='par_1_46' title="bbox 214 2863 1859 2936">
     <span class='ocr_line' id='line_1_46' title="bbox 214 2863 1859 2936; baseline 0.002 -19"><span class='ocrx_word' id='word_1_316' title='bbox 214 2864 630 2936; x_wconf 67' lang='lat' dir='ltr'><strong>praedicabitur</strong></span> <span class='ocrx_word' id='word_1_317' title='bbox 658 2865 729 2919; x_wconf 92' lang='lat' dir='ltr'><strong>de</strong></span> <span class='ocrx_word' id='word_1_318' title='bbox 774 2880 841 2918; x_wconf 86' lang='lat' dir='ltr'><strong>ea</strong></span> <span class='ocrx_word' id='word_1_319' title='bbox 883 2863 1082 2934; x_wconf 90' lang='lat' dir='ltr'><strong>aliqua</strong></span> <span class='ocrx_word' id='word_1_320' title='bbox 1140 2865 1468 2935; x_wconf 89' lang='lat' dir='ltr'><strong>specierum</strong></span> <span class='ocrx_word' id='word_1_321' title='bbox 1496 2882 1507 2920; x_wconf 92' lang='lat'><strong>:</strong></span> <span class='ocrx_word' id='word_1_322' title='bbox 1540 2882 1673 2920; x_wconf 89' lang='lat' dir='ltr'><strong>nam</strong></span> <span class='ocrx_word' id='word_1_323' title='bbox 1708 2866 1755 2921; x_wconf 88' lang='lat' dir='ltr'><strong>si</strong></span> <span class='ocrx_word' id='word_1_324' title='bbox 1788 2868 1859 2921; x_wconf 90' lang='lat' dir='ltr'><strong>de</strong></span> 
     </span>
    </p>
   </div>
   <div class='ocr_carea' id='block_1_47' title="bbox 216 2953 1857 3026">
    <p class='ocr_par' dir='ltr' id='par_1_47' title="bbox 216 2953 1857 3026">
     <span class='ocr_line' id='line_1_47' title="bbox 216 2953 1857 3026; baseline 0.002 -19"><span class='ocrx_word' id='word_1_325' title='bbox 216 2953 547 3008; x_wconf 86' lang='lat' dir='ltr'><strong>differentia</strong></span> <span class='ocrx_word' id='word_1_326' title='bbox 578 2954 929 3023; x_wconf 67' lang='lat' dir='ltr'><strong>praedicatur</strong></span> <span class='ocrx_word' id='word_1_327' title='bbox 959 2953 1155 3021; x_wconf 89' lang='lat' dir='ltr'><strong>homo,</strong></span> <span class='ocrx_word' id='word_1_328' title='bbox 1175 2954 1552 3008; x_wconf 81' lang='lat' dir='ltr'><strong>manifestum</strong></span> <span class='ocrx_word' id='word_1_329' title='bbox 1578 2956 1857 3026; x_wconf 90' lang='lat' dir='ltr'><strong>quoniam</strong></span> 
     </span>
    </p>
   </div>
   <div class='ocr_carea' id='block_1_48' title="bbox 211 3041 1854 3113">
    <p class='ocr_par' dir='ltr' id='par_1_48' title="bbox 211 3041 1854 3113">
     <span class='ocr_line' id='line_1_48' title="bbox 211 3041 1854 3113; baseline 0.001 -16"><span class='ocrx_word' id='word_1_330' title='bbox 211 3041 543 3097; x_wconf 85' lang='lat' dir='ltr'><strong>differentia</strong></span> <span class='ocrx_word' id='word_1_331' title='bbox 562 3048 652 3097; x_wconf 91' lang='lat' dir='ltr'><strong>est</strong></span> <span class='ocrx_word' id='word_1_332' title='bbox 674 3043 869 3097; x_wconf 90' lang='lat' dir='ltr'><strong>homo.</strong></span> <span class='ocrx_word' id='word_1_333' title='bbox 906 3041 1156 3097; x_wconf 77' lang='lat' dir='ltr'><strong>Rursum</strong></span> <span class='ocrx_word' id='word_1_334' title='bbox 1192 3042 1240 3096; x_wconf 93' lang='lat' dir='ltr'><strong>si</strong></span> <span class='ocrx_word' id='word_1_335' title='bbox 1262 3059 1374 3097; x_wconf 91' lang='lat' dir='ltr'><strong>non</strong></span> <span class='ocrx_word' id='word_1_336' title='bbox 1400 3043 1558 3113; x_wconf 89' lang='lat' dir='ltr'><strong>prior</strong></span> <span class='ocrx_word' id='word_1_337' title='bbox 1578 3048 1666 3097; x_wconf 89' lang='lat' dir='ltr'><strong>est</strong></span> <span class='ocrx_word' id='word_1_338' title='bbox 1687 3044 1854 3098; x_wconf 90' lang='lat' dir='ltr'><strong>diffe-</strong></span> 
     </span>
    </p>
   </div>
   <div class='ocr_carea' id='block_1_49' title="bbox 210 3103 1926 3203">
    <p class='ocr_par' dir='ltr' id='par_1_49' title="bbox 210 3103 1926 3203">
     <span class='ocr_line' id='line_1_49' title="bbox 210 3103 1926 3203; baseline 0.001 -17"><span class='ocrx_word' id='word_1_339' title='bbox 210 3130 401 3186; x_wconf 88' lang='lat' dir='ltr'><strong>rentia</strong></span> <span class='ocrx_word' id='word_1_340' title='bbox 424 3131 637 3202; x_wconf 90' lang='lat' dir='ltr'><strong>specie.</strong></span> <span class='ocrx_word' id='word_1_341' title='bbox 655 3136 796 3186; x_wconf 89' lang='lat' dir='ltr'><strong>Nam</strong></span> <span class='ocrx_word' id='word_1_342' title='bbox 817 3130 1275 3201; x_wconf 89' lang='lat' dir='ltr'><strong>generequidem</strong></span> <span class='ocrx_word' id='word_1_343' title='bbox 1304 3103 1712 3201; x_wconf 79' lang='lat' dir='ltr'><strong>posteriorest,</strong></span> <span class='ocrx_word' id='word_1_344' title='bbox 1730 3149 1853 3203; x_wconf 85' lang='lat' dir='ltr'><strong>spc-</strong></span> <span class='ocrx_word' id='word_1_345' title='bbox 1886 3103 1926 3167; x_wconf 63' lang='grc' dir='ltr'>Ο</span> 
     </span>
    </p>
   </div>
   <div class='ocr_carea' id='block_1_50' title="bbox 200 3219 1852 3291">
    <p class='ocr_par' dir='ltr' id='par_1_50' title="bbox 200 3219 1852 3291">
     <span class='ocr_line' id='line_1_50' title="bbox 200 3219 1852 3291; baseline -0.001 -16"><span class='ocrx_word' id='word_1_346' title='bbox 200 3220 295 3275; x_wconf 87' lang='lat' dir='ltr'><strong>cie</strong></span> <span class='ocrx_word' id='word_1_347' title='bbox 326 3224 521 3275; x_wconf 89' lang='lat' dir='ltr'><strong>autem</strong></span> <span class='ocrx_word' id='word_1_348' title='bbox 556 3220 806 3291; x_wconf 90' lang='lat' dir='ltr'><strong>priorem</strong></span> <span class='ocrx_word' id='word_1_349' title='bbox 823 3219 1208 3273; x_wconf 82' lang='lat' dir='ltr'><strong>differentiam</strong></span> <span class='ocrx_word' id='word_1_350' title='bbox 1236 3235 1364 3275; x_wconf 90' lang='lat' dir='ltr'><strong>esse</strong></span> <span class='ocrx_word' id='word_1_351' title='bbox 1386 3221 1852 3290; x_wconf 84' lang='lat' dir='ltr'><strong>oportet.Consi-</strong></span> 
     </span>
    </p>
   </div>
   <div class='ocr_carea' id='block_1_51' title="bbox 205 3306 1856 3378">
    <p class='ocr_par' dir='ltr' id='par_1_51' title="bbox 205 3306 1856 3378">
     <span class='ocr_line' id='line_1_51' title="bbox 205 3306 1856 3378; baseline 0.001 -15"><span class='ocrx_word' id='word_1_352' title='bbox 205 3309 537 3363; x_wconf 88' lang='lat' dir='ltr'><strong>derandum</strong></span> <span class='ocrx_word' id='word_1_353' title='bbox 570 3314 767 3363; x_wconf 87' lang='lat' dir='ltr'><strong>autem</strong></span> <span class='ocrx_word' id='word_1_354' title='bbox 802 3311 858 3362; x_wconf 89' lang='lat' dir='ltr'><strong>et</strong></span> <span class='ocrx_word' id='word_1_355' title='bbox 888 3307 938 3361; x_wconf 91' lang='lat' dir='ltr'><strong>si</strong></span> <span class='ocrx_word' id='word_1_356' title='bbox 971 3306 1214 3362; x_wconf 88' lang='lat' dir='ltr'><strong>alterius</strong></span> <span class='ocrx_word' id='word_1_357' title='bbox 1271 3308 1503 3378; x_wconf 89' lang='lat' dir='ltr'><strong>generis</strong></span> <span class='ocrx_word' id='word_1_358' title='bbox 1561 3313 1651 3363; x_wconf 89' lang='lat' dir='ltr'><strong>est</strong></span> <span class='ocrx_word' id='word_1_359' title='bbox 1700 3309 1856 3365; x_wconf 89' lang='lat' dir='ltr'><strong>dicta</strong></span> 
     </span>
    </p>
   </div>
   <div class='ocr_carea' id='block_1_52' title="bbox 200 3397 1853 3467">
    <p class='ocr_par' dir='ltr' id='par_1_52' title="bbox 200 3397 1853 3467">
     <span class='ocr_line' id='line_1_52' title="bbox 200 3397 1853 3467; baseline 0.001 -16"><span class='ocrx_word' id='word_1_360' title='bbox 200 3397 557 3465; x_wconf 86' lang='lat' dir='ltr'><strong>differentia,</strong></span> <span class='ocrx_word' id='word_1_361' title='bbox 577 3413 764 3467; x_wconf 91' lang='lat' dir='ltr'><strong>neque</strong></span> <span class='ocrx_word' id='word_1_362' title='bbox 788 3398 1070 3465; x_wconf 89' lang='lat' dir='ltr'><strong>contenti,</strong></span> <span class='ocrx_word' id='word_1_363' title='bbox 1096 3412 1283 3464; x_wconf 90' lang='lat' dir='ltr'><strong>neque</strong></span> <span class='ocrx_word' id='word_1_364' title='bbox 1304 3397 1680 3453; x_wconf 89' lang='lat' dir='ltr'><strong>continentis.</strong></span> <span class='ocrx_word' id='word_1_365' title='bbox 1708 3398 1853 3453; x_wconf 91' lang='lat' dir='ltr'><strong>Nam</strong></span> 
     </span>
    </p>
   </div>
   <div class='ocr_carea' id='block_1_53' title="bbox 203 3485 1854 3557">
    <p class='ocr_par' dir='ltr' id='par_1_53' title="bbox 203 3485 1854 3557">
     <span class='ocr_line' id='line_1_53' title="bbox 203 3485 1854 3557; baseline 0.001 -15"><span class='ocrx_word' id='word_1_366' title='bbox 203 3502 325 3542; x_wconf 82' lang='lat' dir='ltr'><strong>non</strong></span> <span class='ocrx_word' id='word_1_367' title='bbox 340 3486 784 3541; x_wconf 90' lang='lat' dir='ltr'><strong>videtureadem</strong></span> <span class='ocrx_word' id='word_1_368' title='bbox 805 3485 1397 3540; x_wconf 87' lang='lat' dir='ltr'><strong>differentiaduorum</strong></span> <span class='ocrx_word' id='word_1_369' title='bbox 1422 3501 1701 3557; x_wconf 87' lang='lat' dir='ltr'><strong>generum</strong></span> <span class='ocrx_word' id='word_1_370' title='bbox 1724 3504 1854 3543; x_wconf 90' lang='lat' dir='ltr'><strong>esse</strong></span> 
     </span>
    </p>
   </div>
   <div class='ocr_carea' id='block_1_54' title="bbox 204 3574 1854 3642">
    <p class='ocr_par' dir='ltr' id='par_1_54' title="bbox 204 3574 1854 3642">
     <span class='ocr_line' id='line_1_54' title="bbox 204 3574 1854 3642; baseline 0.001 -11"><span class='ocrx_word' id='word_1_371' title='bbox 204 3592 325 3631; x_wconf 84' lang='lat' dir='ltr'><strong>non</strong></span> <span class='ocrx_word' id='word_1_372' title='bbox 354 3576 783 3631; x_wconf 90' lang='lat' dir='ltr'><strong>continentium</strong></span> <span class='ocrx_word' id='word_1_373' title='bbox 808 3590 870 3629; x_wconf 89' lang='lat' dir='ltr'><strong>se</strong></span> <span class='ocrx_word' id='word_1_374' title='bbox 894 3574 1139 3629; x_wconf 86' lang='lat' dir='ltr'><strong>invicem</strong></span> <span class='ocrx_word' id='word_1_375' title='bbox 1169 3593 1181 3642; x_wconf 93' lang='lat'>;</span> <span class='ocrx_word' id='word_1_376' title='bbox 1204 3575 1252 3630; x_wconf 91' lang='lat' dir='ltr'><strong>si</strong></span> <span class='ocrx_word' id='word_1_377' title='bbox 1277 3580 1469 3629; x_wconf 91' lang='lat' dir='ltr'><strong>autem</strong></span> <span class='ocrx_word' id='word_1_378' title='bbox 1493 3593 1604 3631; x_wconf 90' lang='lat' dir='ltr'><strong>non</strong></span> <span class='ocrx_word' id='word_1_379' title='bbox 1629 3577 1854 3633; x_wconf 90' lang='lat' dir='ltr'><strong>accidet</strong></span> 
     </span>
    </p>
   </div>
   <div class='ocr_carea' id='block_1_55' title="bbox 198 3664 1849 3735">
    <p class='ocr_par' dir='ltr' id='par_1_55' title="bbox 198 3664 1849 3735">
     <span class='ocr_line' id='line_1_55' title="bbox 198 3664 1849 3735; baseline 0 -16"><span class='ocrx_word' id='word_1_380' title='bbox 198 3671 260 3720; x_wconf 91' lang='lat' dir='ltr'><strong>et</strong></span> <span class='ocrx_word' id='word_1_381' title='bbox 280 3664 529 3734; x_wconf 87' lang='lat' dir='ltr'><strong>speciem</strong></span> <span class='ocrx_word' id='word_1_382' title='bbox 562 3665 830 3719; x_wconf 89' lang='lat' dir='ltr'><strong>eamdem</strong></span> <span class='ocrx_word' id='word_1_383' title='bbox 866 3664 923 3717; x_wconf 89' lang='lat' dir='ltr'><strong>in</strong></span> <span class='ocrx_word' id='word_1_384' title='bbox 957 3664 1190 3718; x_wconf 86' lang='lat' dir='ltr'><strong>duobus</strong></span> <span class='ocrx_word' id='word_1_385' title='bbox 1222 3665 1537 3735; x_wconf 90' lang='lat' dir='ltr'><strong>generibus</strong></span> <span class='ocrx_word' id='word_1_386' title='bbox 1569 3681 1696 3720; x_wconf 89' lang='lat' dir='ltr'><strong>esse</strong></span> <span class='ocrx_word' id='word_1_387' title='bbox 1737 3682 1849 3721; x_wconf 89' lang='lat' dir='ltr'><strong>non</strong></span> 
     </span>
    </p>
   </div>
   <div class='ocr_carea' id='block_1_56' title="bbox 199 3752 1850 3824">
    <p class='ocr_par' dir='ltr' id='par_1_56' title="bbox 199 3752 1850 3824">
     <span class='ocr_line' id='line_1_56' title="bbox 199 3752 1850 3824; baseline -0.001 -15"><span class='ocrx_word' id='word_1_388' title='bbox 199 3753 646 3809; x_wconf 89' lang='lat' dir='ltr'><strong>continentibus</strong></span> <span class='ocrx_word' id='word_1_389' title='bbox 678 3769 739 3808; x_wconf 90' lang='lat' dir='ltr'><strong>se</strong></span> <span class='ocrx_word' id='word_1_390' title='bbox 793 3752 1042 3807; x_wconf 88' lang='lat' dir='ltr'><strong>invicem</strong></span> <span class='ocrx_word' id='word_1_391' title='bbox 1099 3752 1299 3822; x_wconf 85' lang='lat' dir='ltr'><strong>(infert</strong></span> <span class='ocrx_word' id='word_1_392' title='bbox 1351 3753 1509 3807; x_wconf 88' lang='lat' dir='ltr'><strong>enim</strong></span> <span class='ocrx_word' id='word_1_393' title='bbox 1570 3770 1850 3824; x_wconf 67' lang='lat' dir='ltr'><strong>unaque:-</strong></span> 
     </span>
    </p>
   </div>
   <div class='ocr_carea' id='block_1_57' title="bbox 197 3841 1854 3915">
    <p class='ocr_par' dir='ltr' id='par_1_57' title="bbox 197 3841 1854 3915">
     <span class='ocr_line' id='line_1_57' title="bbox 197 3841 1854 3915; baseline 0 -18"><span class='ocrx_word' id='word_1_394' title='bbox 197 3858 320 3915; x_wconf 89' lang='lat' dir='ltr'><strong>que</strong></span> <span class='ocrx_word' id='word_1_395' title='bbox 335 3842 796 3898; x_wconf 82' lang='lat' dir='ltr'><strong>differentiarum</strong></span> <span class='ocrx_word' id='word_1_396' title='bbox 815 3841 1117 3913; x_wconf 88' lang='lat' dir='ltr'><strong>proprium</strong></span> <span class='ocrx_word' id='word_1_397' title='bbox 1134 3845 1363 3910; x_wconf 87' lang='lat' dir='ltr'><strong>genus),</strong></span> <span class='ocrx_word' id='word_1_398' title='bbox 1384 3847 1446 3896; x_wconf 92' lang='lat' dir='ltr'><strong>ut</strong></span> <span class='ocrx_word' id='word_1_399' title='bbox 1471 3842 1776 3913; x_wconf 88' lang='lat' dir='ltr'><strong>gressibile</strong></span> <span class='ocrx_word' id='word_1_400' title='bbox 1796 3847 1854 3897; x_wconf 89' lang='lat' dir='ltr'><strong>et</strong></span> 
     </span>
    </p>
   </div>
   <div class='ocr_carea' id='block_1_58' title="bbox 196 3929 1852 4002">
    <p class='ocr_par' dir='ltr' id='par_1_58' title="bbox 196 3929 1852 4002">
     <span class='ocr_line' id='line_1_58' title="bbox 196 3929 1852 4002; baseline -0.001 -16"><span class='ocrx_word' id='word_1_401' title='bbox 196 3931 369 4002; x_wconf 77' lang='lat' dir='ltr'><strong>bipes</strong></span> <span class='ocrx_word' id='word_1_402' title='bbox 392 3930 613 3986; x_wconf 86' lang='lat' dir='ltr'><strong>animal</strong></span> <span class='ocrx_word' id='word_1_403' title='bbox 631 3930 964 3985; x_wconf 84' lang='lat' dir='ltr'><strong>coinferunt</strong></span> <span class='ocrx_word' id='word_1_404' title='bbox 993 3946 1209 4000; x_wconf 86' lang='lat' dir='ltr'><strong>;quarc</strong></span> <span class='ocrx_word' id='word_1_405' title='bbox 1229 3929 1365 3984; x_wconf 91' lang='lat' dir='ltr'><strong>side</strong></span> <span class='ocrx_word' id='word_1_406' title='bbox 1388 3946 1503 4000; x_wconf 93' lang='lat' dir='ltr'><strong>quo</strong></span> <span class='ocrx_word' id='word_1_407' title='bbox 1525 3931 1852 3986; x_wconf 89' lang='lat' dir='ltr'><strong>differentia</strong></span> 
     </span>
    </p>
   </div>
   <div class='ocr_carea' id='block_1_59' title="bbox 196 4018 1850 4091">
    <p class='ocr_par' dir='ltr' id='par_1_59' title="bbox 196 4018 1850 4091">
     <span class='ocr_line' id='line_1_59' title="bbox 196 4018 1850 4091; baseline -0.001 -15"><span class='ocrx_word' id='word_1_408' title='bbox 196 4026 258 4076; x_wconf 87' lang='lat' dir='ltr'><strong>et</strong></span> <span class='ocrx_word' id='word_1_409' title='bbox 283 4035 560 4091; x_wconf 86' lang='lat' dir='ltr'><strong>generum</strong></span> <span class='ocrx_word' id='word_1_410' title='bbox 591 4026 927 4090; x_wconf 89' lang='lat' dir='ltr'><strong>utrumque,</strong></span> <span class='ocrx_word' id='word_1_411' title='bbox 945 4018 1316 4073; x_wconf 85' lang='lat' dir='ltr'><strong>manifestum</strong></span> <span class='ocrx_word' id='word_1_412' title='bbox 1344 4020 1548 4089; x_wconf 90' lang='lat' dir='ltr'><strong>utique</strong></span> <span class='ocrx_word' id='word_1_413' title='bbox 1571 4018 1850 4089; x_wconf 88' lang='lat' dir='ltr'><strong>quoniam</strong></span> 
     </span>
    </p>
   </div>
   <div class='ocr_carea' id='block_1_60' title="bbox 198 4106 1851 4179">
    <p class='ocr_par' dir='ltr' id='par_1_60' title="bbox 198 4106 1851 4179">
     <span class='ocr_line' id='line_1_60' title="bbox 198 4106 1851 4179; baseline -0.001 -14"><span class='ocrx_word' id='word_1_414' title='bbox 198 4108 427 4177; x_wconf 89' lang='lat' dir='ltr'><strong>species</strong></span> <span class='ocrx_word' id='word_1_415' title='bbox 450 4110 505 4163; x_wconf 92' lang='lat' dir='ltr'><strong>in</strong></span> <span class='ocrx_word' id='word_1_416' title='bbox 532 4110 763 4163; x_wconf 91' lang='lat' dir='ltr'><strong>duobus</strong></span> <span class='ocrx_word' id='word_1_417' title='bbox 789 4115 909 4162; x_wconf 90' lang='lat' dir='ltr'><strong>erat</strong></span> <span class='ocrx_word' id='word_1_418' title='bbox 931 4107 1247 4179; x_wconf 88' lang='lat' dir='ltr'><strong>generibus</strong></span> <span class='ocrx_word' id='word_1_419' title='bbox 1275 4124 1388 4161; x_wconf 92' lang='lat' dir='ltr'><strong>non</strong></span> <span class='ocrx_word' id='word_1_420' title='bbox 1409 4106 1851 4163; x_wconf 80' lang='lat' dir='ltr'><strong>continentibus</strong></span> 
     </span>
    </p>
   </div>
   <div class='ocr_carea' id='block_1_61' title="bbox 203 4194 1850 4267">
    <p class='ocr_par' dir='ltr' id='par_1_61' title="bbox 203 4194 1850 4267">
     <span class='ocr_line' id='line_1_61' title="bbox 203 4194 1850 4267; baseline -0.002 -13"><span class='ocrx_word' id='word_1_421' title='bbox 203 4214 273 4254; x_wconf 84' lang='lat' dir='ltr'><strong>se</strong></span> <span class='ocrx_word' id='word_1_422' title='bbox 291 4197 559 4253; x_wconf 88' lang='lat' dir='ltr'><strong>invicem.</strong></span> <span class='ocrx_word' id='word_1_423' title='bbox 580 4199 657 4251; x_wconf 82' lang='lat' dir='ltr'><strong>An</strong></span> <span class='ocrx_word' id='word_1_424' title='bbox 674 4212 787 4252; x_wconf 89' lang='lat' dir='ltr'><strong>non</strong></span> <span class='ocrx_word' id='word_1_425' title='bbox 805 4194 1171 4267; x_wconf 90' lang='lat' dir='ltr'><strong>impossibile</strong></span> <span class='ocrx_word' id='word_1_426' title='bbox 1185 4196 1446 4250; x_wconf 91' lang='lat' dir='ltr'><strong>eamdem</strong></span> <span class='ocrx_word' id='word_1_427' title='bbox 1464 4196 1850 4251; x_wconf 90' lang='lat' dir='ltr'><strong>differentiam</strong></span> 
     </span>
    </p>
   </div>
   <div class='ocr_carea' id='block_1_62' title="bbox 200 4285 1849 4358">
    <p class='ocr_par' dir='ltr' id='par_1_62' title="bbox 200 4285 1849 4358">
     <span class='ocr_line' id='line_1_62' title="bbox 200 4285 1849 4358; baseline -0.002 -16"><span class='ocrx_word' id='word_1_428' title='bbox 200 4289 452 4342; x_wconf 91' lang='lat' dir='ltr'><strong>duorum</strong></span> <span class='ocrx_word' id='word_1_429' title='bbox 474 4302 753 4358; x_wconf 89' lang='lat' dir='ltr'><strong>generum</strong></span> <span class='ocrx_word' id='word_1_430' title='bbox 777 4301 906 4340; x_wconf 85' lang='lat' dir='ltr'><strong>esse</strong></span> <span class='ocrx_word' id='word_1_431' title='bbox 921 4302 1033 4339; x_wconf 88' lang='lat' dir='ltr'><strong>non</strong></span> <span class='ocrx_word' id='word_1_432' title='bbox 1050 4285 1477 4339; x_wconf 90' lang='lat' dir='ltr'><strong>continentium</strong></span> <span class='ocrx_word' id='word_1_433' title='bbox 1495 4302 1556 4339; x_wconf 91' lang='lat' dir='ltr'><strong>se</strong></span> <span class='ocrx_word' id='word_1_434' title='bbox 1580 4286 1849 4354; x_wconf 87' lang='lat' dir='ltr'><strong>invicem,</strong></span> 
     </span>
    </p>
   </div>
   <div class='ocr_carea' id='block_1_63' title="bbox 195 4373 1852 4444">
    <p class='ocr_par' dir='ltr' id='par_1_63' title="bbox 195 4373 1852 4444">
     <span class='ocr_line' id='line_1_63' title="bbox 195 4373 1852 4444; baseline -0.002 -13"><span class='ocrx_word' id='word_1_435' title='bbox 195 4377 303 4431; x_wconf 87' lang='lat' dir='ltr'><strong>sed</strong></span> <span class='ocrx_word' id='word_1_436' title='bbox 326 4375 657 4431; x_wconf 90' lang='lat' dir='ltr'><strong>addendum</strong></span> <span class='ocrx_word' id='word_1_437' title='bbox 681 4391 867 4444; x_wconf 85' lang='lat' dir='ltr'><strong>neque.</strong></span> <span class='ocrx_word' id='word_1_438' title='bbox 890 4378 1136 4443; x_wconf 88' lang='lat' dir='ltr'><strong>utroque</strong></span> <span class='ocrx_word' id='word_1_439' title='bbox 1158 4374 1269 4426; x_wconf 90' lang='lat' dir='ltr'><strong>sub</strong></span> <span class='ocrx_word' id='word_1_440' title='bbox 1289 4373 1489 4427; x_wconf 88' lang='lat' dir='ltr'><strong>eodem</strong></span> <span class='ocrx_word' id='word_1_441' title='bbox 1516 4374 1804 4429; x_wconf 84' lang='lat' dir='ltr'><strong>existente</strong></span> <span class='ocrx_word' id='word_1_442' title='bbox 1825 4373 1852 4427; x_wconf 73' lang='lat' dir='ltr'><strong>‘I</strong></span> 
     </span>
    </p>
   </div>
   <div class='ocr_carea' id='block_1_64' title="bbox 1972 1791 3623 1870">
    <p class='ocr_par' dir='ltr' id='par_1_64' title="bbox 1972 1791 3623 1870">
     <span class='ocr_line' id='line_1_64' title="bbox 1972 1791 3623 1870; baseline 0.006 -25"><span class='ocrx_word' id='word_1_443' title='bbox 1972 1791 2133 1846; x_wconf 89' lang='lat' dir='ltr'><strong>illius</strong></span> <span class='ocrx_word' id='word_1_444' title='bbox 2165 1799 2272 1847; x_wconf 90' lang='lat' dir='ltr'><strong>est.</strong></span> <span class='ocrx_word' id='word_1_445' title='bbox 2297 1792 2438 1849; x_wconf 87' lang='lat' dir='ltr'><strong>Nam</strong></span> <span class='ocrx_word' id='word_1_446' title='bbox 2473 1795 2673 1848; x_wconf 89' lang='lat' dir='ltr'><strong>omnia</strong></span> <span class='ocrx_word' id='word_1_447' title='bbox 2707 1794 3045 1864; x_wconf 84' lang='lat' dir='ltr'><strong>hujusmodi</strong></span> <span class='ocrx_word' id='word_1_448' title='bbox 3078 1813 3212 1851; x_wconf 90' lang='lat' dir='ltr'><strong>cum</strong></span> <span class='ocrx_word' id='word_1_449' title='bbox 3239 1800 3623 1870; x_wconf 82' lang='lat' dir='ltr'><strong>magistiunt,</strong></span> 
     </span>
    </p>
   </div>
   <div class='ocr_carea' id='block_1_65' title="bbox 1972 1880 3618 1957">
    <p class='ocr_par' dir='ltr' id='par_1_65' title="bbox 1972 1880 3618 1957">
     <span class='ocr_line' id='line_1_65' title="bbox 1972 1880 3618 1957; baseline 0.006 -23"><span class='ocrx_word' id='word_1_450' title='bbox 1972 1880 2333 1936; x_wconf 89' lang='lat' dir='ltr'><strong>detrahunta</strong></span> <span class='ocrx_word' id='word_1_451' title='bbox 2352 1882 2685 1937; x_wconf 84' lang='lat' dir='ltr'><strong>substantia</strong></span> <span class='ocrx_word' id='word_1_452' title='bbox 2705 1903 2719 1951; x_wconf 86' lang='lat'><strong>;</strong></span> <span class='ocrx_word' id='word_1_453' title='bbox 2736 1900 2915 1954; x_wconf 90' lang='lat' dir='ltr'><strong>quare</strong></span> <span class='ocrx_word' id='word_1_454' title='bbox 2929 1884 2977 1939; x_wconf 89' lang='lat' dir='ltr'><strong>si</strong></span> <span class='ocrx_word' id='word_1_455' title='bbox 3000 1884 3256 1956; x_wconf 87' lang='lat' dir='ltr'><strong>aliquam</strong></span> <span class='ocrx_word' id='word_1_456' title='bbox 3275 1886 3618 1957; x_wconf 88' lang='lat' dir='ltr'><strong>hujusmodi</strong></span> 
     </span>
    </p>
   </div>
   <div class='ocr_carea' id='block_1_66' title="bbox 1972 1970 3618 2048">
    <p class='ocr_par' dir='ltr' id='par_1_66' title="bbox 1972 1970 3618 2048">
     <span class='ocr_line' id='line_1_66' title="bbox 1972 1970 3618 2048; baseline 0.005 -25"><span class='ocrx_word' id='word_1_457' title='bbox 1972 1970 2359 2025; x_wconf 86' lang='lat' dir='ltr'><strong>differentiam</strong></span> <span class='ocrx_word' id='word_1_458' title='bbox 2385 1970 2678 2042; x_wconf 90' lang='lat' dir='ltr'><strong>quispiam</strong></span> <span class='ocrx_word' id='word_1_459' title='bbox 2705 1972 3046 2044; x_wconf 86' lang='lat' dir='ltr'><strong>assignavit,</strong></span> <span class='ocrx_word' id='word_1_460' title='bbox 3070 1978 3363 2045; x_wconf 88' lang='lat' dir='ltr'><strong>peccavit:</strong></span> <span class='ocrx_word' id='word_1_461' title='bbox 3390 1978 3618 2048; x_wconf 89' lang='lat' dir='ltr'><strong>simpli-</strong></span> 
     </span>
    </p>
   </div>
   <div class='ocr_carea' id='block_1_67' title="bbox 1969 2058 3621 2123">
    <p class='ocr_par' dir='ltr' id='par_1_67' title="bbox 1969 2058 3621 2123">
     <span class='ocr_line' id='line_1_67' title="bbox 1969 2058 3621 2123; baseline 0.007 -11"><span class='ocrx_word' id='word_1_462' title='bbox 1969 2058 2113 2113; x_wconf 90' lang='lat' dir='ltr'><strong>citer</strong></span> <span class='ocrx_word' id='word_1_463' title='bbox 2142 2060 2298 2113; x_wconf 90' lang='lat' dir='ltr'><strong>enim</strong></span> <span class='ocrx_word' id='word_1_464' title='bbox 2336 2076 2449 2114; x_wconf 89' lang='lat' dir='ltr'><strong>non</strong></span> <span class='ocrx_word' id='word_1_465' title='bbox 2475 2061 2797 2115; x_wconf 89' lang='lat' dir='ltr'><strong>alteramur</strong></span> <span class='ocrx_word' id='word_1_466' title='bbox 2815 2064 3139 2117; x_wconf 88' lang='lat' dir='ltr'><strong>secundum</strong></span> <span class='ocrx_word' id='word_1_467' title='bbox 3156 2065 3621 2123; x_wconf 87' lang='lat' dir='ltr'><strong>differentias.Et</strong></span> 
     </span>
    </p>
   </div>
   <div class='ocr_carea' id='block_1_68' title="bbox 1968 2147 3619 2222">
    <p class='ocr_par' dir='ltr' id='par_1_68' title="bbox 1968 2147 3619 2222">
     <span class='ocr_line' id='line_1_68' title="bbox 1968 2147 3619 2222; baseline 0.006 -21"><span class='ocrx_word' id='word_1_468' title='bbox 1968 2147 2016 2201; x_wconf 92' lang='lat' dir='ltr'><strong>si</strong></span> <span class='ocrx_word' id='word_1_469' title='bbox 2053 2147 2303 2218; x_wconf 87' lang='lat' dir='ltr'><strong>alicujus</strong></span> <span class='ocrx_word' id='word_1_470' title='bbox 2332 2166 2533 2204; x_wconf 90' lang='lat' dir='ltr'><strong>eorum</strong></span> <span class='ocrx_word' id='word_1_471' title='bbox 2569 2167 2696 2221; x_wconf 66' lang='lat' dir='ltr'><strong>quae</strong></span> <span class='ocrx_word' id='word_1_472' title='bbox 2728 2156 2869 2205; x_wconf 91' lang='lat' dir='ltr'><strong>sunt</strong></span> <span class='ocrx_word' id='word_1_473' title='bbox 2899 2152 2968 2205; x_wconf 88' lang='lat' dir='ltr'><strong>ad</strong></span> <span class='ocrx_word' id='word_1_474' title='bbox 3013 2152 3254 2222; x_wconf 89' lang='lat' dir='ltr'><strong>aliquid,</strong></span> <span class='ocrx_word' id='word_1_475' title='bbox 3288 2171 3399 2209; x_wconf 91' lang='lat' dir='ltr'><strong>non</strong></span> <span class='ocrx_word' id='word_1_476' title='bbox 3461 2156 3619 2211; x_wconf 89' lang='lat' dir='ltr'><strong>aliud</strong></span> 
     </span>
    </p>
   </div>
   <div class='ocr_carea' id='block_1_69' title="bbox 1968 2236 3623 2313">
    <p class='ocr_par' dir='ltr' id='par_1_69' title="bbox 1968 2236 3623 2313">
     <span class='ocr_line' id='line_1_69' title="bbox 1968 2236 3623 2313; baseline 0.006 -24"><span class='ocrx_word' id='word_1_477' title='bbox 1968 2236 2129 2307; x_wconf 91' lang='lat' dir='ltr'><strong>quid.</strong></span> <span class='ocrx_word' id='word_1_478' title='bbox 2149 2237 2540 2292; x_wconf 89' lang='lat' dir='ltr'><strong>differentiam</strong></span> <span class='ocrx_word' id='word_1_479' title='bbox 2578 2239 2923 2309; x_wconf 88' lang='lat' dir='ltr'><strong>assignavit.</strong></span> <span class='ocrx_word' id='word_1_480' title='bbox 2942 2243 3085 2294; x_wconf 88' lang='lat' dir='ltr'><strong>Nam</strong></span> <span class='ocrx_word' id='word_1_481' title='bbox 3112 2257 3310 2296; x_wconf 91' lang='lat' dir='ltr'><strong>eorum</strong></span> <span class='ocrx_word' id='word_1_482' title='bbox 3336 2260 3463 2313; x_wconf 87' lang='lat' dir='ltr'><strong>quae</strong></span> <span class='ocrx_word' id='word_1_483' title='bbox 3486 2249 3623 2300; x_wconf 84' lang='lat' dir='ltr'><strong>sunt</strong></span> 
     </span>
    </p>
   </div>
   <div class='ocr_carea' id='block_1_70' title="bbox 1968 2325 3615 2400">
    <p class='ocr_par' dir='ltr' id='par_1_70' title="bbox 1968 2325 3615 2400">
     <span class='ocr_line' id='line_1_70' title="bbox 1968 2325 3615 2400; baseline 0.007 -21"><span class='ocrx_word' id='word_1_484' title='bbox 1968 2327 2036 2379; x_wconf 84' lang='lat' dir='ltr'><strong>ad</strong></span> <span class='ocrx_word' id='word_1_485' title='bbox 2071 2325 2389 2396; x_wconf 88' lang='lat' dir='ltr'><strong>aliquid,et</strong></span> <span class='ocrx_word' id='word_1_486' title='bbox 2419 2326 2758 2380; x_wconf 59' lang='lat' dir='ltr'><strong>differentia;</strong></span> <span class='ocrx_word' id='word_1_487' title='bbox 2784 2329 2853 2382; x_wconf 90' lang='lat' dir='ltr'><strong>ad</strong></span> <span class='ocrx_word' id='word_1_488' title='bbox 2889 2329 3127 2400; x_wconf 83' lang='lat' dir='ltr'><strong>aliquid,</strong></span> <span class='ocrx_word' id='word_1_489' title='bbox 3161 2338 3223 2386; x_wconf 93' lang='lat' dir='ltr'><strong>ut</strong></span> <span class='ocrx_word' id='word_1_490' title='bbox 3252 2337 3310 2386; x_wconf 89' lang='lat' dir='ltr'><strong>et</strong></span> <span class='ocrx_word' id='word_1_491' title='bbox 3342 2334 3397 2387; x_wconf 89' lang='lat' dir='ltr'><strong>in</strong></span> <span class='ocrx_word' id='word_1_492' title='bbox 3432 2333 3615 2390; x_wconf 87' lang='lat' dir='ltr'><strong>disci-</strong></span> 
     </span>
    </p>
   </div>
   <div class='ocr_carea' id='block_1_71' title="bbox 1966 2413 3619 2485">
    <p class='ocr_par' dir='ltr' id='par_1_71' title="bbox 1966 2413 3619 2485">
     <span class='ocr_line' id='line_1_71' title="bbox 1966 2413 3619 2485; baseline 0.007 -18"><span class='ocrx_word' id='word_1_493' title='bbox 1966 2413 2155 2484; x_wconf 83' lang='lat' dir='ltr'><strong>plina;</strong></span> <span class='ocrx_word' id='word_1_494' title='bbox 2188 2414 2643 2485; x_wconf 88' lang='lat' dir='ltr'><strong>contemplativa</strong></span> <span class='ocrx_word' id='word_1_495' title='bbox 2664 2416 2841 2485; x_wconf 91' lang='lat' dir='ltr'><strong>enim,</strong></span> <span class='ocrx_word' id='word_1_496' title='bbox 2868 2426 2919 2471; x_wconf 89' lang='lat' dir='ltr'><strong>el</strong></span> <span class='ocrx_word' id='word_1_497' title='bbox 2943 2420 3129 2473; x_wconf 89' lang='lat' dir='ltr'><strong>activa</strong></span> <span class='ocrx_word' id='word_1_498' title='bbox 3156 2426 3211 2473; x_wconf 91' lang='lat' dir='ltr'><strong>et</strong></span> <span class='ocrx_word' id='word_1_499' title='bbox 3234 2422 3496 2477; x_wconf 87' lang='lat' dir='ltr'><strong>effectiva</strong></span> <span class='ocrx_word' id='word_1_500' title='bbox 3528 2423 3619 2477; x_wconf 89' lang='lat' dir='ltr'><strong>di-</strong></span> 
     </span>
    </p>
   </div>
   <div class='ocr_carea' id='block_1_72' title="bbox 1965 2502 3613 2584">
    <p class='ocr_par' dir='ltr' id='par_1_72' title="bbox 1965 2502 3613 2584">
     <span class='ocr_line' id='line_1_72' title="bbox 1965 2502 3613 2584; baseline 0.008 -29"><span class='ocrx_word' id='word_1_501' title='bbox 1965 2502 2608 2574; x_wconf 85' lang='lat' dir='ltr'><strong>citur,unumquodqne</strong></span> <span class='ocrx_word' id='word_1_502' title='bbox 2622 2510 2816 2560; x_wconf 84' lang='lat' dir='ltr'><strong>autem</strong></span> <span class='ocrx_word' id='word_1_503' title='bbox 2840 2506 3046 2561; x_wconf 90' lang='lat' dir='ltr'><strong>borum</strong></span> <span class='ocrx_word' id='word_1_504' title='bbox 3063 2510 3133 2563; x_wconf 92' lang='lat' dir='ltr'><strong>ad</strong></span> <span class='ocrx_word' id='word_1_505' title='bbox 3150 2508 3371 2580; x_wconf 92' lang='lat' dir='ltr'><strong>aliquid</strong></span> <span class='ocrx_word' id='word_1_506' title='bbox 3390 2513 3613 2584; x_wconf 85' lang='lat' dir='ltr'><strong>signiﬁ-</strong></span> 
     </span>
    </p>
   </div>
   <div class='ocr_carea' id='block_1_73' title="bbox 1964 2592 3617 2672">
    <p class='ocr_par' dir='ltr' id='par_1_73' title="bbox 1964 2592 3617 2672">
     <span class='ocr_line' id='line_1_73' title="bbox 1964 2592 3617 2672; baseline 0.008 -28"><span class='ocrx_word' id='word_1_507' title='bbox 1964 2596 2094 2645; x_wconf 88' lang='lat' dir='ltr'><strong>cat:</strong></span> <span class='ocrx_word' id='word_1_508' title='bbox 2123 2592 2572 2663; x_wconf 86' lang='lat' dir='ltr'><strong>contemplativa</strong></span> <span class='ocrx_word' id='word_1_509' title='bbox 2589 2594 2743 2648; x_wconf 89' lang='lat' dir='ltr'><strong>enim</strong></span> <span class='ocrx_word' id='word_1_510' title='bbox 2764 2594 3040 2665; x_wconf 90' lang='lat' dir='ltr'><strong>alicujus,</strong></span> <span class='ocrx_word' id='word_1_511' title='bbox 3062 2602 3119 2651; x_wconf 91' lang='lat' dir='ltr'><strong>et</strong></span> <span class='ocrx_word' id='word_1_512' title='bbox 3140 2598 3324 2653; x_wconf 88' lang='lat' dir='ltr'><strong>activa</strong></span> <span class='ocrx_word' id='word_1_513' title='bbox 3342 2600 3617 2672; x_wconf 88' lang='lat' dir='ltr'><strong>alicujus,</strong></span> 
     </span>
    </p>
   </div>
   <div class='ocr_carea' id='block_1_74' title="bbox 1962 2680 3616 2750">
    <p class='ocr_par' dir='ltr' id='par_1_74' title="bbox 1962 2680 3616 2750">
     <span class='ocr_line' id='line_1_74' title="bbox 1962 2680 3616 2750; baseline 0.005 -15"><span class='ocrx_word' id='word_1_514' title='bbox 1962 2684 2022 2735; x_wconf 84' lang='lat' dir='ltr'><strong>et</strong></span> <span class='ocrx_word' id='word_1_515' title='bbox 2052 2680 2317 2735; x_wconf 86' lang='lat' dir='ltr'><strong>effectiva</strong></span> <span class='ocrx_word' id='word_1_516' title='bbox 2342 2682 3127 2750; x_wconf 85' lang='lat' dir='ltr'><strong>alicujus.Considerandum</strong></span> <span class='ocrx_word' id='word_1_517' title='bbox 3151 2694 3345 2741; x_wconf 88' lang='lat' dir='ltr'><strong>autem</strong></span> <span class='ocrx_word' id='word_1_518' title='bbox 3380 2694 3435 2742; x_wconf 91' lang='lat' dir='ltr'><strong>et</strong></span> <span class='ocrx_word' id='word_1_519' title='bbox 3466 2690 3514 2743; x_wconf 90' lang='lat' dir='ltr'><strong>si</strong></span> <span class='ocrx_word' id='word_1_520' title='bbox 3548 2692 3616 2744; x_wconf 92' lang='lat' dir='ltr'><strong>ad</strong></span> 
     </span>
    </p>
   </div>
   <div class='ocr_carea' id='block_1_75' title="bbox 1966 2770 3617 2846">
    <p class='ocr_par' dir='ltr' id='par_1_75' title="bbox 1966 2770 3617 2846">
     <span class='ocr_line' id='line_1_75' title="bbox 1966 2770 3617 2846; baseline 0.007 -24"><span class='ocrx_word' id='word_1_521' title='bbox 1966 2770 2119 2838; x_wconf 93' lang='lat' dir='ltr'><strong>quod</strong></span> <span class='ocrx_word' id='word_1_522' title='bbox 2158 2778 2358 2823; x_wconf 89' lang='lat' dir='ltr'><strong>natum</strong></span> <span class='ocrx_word' id='word_1_523' title='bbox 2393 2776 2482 2824; x_wconf 90' lang='lat' dir='ltr'><strong>cst</strong></span> <span class='ocrx_word' id='word_1_524' title='bbox 2517 2772 2984 2842; x_wconf 90' lang='lat' dir='ltr'><strong>unumquodque</strong></span> <span class='ocrx_word' id='word_1_525' title='bbox 3007 2790 3208 2829; x_wconf 90' lang='lat' dir='ltr'><strong>eorum</strong></span> <span class='ocrx_word' id='word_1_526' title='bbox 3235 2792 3361 2846; x_wconf 63' lang='lat' dir='ltr'><strong>quae</strong></span> <span class='ocrx_word' id='word_1_527' title='bbox 3386 2782 3527 2832; x_wconf 86' lang='lat' dir='ltr'><strong>sunt</strong></span> <span class='ocrx_word' id='word_1_528' title='bbox 3546 2780 3617 2833; x_wconf 88' lang='lat' dir='ltr'><strong>ad</strong></span> 
     </span>
    </p>
   </div>
   <div class='ocr_carea' id='block_1_76' title="bbox 1962 2855 3618 2938">
    <p class='ocr_par' dir='ltr' id='par_1_76' title="bbox 1962 2855 3618 2938">
     <span class='ocr_line' id='line_1_76' title="bbox 1962 2855 3618 2938; baseline 0.005 -26"><span class='ocrx_word' id='word_1_529' title='bbox 1962 2855 2200 2926; x_wconf 77' lang='lat' dir='ltr'><strong>aliquid,</strong></span> <span class='ocrx_word' id='word_1_530' title='bbox 2221 2858 2540 2928; x_wconf 83' lang='lat' dir='ltr'><strong>assignavit</strong></span> <span class='ocrx_word' id='word_1_531' title='bbox 2561 2858 2869 2914; x_wconf 84' lang='lat' dir='ltr'><strong>definiens.</strong></span> <span class='ocrx_word' id='word_1_532' title='bbox 2888 2860 3032 2916; x_wconf 87' lang='lat' dir='ltr'><strong>Nam</strong></span> <span class='ocrx_word' id='word_1_533' title='bbox 3052 2864 3105 2916; x_wconf 90' lang='lat' dir='ltr'><strong>in</strong></span> <span class='ocrx_word' id='word_1_534' title='bbox 3124 2864 3476 2934; x_wconf 74' lang='lat' dir='ltr'><strong>quibusdam</strong></span> <span class='ocrx_word' id='word_1_535' title='bbox 3494 2870 3618 2938; x_wconf 87' lang='lat' dir='ltr'><strong>qui-</strong></span> 
     </span>
    </p>
   </div>
   <div class='ocr_carea' id='block_1_77' title="bbox 1962 2946 3613 3024">
    <p class='ocr_par' dir='ltr' id='par_1_77' title="bbox 1962 2946 3613 3024">
     <span class='ocr_line' id='line_1_77' title="bbox 1962 2946 3613 3024; baseline 0.007 -24"><span class='ocrx_word' id='word_1_536' title='bbox 1962 2946 2116 3013; x_wconf 88' lang='lat' dir='ltr'><strong>dem,</strong></span> <span class='ocrx_word' id='word_1_537' title='bbox 2144 2947 2215 3001; x_wconf 91' lang='lat' dir='ltr'><strong>ad</strong></span> <span class='ocrx_word' id='word_1_538' title='bbox 2240 2948 2395 3018; x_wconf 88' lang='lat' dir='ltr'><strong>quod</strong></span> <span class='ocrx_word' id='word_1_539' title='bbox 2428 2952 2633 3001; x_wconf 89' lang='lat' dir='ltr'><strong>uatum</strong></span> <span class='ocrx_word' id='word_1_540' title='bbox 2667 2954 2755 3002; x_wconf 92' lang='lat' dir='ltr'><strong>est</strong></span> <span class='ocrx_word' id='word_1_541' title='bbox 2781 2949 3081 3021; x_wconf 88' lang='lat' dir='ltr'><strong>singulum</strong></span> <span class='ocrx_word' id='word_1_542' title='bbox 3107 2954 3381 3024; x_wconf 91' lang='lat' dir='ltr'><strong>quodque</strong></span> <span class='ocrx_word' id='word_1_543' title='bbox 3410 2971 3613 3011; x_wconf 87' lang='lat' dir='ltr'><strong>eorum</strong></span> 
     </span>
    </p>
   </div>
   <div class='ocr_carea' id='block_1_78' title="bbox 1962 3035 3615 3107">
    <p class='ocr_par' dir='ltr' id='par_1_78' title="bbox 1962 3035 3615 3107">
     <span class='ocr_line' id='line_1_78' title="bbox 1962 3035 3615 3107; baseline 0.007 -19"><span class='ocrx_word' id='word_1_544' title='bbox 1962 3051 2089 3105; x_wconf 66' lang='lat' dir='ltr'><strong>quae</strong></span> <span class='ocrx_word' id='word_1_545' title='bbox 2112 3041 2251 3090; x_wconf 89' lang='lat' dir='ltr'><strong>sunt</strong></span> <span class='ocrx_word' id='word_1_546' title='bbox 2281 3036 2351 3090; x_wconf 94' lang='lat' dir='ltr'><strong>ad</strong></span> <span class='ocrx_word' id='word_1_547' title='bbox 2386 3035 2630 3107; x_wconf 89' lang='lat' dir='ltr'><strong>aliquid,</strong></span> <span class='ocrx_word' id='word_1_548' title='bbox 2655 3035 2843 3092; x_wconf 87' lang='lat' dir='ltr'><strong>solum</strong></span> <span class='ocrx_word' id='word_1_549' title='bbox 2876 3043 2961 3094; x_wconf 91' lang='lat' dir='ltr'><strong>est</strong></span> <span class='ocrx_word' id='word_1_550' title='bbox 2987 3040 3093 3105; x_wconf 92' lang='lat' dir='ltr'><strong>uti,</strong></span> <span class='ocrx_word' id='word_1_551' title='bbox 3118 3042 3190 3095; x_wconf 91' lang='lat' dir='ltr'><strong>ad</strong></span> <span class='ocrx_word' id='word_1_552' title='bbox 3225 3041 3382 3096; x_wconf 91' lang='lat' dir='ltr'><strong>aliud</strong></span> <span class='ocrx_word' id='word_1_553' title='bbox 3417 3048 3615 3100; x_wconf 85' lang='lat' dir='ltr'><strong>autem</strong></span> 
     </span>
    </p>
   </div>
   <div class='ocr_carea' id='block_1_79' title="bbox 1969 3123 3613 3199">
    <p class='ocr_par' dir='ltr' id='par_1_79' title="bbox 1969 3123 3613 3199">
     <span class='ocr_line' id='line_1_79' title="bbox 1969 3123 3613 3199; baseline 0.007 -23"><span class='ocrx_word' id='word_1_554' title='bbox 1969 3123 2137 3192; x_wconf 89' lang='lat' dir='ltr'><strong>nihil,</strong></span> <span class='ocrx_word' id='word_1_555' title='bbox 2155 3129 2219 3178; x_wconf 90' lang='lat' dir='ltr'><strong>ut</strong></span> <span class='ocrx_word' id='word_1_556' title='bbox 2238 3124 2363 3179; x_wconf 85' lang='lat' dir='ltr'><strong>visu</strong></span> <span class='ocrx_word' id='word_1_557' title='bbox 2380 3126 2451 3179; x_wconf 91' lang='lat' dir='ltr'><strong>ad</strong></span> <span class='ocrx_word' id='word_1_558' title='bbox 2469 3125 2787 3181; x_wconf 90' lang='lat' dir='ltr'><strong>videndum</strong></span> <span class='ocrx_word' id='word_1_559' title='bbox 2806 3127 2995 3182; x_wconf 91' lang='lat' dir='ltr'><strong>solum</strong></span> <span class='ocrx_word' id='word_1_560' title='bbox 3014 3129 3397 3199; x_wconf 84' lang='lat' dir='ltr'><strong>;quibusdam</strong></span> <span class='ocrx_word' id='word_1_561' title='bbox 3416 3139 3613 3189; x_wconf 89' lang='lat' dir='ltr'><strong>autem</strong></span> 
     </span>
    </p>
   </div>
   <div class='ocr_carea' id='block_1_80' title="bbox 1966 3212 3615 3289">
    <p class='ocr_par' dir='ltr' id='par_1_80' title="bbox 1966 3212 3615 3289">
     <span class='ocr_line' id='line_1_80' title="bbox 1966 3212 3615 3289; baseline 0.006 -23"><span class='ocrx_word' id='word_1_562' title='bbox 1966 3216 2023 3267; x_wconf 88' lang='lat' dir='ltr'><strong>et</strong></span> <span class='ocrx_word' id='word_1_563' title='bbox 2045 3212 2116 3266; x_wconf 88' lang='lat' dir='ltr'><strong>ad</strong></span> <span class='ocrx_word' id='word_1_564' title='bbox 2141 3212 2355 3283; x_wconf 88' lang='lat' dir='ltr'><strong>aliquid</strong></span> <span class='ocrx_word' id='word_1_565' title='bbox 2383 3214 2561 3283; x_wconf 90' lang='lat' dir='ltr'><strong>aliud,</strong></span> <span class='ocrx_word' id='word_1_566' title='bbox 2594 3219 2657 3268; x_wconf 91' lang='lat' dir='ltr'><strong>ut</strong></span> <span class='ocrx_word' id='word_1_567' title='bbox 2686 3215 2840 3269; x_wconf 91' lang='lat' dir='ltr'><strong>dolio</strong></span> <span class='ocrx_word' id='word_1_568' title='bbox 2862 3233 3002 3270; x_wconf 89' lang='lat' dir='ltr'><strong>sane</strong></span> <span class='ocrx_word' id='word_1_569' title='bbox 3020 3216 3251 3272; x_wconf 88' lang='lat' dir='ltr'><strong>hauriat</strong></span> <span class='ocrx_word' id='word_1_570' title='bbox 3274 3218 3615 3289; x_wconf 89' lang='lat' dir='ltr'><strong>aliquis,at-</strong></span> 
     </span>
    </p>
   </div>
   <div class='ocr_carea' id='block_1_81' title="bbox 1966 3302 3613 3373">
    <p class='ocr_par' dir='ltr' id='par_1_81' title="bbox 1966 3302 3613 3373">
     <span class='ocr_line' id='line_1_81' title="bbox 1966 3302 3613 3373; baseline 0.007 -19"><span class='ocrx_word' id='word_1_571' title='bbox 1966 3304 2161 3355; x_wconf 88' lang='lat' dir='ltr'><strong>tamen</strong></span> <span class='ocrx_word' id='word_1_572' title='bbox 2195 3302 2245 3355; x_wconf 90' lang='lat' dir='ltr'><strong>si</strong></span> <span class='ocrx_word' id='word_1_573' title='bbox 2279 3302 2413 3373; x_wconf 92' lang='lat' dir='ltr'><strong>quis</strong></span> <span class='ocrx_word' id='word_1_574' title='bbox 2445 3303 2708 3358; x_wconf 88' lang='lat' dir='ltr'><strong>deﬁnivit</strong></span> <span class='ocrx_word' id='word_1_575' title='bbox 2739 3304 2987 3369; x_wconf 85' lang='lat' dir='ltr'><strong>dolium,</strong></span> <span class='ocrx_word' id='word_1_576' title='bbox 3030 3306 3489 3363; x_wconf 87' lang='lat' dir='ltr'><strong>instrumentum</strong></span> <span class='ocrx_word' id='word_1_577' title='bbox 3541 3312 3613 3366; x_wconf 92' lang='lat' dir='ltr'><strong>ad</strong></span> 
     </span>
    </p>
   </div>
   <div class='ocr_carea' id='block_1_82' title="bbox 1969 3388 3610 3460">
    <p class='ocr_par' dir='ltr' id='par_1_82' title="bbox 1969 3388 3610 3460">
     <span class='ocr_line' id='line_1_82' title="bbox 1969 3388 3610 3460; baseline 0.006 -18"><span class='ocrx_word' id='word_1_578' title='bbox 1969 3388 2382 3456; x_wconf 86' lang='lat' dir='ltr'><strong>hauriendum,</strong></span> <span class='ocrx_word' id='word_1_579' title='bbox 2401 3392 2828 3460; x_wconf 87' lang='lat' dir='ltr'><strong>peccavit,nom</strong></span> <span class='ocrx_word' id='word_1_580' title='bbox 2854 3392 3009 3447; x_wconf 91' lang='lat' dir='ltr'><strong>enim</strong></span> <span class='ocrx_word' id='word_1_581' title='bbox 3037 3396 3104 3448; x_wconf 92' lang='lat' dir='ltr'><strong>ad</strong></span> <span class='ocrx_word' id='word_1_582' title='bbox 3126 3395 3236 3451; x_wconf 87' lang='lat' dir='ltr'><strong>hoc</strong></span> <span class='ocrx_word' id='word_1_583' title='bbox 3260 3402 3463 3451; x_wconf 89' lang='lat' dir='ltr'><strong>natum</strong></span> <span class='ocrx_word' id='word_1_584' title='bbox 3490 3403 3610 3453; x_wconf 90' lang='lat' dir='ltr'><strong>est:</strong></span> 
     </span>
    </p>
   </div>
   <div class='ocr_carea' id='block_1_83' title="bbox 1964 3477 3611 3558">
    <p class='ocr_par' dir='ltr' id='par_1_83' title="bbox 1964 3477 3611 3558">
     <span class='ocr_line' id='line_1_83' title="bbox 1964 3477 3611 3558; baseline 0.007 -27"><span class='ocrx_word' id='word_1_585' title='bbox 1964 3477 2247 3533; x_wconf 88' lang='lat' dir='ltr'><strong>terminus</strong></span> <span class='ocrx_word' id='word_1_586' title='bbox 2280 3484 2473 3533; x_wconf 88' lang='lat' dir='ltr'><strong>autem</strong></span> <span class='ocrx_word' id='word_1_587' title='bbox 2509 3485 2616 3545; x_wconf 89' lang='lat' dir='ltr'><strong>est,</strong></span> <span class='ocrx_word' id='word_1_588' title='bbox 2647 3481 2715 3534; x_wconf 90' lang='lat' dir='ltr'><strong>ad</strong></span> <span class='ocrx_word' id='word_1_589' title='bbox 2751 3483 2906 3551; x_wconf 88' lang='lat' dir='ltr'><strong>quod</strong></span> <span class='ocrx_word' id='word_1_590' title='bbox 2942 3489 3143 3537; x_wconf 89' lang='lat' dir='ltr'><strong>uatum</strong></span> <span class='ocrx_word' id='word_1_591' title='bbox 3191 3491 3298 3552; x_wconf 85' lang='lat' dir='ltr'><strong>est,</strong></span> <span class='ocrx_word' id='word_1_592' title='bbox 3332 3487 3403 3541; x_wconf 91' lang='lat' dir='ltr'><strong>ad</strong></span> <span class='ocrx_word' id='word_1_593' title='bbox 3456 3488 3611 3558; x_wconf 87' lang='lat' dir='ltr'><strong>quod</strong></span> 
     </span>
    </p>
   </div>
   <div class='ocr_carea' id='block_1_84' title="bbox 1965 3568 3616 3644">
    <p class='ocr_par' dir='ltr' id='par_1_84' title="bbox 1965 3568 3616 3644">
     <span class='ocr_line' id='line_1_84' title="bbox 1965 3568 3616 3644; baseline 0.007 -24"><span class='ocrx_word' id='word_1_594' title='bbox 1965 3582 2106 3622; x_wconf 89' lang='lat' dir='ltr'><strong>sane</strong></span> <span class='ocrx_word' id='word_1_595' title='bbox 2126 3568 2309 3622; x_wconf 91' lang='lat' dir='ltr'><strong>utitur</strong></span> <span class='ocrx_word' id='word_1_596' title='bbox 2328 3569 2606 3638; x_wconf 90' lang='lat' dir='ltr'><strong>prudens,</strong></span> <span class='ocrx_word' id='word_1_597' title='bbox 2624 3587 2741 3640; x_wconf 91' lang='lat' dir='ltr'><strong>qua</strong></span> <span class='ocrx_word' id='word_1_598' title='bbox 2774 3573 3052 3640; x_wconf 89' lang='lat' dir='ltr'><strong>prudens,</strong></span> <span class='ocrx_word' id='word_1_599' title='bbox 3078 3578 3279 3644; x_wconf 68' lang='lat' dir='ltr'><strong>etquae</strong></span> <span class='ocrx_word' id='word_1_600' title='bbox 3312 3575 3464 3631; x_wconf 90' lang='lat' dir='ltr'><strong>circa</strong></span> <span class='ocrx_word' id='word_1_601' title='bbox 3487 3577 3616 3631; x_wconf 83' lang='lat' dir='ltr'><strong>sin-</strong></span> 
     </span>
    </p>
   </div>
   <div class='ocr_carea' id='block_1_85' title="bbox 1963 3656 3611 3734">
    <p class='ocr_par' dir='ltr' id='par_1_85' title="bbox 1963 3656 3611 3734">
     <span class='ocr_line' id='line_1_85' title="bbox 1963 3656 3611 3734; baseline 0.007 -24"><span class='ocrx_word' id='word_1_602' title='bbox 1963 3656 2166 3728; x_wconf 89' lang='lat' dir='ltr'><strong>gulum</strong></span> <span class='ocrx_word' id='word_1_603' title='bbox 2201 3659 2476 3727; x_wconf 79' lang='lat' dir='ltr'><strong>querique</strong></span> <span class='ocrx_word' id='word_1_604' title='bbox 2509 3658 2743 3728; x_wconf 89' lang='lat' dir='ltr'><strong>propria</strong></span> <span class='ocrx_word' id='word_1_605' title='bbox 2774 3664 2864 3714; x_wconf 89' lang='lat' dir='ltr'><strong>est</strong></span> <span class='ocrx_word' id='word_1_606' title='bbox 2887 3660 3218 3731; x_wconf 87' lang='lat' dir='ltr'><strong>disciplina.</strong></span> <span class='ocrx_word' id='word_1_607' title='bbox 3244 3664 3534 3734; x_wconf 88' lang='lat' dir='ltr'><strong>Amplius,</strong></span> <span class='ocrx_word' id='word_1_608' title='bbox 3558 3667 3611 3721; x_wconf 90' lang='lat' dir='ltr'><strong>si</strong></span> 
     </span>
    </p>
   </div>
   <div class='ocr_carea' id='block_1_86' title="bbox 1966 3747 3608 3826">
    <p class='ocr_par' dir='ltr' id='par_1_86' title="bbox 1966 3747 3608 3826">
     <span class='ocr_line' id='line_1_86' title="bbox 1966 3747 3608 3826; baseline 0.006 -25"><span class='ocrx_word' id='word_1_609' title='bbox 1966 3764 2081 3802; x_wconf 89' lang='lat' dir='ltr'><strong>non</strong></span> <span class='ocrx_word' id='word_1_610' title='bbox 2107 3747 2275 3817; x_wconf 80' lang='lat' dir='ltr'><strong>primi</strong></span> <span class='ocrx_word' id='word_1_611' title='bbox 2301 3748 2646 3817; x_wconf 85' lang='lat' dir='ltr'><strong>assignavit,</strong></span> <span class='ocrx_word' id='word_1_612' title='bbox 2670 3751 2904 3820; x_wconf 90' lang='lat' dir='ltr'><strong>quando</strong></span> <span class='ocrx_word' id='word_1_613' title='bbox 2927 3751 3212 3823; x_wconf 89' lang='lat' dir='ltr'><strong>contingit</strong></span> <span class='ocrx_word' id='word_1_614' title='bbox 3234 3755 3301 3808; x_wconf 89' lang='lat' dir='ltr'><strong>ad</strong></span> <span class='ocrx_word' id='word_1_615' title='bbox 3324 3754 3495 3826; x_wconf 89' lang='lat' dir='ltr'><strong>plura</strong></span> <span class='ocrx_word' id='word_1_616' title='bbox 3518 3757 3608 3810; x_wconf 91' lang='lat' dir='ltr'><strong>di-</strong></span> 
     </span>
    </p>
   </div>
   <div class='ocr_carea' id='block_1_87' title="bbox 1965 3838 3611 3909">
    <p class='ocr_par' dir='ltr' id='par_1_87' title="bbox 1965 3838 3611 3909">
     <span class='ocr_line' id='line_1_87' title="bbox 1965 3838 3611 3909; baseline 0.005 -18"><span class='ocrx_word' id='word_1_617' title='bbox 1965 3842 2122 3891; x_wconf 91' lang='lat' dir='ltr'><strong>ctum</strong></span> <span class='ocrx_word' id='word_1_618' title='bbox 2147 3853 2296 3903; x_wconf 88' lang='lat' dir='ltr'><strong>esse,</strong></span> <span class='ocrx_word' id='word_1_619' title='bbox 2327 3838 2773 3907; x_wconf 86' lang='lat' dir='ltr'><strong>utprudentiam</strong></span> <span class='ocrx_word' id='word_1_620' title='bbox 2790 3839 3061 3894; x_wconf 89' lang='lat' dir='ltr'><strong>virtutem</strong></span> <span class='ocrx_word' id='word_1_621' title='bbox 3082 3841 3611 3909; x_wconf 87' lang='lat' dir='ltr'><strong>hominis,autani-</strong></span> 
     </span>
    </p>
   </div>
   <div class='ocr_carea' id='block_1_88' title="bbox 1966 3927 3607 3997">
    <p class='ocr_par' dir='ltr' id='par_1_88' title="bbox 1966 3927 3607 3997">
     <span class='ocr_line' id='line_1_88' title="bbox 1966 3927 3607 3997; baseline 0.005 -17"><span class='ocrx_word' id='word_1_622' title='bbox 1966 3942 2094 3990; x_wconf 67' lang='lat' dir='ltr'><strong>mae,</strong></span> <span class='ocrx_word' id='word_1_623' title='bbox 2118 3931 2174 3980; x_wconf 87' lang='lat' dir='ltr'><strong>et</strong></span> <span class='ocrx_word' id='word_1_624' title='bbox 2200 3943 2314 3980; x_wconf 89' lang='lat' dir='ltr'><strong>non</strong></span> <span class='ocrx_word' id='word_1_625' title='bbox 2340 3927 2664 3993; x_wconf 87' lang='lat' dir='ltr'><strong>rationalis,</strong></span> <span class='ocrx_word' id='word_1_626' title='bbox 2693 3927 2947 3997; x_wconf 89' lang='lat' dir='ltr'><strong>primum</strong></span> <span class='ocrx_word' id='word_1_627' title='bbox 2981 3930 3137 3983; x_wconf 89' lang='lat' dir='ltr'><strong>enim</strong></span> <span class='ocrx_word' id='word_1_628' title='bbox 3172 3933 3474 3987; x_wconf 87' lang='lat' dir='ltr'><strong>rationalis</strong></span> <span class='ocrx_word' id='word_1_629' title='bbox 3500 3934 3607 3988; x_wconf 91' lang='lat' dir='ltr'><strong>vir-</strong></span> 
     </span>
    </p>
   </div>
   <div class='ocr_carea' id='block_1_89' title="bbox 1964 4015 3611 4082">
    <p class='ocr_par' dir='ltr' id='par_1_89' title="bbox 1964 4015 3611 4082">
     <span class='ocr_line' id='line_1_89' title="bbox 1964 4015 3611 4082; baseline 0.005 -15"><span class='ocrx_word' id='word_1_630' title='bbox 1964 4017 2081 4079; x_wconf 89' lang='lat' dir='ltr'><strong>tus,</strong></span> <span class='ocrx_word' id='word_1_631' title='bbox 2102 4015 2430 4082; x_wconf 87' lang='lat' dir='ltr'><strong>prudentia,</strong></span> <span class='ocrx_word' id='word_1_632' title='bbox 2454 4031 2587 4069; x_wconf 88' lang='lat' dir='ltr'><strong>nam</strong></span> <span class='ocrx_word' id='word_1_633' title='bbox 2603 4016 2923 4070; x_wconf 80' lang='lat' dir='ltr'><strong>secundum</strong></span> <span class='ocrx_word' id='word_1_634' title='bbox 2950 4016 3059 4070; x_wconf 90' lang='lat' dir='ltr'><strong>hoc</strong></span> <span class='ocrx_word' id='word_1_635' title='bbox 3074 4022 3127 4070; x_wconf 89' lang='lat' dir='ltr'><strong>et</strong></span> <span class='ocrx_word' id='word_1_636' title='bbox 3152 4019 3415 4074; x_wconf 74' lang='lat' dir='ltr'><strong>animast</strong></span> <span class='ocrx_word' id='word_1_637' title='bbox 3438 4021 3611 4077; x_wconf 85' lang='lat' dir='ltr'><strong>homo</strong></span> 
     </span>
    </p>
   </div>
   <div class='ocr_carea' id='block_1_90' title="bbox 1965 4102 3608 4181">
    <p class='ocr_par' dir='ltr' id='par_1_90' title="bbox 1965 4102 3608 4181">
     <span class='ocr_line' id='line_1_90' title="bbox 1965 4102 3608 4181; baseline 0.004 -25"><span class='ocrx_word' id='word_1_638' title='bbox 1965 4102 2182 4181; x_wconf 75' lang='lat' dir='ltr'><strong>dicitur</strong></span> <span class='ocrx_word' id='word_1_639' title='bbox 2214 4104 2495 4172; x_wconf 86' lang='lat' dir='ltr'><strong>prudens.</strong></span> <span class='ocrx_word' id='word_1_640' title='bbox 2529 4104 2818 4173; x_wconf 90' lang='lat' dir='ltr'><strong>Amplius,</strong></span> <span class='ocrx_word' id='word_1_641' title='bbox 2854 4105 2901 4158; x_wconf 90' lang='lat' dir='ltr'><strong>si</strong></span> <span class='ocrx_word' id='word_1_642' title='bbox 2938 4121 3050 4157; x_wconf 91' lang='lat' dir='ltr'><strong>non</strong></span> <span class='ocrx_word' id='word_1_643' title='bbox 3084 4108 3482 4177; x_wconf 80' lang='lat' dir='ltr'><strong>susceptivum</strong></span> <span class='ocrx_word' id='word_1_644' title='bbox 3521 4115 3608 4163; x_wconf 90' lang='lat' dir='ltr'><strong>est</strong></span> 
     </span>
    </p>
   </div>
   <div class='ocr_carea' id='block_1_91' title="bbox 1963 4191 3609 4265">
    <p class='ocr_par' dir='ltr' id='par_1_91' title="bbox 1963 4191 3609 4265">
     <span class='ocr_line' id='line_1_91' title="bbox 1963 4191 3609 4265; baseline 0.004 -19"><span class='ocrx_word' id='word_1_645' title='bbox 1963 4191 2092 4260; x_wconf 83' lang='lat' dir='ltr'><strong>ejus</strong></span> <span class='ocrx_word' id='word_1_646' title='bbox 2114 4193 2282 4261; x_wconf 73' lang='lat' dir='ltr'><strong>cujus.</strong></span> <span class='ocrx_word' id='word_1_647' title='bbox 2298 4193 2329 4245; x_wconf 92' lang='lat' dir='ltr'><strong>d</strong></span> <span class='ocrx_word' id='word_1_648' title='bbox 2344 4192 2513 4246; x_wconf 83' lang='lat' dir='ltr'><strong>icitur</strong></span> <span class='ocrx_word' id='word_1_649' title='bbox 2528 4193 2792 4260; x_wconf 85' lang='lat' dir='ltr'><strong>affectus,</strong></span> <span class='ocrx_word' id='word_1_650' title='bbox 2809 4193 2894 4245; x_wconf 86' lang='lat' dir='ltr'><strong>vel</strong></span> <span class='ocrx_word' id='word_1_651' title='bbox 2914 4192 3243 4263; x_wconf 89' lang='lat' dir='ltr'><strong>dispositio,</strong></span> <span class='ocrx_word' id='word_1_652' title='bbox 3260 4195 3345 4249; x_wconf 90' lang='lat' dir='ltr'><strong>vel</strong></span> <span class='ocrx_word' id='word_1_653' title='bbox 3361 4198 3609 4265; x_wconf 85' lang='lat' dir='ltr'><strong>quodvis</strong></span> 
     </span>
    </p>
   </div>
   <div class='ocr_carea' id='block_1_92' title="bbox 1964 4280 3604 4351">
    <p class='ocr_par' dir='ltr' id='par_1_92' title="bbox 1964 4280 3604 4351">
     <span class='ocr_line' id='line_1_92' title="bbox 1964 4280 3604 4351; baseline 0.003 -17"><span class='ocrx_word' id='word_1_654' title='bbox 1964 4280 2147 4347; x_wconf 90' lang='lat' dir='ltr'><strong>aliud,</strong></span> <span class='ocrx_word' id='word_1_655' title='bbox 2166 4282 2437 4350; x_wconf 87' lang='lat' dir='ltr'><strong>peccavit.</strong></span> <span class='ocrx_word' id='word_1_656' title='bbox 2463 4280 2604 4336; x_wconf 83' lang='lat' dir='ltr'><strong>Nam</strong></span> <span class='ocrx_word' id='word_1_657' title='bbox 2630 4280 2822 4335; x_wconf 90' lang='lat' dir='ltr'><strong>omnis</strong></span> <span class='ocrx_word' id='word_1_658' title='bbox 2845 4281 3148 4351; x_wconf 79' lang='lat' dir='ltr'><strong>dispositio</strong></span> <span class='ocrx_word' id='word_1_659' title='bbox 3172 4283 3252 4337; x_wconf 93' lang='lat' dir='ltr'><strong>vel</strong></span> <span class='ocrx_word' id='word_1_660' title='bbox 3278 4284 3521 4339; x_wconf 86' lang='lat' dir='ltr'><strong>affectus</strong></span> <span class='ocrx_word' id='word_1_661' title='bbox 3545 4286 3604 4339; x_wconf 87' lang='lat' dir='ltr'><strong>in</strong></span> 
     </span>
    </p>
   </div>
   <div class='ocr_carea' id='block_1_93' title="bbox 1965 4368 3602 4445">
    <p class='ocr_par' dir='ltr' id='par_1_93' title="bbox 1965 4368 3602 4445">
     <span class='ocr_line' id='line_1_93' title="bbox 1965 4368 3602 4445; baseline 0.004 -24"><span class='ocrx_word' id='word_1_662' title='bbox 1965 4368 2063 4422; x_wconf 87' lang='lat' dir='ltr'><strong>illo</strong></span> <span class='ocrx_word' id='word_1_663' title='bbox 2099 4375 2270 4423; x_wconf 90' lang='lat' dir='ltr'><strong>natus</strong></span> <span class='ocrx_word' id='word_1_664' title='bbox 2302 4373 2385 4424; x_wconf 85' lang='lat' dir='ltr'><strong>est</strong></span> <span class='ocrx_word' id='word_1_665' title='bbox 2422 4369 2541 4423; x_wconf 85' lang='lat' dir='ltr'><strong>ﬁeri</strong></span> <span class='ocrx_word' id='word_1_666' title='bbox 2579 4370 2751 4439; x_wconf 91' lang='lat' dir='ltr'><strong>cujus</strong></span> <span class='ocrx_word' id='word_1_667' title='bbox 2784 4375 2871 4423; x_wconf 89' lang='lat' dir='ltr'><strong>est</strong></span> <span class='ocrx_word' id='word_1_668' title='bbox 2901 4370 3208 4439; x_wconf 86' lang='lat' dir='ltr'><strong>dispositio</strong></span> <span class='ocrx_word' id='word_1_669' title='bbox 3231 4372 3314 4426; x_wconf 91' lang='lat' dir='ltr'><strong>vel</strong></span> <span class='ocrx_word' id='word_1_670' title='bbox 3340 4374 3602 4445; x_wconf 82' lang='lat' dir='ltr'><strong>affectus,</strong></span> 
     </span>
    </p>
   </div>
   <div class='ocr_carea' id='block_1_94' title="bbox 194 4442 3599 4533">
    <p class='ocr_par' dir='ltr' id='par_1_94' title="bbox 194 4442 3599 4533">
     <span class='ocr_line' id='line_1_94' title="bbox 194 4442 3599 4533; baseline -0.001 -12"><span class='ocrx_word' id='word_1_671' title='bbox 194 4481 337 4521; x_wconf 87' lang='lat' dir='ltr'><strong>nam</strong></span> <span class='ocrx_word' id='word_1_672' title='bbox 357 4462 662 4533; x_wconf 81' lang='lat' dir='ltr'><strong>gressibile</strong></span> <span class='ocrx_word' id='word_1_673' title='bbox 681 4462 897 4518; x_wconf 88' lang='lat' dir='ltr'><strong>animal</strong></span> <span class='ocrx_word' id='word_1_674' title='bbox 922 4461 1224 4517; x_wconf 90' lang='lat' dir='ltr'><strong>etvolatile</strong></span> <span class='ocrx_word' id='word_1_675' title='bbox 1245 4461 1693 4533; x_wconf 88' lang='lat' dir='ltr'><strong>animalgenera</strong></span> <span class='ocrx_word' id='word_1_676' title='bbox 1708 4467 1849 4517; x_wconf 91' lang='lat' dir='ltr'><strong>sunt</strong></span> <span class='ocrx_word' id='word_1_677' title='bbox 1879 4442 1923 4505; x_wconf 81' lang='grc' dir='ltr'><strong>Ῑ)</strong></span> <span class='ocrx_word' id='word_1_678' title='bbox 1959 4462 2020 4511; x_wconf 93' lang='lat' dir='ltr'><strong>ut</strong></span> <span class='ocrx_word' id='word_1_679' title='bbox 2050 4462 2106 4511; x_wconf 91' lang='lat' dir='ltr'><strong>et</strong></span> <span class='ocrx_word' id='word_1_680' title='bbox 2134 4457 2379 4512; x_wconf 87' lang='lat' dir='ltr'><strong>scientia</strong></span> <span class='ocrx_word' id='word_1_681' title='bbox 2413 4458 2469 4511; x_wconf 92' lang='lat' dir='ltr'><strong>in</strong></span> <span class='ocrx_word' id='word_1_682' title='bbox 2502 4458 2720 4527; x_wconf 89' lang='lat' dir='ltr'><strong>anima,</strong></span> <span class='ocrx_word' id='word_1_683' title='bbox 2756 4458 3058 4528; x_wconf 84' lang='lat' dir='ltr'><strong>dispositio</strong></span> <span class='ocrx_word' id='word_1_684' title='bbox 3083 4461 3340 4517; x_wconf 81' lang='lat' dir='ltr'><strong>existens</strong></span> <span class='ocrx_word' id='word_1_685' title='bbox 3368 4464 3599 4523; x_wconf 68' lang='lat' dir='ltr'><strong>animae.</strong></span> 
     </span>
    </p>
   </div>
   <div class='ocr_carea' id='block_1_95' title="bbox 194 4550 1849 4620">
    <p class='ocr_par' dir='ltr' id='par_1_95' title="bbox 194 4550 1849 4620">
     <span class='ocr_line' id='line_1_95' title="bbox 194 4550 1849 4620; baseline -0.002 -11"><span class='ocrx_word' id='word_1_686' title='bbox 194 4570 318 4609; x_wconf 88' lang='lat' dir='ltr'><strong>non</strong></span> <span class='ocrx_word' id='word_1_687' title='bbox 349 4554 707 4609; x_wconf 90' lang='lat' dir='ltr'><strong>continentia</strong></span> <span class='ocrx_word' id='word_1_688' title='bbox 729 4568 790 4607; x_wconf 91' lang='lat' dir='ltr'><strong>se</strong></span> <span class='ocrx_word' id='word_1_689' title='bbox 811 4550 1081 4617; x_wconf 91' lang='lat' dir='ltr'><strong>invicem,</strong></span> <span class='ocrx_word' id='word_1_690' title='bbox 1109 4555 1165 4604; x_wconf 90' lang='lat' dir='ltr'><strong>et</strong></span> <span class='ocrx_word' id='word_1_691' title='bbox 1197 4551 1505 4620; x_wconf 82' lang='lat' dir='ltr'><strong>utriusque</strong></span> <span class='ocrx_word' id='word_1_692' title='bbox 1536 4566 1734 4606; x_wconf 89' lang='lat' dir='ltr'><strong>eorum</strong></span> <span class='ocrx_word' id='word_1_693' title='bbox 1759 4557 1849 4606; x_wconf 89' lang='lat' dir='ltr'><strong>est</strong></span> 
     </span>
    </p>
   </div>
   <div class='ocr_carea' id='block_1_96' title="bbox 194 4638 1847 4711">
    <p class='ocr_par' dir='ltr' id='par_1_96' title="bbox 194 4638 1847 4711">
     <span class='ocr_line' id='line_1_96' title="bbox 194 4638 1847 4711; baseline -0.002 -13"><span class='ocrx_word' id='word_1_694' title='bbox 194 4643 367 4711; x_wconf 87' lang='lat' dir='ltr'><strong>bipes</strong></span> <span class='ocrx_word' id='word_1_695' title='bbox 399 4642 763 4707; x_wconf 88' lang='lat' dir='ltr'><strong>differentia;</strong></span> <span class='ocrx_word' id='word_1_696' title='bbox 797 4656 979 4710; x_wconf 90' lang='lat' dir='ltr'><strong>quare</strong></span> <span class='ocrx_word' id='word_1_697' title='bbox 1008 4638 1343 4693; x_wconf 87' lang='lat' dir='ltr'><strong>addendum</strong></span> <span class='ocrx_word' id='word_1_698' title='bbox 1378 4644 1486 4708; x_wconf 89' lang='lat' dir='ltr'><strong>est,</strong></span> <span class='ocrx_word' id='word_1_699' title='bbox 1520 4655 1707 4711; x_wconf 89' lang='lat' dir='ltr'><strong>neque</strong></span> <span class='ocrx_word' id='word_1_700' title='bbox 1736 4640 1847 4695; x_wconf 88' lang='lat' dir='ltr'><strong>sub</strong></span> 
     </span>
    </p>
   </div>
   <div class='ocr_carea' id='block_1_97' title="bbox 192 4726 1848 4800">
    <p class='ocr_par' dir='ltr' id='par_1_97' title="bbox 192 4726 1848 4800">
     <span class='ocr_line' id='line_1_97' title="bbox 192 4726 1848 4800; baseline -0.003 -14"><span class='ocrx_word' id='word_1_701' title='bbox 192 4730 404 4786; x_wconf 86' lang='lat' dir='ltr'><strong>eodem</strong></span> <span class='ocrx_word' id='word_1_702' title='bbox 438 4734 686 4800; x_wconf 90' lang='lat' dir='ltr'><strong>utroque</strong></span> <span class='ocrx_word' id='word_1_703' title='bbox 715 4728 998 4783; x_wconf 80' lang='lat' dir='ltr'><strong>existente</strong></span> <span class='ocrx_word' id='word_1_704' title='bbox 1021 4745 1039 4781; x_wconf 90' lang='lat'><strong><em>:</em></strong></span> <span class='ocrx_word' id='word_1_705' title='bbox 1070 4743 1204 4781; x_wconf 88' lang='lat' dir='ltr'><strong>nam</strong></span> <span class='ocrx_word' id='word_1_706' title='bbox 1238 4726 1362 4781; x_wconf 64' lang='lat' dir='ltr'><strong>haec</strong></span> <span class='ocrx_word' id='word_1_707' title='bbox 1391 4728 1564 4781; x_wconf 89' lang='lat' dir='ltr'><strong>ambo</strong></span> <span class='ocrx_word' id='word_1_708' title='bbox 1585 4727 1697 4781; x_wconf 86' lang='lat' dir='ltr'><strong>sub</strong></span> <span class='ocrx_word' id='word_1_709' title='bbox 1719 4726 1848 4781; x_wconf 91' lang='lat' dir='ltr'><strong>ani-</strong></span> 
     </span>
    </p>
   </div>
   <div class='ocr_carea' id='block_1_98' title="bbox 194 4815 1849 4884">
    <p class='ocr_par' dir='ltr' id='par_1_98' title="bbox 194 4815 1849 4884">
     <span class='ocr_line' id='line_1_98' title="bbox 194 4815 1849 4884; baseline -0.002 -9"><span class='ocrx_word' id='word_1_710' title='bbox 194 4818 339 4875; x_wconf 87' lang='lat' dir='ltr'><strong>mali</strong></span> <span class='ocrx_word' id='word_1_711' title='bbox 371 4824 532 4882; x_wconf 89' lang='lat' dir='ltr'><strong>sunt,</strong></span> <span class='ocrx_word' id='word_1_712' title='bbox 565 4818 944 4873; x_wconf 84' lang='lat' dir='ltr'><strong>manifestum</strong></span> <span class='ocrx_word' id='word_1_713' title='bbox 974 4816 1149 4869; x_wconf 88' lang='lat' dir='ltr'><strong>etiam</strong></span> <span class='ocrx_word' id='word_1_714' title='bbox 1175 4815 1450 4884; x_wconf 90' lang='lat' dir='ltr'><strong>quoniam</strong></span> <span class='ocrx_word' id='word_1_715' title='bbox 1478 4832 1588 4869; x_wconf 89' lang='lat' dir='ltr'><strong>non</strong></span> <span class='ocrx_word' id='word_1_716' title='bbox 1612 4831 1849 4871; x_wconf 90' lang='lat' dir='ltr'><strong>necesse</strong></span> 
     </span>
    </p>
   </div>
   <div class='ocr_carea' id='block_1_99' title="bbox 192 4903 1847 4975">
    <p class='ocr_par' dir='ltr' id='par_1_99' title="bbox 192 4903 1847 4975">
     <span class='ocr_line' id='line_1_99' title="bbox 192 4903 1847 4975; baseline -0.004 -10"><span class='ocrx_word' id='word_1_717' title='bbox 192 4912 292 4965; x_wconf 85' lang='lat' dir='ltr'><strong>est</strong></span> <span class='ocrx_word' id='word_1_718' title='bbox 321 4907 707 4963; x_wconf 86' lang='lat' dir='ltr'><strong>differentiam</strong></span> <span class='ocrx_word' id='word_1_719' title='bbox 730 4921 963 4960; x_wconf 88' lang='lat' dir='ltr'><strong>omnem</strong></span> <span class='ocrx_word' id='word_1_720' title='bbox 988 4903 1289 4975; x_wconf 91' lang='lat' dir='ltr'><strong>proprium</strong></span> <span class='ocrx_word' id='word_1_721' title='bbox 1318 4919 1502 4975; x_wconf 90' lang='lat' dir='ltr'><strong>genus</strong></span> <span class='ocrx_word' id='word_1_722' title='bbox 1527 4904 1757 4970; x_wconf 88' lang='lat' dir='ltr'><strong>inferre,</strong></span> <span class='ocrx_word' id='word_1_723' title='bbox 1781 4921 1847 4959; x_wconf 89' lang='lat' dir='ltr'><strong>eo</strong></span> 
     </span>
    </p>
   </div>
   <div class='ocr_carea' id='block_1_100' title="bbox 190 4994 1845 5069">
    <p class='ocr_par' dir='ltr' id='par_1_100' title="bbox 190 4994 1845 5069">
     <span class='ocr_line' id='line_1_100' title="bbox 190 4994 1845 5069; baseline -0.002 -17"><span class='ocrx_word' id='word_1_724' title='bbox 190 4998 351 5069; x_wconf 88' lang='lat' dir='ltr'><strong>quod</strong></span> <span class='ocrx_word' id='word_1_725' title='bbox 377 4997 665 5067; x_wconf 90' lang='lat' dir='ltr'><strong>contingit</strong></span> <span class='ocrx_word' id='word_1_726' title='bbox 686 4994 955 5049; x_wconf 87' lang='lat' dir='ltr'><strong>eamdem</strong></span> <span class='ocrx_word' id='word_1_727' title='bbox 978 4994 1228 5047; x_wconf 89' lang='lat' dir='ltr'><strong>duorum</strong></span> <span class='ocrx_word' id='word_1_728' title='bbox 1258 5008 1538 5063; x_wconf 85' lang='lat' dir='ltr'><strong>generum</strong></span> <span class='ocrx_word' id='word_1_729' title='bbox 1570 5008 1699 5048; x_wconf 83' lang='lat' dir='ltr'><strong>esse</strong></span> <span class='ocrx_word' id='word_1_730' title='bbox 1730 5011 1845 5049; x_wconf 90' lang='lat' dir='ltr'><strong>non</strong></span> 
     </span>
    </p>
   </div>
   <div class='ocr_carea' id='block_1_101' title="bbox 189 5082 1843 5151">
    <p class='ocr_par' dir='ltr' id='par_1_101' title="bbox 189 5082 1843 5151">
     <span class='ocr_line' id='line_1_101' title="bbox 189 5082 1843 5151; baseline -0.004 -8"><span class='ocrx_word' id='word_1_731' title='bbox 189 5085 626 5143; x_wconf 88' lang='lat' dir='ltr'><strong>continentium</strong></span> <span class='ocrx_word' id='word_1_732' title='bbox 658 5101 720 5139; x_wconf 90' lang='lat' dir='ltr'><strong>se</strong></span> <span class='ocrx_word' id='word_1_733' title='bbox 749 5084 1022 5151; x_wconf 84' lang='lat' dir='ltr'><strong>invicem,</strong></span> <span class='ocrx_word' id='word_1_734' title='bbox 1062 5082 1159 5135; x_wconf 76' lang='lat' dir='ltr'><strong>sed</strong></span> <span class='ocrx_word' id='word_1_735' title='bbox 1195 5082 1443 5136; x_wconf 87' lang='lat' dir='ltr'><strong>alterum</strong></span> <span class='ocrx_word' id='word_1_736' title='bbox 1474 5086 1699 5136; x_wconf 88' lang='lat' dir='ltr'><strong>tantum</strong></span> <span class='ocrx_word' id='word_1_737' title='bbox 1746 5098 1843 5137; x_wconf 85' lang='lat' dir='ltr'><strong>ne-</strong></span> 
     </span>
    </p>
   </div>
   <div class='ocr_carea' id='block_1_102' title="bbox 191 5170 1844 5242">
    <p class='ocr_par' dir='ltr' id='par_1_102' title="bbox 191 5170 1844 5242">
     <span class='ocr_line' id='line_1_102' title="bbox 191 5170 1844 5242; baseline -0.004 -11"><span class='ocrx_word' id='word_1_738' title='bbox 191 5190 362 5232; x_wconf 88' lang='lat' dir='ltr'><strong>cesse</strong></span> <span class='ocrx_word' id='word_1_739' title='bbox 382 5179 471 5229; x_wconf 90' lang='lat' dir='ltr'><strong>est</strong></span> <span class='ocrx_word' id='word_1_740' title='bbox 500 5174 737 5239; x_wconf 86' lang='lat' dir='ltr'><strong>inferre,</strong></span> <span class='ocrx_word' id='word_1_741' title='bbox 761 5177 817 5227; x_wconf 92' lang='lat' dir='ltr'><strong>et</strong></span> <span class='ocrx_word' id='word_1_742' title='bbox 839 5170 1141 5242; x_wconf 84' lang='lat' dir='ltr'><strong>superiora</strong></span> <span class='ocrx_word' id='word_1_743' title='bbox 1163 5170 1380 5233; x_wconf 89' lang='lat' dir='ltr'><strong>omnia,</strong></span> <span class='ocrx_word' id='word_1_744' title='bbox 1398 5178 1457 5224; x_wconf 90' lang='lat' dir='ltr'><strong>ut</strong></span> <span class='ocrx_word' id='word_1_745' title='bbox 1479 5170 1665 5239; x_wconf 87' lang='lat' dir='ltr'><strong>bipes,</strong></span> <span class='ocrx_word' id='word_1_746' title='bbox 1683 5186 1844 5240; x_wconf 83' lang='lat' dir='ltr'><strong>gres-</strong></span> 
     </span>
    </p>
   </div>
   <div class='ocr_carea' id='block_1_103' title="bbox 190 5256 1847 5329">
    <p class='ocr_par' dir='ltr' id='par_1_103' title="bbox 190 5256 1847 5329">
     <span class='ocr_line' id='line_1_103' title="bbox 190 5256 1847 5329; baseline -0.004 -10"><span class='ocrx_word' id='word_1_747' title='bbox 190 5263 390 5329; x_wconf 89' lang='lat' dir='ltr'><strong>sibile,</strong></span> <span class='ocrx_word' id='word_1_748' title='bbox 415 5264 497 5318; x_wconf 91' lang='lat' dir='ltr'><strong>vel</strong></span> <span class='ocrx_word' id='word_1_749' title='bbox 522 5261 760 5317; x_wconf 89' lang='lat' dir='ltr'><strong>volatile</strong></span> <span class='ocrx_word' id='word_1_750' title='bbox 778 5261 952 5314; x_wconf 76' lang='lat' dir='ltr'><strong>infert</strong></span> <span class='ocrx_word' id='word_1_751' title='bbox 974 5256 1212 5314; x_wconf 90' lang='lat' dir='ltr'><strong>animal.</strong></span> <span class='ocrx_word' id='word_1_752' title='bbox 1234 5258 1555 5313; x_wconf 89' lang='lat' dir='ltr'><strong>Videndum</strong></span> <span class='ocrx_word' id='word_1_753' title='bbox 1572 5264 1765 5312; x_wconf 87' lang='lat' dir='ltr'><strong>autem</strong></span> <span class='ocrx_word' id='word_1_754' title='bbox 1790 5262 1847 5313; x_wconf 86' lang='lat' dir='ltr'><strong>et</strong></span> 
     </span>
    </p>
   </div>
   <div class='ocr_carea' id='block_1_104' title="bbox 189 5347 1838 5417">
    <p class='ocr_par' dir='ltr' id='par_1_104' title="bbox 189 5347 1838 5417">
     <span class='ocr_line' id='line_1_104' title="bbox 189 5347 1838 5417; baseline -0.005 -9"><span class='ocrx_word' id='word_1_755' title='bbox 189 5353 248 5408; x_wconf 88' lang='lat' dir='ltr'><strong>si</strong></span> <span class='ocrx_word' id='word_1_756' title='bbox 284 5352 475 5407; x_wconf 87' lang='lat' dir='ltr'><strong>locum</strong></span> <span class='ocrx_word' id='word_1_757' title='bbox 508 5350 896 5406; x_wconf 88' lang='lat' dir='ltr'><strong>differentiam</strong></span> <span class='ocrx_word' id='word_1_758' title='bbox 938 5347 1263 5417; x_wconf 87' lang='lat' dir='ltr'><strong>assignavit</strong></span> <span class='ocrx_word' id='word_1_759' title='bbox 1296 5348 1660 5402; x_wconf 80' lang='lat' dir='ltr'><strong>substantiae.</strong></span> <span class='ocrx_word' id='word_1_760' title='bbox 1697 5347 1838 5400; x_wconf 89' lang='lat' dir='ltr'><strong>Nam</strong></span> 
     </span>
    </p>
   </div>
   <div class='ocr_carea' id='block_1_105' title="bbox 187 5436 1838 5506">
    <p class='ocr_par' dir='ltr' id='par_1_105' title="bbox 187 5436 1838 5506">
     <span class='ocr_line' id='line_1_105' title="bbox 187 5436 1838 5506; baseline -0.004 -10"><span class='ocrx_word' id='word_1_761' title='bbox 187 5442 433 5497; x_wconf 85' lang='lat' dir='ltr'><strong>videtur</strong></span> <span class='ocrx_word' id='word_1_762' title='bbox 463 5441 693 5495; x_wconf 89' lang='lat' dir='ltr'><strong>differre</strong></span> <span class='ocrx_word' id='word_1_763' title='bbox 715 5439 1045 5494; x_wconf 88' lang='lat' dir='ltr'><strong>substantia</strong></span> <span class='ocrx_word' id='word_1_764' title='bbox 1070 5456 1100 5491; x_wconf 84' lang='lat' dir='ltr'><strong>a</strong></span> <span class='ocrx_word' id='word_1_765' title='bbox 1128 5436 1459 5491; x_wconf 87' lang='lat' dir='ltr'><strong>substantia</strong></span> <span class='ocrx_word' id='word_1_766' title='bbox 1490 5436 1547 5489; x_wconf 89' lang='lat' dir='ltr'><strong>in</strong></span> <span class='ocrx_word' id='word_1_767' title='bbox 1582 5452 1647 5489; x_wconf 90' lang='lat' dir='ltr'><strong>eo</strong></span> <span class='ocrx_word' id='word_1_768' title='bbox 1687 5436 1838 5506; x_wconf 91' lang='lat' dir='ltr'><strong>quod</strong></span> 
     </span>
    </p>
   </div>
   <div class='ocr_carea' id='block_1_106' title="bbox 195 5525 1840 5601">
    <p class='ocr_par' dir='ltr' id='par_1_106' title="bbox 195 5525 1840 5601">
     <span class='ocr_line' id='line_1_106' title="bbox 195 5525 1840 5601; baseline -0.005 -14"><span class='ocrx_word' id='word_1_769' title='bbox 195 5530 414 5587; x_wconf 81' lang='lat' dir='ltr'><strong>alicubi</strong></span> <span class='ocrx_word' id='word_1_770' title='bbox 440 5536 549 5600; x_wconf 87' lang='lat' dir='ltr'><strong>est,</strong></span> <span class='ocrx_word' id='word_1_771' title='bbox 572 5546 753 5601; x_wconf 88' lang='lat' dir='ltr'><strong>quare</strong></span> <span class='ocrx_word' id='word_1_772' title='bbox 773 5532 830 5583; x_wconf 88' lang='lat' dir='ltr'><strong>et</strong></span> <span class='ocrx_word' id='word_1_773' title='bbox 851 5544 950 5582; x_wconf 91' lang='lat' dir='ltr'><strong>eos</strong></span> <span class='ocrx_word' id='word_1_774' title='bbox 976 5526 1075 5597; x_wconf 89' lang='lat' dir='ltr'><strong>qui</strong></span> <span class='ocrx_word' id='word_1_775' title='bbox 1100 5525 1395 5596; x_wconf 83' lang='lat' dir='ltr'><strong>gressibili</strong></span> <span class='ocrx_word' id='word_1_776' title='bbox 1417 5531 1474 5580; x_wconf 90' lang='lat' dir='ltr'><strong>et</strong></span> <span class='ocrx_word' id='word_1_777' title='bbox 1492 5526 1734 5596; x_wconf 87' lang='lat' dir='ltr'><strong>aquatili</strong></span> <span class='ocrx_word' id='word_1_778' title='bbox 1757 5525 1840 5579; x_wconf 82' lang='lat' dir='ltr'><strong>di-</strong></span> 
     </span>
    </p>
   </div>
   <div class='ocr_carea' id='block_1_107' title="bbox 1956 4546 3604 4624">
    <p class='ocr_par' dir='ltr' id='par_1_107' title="bbox 1956 4546 3604 4624">
     <span class='ocr_line' id='line_1_107' title="bbox 1956 4546 3604 4624; baseline 0.006 -26"><span class='ocrx_word' id='word_1_779' title='bbox 1956 4546 2278 4616; x_wconf 73' lang='lat' dir='ltr'><strong>Aliquando</strong></span> <span class='ocrx_word' id='word_1_780' title='bbox 2310 4552 2503 4601; x_wconf 89' lang='lat' dir='ltr'><strong>autem</strong></span> <span class='ocrx_word' id='word_1_781' title='bbox 2532 4554 2775 4617; x_wconf 87' lang='lat' dir='ltr'><strong>peccant</strong></span> <span class='ocrx_word' id='word_1_782' title='bbox 2819 4548 2875 4600; x_wconf 92' lang='lat' dir='ltr'><strong>in</strong></span> <span class='ocrx_word' id='word_1_783' title='bbox 2902 4546 3141 4619; x_wconf 87' lang='lat' dir='ltr'><strong>talibus,</strong></span> <span class='ocrx_word' id='word_1_784' title='bbox 3175 4556 3236 4603; x_wconf 88' lang='lat' dir='ltr'><strong>ut</strong></span> <span class='ocrx_word' id='word_1_785' title='bbox 3263 4551 3604 4624; x_wconf 90' lang='lat' dir='ltr'><strong>quicunque</strong></span> 
     </span>
    </p>
   </div>
   <div class='ocr_carea' id='block_1_108' title="bbox 1958 4635 3605 4706">
    <p class='ocr_par' dir='ltr' id='par_1_108' title="bbox 1958 4635 3605 4706">
     <span class='ocr_line' id='line_1_108' title="bbox 1958 4635 3605 4706; baseline 0.004 -18"><span class='ocrx_word' id='word_1_786' title='bbox 1958 4635 2162 4689; x_wconf 91' lang='lat' dir='ltr'><strong>dicunt</strong></span> <span class='ocrx_word' id='word_1_787' title='bbox 2184 4636 2337 4706; x_wconf 83' lang='lat' dir='ltr'><strong>quod</strong></span> <span class='ocrx_word' id='word_1_788' title='bbox 2355 4652 2599 4690; x_wconf 89' lang='lat' dir='ltr'><strong>somnus</strong></span> <span class='ocrx_word' id='word_1_789' title='bbox 2622 4640 2711 4691; x_wconf 90' lang='lat' dir='ltr'><strong>est</strong></span> <span class='ocrx_word' id='word_1_790' title='bbox 2734 4636 3075 4706; x_wconf 88' lang='lat' dir='ltr'><strong>impotentia</strong></span> <span class='ocrx_word' id='word_1_791' title='bbox 3099 4655 3331 4706; x_wconf 88' lang='lat' dir='ltr'><strong>sensus,</strong></span> <span class='ocrx_word' id='word_1_792' title='bbox 3357 4645 3412 4695; x_wconf 88' lang='lat' dir='ltr'><strong>et</strong></span> <span class='ocrx_word' id='word_1_793' title='bbox 3434 4643 3605 4697; x_wconf 84' lang='lat' dir='ltr'><strong>dubi-</strong></span> 
     </span>
    </p>
   </div>
   <div class='ocr_carea' id='block_1_109' title="bbox 1958 4723 3612 4795">
    <p class='ocr_par' dir='ltr' id='par_1_109' title="bbox 1958 4723 3612 4795">
     <span class='ocr_line' id='line_1_109' title="bbox 1958 4723 3612 4795; baseline 0.005 -18"><span class='ocrx_word' id='word_1_794' title='bbox 1958 4724 2097 4778; x_wconf 89' lang='lat' dir='ltr'><strong>tatio</strong></span> <span class='ocrx_word' id='word_1_795' title='bbox 2129 4723 2431 4794; x_wconf 74' lang='lat' dir='ltr'><strong>aequalitas</strong></span> <span class='ocrx_word' id='word_1_796' title='bbox 2450 4725 2871 4778; x_wconf 86' lang='lat' dir='ltr'><strong>contrariarum</strong></span> <span class='ocrx_word' id='word_1_797' title='bbox 2901 4725 3494 4795; x_wconf 89' lang='lat' dir='ltr'><strong>ratiocinationum,et</strong></span> <span class='ocrx_word' id='word_1_798' title='bbox 3514 4732 3612 4785; x_wconf 88' lang='lat' dir='ltr'><strong>do-</strong></span> 
     </span>
    </p>
   </div>
   <div class='ocr_carea' id='block_1_110' title="bbox 1957 4812 3607 4889">
    <p class='ocr_par' dir='ltr' id='par_1_110' title="bbox 1957 4812 3607 4889">
     <span class='ocr_line' id='line_1_110' title="bbox 1957 4812 3607 4889; baseline 0.006 -23"><span class='ocrx_word' id='word_1_799' title='bbox 1957 4815 2044 4867; x_wconf 91' lang='lat' dir='ltr'><strong>lor</strong></span> <span class='ocrx_word' id='word_1_800' title='bbox 2058 4812 2347 4883; x_wconf 85' lang='lat' dir='ltr'><strong>separatio</strong></span> <span class='ocrx_word' id='word_1_801' title='bbox 2381 4812 2733 4868; x_wconf 85' lang='lat' dir='ltr'><strong>naturalium</strong></span> <span class='ocrx_word' id='word_1_802' title='bbox 2752 4813 3002 4884; x_wconf 89' lang='lat' dir='ltr'><strong>partium</strong></span> <span class='ocrx_word' id='word_1_803' title='bbox 3019 4830 3148 4868; x_wconf 91' lang='lat' dir='ltr'><strong>cum</strong></span> <span class='ocrx_word' id='word_1_804' title='bbox 3166 4816 3459 4889; x_wconf 87' lang='lat' dir='ltr'><strong>violentia,</strong></span> <span class='ocrx_word' id='word_1_805' title='bbox 3476 4838 3607 4876; x_wconf 88' lang='lat' dir='ltr'><strong>nam</strong></span> 
     </span>
    </p>
   </div>
   <div class='ocr_carea' id='block_1_111' title="bbox 1958 4903 3606 4974">
    <p class='ocr_par' dir='ltr' id='par_1_111' title="bbox 1958 4903 3606 4974">
     <span class='ocr_line' id='line_1_111' title="bbox 1958 4903 3606 4974; baseline 0.006 -17"><span class='ocrx_word' id='word_1_806' title='bbox 1958 4917 2146 4972; x_wconf 88' lang='lat' dir='ltr'><strong>neque</strong></span> <span class='ocrx_word' id='word_1_807' title='bbox 2169 4919 2414 4957; x_wconf 87' lang='lat' dir='ltr'><strong>somnus</strong></span> <span class='ocrx_word' id='word_1_808' title='bbox 2447 4903 2599 4956; x_wconf 80' lang='lat' dir='ltr'><strong>inest</strong></span> <span class='ocrx_word' id='word_1_809' title='bbox 2629 4903 3163 4974; x_wconf 88' lang='lat' dir='ltr'><strong>sensui,oporteret</strong></span> <span class='ocrx_word' id='word_1_810' title='bbox 3194 4911 3386 4962; x_wconf 87' lang='lat' dir='ltr'><strong>autem</strong></span> <span class='ocrx_word' id='word_1_811' title='bbox 3412 4909 3606 4968; x_wconf 88' lang='lat' dir='ltr'><strong>inesse</strong></span> 
     </span>
    </p>
   </div>
   <div class='ocr_carea' id='block_1_112' title="bbox 1957 4990 3600 5067">
    <p class='ocr_par' dir='ltr' id='par_1_112' title="bbox 1957 4990 3600 5067">
     <span class='ocr_line' id='line_1_112' title="bbox 1957 4990 3600 5067; baseline 0.005 -22"><span class='ocrx_word' id='word_1_812' title='bbox 1957 4991 2005 5045; x_wconf 92' lang='lat' dir='ltr'><strong>si</strong></span> <span class='ocrx_word' id='word_1_813' title='bbox 2037 4990 2383 5060; x_wconf 86' lang='lat' dir='ltr'><strong>impotentia</strong></span> <span class='ocrx_word' id='word_1_814' title='bbox 2415 5007 2623 5045; x_wconf 87' lang='lat' dir='ltr'><strong>sensus</strong></span> <span class='ocrx_word' id='word_1_815' title='bbox 2648 4994 2754 5045; x_wconf 85' lang='lat' dir='ltr'><strong>est.</strong></span> <span class='ocrx_word' id='word_1_816' title='bbox 2772 4990 3049 5046; x_wconf 89' lang='lat' dir='ltr'><strong>Similiter</strong></span> <span class='ocrx_word' id='word_1_817' title='bbox 3073 5002 3262 5048; x_wconf 82' lang='lat' dir='ltr'><strong>autem</strong></span> <span class='ocrx_word' id='word_1_818' title='bbox 3286 5013 3474 5067; x_wconf 90' lang='lat' dir='ltr'><strong>neque.</strong></span> <span class='ocrx_word' id='word_1_819' title='bbox 3493 5002 3600 5053; x_wconf 92' lang='lat' dir='ltr'><strong>du-</strong></span> 
     </span>
    </p>
   </div>
   <div class='ocr_carea' id='block_1_113' title="bbox 1954 5080 3605 5155">
    <p class='ocr_par' dir='ltr' id='par_1_113' title="bbox 1954 5080 3605 5155">
     <span class='ocr_line' id='line_1_113' title="bbox 1954 5080 3605 5155; baseline 0.006 -22"><span class='ocrx_word' id='word_1_820' title='bbox 1954 5080 2160 5134; x_wconf 86' lang='lat' dir='ltr'><strong>bitatio</strong></span> <span class='ocrx_word' id='word_1_821' title='bbox 2176 5080 2482 5134; x_wconf 87' lang='lat' dir='ltr'><strong>contrariis</strong></span> <span class='ocrx_word' id='word_1_822' title='bbox 2504 5080 3045 5135; x_wconf 85' lang='lat' dir='ltr'><strong>ratiocinationibus</strong></span> <span class='ocrx_word' id='word_1_823' title='bbox 3061 5083 3605 5155; x_wconf 86' lang='lat' dir='ltr'><strong>inest,nequed0lor</strong></span> 
     </span>
    </p>
   </div>
   <div class='ocr_carea' id='block_1_114' title="bbox 1958 5169 3602 5242">
    <p class='ocr_par' dir='ltr' id='par_1_114' title="bbox 1958 5169 3602 5242">
     <span class='ocr_line' id='line_1_114' title="bbox 1958 5169 3602 5242; baseline 0.005 -20"><span class='ocrx_word' id='word_1_824' title='bbox 1958 5170 2324 5223; x_wconf 88' lang='lat' dir='ltr'><strong>naturalibus</strong></span> <span class='ocrx_word' id='word_1_825' title='bbox 2356 5170 2641 5239; x_wconf 88' lang='lat' dir='ltr'><strong>partibus,</strong></span> <span class='ocrx_word' id='word_1_826' title='bbox 2676 5169 2957 5224; x_wconf 88' lang='lat' dir='ltr'><strong>dolebunt</strong></span> <span class='ocrx_word' id='word_1_827' title='bbox 2989 5171 3141 5223; x_wconf 88' lang='lat' dir='ltr'><strong>enim</strong></span> <span class='ocrx_word' id='word_1_828' title='bbox 3179 5172 3519 5242; x_wconf 86' lang='lat' dir='ltr'><strong>inanimata,</strong></span> <span class='ocrx_word' id='word_1_829' title='bbox 3556 5179 3602 5231; x_wconf 90' lang='lat' dir='ltr'><strong>si</strong></span> 
     </span>
    </p>
   </div>
   <div class='ocr_carea' id='block_1_115' title="bbox 1955 5257 3606 5333">
    <p class='ocr_par' dir='ltr' id='par_1_115' title="bbox 1955 5257 3606 5333">
     <span class='ocr_line' id='line_1_115' title="bbox 1955 5257 3606 5333; baseline 0.006 -24"><span class='ocrx_word' id='word_1_830' title='bbox 1955 5257 2117 5310; x_wconf 87' lang='lat' dir='ltr'><strong>dolor</strong></span> <span class='ocrx_word' id='word_1_831' title='bbox 2147 5258 2230 5310; x_wconf 87' lang='lat' dir='ltr'><strong>eis</strong></span> <span class='ocrx_word' id='word_1_832' title='bbox 2250 5258 2418 5312; x_wconf 87' lang='lat' dir='ltr'><strong>inest.</strong></span> <span class='ocrx_word' id='word_1_833' title='bbox 2448 5257 2610 5311; x_wconf 88' lang='lat' dir='ltr'><strong>Talis</strong></span> <span class='ocrx_word' id='word_1_834' title='bbox 2638 5262 2829 5311; x_wconf 88' lang='lat' dir='ltr'><strong>autem</strong></span> <span class='ocrx_word' id='word_1_835' title='bbox 2859 5263 2915 5312; x_wconf 88' lang='lat' dir='ltr'><strong>et</strong></span> <span class='ocrx_word' id='word_1_836' title='bbox 2937 5260 3205 5313; x_wconf 74' lang='lat' dir='ltr'><strong>sanitatis</strong></span> <span class='ocrx_word' id='word_1_837' title='bbox 3223 5261 3507 5333; x_wconf 84' lang='lat' dir='ltr'><strong>definitio,</strong></span> <span class='ocrx_word' id='word_1_838' title='bbox 3534 5266 3606 5319; x_wconf 86' lang='lat' dir='ltr'><strong>si-</strong></span> 
     </span>
    </p>
   </div>
   <div class='ocr_carea' id='block_1_116' title="bbox 1954 5345 3599 5419">
    <p class='ocr_par' dir='ltr' id='par_1_116' title="bbox 1954 5345 3599 5419">
     <span class='ocr_line' id='line_1_116' title="bbox 1954 5345 3599 5419; baseline 0.007 -20"><span class='ocrx_word' id='word_1_839' title='bbox 1954 5345 2189 5415; x_wconf 77' lang='lat' dir='ltr'><strong>quidem</strong></span> <span class='ocrx_word' id='word_1_840' title='bbox 2208 5347 2705 5401; x_wconf 82' lang='lat' dir='ltr'><strong>commensuratio</strong></span> <span class='ocrx_word' id='word_1_841' title='bbox 2720 5346 3035 5402; x_wconf 85' lang='lat' dir='ltr'><strong>calidorum</strong></span> <span class='ocrx_word' id='word_1_842' title='bbox 3055 5354 3109 5401; x_wconf 89' lang='lat' dir='ltr'><strong>et</strong></span> <span class='ocrx_word' id='word_1_843' title='bbox 3125 5348 3464 5419; x_wconf 82' lang='lat' dir='ltr'><strong>frigidorum</strong></span> <span class='ocrx_word' id='word_1_844' title='bbox 3482 5360 3599 5411; x_wconf 90' lang='lat' dir='ltr'><strong>est:</strong></span> 
     </span>
    </p>
   </div>
   <div class='ocr_carea' id='block_1_117' title="bbox 1953 5435 3597 5510">
    <p class='ocr_par' dir='ltr' id='par_1_117' title="bbox 1953 5435 3597 5510">
     <span class='ocr_line' id='line_1_117' title="bbox 1953 5435 3597 5510; baseline 0.005 -21"><span class='ocrx_word' id='word_1_845' title='bbox 1953 5451 2187 5489; x_wconf 84' lang='lat' dir='ltr'><strong>necesse</strong></span> <span class='ocrx_word' id='word_1_846' title='bbox 2220 5441 2307 5488; x_wconf 74' lang='lat' dir='ltr'><strong>est</strong></span> <span class='ocrx_word' id='word_1_847' title='bbox 2338 5436 2491 5488; x_wconf 89' lang='lat' dir='ltr'><strong>enim</strong></span> <span class='ocrx_word' id='word_1_848' title='bbox 2527 5452 2665 5490; x_wconf 86' lang='lat' dir='ltr'><strong>sana</strong></span> <span class='ocrx_word' id='word_1_849' title='bbox 2694 5452 2820 5489; x_wconf 86' lang='lat' dir='ltr'><strong>esse</strong></span> <span class='ocrx_word' id='word_1_850' title='bbox 2842 5435 3030 5490; x_wconf 89' lang='lat' dir='ltr'><strong>calida</strong></span> <span class='ocrx_word' id='word_1_851' title='bbox 3077 5442 3132 5490; x_wconf 88' lang='lat' dir='ltr'><strong>et</strong></span> <span class='ocrx_word' id='word_1_852' title='bbox 3190 5436 3420 5510; x_wconf 84' lang='lat' dir='ltr'><strong>frigida,</strong></span> <span class='ocrx_word' id='word_1_853' title='bbox 3464 5459 3597 5498; x_wconf 84' lang='lat' dir='ltr'><strong>nam</strong></span> 
     </span>
    </p>
   </div>
   <div class='ocr_carea' id='block_1_118' title="bbox 1950 5524 3595 5595">
    <p class='ocr_par' dir='ltr' id='par_1_118' title="bbox 1950 5524 3595 5595">
     <span class='ocr_line' id='line_1_118' title="bbox 1950 5524 3595 5595; baseline 0.004 -16"><span class='ocrx_word' id='word_1_854' title='bbox 1950 5525 2239 5595; x_wconf 90' lang='lat' dir='ltr'><strong>cujusque</strong></span> <span class='ocrx_word' id='word_1_855' title='bbox 2253 5525 2750 5580; x_wconf 89' lang='lat' dir='ltr'><strong>commensuratio</strong></span> <span class='ocrx_word' id='word_1_856' title='bbox 2768 5524 3051 5580; x_wconf 89' lang='lat' dir='ltr'><strong>illisinest</strong></span> <span class='ocrx_word' id='word_1_857' title='bbox 3067 5541 3314 5594; x_wconf 90' lang='lat' dir='ltr'><strong>quorum</strong></span> <span class='ocrx_word' id='word_1_858' title='bbox 3329 5533 3418 5583; x_wconf 90' lang='lat' dir='ltr'><strong>est</strong></span> <span class='ocrx_word' id='word_1_859' title='bbox 3438 5547 3595 5585; x_wconf 86' lang='lat' dir='ltr'><strong>com-</strong></span> 
     </span>
    </p>
   </div>
  </div>
