4022 6180
404 262 513 317 979

1684 259 1807 311 AN.
1846 256 2067 309 MANL.
2108 258 2265 311 BEV.
2306 260 2543 315 BOETII

3682 262 3779 317 980

408 357 798 455 mensuratio,
831 399 1008 458 quare
1032 383 1254 439 sanitas
1286 381 1460 437 inerit
1494 380 1696 452 utique
1722 380 1889 452 ipsis.
1910 381 2050 434 item
2085 383 2133 447 Α
2168 380 2698 454 delectabile,idem
2716 385 2868 440 bono
2891 384 3021 452 erit;
3042 399 3224 456 quare
3246 386 3400 456 quod
3423 402 3534 440 non
3553 386 3784 445 delecta-

410 478 472 534 id
495 479 647 551 quod
677 478 738 530 iit
762 476 819 529 in
851 473 1199 539 etfectivum,
1234 476 1331 525 aut
1356 486 1701 540 econverso,
1720 469 1932 525 accidit
1955 486 2056 539 p0-

412 585 551 624 nere
574 566 655 623 sic
678 562 1119 628 deﬁnientibus,
1146 578 1259 615 non
1284 560 1442 616 enim
1467 565 1557 615 est
1575 559 1742 615 dolor
1768 557 2058 630 separatio

414 654 771 713 naturalium
826 652 1101 722 partium,
1144 650 1243 705 sed
1296 649 1620 704 eﬂ‘ectivum
1674 648 1914 714 doloris,
1958 662 2061 701 nec

418 761 662 803 somnus
696 740 1041 812 impotentia
1073 755 1304 807 sensus,
1331 738 1431 793 sed
1453 736 1781 791 aﬁectivum
1812 736 2062 791 alterum

423 834 696 899 alterius;
721 837 823 885 aut
848 828 999 884 enim
1017 832 1252 901 propter
1275 828 1681 898 impotentiam
1707 825 2059 892 dormimus,

415 929 517 981 aut
549 926 786 995 prOpter
815 935 1091 975 somnum
1125 919 1477 989 impotentes
1510 933 1739 970 sumus.
1781 913 2067 970 Similiter

413 1017 608 1069 autem
631 1008 1087 1067 etdubitationis
1101 1006 1395 1062 videbitur
1416 1005 1745 1060 eﬂectivum
1767 1020 1917 1070 esse,
1935 1020 2066 1058 con-

412 1102 723 1158 trariarum
740 1098 1041 1169 aequalitas
1059 1096 1581 1162 ratiocinationum;
1598 1093 2067 1164 quandocunque

414 1192 570 1248 enim
596 1191 666 1245 ad
700 1196 945 1259 utraque
978 1184 1467 1242 ratiocinantibus
1502 1183 1671 1238 nobis
1694 1182 1968 1238 similiter
1988 1182 2065 1235 vi-

416 1282 629 1337 dentur
643 1279 830 1335 omnia
844 1276 1103 1332 secundu
1117 1291 1169 1329 m
1186 1280 1498 1345 utrumque
1513 1271 2070 1339 ﬁeri,dubitabimus

380 1430 395 1433 ,
417 1376 615 1427 utrum
651 1364 1223 1440 agamus.Amplius,
1239 1362 1565 1418 secundum
1587 1367 1852 1433 tempora
1874 1362 2071 1416 omnia

421 1458 913 1517 considerandum
931 1455 1120 1511 sicubi
1144 1453 1500 1515 dissonet,ut
1517 1450 1565 1506 si
1582 1449 1915 1505 immortale
1932 1448 2071 1503 deti-

422 1551 588 1619 nivit,
621 1546 838 1603 animal
868 1561 1022 1601 nunc
1049 1540 1496 1612 incorruptibile
1534 1556 1684 1595 esse.
1719 1538 1866 1595 Nam
1917 1554 2074 1593 nunc

423 1634 873 1707 incorruptibile
903 1631 1145 1696 animal,
1179 1648 1337 1686 nunc
1364 1628 1700 1685 immortale
1730 1628 1857 1682 erit.
1893 1632 1979 1681 An
2012 1628 2070 1681 in

2169 469 2285 525 bile
2315 478 2404 528 est
2424 490 2528 545 per
2550 475 2842 540 auditum,
2871 490 2982 529 non
3001 475 3153 529 bono
3172 474 3350 544 idem,
3371 491 3503 529 nam
3526 476 3723 533 eisdem
3739 483 3788 534 et

2171 562 2442 631 opposita
2473 564 2673 618 eadem
2710 569 2883 618 erunt
2908 580 2920 618 :
2955 563 3274 636 opponitur
3302 567 3500 619 autem
3521 564 3662 620 bono
3683 569 3791 637 qui-

2172 648 2301 704 dem
2324 668 2436 706 non
2464 652 2702 720 bonum,
2721 668 2821 724 per
2838 653 3109 707 auditum
3132 657 3329 708 autem
3358 651 3793 727 delectabili,per

2174 740 2439 795 auditum
2460 759 2575 797 non
2591 741 2953 809 delectabile;
2972 741 3793 814 manifestumigiturquoniam

2173 830 2328 885 idem
2356 848 2470 885 non
2499 832 2841 887 delectabile
2861 848 2960 902 per
2982 832 3275 898 auditum,
3295 847 3411 885 non
3444 831 3682 887 bono.Si
3702 833 3797 905 igi-

2172 922 2267 973 tur
2314 918 2531 990 aliquid
2568 925 2656 976 est
2688 937 2790 991 per
2819 920 3008 975 visum
3052 919 3289 990 quidem
3323 918 3683 988 delectabile,
3715 938 3799 993 per

2177 1008 2443 1063 auditum
2471 1014 2666 1064 autem
2689 1027 2825 1075 non,
2845 1013 2901 1064 et
2947 1010 3168 1064 bonum
3208 1014 3264 1064 et
3282 1025 3399 1063 non
3450 1009 3663 1064 bonum
3684 1011 3796 1065 erit.

2177 1097 2460 1153 Similiter
2489 1104 2683 1153 autem
2717 1098 3099 1154 ostendemus
3131 1098 3409 1169 quoniam
3443 1097 3597 1152 idem
3622 1115 3734 1167 ens,
3755 1105 3800 1155 et

2179 1202 2294 1241 non
2312 1202 2415 1241 ens
2429 1192 2536 1242 est.
2557 1186 2844 1259 Amplius,
2868 1194 2923 1241 et
2944 1187 3284 1259 generibus,
3304 1192 3364 1242 et
3387 1187 3736 1251 differentiis,
3754 1192 3799 1243 et

2180 1275 2311 1331 aliis
2339 1277 2615 1331 omnibus
2647 1293 2773 1348 quae
2806 1277 2863 1330 in
2887 1274 3331 1331 deﬁnitionibus
3358 1280 3500 1331 sunt
3521 1276 3802 1348 assignatis

2180 1365 2264 1420 eis
2297 1366 2395 1436 qui
2424 1366 2720 1421 orationes
2754 1383 2853 1436 pro
2892 1365 3238 1421 nominibus
3284 1365 3531 1433 faciunt,
3564 1366 3801 1421 conside-

2182 1454 2433 1510 randum
2469 1455 2517 1511 si
2552 1455 2877 1526 quidquam
2914 1455 3197 1511 dissonet.

2841 1543 3069 1599 CAPUT
3110 1543 3182 1599 IV

2659 1635 2727 1689 De
2756 1633 3081 1704 deﬁnitione
3111 1634 3216 1689 loci
3244 1634 3370 1689 alii.

424 1728 535 1783 hoc
558 1726 793 1817 quidem
815 1741 931 1778 non
957 1720 1201 1817 accidit?
1217 1736 1350 1775 nam
1369 1735 1583 1817 anceps
1598 1718 1921 1773 secundum
1947 1732 2073 1817 am—
2104 1754 2150 1817 Β
2256 1723 2533 1793 δίζειυῐριῐ]
2555 1722 2632 1778 sit
2653 1723 2724 1777 ad
2746 1721 2970 1793 aliquid
2994 1723 3149 1793 quod
3174 1723 3480 1791 definitur,
3504 1728 3604 1778 aut
3621 1740 3712 1794 per
3731 1740 3799 1789 se,

426 1816 745 1889 phiboliam
780 1818 871 1869 est
902 1827 1055 1866 nunc
1115 1808 1558 1881 incorruptibile
1603 1824 1752 1872 esse,
1787 1811 1887 1861 aut
1917 1807 2072 1861 enim

428 1906 705 1976 quoniam
729 1920 841 1957 non
858 1900 1257 1970 corrumpitur
1280 1915 1457 1962 nunc,
1477 1897 1791 1967 signiﬁcat,
1812 1901 1912 1951 aut
1935 1910 2077 1966 quo-

428 1995 585 2050 niam
605 2010 718 2047 non
742 1990 1019 2064 possibile
1033 1986 1525 2059 corrumpinunc,
1550 1991 1651 2040 aut
1673 1984 1951 2055 quoniam
1977 1983 2080 2037 hu-

419 2083 684 2155 jusmodi
733 2086 821 2136 est
870 2096 1048 2145 nunc,
1080 2082 1143 2133 ut
1198 2092 1503 2147 nunquam
1540 2074 1723 2145 possit
1756 2072 2078 2143 corrumpi.

428 2173 669 2239 Quando
694 2170 875 2241 igitur
890 2168 1141 2223 dicimus
1165 2167 1319 2237 quod
1347 2162 1791 2235 incorruptibile
1816 2178 1972 2216 nunc
1996 2163 2085 2215 est

432 2260 806 2329 animal,non
824 2256 1222 2321 hocdicimus,
1249 2255 1401 2325 quod
1421 2269 1577 2307 nunc
1600 2252 1714 2307 tale
1736 2256 1824 2306 est
1841 2249 2083 2317 animal,

434 2351 533 2404 sed
577 2354 639 2403 ut
674 2363 974 2417 nunquam
1011 2344 1200 2417 possit
1227 2342 1520 2413 corrumpi
1550 2360 1563 2407 ;
1592 2342 1700 2396 hoc
1732 2346 1931 2395 autem
1966 2340 2084 2393 im-

436 2437 669 2493 mortali
704 2437 858 2490 idem
893 2441 1038 2499 erat,
1074 2449 1256 2504 quare
1288 2448 1400 2486 non
1452 2431 1684 2495 accidit,
1721 2445 1877 2484 nunc
1932 2428 2085 2483 idem

435 2525 769 2582 immortale
800 2523 1076 2579 esse.Sed
1112 2527 1307 2577 tamen
1342 2520 1528 2575 sicubi
1563 2519 1776 2574 accidit
1807 2518 1959 2589 quod
1993 2534 2085 2572 se-

438 2616 695 2672 cundum
714 2612 1116 2668 deﬁnitionem
1132 2611 1370 2683 quidem
1389 2609 1751 2681 assignatum
1769 2614 1857 2662 est
1875 2609 2085 2672 inesse,

439 2721 597 2760 nunc
628 2703 715 2757 vel
751 2703 934 2774 prius,
966 2700 1123 2772 quod
1158 2716 1291 2754 vero
1322 2699 1647 2753 secundum
1700 2712 1910 2751 nomen
1972 2711 2085 2749 non

437 2793 613 2859 inest,
637 2809 749 2847 non
771 2791 879 2846 erit
910 2790 1087 2856 idem,
1122 2789 1407 2845 utendum
1441 2803 1576 2853 ergo
1598 2787 1707 2841 hoc
1730 2784 1855 2841 loco
1884 2800 2087 2856 quem-

441 2882 762 2939 admodum
789 2880 1010 2934 dictum
1034 2882 1141 2933 est.
1170 2876 1604 2949 lnspiciendum
1631 2879 1825 2931 autem
1850 2879 1906 2929 et
1928 2873 1974 2927 si
1998 2890 2087 2928 se-

439 2971 700 3027 cundum
738 2968 893 3023 aliud
926 2966 1225 3038 quidpiam
1262 2964 1452 3035 magis
1501 2963 1715 3018 dicitur
1758 2963 1910 3033 quod
1946 2961 2083 3015 deti~

440 3061 622 3129 nitur,
656 3076 829 3130 quam
857 3058 1183 3112 secundum
1228 3054 1585 3125 assignatam
1647 3054 1992 3119 orationem,
2025 3054 2089 3103 ut

443 3150 491 3205 si
518 3148 752 3219 justitia
782 3152 1042 3218 potestas
1095 3144 1245 3215 aequi
1306 3142 1681 3197 distributiva
1733 3147 1822 3198 est
1848 3158 1859 3197 :
1887 3143 2089 3212 justus

445 3238 600 3294 enim
638 3237 825 3308 magis
855 3239 943 3291 est
975 3234 1071 3305 qui
1131 3234 1298 3304 eligit
1342 3248 1574 3302 aequum
1618 3232 1992 3297 distribuere,
2024 3247 2090 3285 eo

445 3327 543 3397 qui
579 3329 795 3395 potest;
831 3340 1012 3395 quare
1044 3339 1158 3376 non
1194 3322 1305 3376 erit
1331 3321 1568 3390 justitia
1626 3326 1884 3389 potestas
1941 3321 2089 3390 aequi

444 3415 840 3478 distributiva,
875 3428 1009 3467 nam
1040 3416 1096 3466 et
1120 3412 1325 3482 justus
1354 3415 1509 3465 esset
1542 3412 1789 3465 maxime
1822 3410 1921 3480 qui
1954 3426 2089 3480 pos-

448 3509 537 3561 set
578 3520 808 3574 aequum
848 3501 1219 3556 distribuere.
1283 3498 1566 3569 Amplius,
1626 3500 1671 3553 si
1708 3515 1797 3553 res
1851 3498 2089 3569 quidem

447 3592 693 3664 suscipit
726 3592 931 3663 magis,
968 3590 1120 3662 quod
1156 3593 1351 3643 autem
1397 3588 1722 3643 secundum
1770 3587 2090 3641 orationem

449 3683 786 3753 assignatur
807 3697 918 3735 non
946 3678 1216 3749 suscipit,
1234 3682 1335 3732 aut
1352 3681 1575 3743 contra,
1594 3676 1746 3748 quod
1766 3676 2089 3731 secundum

449 3773 769 3827 orationem
803 3771 852 3825 ei
880 3769 1218 3839 assignatur
1250 3767 1516 3839 suscipit,
1554 3782 1646 3821 res
1705 3771 1897 3820 autem
1954 3781 2091 3820 non.

449 3861 686 3932 Oportet
719 3859 872 3914 enim
908 3863 1007 3912 aut
1040 3862 1288 3929 utraque
1312 3857 1628 3927 suscipere,
1655 3862 1757 3911 aut
1796 3859 2091 3918 neutrum,

464 3949 755 4020 siquidem
812 3965 874 4002 es
907 3948 984 4003 rei
1020 3948 1173 4019 quod
1211 3947 1533 4001 secundum
1580 3946 1901 3999 orationem
1948 3944 2093 3999 assi-

455 4044 689 4112 gnatur.
711 4036 1002 4109 Amplius,
1024 4036 1071 4091 si
1092 4036 1424 4107 suscipiunt
1442 4038 1689 4105 utraque
1709 4034 1943 4104 quidem
1970 4049 2094 4088 ma-

450 4131 559 4201 gis,
578 4145 691 4183 non
712 4126 886 4182 simul
912 4130 1106 4182 autem
1136 4131 1385 4195 utraque
1408 4127 1787 4195 augmentum
1814 4126 2093 4177 sumunt:

452 4221 517 4274 ut
548 4219 599 4273 si
650 4234 814 4273 amor
859 4215 1332 4285 concupiscentia
1373 4211 1774 4268 conventionis
1806 4217 1911 4267 est.
1948 4211 2095 4265 Nam

452 4308 640 4378 magis
660 4324 864 4361 amans
888 4322 1001 4360 non
1024 4304 1212 4376 magis
1232 4302 1599 4374 concupiscit
1615 4302 2095 4367 conventionem;

452 4414 632 4469 quare
661 4413 774 4450 non
790 4393 963 4450 simul
989 4399 1235 4464 utraque
1253 4392 1584 4463 suscipiunt
1609 4391 1891 4462 magis,at
1922 4406 2098 4461 opor-

2190 1816 2291 1867 aut
2313 1813 2637 1867 secundum
2661 1811 3377 1883 genus,considerandum
3404 1812 3455 1866 si
3480 1828 3591 1867 non
3615 1812 3806 1867 dictum

2189 1906 2277 1957 est
2308 1902 2367 1957 in
2408 1901 2748 1957 deﬁnitione
2783 1902 2852 1956 ad
2891 1902 3045 1971 quod
3087 1901 3325 1968 dicitur,
3369 1907 3474 1957 aut
3512 1904 3802 1957 secundum

2189 1990 2409 2062 ipsum,
2433 1996 2535 2044 aut
2556 1990 2880 2044 secundum
2905 2006 3111 2058 genus.
3132 1990 3204 2045 Ut
3226 1990 3275 2046 si
3299 1989 3612 2047 scientiam
3629 1991 3806 2045 deﬁni-

2190 2080 2275 2134 vit
2306 2080 2640 2150 Opinionem
2661 2077 3191 2144 indissuasibilem,
3222 2084 3323 2134 aut
3357 2080 3538 2135 etiam
3574 2080 3808 2135 volunta-

2192 2173 2332 2236 tem,
2348 2167 2669 2239 appetitum
2694 2168 3076 2222 sinetristitia
3101 2168 3328 2224 :omnis
3351 2169 3510 2224 enim
3530 2168 3653 2235 ejus
3673 2169 3801 2240 quod

2194 2262 2282 2313 est
2301 2257 2643 2329 ad’aliquid,
2669 2256 3001 2311 substantia
3023 2257 3093 2311 ad
3119 2258 3398 2326 alterum,
3423 2274 3490 2313 eo
3513 2258 3659 2328 quod
3683 2258 3808 2312 idern

2196 2346 2275 2402 sit
2297 2346 2614 2417 unicuique
2644 2362 2843 2401 eorum
2869 2362 2999 2417 qua:
3016 2350 3154 2400 sunt
3176 2347 3246 2400 ad
3274 2347 3503 2417 aliquid
3527 2362 3669 2411 esse,
3690 2345 3806 2417 idip-

2196 2452 2327 2491 sum
2361 2436 2513 2507 quod
2540 2441 2628 2490 est
2653 2436 2721 2488 ad
2749 2435 2971 2506 aliquid
3002 2435 3254 2506 quodam
3286 2437 3477 2509 modo
3508 2453 3569 2491 se
3607 2436 3808 2491 habere.

2198 2526 2513 2596 Oportebat
2537 2525 2713 2597 igitur
2734 2524 3037 2579 scientiam
3064 2525 3259 2580 dicere
3291 2525 3631 2596 opinionem
3657 2523 3808 2580 scibi-

2196 2615 2291 2682 lis,
2312 2620 2366 2670 et
2389 2614 2746 2670 voluntatem
2791 2613 3112 2686 appetitum
3142 2614 3300 2669 boni.
3340 2615 3627 2670 Similiter
3645 2619 3807 2669 autem

2198 2710 2255 2760 et
2283 2704 2331 2759 si
2381 2703 2802 2775 grammaticen
2838 2702 3101 2758 deﬁnivit
3139 2703 3455 2759 scientiam
3497 2704 3811 2767 litterarum,

2199 2793 2504 2865 oportebat
2525 2793 2680 2848 enim
2704 2796 2805 2848 aut
2835 2792 2905 2847 ad
2943 2792 3135 2862 ipsum
3178 2792 3421 2863 dicitur,
3442 2799 3546 2849 aut
3587 2794 3651 2848 ad
3682 2790 3809 2864 quod

2199 2884 2343 2939 forte
2366 2899 2551 2954 genus
2583 2881 2887 2949 dicitur,in
2932 2881 3274 2937 definitione
3317 2882 3749 2955 assignari.Aut
3773 2880 3813 2933 si

2199 2989 2331 3027 cum
2353 2972 2657 3043 quidpiam
2683 2971 2753 3025 ad
2779 2970 3001 3041 aliquid
3020 2970 3255 3037 dicitur,
3289 2988 3409 3026 non
3430 2970 3732 3040 assignavit
3755 2968 3811 3023 ad

2205 3063 2401 3117 ﬁnem.
2427 3060 2583 3115 Finis
2603 3066 2797 3115 autem
2821 3060 2879 3113 in
2906 3075 3259 3131 unoquoque
3275 3064 3367 3114 est
3390 3061 3547 3131 quod
3564 3059 3811 3132 optimum

2202 3156 2310 3214 est,
2328 3154 2428 3203 aut
2454 3150 2627 3217 cujus
2649 3148 2835 3219 gratia
2866 3148 2980 3203 alia
3003 3154 3173 3215 sunt;
3198 3148 3519 3204 dicendum
3546 3148 3710 3220 igitur
3734 3150 3815 3201 aut

2202 3239 2515 3309 Optimum,
2551 3242 2652 3291 aut
2683 3236 2984 3304 ultimum,
3018 3241 3081 3292 ut
3104 3237 3586 3307 concupiscentia
3603 3252 3710 3292 non
3734 3236 3811 3290 de-

2203 3326 2511 3395 lectabilis,
2557 3327 2653 3381 sed
2683 3324 3130 3395 {delectationis,
3156 3342 3290 3381 nam
3326 3332 3567 3399 propter
3597 3327 3748 3389 hanc,
3772 3328 3815 3377 et

2202 3415 2545 3471 delectabile
2577 3414 2869 3486 eligimus.
2906 3414 3412 3471 Considerandum
3446 3421 3503 3472 et
3532 3416 3579 3471 si
3610 3430 3816 3487 genera-

2203 3506 2284 3561 tio
2308 3506 2486 3560 estad
2511 3505 2665 3575 quod
2692 3504 3033 3575 assignavit,
3050 3504 3132 3559 vel
3163 3510 3356 3560 actus.
3384 3506 3542 3561 Nihil
3565 3505 3709 3559 enim
3751 3513 3813 3556 Ia-

2203 3596 2349 3651 lium
2381 3595 2689 3663 finis,nam
2725 3595 2908 3664 magis
2942 3595 3089 3663 quod
3115 3601 3203 3650 est
3229 3596 3427 3665 egisse
3461 3601 3518 3651 et
3548 3607 3817 3666 generasse

2204 3685 2365 3751 ﬁnis,
2400 3701 2574 3756 quam
2609 3683 2729 3737 fieri
2762 3688 2815 3738 et
2838 3686 3126 3755 agere.An
3143 3700 3258 3739 non
3282 3684 3340 3739 in
3364 3686 3815 3740 omnibusverum

2205 3774 2547 3844 hujusmodi
2569 3774 2596 3827 ‘I
2626 3788 2772 3843 pene
2802 3773 2957 3827 enim
2994 3772 3228 3843 plurimi
3254 3772 3533 3829 delectari
3554 3772 3725 3843 magis
3745 3784 3817 3823 vo-

2203 3863 2335 3918 lunt
2366 3879 2542 3933 quam
2578 3861 2874 3917 destitisse
2899 3860 3174 3916 delectari
3203 3878 3216 3929 ;
3251 3877 3436 3932 quare
3467 3878 3632 3935 agere
3661 3855 3816 3929 magis

2206 3952 2380 4006 finem
2416 3951 2547 4021 quis
2578 3954 2800 4005 statuat
2831 3966 3007 4021 quam
3041 3949 3251 4022 egisse.
3299 3951 3555 4006 Rursum
3610 3950 3665 4004 in
3709 3945 3816 4019 qui-

2206 4041 2455 4094 busdam
2490 4040 2536 4094 si
2574 4056 2687 4093 non
2720 4039 3136 4094 determinavit
3170 4040 3399 4110 quanti,
3420 4040 3509 4094 vel
3537 4032 3815 4111 qualis,vel

2206 4128 2419 4193 ubi,vel
2453 4129 2781 4183 secundum
2809 4129 2954 4183 alias
2974 4128 3339 4183 differentias
3365 4145 3377 4183 :
3404 4126 3814 4187 utambitiosus,

2206 4223 2263 4273 et
2295 4217 2508 4288 qualis,
2542 4222 2599 4271 et
2628 4217 2832 4288 quanti
2864 4222 3145 4288 appetens
3174 4223 3263 4272 est
3286 4217 3550 4283 honoris,
3572 4232 3695 4272 nam
3715 4228 3813 4270 om-

2209 4322 2312 4360 nes
2344 4308 2627 4377 appetunt
2662 4304 2981 4372 honorem;
3017 4321 3194 4375 quare
3249 4321 3365 4359 non
3421 4303 3635 4361 sufﬁcit
3659 4298 3814 4355 ambi-

2207 4396 2426 4449 tiosum
2458 4394 2651 4448 dicere
2710 4393 2809 4464 qui
2868 4394 3092 4464 appetit
3141 4393 3443 4459 honorem,
3505 4394 3600 4449 sed
3641 4390 3814 4446 addere

449 4489 615 4552 teret,
641 4485 688 4539 si
711 4486 862 4538 idem
887 4481 1467 4552 essent.Amplius,si
1496 4481 1724 4535 duobus
1740 4479 2093 4551 quibusdam
2128 4485 2173 4548 Ι)
2206 4488 2431 4555 oportet
2455 4483 2641 4537 dictas
2671 4481 3352 4538 ditferentias.Similitep
3386 4489 3581 4538 autem
3611 4485 3664 4536 et
3705 4493 3815 4533 ava-

452 4574 793 4648 propositis,
814 4574 881 4627 de
915 4589 1028 4643 quo
1055 4589 1145 4627 res
1168 4571 1357 4641 magis
1379 4569 1687 4636 dicitur,id
1715 4570 1865 4640 quod
1893 4573 1982 4624 est
2010 4584 2097 4623 se-

455 4665 713 4719 cundum
746 4663 1066 4717 orationem
1098 4660 1294 4713 minus
1327 4660 1576 4713 dicitur:
1613 4662 1679 4713 ut
1712 4659 1757 4713 si
1820 4657 1973 4729 ignis
2017 4662 2102 4713 est

458 4770 670 4823 corpus
700 4750 1180 4817 subtilissimum,
1230 4749 1381 4819 ignis
1413 4748 1563 4803 enim
1628 4748 1813 4819 magis
1870 4747 2104 4801 ﬂamma

458 4840 990 4912 quamlux,corpus
1015 4842 1212 4893 autem
1234 4836 1691 4891 subtilissimum
1718 4837 1915 4891 minus
1939 4836 2100 4889 ﬂama

459 4948 555 4986 ma
587 4947 759 5001 quam
796 4930 929 4995 lux;
963 4932 1190 4999 oportet
1214 4931 1406 4981 autem
1435 4931 1681 4996 utraque
1700 4926 1887 4994 magis
1908 4923 2103 4978 inesse

458 5020 966 5090 eidem,siquidem
994 5018 1196 5071 eadem
1218 5018 1354 5069 sint.
1374 5020 1650 5078 Rursum,
1671 5014 1716 5067 si
1736 5013 1843 5067 hoc
1865 5014 2099 5082 quidem

459 5109 731 5164 similiter
755 5107 1020 5176 utrisque
1042 5105 1193 5160 inest
1215 5104 1549 5174 proiiositis,
1576 5102 1732 5157 aliud
1762 5108 1955 5155 autem
1989 5118 2100 5155 non

459 5198 732 5253 similiter
764 5196 1048 5264 utrisque,
1086 5197 1179 5248 sel
1216 5193 1377 5246 alteri
1414 5189 1928 5260 magis.Amplius,
1954 5190 1999 5245 si
2029 5191 2098 5244 ad

460 5290 575 5343 duo
607 5286 1004 5340 definitionem
1061 5282 1447 5353 assignaverit
1495 5280 1815 5334 secundum
1870 5286 2101 5333 utrum-

461 5392 604 5446 que:
636 5383 697 5429 ut
720 5376 935 5428 bonum
958 5374 1110 5443 quod
1136 5388 1237 5440 per
1257 5372 1445 5423 visum
1468 5375 1567 5421 aut
1593 5386 1689 5437 per
1710 5372 1972 5424 auditum
1998 5371 2099 5421 de-

466 5464 754 5527 lectabile,
785 5467 842 5518 et
873 5478 976 5515 ens
1010 5460 1162 5531 quod
1199 5457 1477 5527 possibile
1507 5461 1595 5511 est
1623 5459 1737 5527 pati
1763 5464 1864 5511 aut
1896 5461 2098 5525 facere,

468 5554 641 5609 simul
680 5554 832 5607 enim
869 5552 1021 5603 idem
1052 5555 1109 5602 et
1138 5549 1353 5602 bonum
1386 5552 1441 5600 et
1465 5562 1576 5599 non
1610 5548 1826 5601 bonum
1877 5554 1984 5613 est,
2018 5550 2099 5603 si-

460 5641 680 5698 militer
708 5646 900 5695 autem
934 5643 992 5691 et
1021 5653 1126 5691 ens
1155 5641 1210 5691 et
1236 5650 1347 5689 non
1373 5651 1514 5688 ens:
1550 5652 1682 5689 nam
1709 5652 1810 5707 per
1831 5637 2096 5691 auditum

2211 4590 2330 4638 rus,
2362 4578 2611 4643 quantas
2668 4571 2889 4642 appetit
2950 4571 3265 4641 pecunias;
3302 4576 3403 4626 aut
3432 4571 3810 4640 intemperans,

2211 4663 2362 4717 circa
2385 4660 2592 4731 quales
2623 4660 2988 4729 voluptates:
3036 4676 3151 4713 non
3212 4660 3367 4715 enim
3401 4661 3497 4731 qui
3531 4677 3564 4714 a
3593 4654 3813 4727 qualibet

2215 4750 2509 4822 voluptate
2542 4755 2791 4818 tenetur,
2826 4750 3229 4819 intemperans
3259 4750 3496 4814 dicitur,
3514 4748 3611 4803 sed
3643 4745 3729 4817 qui
3755 4741 3809 4795 ab

2212 4840 2429 4910 aliqua.
2466 4843 2577 4893 Aut
2600 4854 2858 4901 rursum,
2894 4837 2992 4908 qui
3024 4838 3288 4892 definivit
3321 4844 3545 4895 noctem
3579 4836 3807 4891 umbram

2212 4936 2398 4995 terrae,
2425 4936 2524 4982 aut
2554 4928 2995 4982 succussionem
3033 4931 3257 4981 motum
3286 4932 3471 4993 terrae,
3505 4932 3601 4981 aut
3630 4921 3807 4978 nubem

2213 5018 2554 5072 densitatem
2591 5017 2763 5082 aeris,
2798 5020 2899 5069 aut
2931 5022 3166 5070 ventum
3192 5022 3412 5071 motum
3434 5017 3601 5080 aeris,
3632 5009 3808 5065 adden-

2213 5108 2349 5161 dum
2386 5106 2538 5161 enim
2574 5104 2777 5176 quanti
2810 5110 2867 5157 et
2899 5103 3109 5174 qualis,
3147 5104 3246 5159 ubi
3280 5110 3334 5159 et
3366 5099 3808 5173 aquo.Simiiit9r

2214 5201 2408 5250 autem
2437 5200 2493 5248 et
2526 5195 2584 5248 in
2617 5193 2837 5248 caeteris
2870 5192 3235 5263 hujusmodi,
3262 5211 3393 5248 nam
3430 5193 3688 5248 omittens
3715 5182 3802 5239 dil-

2216 5285 2517 5339 l'nrentiam
2555 5283 2899 5354 quamlibet,
2933 5298 3047 5335 non
3072 5282 3213 5354 dicit
3245 5282 3380 5353 quid
3405 5290 3493 5337 est
3513 5281 3805 5346 essefopor'

2213 5378 2294 5426 tet
2325 5379 2517 5426 autem
2548 5386 2777 5441 semper
2807 5370 2873 5424 ad
2911 5369 2966 5423 id
3001 5386 3116 5440 quo
3172 5371 3393 5442 indiget
3431 5359 3799 5439 argumentari.

2212 5461 2336 5516 Non
2370 5461 2523 5514 enim
2559 5461 2821 5531 quolibet
2852 5460 3023 5513 modo
3054 5462 3208 5512 terra
3238 5466 3417 5529 mota,
3447 5472 3624 5528 neque
3650 5464 3803 5523 quan-

2210 5557 2504 5619 tacunque
2561 5548 2855 5603 successio
2887 5547 3031 5613 erit;
3088 5548 3359 5603 similiter
3412 5553 3596 5602 autem
3647 5549 3799 5608 neque

2211 5655 2341 5695 aere
2364 5636 2626 5709 quolibet
2684 5636 2880 5707 modo,
2915 5651 3104 5707 neque
3159 5641 3597 5707 quantocunque
3649 5629 3794 5688 moto,
