3982 6156
468 301 612 356 1015

1747 305 1865 357 AN.
1908 302 2130 357 UANL.
2170 298 2331 356 BEV.
2371 301 2615 355 BOETII

3686 304 3791 359 1016

471 446 712 487 rursum
735 446 851 487 non
876 436 1296 489 connumerato
1310 447 1377 488 eo
1400 429 1557 503 quod
1582 433 1705 486 erat
1725 428 1783 484 in
1804 428 2114 501 principio,
2148 430 2197 495 Α
2229 426 2416 482 ribus.
2448 427 2661 482 Earum
2692 441 2825 481 vero
2858 441 2985 499 quae
3016 430 3157 482 sunt
3186 430 3418 498 propter
3453 426 3702 498 lﬁguram,
3741 433 3794 486 ob

472 525 624 593 quod
659 539 771 577 non
806 522 1024 577 habent
1054 539 1130 577 ea:
1163 540 1290 594 quae
1323 525 1466 577 sunt
1500 524 1735 593 propter
1781 521 2119 591 petitionem

472 614 602 681 ejus
629 612 781 683 quod
806 611 863 665 in
888 611 1338 683 principio.Quae
1358 627 1488 665 vero
1507 616 1739 681 propter
1754 622 2120 677 consequens

477 700 762 772 particula
784 706 922 755 sunt
947 700 1433 769 accidentis,nam
1456 714 1818 768 consequens
1870 695 2080 751 accidit
2105 711 2121 761 ς

478 789 670 843 differt
695 795 890 843 autem
916 790 987 845 ab
1020 789 1342 856 accidente,
1377 789 1656 860 quoniam
1690 786 1961 841 accidens
1988 784 2122 854 qui-

478 877 609 932 dem
631 887 718 933 est
742 878 797 932 in
834 895 947 935 uno
970 878 1092 934 solo
1125 894 1380 945 sumere,
1417 884 1480 932 ut
1510 877 1664 931 idem
1702 892 1832 931 esse
1886 875 2122 941 ﬂavum,

479 973 539 1022 et
565 968 701 1031 mel,
735 974 791 1023 et
822 968 1048 1039 album,
1080 973 1137 1023 et
1167 984 1442 1041 cygnum,
1470 968 1628 1038 quod
1661 970 1855 1021 autem
1890 969 2128 1035 propter

479 1073 873 1128 consequens,
908 1074 1141 1128 semper
1173 1059 1229 1112 in
1264 1057 1533 1127 pluribus
1565 1075 1580 1125 ;
1613 1071 1747 1110 nam
1779 1071 1903 1124 qua
1938 1052 2038 1107 uni
2072 1055 2130 1105 et

479 1147 665 1201 eidem
691 1152 832 1202 sunt
852 1147 1141 1213 eadem,et
1164 1146 1276 1202 sibi
1300 1146 1547 1201 invicem
1576 1143 1953 1216 postulantur
2002 1156 2130 1197 esse

481 1237 950 1307 eadem,propter
967 1236 1122 1307 quod
1146 1236 1211 1290 fit
1234 1252 1300 1290 ea
1323 1252 1448 1305 quae
1501 1239 1737 1305 propter
1767 1246 2131 1301 consequens

484 1326 952 1397 redargutio.Est
971 1332 1165 1381 autem
1192 1342 1302 1380 non
1328 1325 1564 1379 omnino
1586 1339 1808 1390 verum,
1856 1326 1920 1377 ut
1952 1321 2001 1375 si
2055 1319 2134 1375 sit

485 1414 682 1470 album
706 1417 1029 1471 secundum
1063 1415 1358 1480 accidens,
1390 1430 1526 1468 nam
1560 1416 1615 1468 et
1647 1411 1744 1467 nix
1796 1416 1854 1465 et
1911 1425 2133 1482 cygnus

487 1505 619 1561 albo
650 1507 828 1577 idem,
861 1513 961 1562 aut
992 1522 1227 1561 rursum
1261 1506 1320 1559 in
1380 1504 1601 1559 Melissi
1658 1502 1919 1558 oratione
1977 1501 2129 1555 idem

489 1610 618 1650 esse
640 1597 849 1665 accipit
872 1599 1089 1651 factum
1115 1610 1264 1661 esse,
1297 1600 1353 1650 et
1374 1593 1732 1665 principium
1766 1592 2001 1657 habere,
2035 1593 2136 1645 aut

489 1684 735 1753 aequalia
768 1685 912 1747 tieri,
946 1690 1004 1739 et
1029 1684 1292 1739 eamdem
1336 1682 1804 1754 magnitudinem
1849 1679 2132 1749 accipere.

2227 515 2677 573 similitudinem
2709 515 2985 572 dictionis
3012 533 3024 572 :
3057 515 3294 571 difﬁcile
3319 521 3411 573 est
3438 517 3581 572 enim
3601 517 3799 576 dividere
3900 540 3901 557 ι

2230 622 2356 676 quae
2388 606 2662 662 similiter
2690 610 2746 661 et
2776 622 2907 677 quae
2937 605 3104 661 aliter
3155 606 3427 661 dicuntur
3482 607 3623 677 (nam
3665 609 3800 663 ferme
3900 612 3901 615 “

2232 696 2333 766 qui
2367 696 2474 751 hoc
2507 701 2695 767 potest
2724 696 2913 751 facere
2968 694 3027 750 in
3090 694 3355 767 procintu
3417 700 3501 751 est
3559 702 3613 750 ut
3659 698 3803 751 videat

2231 800 2459 854 verum,
2493 787 2745 840 maxime
2793 789 2987 840 autem
3034 786 3181 840 sciet
3204 786 3485 851 innuere),
3514 787 3654 856 quod
3679 804 3806 842 omne

2235 875 2388 945 quod
2425 875 2495 930 de
2524 874 2721 944 aliquo
2744 874 3715 945 praedicatur,arbitramur,idipsum
3734 876 3809 930 ali-

2237 965 2374 1036 quid
2407 981 2557 1033 esse,
2585 972 2645 1021 et
2676 974 2738 1020 ut
2792 981 2971 1020 unum
3029 965 3441 1037 intelligimus,
3477 982 3602 1020 nam
3656 984 3809 1031 unum,

2237 1060 2294 1111 et
2325 1055 2718 1111 substantiam
2752 1056 3006 1111 maxime
3036 1055 3270 1110 videtur
3298 1055 3470 1125 sequi
3501 1055 3556 1109 id
3586 1056 3718 1127 quod
3755 1061 3815 1111 est

2240 1144 2485 1216 aliquid,
2522 1149 2577 1200 et
2607 1161 2733 1200 ens.
2761 1146 2950 1210 Quare
2981 1145 3039 1199 in
3072 1144 3146 1199 iis
3178 1161 3304 1215 quae
3334 1150 3480 1199 sunt
3511 1149 3717 1216 propter
3757 1146 3816 1200 di-

2240 1235 2491 1289 ctionem
2515 1233 2608 1288 hic
2628 1233 2791 1288 locus
2814 1233 3409 1305 ponendus,primum
3427 1234 3652 1303 quidem
3682 1237 3817 1306 magis

2242 1323 2503 1395 deceptio
2535 1323 2797 1394 gignitur
2826 1322 2885 1376 in
2920 1323 2989 1378 iis
3022 1323 3122 1393 qui
3155 1339 3287 1378 cum
3321 1323 3457 1377 aliis
3495 1321 3818 1393 considerant,

2243 1428 2421 1483 quam
2450 1412 2549 1483 qui
2582 1428 2684 1484 per
2713 1413 2938 1483 seipsos
2967 1430 2978 1462 :
3008 1428 3143 1467 nam
3177 1427 3242 1467 ea
3274 1428 3399 1482 quae
3441 1428 3571 1467 cum
3624 1412 3718 1467 alio
3760 1420 3819 1467 est

2244 1502 2652 1571 consideratio,
2686 1519 2787 1573 per
2816 1502 3139 1557 orationem
3171 1507 3295 1557 est:
3357 1518 3488 1572 quae
3537 1506 3708 1555 autem
3753 1517 3820 1572 per

2245 1590 2615 1661 seipsos,non
2649 1592 2843 1646 minus
2864 1607 2965 1661 per
2984 1590 3172 1662 ipsam
3223 1606 3367 1645 rem.
3406 1589 3621 1645 Deinde
3666 1596 3714 1645 et
3755 1608 3820 1661 per

2245 1682 2470 1753 seipsos
2500 1680 2688 1751 decipi
2741 1680 2972 1747 accidit,
3030 1681 3265 1750 quando
3324 1680 3385 1734 in
3441 1681 3685 1735 oratione
3730 1680 3822 1734 facit

489 1774 941 1837 QUOniamenim
965 1773 1321 1844 principium
1342 1772 1678 1841 habetquod
1706 1772 1923 1825 factum
1948 1774 2057 1835 est,
2081 1772 2135 1822 et
2168 1800 2216 1865 B
2247 1771 2814 1827 considerationem:
2842 1775 3119 1841 praeterea
3140 1770 3404 1841 deceptio
3447 1771 3672 1840 quidem
3698 1785 3752 1824 ex
3772 1770 3823 1822 si-

489 1864 643 1932 quod
670 1863 843 1917 habet
875 1862 1474 1933 principium,factum
1494 1877 1621 1915 esse
1671 1858 1947 1930 postulat,
2006 1862 2135 1912 tan-

489 1952 1071 2021 quamamboeadem
1087 1952 1229 2015 sint,
1261 1966 1327 2005 eo
1360 1950 1515 2020 quod
1534 1948 1887 2020 principium
1924 1947 2140 2000 habent

489 2042 705 2095 factum
728 2057 857 2096 esse
882 2046 942 2095 et
964 2038 1510 2094 ﬁnitum.8imiliter
1529 2036 1881 2107 autemietin
1904 2035 1978 2091 iis
2010 2050 2137 2105 quae

488 2129 739 2200 aequalia
771 2130 918 2184 facta
941 2134 1102 2194 sunt,
1126 2128 1176 2182 si
1208 2128 1477 2183 eamdem
1531 2124 2024 2197 magnitudinem,
2085 2127 2142 2177 et

490 2234 672 2274 unam
695 2218 995 2274 sumentia
1014 2216 1261 2289 aequalia
1289 2217 1523 2283 ﬁunt,et
1545 2232 1672 2286 quae
1699 2214 1949 2285 mqualia
1987 2212 2145 2267 facta

494 2312 652 2373 sunt,
685 2308 953 2362 eamdem
999 2313 1058 2361 et
1115 2322 1292 2360 unam
1353 2303 1821 2375 magnitudinem
1872 2304 2139 2367 sumunt,

494 2413 674 2468 quare
700 2411 1069 2467 consequens
1091 2394 1275 2451 sumit
1300 2413 1315 2461 ,'
1338 2395 1490 2465 quod
1517 2394 1700 2465 igitur
1724 2398 1960 2464 propter
1990 2390 2142 2446 acci-

495 2486 641 2541 dens
675 2485 1033 2556 redargutio,
1057 2485 1117 2539 in
1152 2483 1482 2555 ignorantia
1541 2480 1971 2553 redargutionis
2031 2483 2141 2546 est,

497 2574 903 2638 manifestum,
935 2578 993 2629 et
1023 2574 1176 2644 quod
1208 2590 1275 2628 ea
1302 2590 1426 2642 qua:
1448 2578 1558 2640 est,
1592 2576 1680 2626 est
1711 2576 1947 2642 prOpter
2002 2587 2144 2625 con-

496 2662 1213 2734 sequens.[nspiciendum
1239 2667 1435 2716 autem
1458 2660 1620 2717 estid
1641 2665 1698 2716 et
1720 2660 1866 2715 alias
1912 2659 2144 2716 melius.

494 2753 629 2817 Quae
653 2770 784 2809 vero
809 2760 1047 2825 propter
1068 2754 1123 2808 id
1149 2754 1299 2823 quod
1325 2756 1414 2808 est
1435 2751 1631 2823 plures
1657 2750 2144 2822 interrogationes

495 2850 561 2900 ut
585 2863 765 2901 unam
793 2846 1066 2913 facere,in
1095 2862 1161 2900 eo
1185 2849 1325 2900 sunt
1368 2844 1521 2913 quod
1566 2860 1681 2897 non
1742 2840 2141 2911 enucleamus,

494 2936 617 2991 sive
632 2954 745 2991 non
761 2936 1082 2991 dividimus
1098 2933 1513 3007 propositionis
1528 2932 2002 2997 orationem,nam
2020 2947 2146 3001 pro-

494 3025 702 3096 positio
726 3042 910 3080 unum
934 3026 1004 3080 de
1028 3041 1144 3079 uno
1176 3023 1441 3079 est.Nam
1468 3023 1623 3077 idem
1647 3021 1940 3076 terminus
1970 3020 2146 3075 unius

496 3114 681 3169 solius
709 3114 987 3170 hominis.
1022 3112 1305 3169 Similiter
1326 3117 1526 3168 autem
1555 3116 1613 3165 et
1633 3111 1692 3164 in
1717 3110 1935 3165 aliis.Si
1968 3110 2148 3181 igitnr

2246 1860 2600 1926 militudine,
2634 1858 2960 1914 similitudo
2992 1864 3189 1914 autem
3247 1876 3317 1914 ex
3373 1858 3644 1913 dictione.
3693 1858 3744 1912 In
3780 1860 3824 1911 iis

2246 1956 2441 2005 autem
2474 1966 2598 2018 quae
2657 1955 2797 2003 sunt
2856 1955 3092 2020 propter
3122 1948 3417 2013 accidens,
3447 1965 3514 2004 eo
3571 1949 3708 2019 quod
3750 1964 3825 2002 non

2247 2042 2437 2111 potest
2484 2039 2805 2108 dijudicare
2836 2038 2993 2093 idem
3053 2043 3111 2093 et
3164 2038 3494 2104 diversum,
3529 2044 3584 2092 et
3612 2054 3762 2092 unum
3790 2042 3825 2089 et

2248 2128 2453 2194 multa,
2489 2142 2678 2198 neque
2701 2127 2914 2196 quibus
2964 2126 3415 2197 praedicatorum
3460 2126 3649 2182 omnia
3676 2127 3767 2181 haec
3788 2129 3823 2178 et

2248 2217 2329 2273 rei
2361 2216 2946 2272 accidunt.8imiliter
2964 2221 3159 2271 autem
3191 2221 3250 2271 et
3284 2215 3341 2270 in
3376 2215 3454 2271 iis
3486 2233 3609 2288 qua:
3655 2220 3826 2285 pr0pter

2247 2322 2613 2377 consequens
2644 2312 2805 2373 sunt,
2839 2322 2974 2375 pars
3001 2305 3158 2360 enim
3217 2305 3496 2376 quaedam
3557 2303 3825 2365 accidentis,

2247 2400 2336 2451 est
2352 2411 2740 2466 consequens.
2773 2394 3064 2465 Amplius,
3096 2399 3154 2449 et
3184 2394 3244 2448 in
3293 2395 3505 2449 multis
3554 2398 3772 2464 apparet,
3794 2396 3829 2443 et

2250 2484 2578 2555 postulatur
2600 2483 2707 2539 hoc
2729 2483 2973 2554 pacto,si
3002 2483 3108 2538 hoc
3136 2482 3208 2537 ab
3240 2482 3336 2537 illo
3401 2500 3517 2537 non
3575 2486 3828 2553 separatur,
3900 2490 3901 2561 ἐ

2249 2590 2353 2630 nec
2385 2573 2455 2629 ab
2490 2573 2670 2628 altero
2702 2578 3009 2644 separatur
3040 2572 3309 2627 alterum.
3343 2571 3412 2627 In
3457 2574 3530 2626 iis
3581 2587 3699 2626 vero
3743 2585 3826 2639 qua
3900 2564 3901 2603 ἒ

2249 2668 2391 2719 sunt
2423 2668 2655 2734 propter
2679 2662 3062 2717 omissionem
3084 2661 3393 2730 orationis,
3430 2666 3488 2716 et
3534 2661 3590 2715 in
3636 2659 3696 2714 iis
3744 2673 3828 2729 qus

2250 2757 2390 2807 sunt
2412 2751 2713 2824 propterid
2741 2752 2896 2822 quod
2912 2751 3104 2822 aliquo
3126 2752 3299 2806 modo
3335 2754 3398 2805 et
3437 2750 3765 2819 simpliciter,
3788 2761 3827 2799 eo

2250 2843 2407 2913 quod
2434 2846 2666 2912 prOpter
2687 2839 3185 2911 parum,deceptio
3208 2844 3317 2909 est,
3348 2839 3505 2896 Nam
3552 2837 3704 2910 quasi
3730 2833 3828 2890 nihil

2250 2931 2655 3002 consigniﬁcet
2687 2930 2826 3001 quid
2853 2935 2954 2985 aut
2974 2929 3168 3000 aliquo
3190 2929 3384 2995 modo,
3412 2935 3516 2984 aut
3536 2924 3825 2998 simpliciter,
3900 2922 3901 2931 “

2250 3026 2351 3077 aut
2377 3000 2614 3087 alicubi,
2646 3000 2749 3075 aut
2788 3035 2963 3087 nunc,
3027 3018 3446 3074 universaliter
3503 3016 3827 3072 concedimus.
3900 3000 3901 3019 ¹

2258 3110 2535 3166 Similiter
2564 3114 2758 3165 autem
2782 3114 2839 3164 et
2862 3109 2917 3163 in
2944 3108 3016 3164 iis
3050 3124 3177 3179 quae
3209 3107 3361 3178 quod
3402 3108 3460 3162 in
3493 3104 3747 3178 principio
3774 3104 3831 3155 est

496 3158 681 3169 ..νηυυ
709 3158 987 3170 ...,.-.....-.
1023 3158 1296 3169 .........--.
1327 3158 1526 3168 πη.--
1558 3158 1612 3165 --
1719 3158 1935 3165 --η----
1970 3158 2137 3181 -σ----
2258 3158 2525 3166 --...--.---
2566 3158 2758 3165 ηπ---
2787 3158 2839 3164 --
2863 3158 2917 3163 __
2944 3158 3015 3164 η-
3056 3158 3173 3179 Ἰη
3214 3158 3361 3178 ,ην
3403 3158 3459 3162 __
3493 3158 3644 3178 r___-
3672 3158 3695 3175 τ
3732 3158 3737 3159 ,

496 3219 614 3257 una
645 3203 965 3273 propositio
996 3207 1088 3258 est
1119 3219 1247 3273 quae
1281 3218 1462 3256 unum
1499 3201 1569 3256 de
1602 3217 1717 3255 uno
1749 3198 2027 3270 postulat,
2088 3202 2145 3253 et
2176 3158 2219 3223 Ο
2257 3206 2522 3269 sumunt,
2547 3206 2604 3257 et
2634 3201 2691 3255 in
2726 3217 2841 3255 non
2865 3200 3079 3266 causis,
3105 3203 3162 3255 et
3191 3212 3565 3268 quaecunque
3588 3192 3827 3266 pluresin-

497 3290 848 3361 simpliciter
868 3290 977 3346 erit
1009 3289 1328 3361 prepositio
1360 3288 1495 3343 talis
1526 3288 1925 3359 interrogatio.
1967 3286 2143 3356 Atqui

500 3379 777 3448 quoniam
812 3378 1191 3449 syllogismus
1222 3394 1291 3433 ex
1349 3376 1852 3447 propositionibus
1902 3381 2014 3440 est,
2050 3390 2142 3429 re-

502 3467 774 3537 dargutio
806 3471 1000 3522 autem
1035 3466 1431 3538 syllogismus,
1464 3471 1520 3521 et
1551 3466 1885 3536 redargutio
1917 3464 2027 3519 erit
2071 3481 2140 3519 ex

489 3554 1014 3626 propositionibus.
1047 3556 1102 3609 Si
1133 3556 1312 3626 igitur
1336 3555 1655 3626 propositio
1680 3568 1861 3609 unum
1887 3553 1957 3608 de
1999 3569 2137 3621 uno,

490 3644 869 3699 manifestum
894 3644 1173 3717 quoniam
1205 3652 1261 3699 et
1282 3644 1404 3701 haec
1426 3644 1486 3697 in
1510 3641 1939 3710 redargutionis
1973 3641 2136 3712 igno-

486 3733 700 3798 rantia,
737 3750 869 3788 nam
899 3739 1139 3803 apparet
1168 3748 1297 3787 esse
1327 3732 1646 3803 propositio
1678 3748 1806 3803 quas
1877 3749 1989 3787 non
2049 3736 2139 3787 est

485 3822 830 3892 propositio.
865 3822 923 3877 Si
974 3825 1169 3893 itaque
1219 3820 1381 3876 dedit
1437 3822 1879 3891 responsionem
1942 3825 2006 3875 ut
2065 3821 2136 3875 ad

487 3927 667 3966 unam
699 3910 1239 3981 interrogationem,
1268 3910 1377 3965 erit
1398 3910 1772 3980 redargutio;
1836 3909 1885 3963 si
1940 3916 2135 3964 autem

489 4016 603 4055 non
647 3999 890 4068 dederit,
952 4000 1052 4055 sed
1110 4004 1374 4070 apparet,
1435 4015 1716 4070 apparens
1775 4000 2131 4069 redargutio.

489 4091 678 4155 Quare
701 4104 903 4143 omnes
932 4087 1037 4143 loci
1063 4088 1357 4142 caduntin
1392 4088 1820 4158 redargutionis
1860 4089 2131 4158 ignoran-

486 4179 654 4245 tiam,
687 4180 791 4251 qui
823 4180 1061 4251 quidem
1111 4180 1251 4234 dicti
1310 4184 1450 4234 sunt
1507 4183 1743 4249 pr0pter
1794 4178 2131 4246 dictionem,

485 4270 624 4340 quia
644 4275 734 4325 est
754 4286 1043 4341 apparens
1066 4268 1629 4339 contradictio,quod
1649 4273 1773 4322 erat
1832 4266 2132 4338 proprium

486 4357 941 4429 redargutionis,
974 4357 1071 4414 alii
1104 4366 1297 4413 autem
1357 4361 1597 4429 propter
1649 4355 1970 4429 syllogismi
2015 4362 2132 4411 ter-

489 4463 741 4503 mtuum.

1134 4553 1359 4610 CAPUT
1397 4553 1491 4607 VI.

591 4662 785 4718 Causa
818 4660 1207 4732 deceptionem,
1239 4660 1559 4732 captionum
1591 4659 2038 4733 sophisticarum.

558 4804 832 4875 Deceptio
865 4809 1059 4860 autem
1098 4806 1163 4859 ﬁt
1209 4804 1268 4859 in
1304 4805 1374 4860 iis
1422 4804 1654 4875 quidem
1717 4820 1841 4874 quae
1902 4808 2139 4874 pr0pter

493 4894 1013 4963 mquivocationem
1039 4900 1097 4949 et
1126 4894 1473 4956 orationem,
1507 4910 1573 4948 eo
1601 4893 1753 4963 quod
1790 4908 1901 4946 non
1951 4896 2137 4963 potest

489 4983 622 5053 quis
682 4982 937 5037 dividere
965 4984 1021 5036 id
1084 4983 1235 5051 quod
1271 4981 1672 5052 multipliciter
1719 4981 1954 5045 dicitur,
2003 4995 2135 5035 nam

490 5074 756 5143 quaedam
782 5088 897 5125 non
936 5077 1022 5126 est
1052 5077 1390 5141 promptum
1438 5071 1717 5138 dividere,
1749 5075 1815 5123 ut
1846 5086 2050 5135 unum,
2083 5073 2139 5125 et

490 5166 677 5228 ens,et
708 5160 879 5214 idem.
908 5163 969 5215 In
1001 5161 1071 5215 iis
1089 5164 1284 5214 autem
1337 5176 1463 5230 qum
1497 5165 1635 5214 sunt
1695 5162 1930 5229 propter
1979 5174 2136 5213 com-

490 5249 841 5319 positionem
875 5255 927 5303 et
961 5249 1332 5312 divisionem,
1362 5264 1426 5303 eo
1486 5248 1643 5318 quod
1695 5246 1839 5301 nihil
1903 5252 2139 5317 putatur

490 5338 718 5392 differre
742 5339 1069 5409 composita
1099 5344 1155 5393 et
1202 5336 1390 5392 divisa
1430 5338 1632 5404 oratio,
1670 5352 1772 5391 ceu
1831 5335 2021 5391 evenit
2078 5336 2137 5390 in

489 5427 783 5497 plurimis.
818 5426 1103 5482 Similiter
1134 5430 1327 5481 autem
1379 5431 1436 5480 et
1466 5429 1524 5479 in
1556 5425 1629 5480 iis
1684 5441 1811 5495 quae
1845 5428 1983 5479 sunt
2014 5440 2139 5494 pro-

492 5524 619 5587 pter
650 5521 1102 5579 accentum,non
1127 5516 1281 5570 enim
1316 5514 1476 5569 aliud
1526 5516 1757 5571 videtur
1811 5514 2140 5581 signiﬁcare

490 5604 806 5674 intensa,et
823 5603 1266 5659 remissaoratio
1304 5603 1363 5658 in
1384 5604 1599 5675 aliquo,
1635 5608 1734 5659 aut
1778 5619 1895 5658 non
1926 5601 1983 5655 in
2019 5602 2140 5672 plu-

2253 3292 2679 3363 terrogationes
2708 3294 2772 3345 ut
2796 3305 2971 3344 unam
2998 3289 3238 3344 faciunt:
3267 3289 3324 3342 in
3340 3288 3622 3343 omnibus
3637 3280 3828 3340 enimbis
3900 3314 3901 3317 η

2252 3385 2340 3435 est
2372 3380 2652 3450 deceptio,
2682 3380 2755 3433 ob
2778 3378 2834 3433 id
2867 3378 3021 3449 quod
3057 3384 3290 3449 pr0pter
3320 3393 3557 3448 parum,
3590 3390 3708 3429 nam
3754 3386 3827 3423 non
3900 3372 3901 3375 “

2248 3474 2445 3526 exacte
2475 3468 2867 3524 discernimus
2898 3481 3087 3538 neque
3120 3465 3543 3537 propositionis
3572 3477 3735 3534 neque
3756 3456 3828 3529 syl-
3900 3468 3901 3538 j

2249 3557 2482 3630 logismi
2514 3557 2859 3628 terminum,
2893 3561 3128 3627 propter
3160 3554 3504 3626 prmdictam
3528 3567 3754 3609 causam.

2852 3644 3085 3701 CAPUT
3135 3643 3257 3699 VII.

2567 3743 2650 3795 Ex
2675 3738 2871 3810 quibus
2903 3735 3037 3793 locis
3065 3734 3346 3807 captiones
3370 3736 3557 3804 false.

2317 3828 2602 3894 Quoniam
2622 3833 2813 3883 autem
2834 3827 3108 3882 habemus
3123 3816 3824 3897 propterquecuuquefinnt

2244 3923 2593 3988 apparentes
2612 3916 3248 3990 syllogismi,habemus
3280 3920 3338 3969 et
3361 3922 3599 3986 prapter
3620 3922 3823 3983 quaecun-

2246 4022 2357 4076 que
2388 4007 2536 4061 ﬁunt
2563 4004 2862 4074 sophistici
2922 4002 3247 4073 syllogismi
3304 4006 3361 4056 et
3433 3997 3821 4067 redargutiones.

2243 4094 2377 4150 Dico
2410 4102 2604 4150 autem
2638 4093 3017 4163 sophisticam
3054 4091 3529 4161 redargutionetn
3559 4094 3611 4144 et
3648 4078 3821 4156 syllogi-

2243 4200 2462 4251 smum,
2495 4200 2611 4239 non
2627 4182 2812 4238 solum
2838 4186 3213 4252 apparentem
3243 4179 3643 4252 syllogismum
3668 4178 3822 4228 autre-

2242 4274 2648 4344 dargutionem
2675 4288 2787 4327 non
2802 4270 3143 4326 existentem
3158 4286 3191 4340 q
3204 4270 3425 4336 uidem;
3452 4268 3550 4324 sed
3567 4271 3619 4321 et
3636 4262 3821 4319 existen-

2246 4368 2361 4418 tem
2401 4361 2659 4430 quidem,
2703 4366 2763 4415 at
2824 4362 3171 4431 apparenter
3229 4358 3708 4413 accommodatam
3752 4344 3818 4400 πεί.
3900 4346 3901 4355 “

2243 4451 2394 4506 Sunt
2414 4454 2609 4505 autem
2626 4449 2889 4519 illae,quaa
2907 4465 3020 4504 non
3035 4447 3363 4504 secundum
3377 4464 3499 4503 rem
3517 4438 3817 4510 redarguunt

2167 4530 2214 4594 D
2246 4544 2303 4595 et
2331 4555 2463 4610 quae
2491 4543 2824 4593 monstrant
2880 4537 3237 4607 ignorantes,
3271 4537 3425 4606 quod
3478 4533 3691 4606 quidem
3735 4524 3816 4579 etii

2250 4627 2553 4701 proprium
2578 4625 3005 4681 tentativasEst
3032 4631 3225 4681 autem
3253 4625 3551 4688 tentativa,
3584 4633 3701 4693 pars
3737 4611 3815 4666 dia-

2247 4717 2487 4783 lecticae;
2506 4714 2599 4771 illa
2620 4719 2815 4769 autem
2840 4718 3029 4785 potest
3041 4713 3387 4784 syllogizare
3403 4712 3626 4773 falsum,
3649 4705 3816 4778 propter

2245 4805 2635 4878 ignorantiam
2660 4804 2790 4874 ejus
2813 4802 2913 4873 qui
2932 4804 3030 4857 dat
3050 4802 3396 4857 orationem.
3415 4796 3725 4871 Sophisticte
3746 4803 3811 4843 δυ’
3900 4820 3901 4829 ι

2243 4902 2350 4951 tem
2362 4894 2801 4964 redargutiones
2822 4892 3041 4947 tametsi
3056 4892 3335 4961 colligant
3358 4884 3811 4945 contradictionem.

2248 5002 2363 5040 non
2384 4985 2605 5039 faciunt
2639 4982 3039 5046 manifestum,
3074 4982 3122 5035 si
3155 4980 3407 5051 ignorat,
3442 4995 3570 5034 nam
3602 4980 3651 5030 et
3681 4968 3810 5055 scien-
3900 5032 3901 5055 χ

2252 5081 2366 5130 tem
2392 5071 2719 5144 impediunt
2749 5071 2910 5126 hisce
2938 5069 3322 5125 orationibus.
3351 5068 3508 5131 Quod
3539 5068 3703 5121 autem
3722 5054 3807 5109 illa!
3900 5080 3901 5093 ι

2248 5164 2595 5230 habeamus,
2631 5161 2737 5215 hac
2767 5160 2860 5213 via
2890 5160 3273 5215 manifestum
3304 5163 3412 5224 est,
3466 5170 3588 5210 nam
3642 5148 3808 5221 prop“:

2248 5267 2610 5323 quaecunque
2632 5230 3807 5319 apparetaurlientibus,utinterrogataayllo'
3900 5320 3901 5323 η

2246 5340 2704 5411 gizare,propter
2731 5339 2847 5392 hzec
2869 5342 2925 5392 et
2946 5336 3323 5407 respondenti
3347 5336 3542 5405 utique
3564 5326 3803 5411 videatur

2248 5406 2423 5497 quare
2444 5406 2617 5482 erunt
2640 5425 2967 5497 syllogismi
2990 5406 3123 5480 falsi
3148 5442 3248 5495 per
3278 5425 3398 5479 haec
3415 5428 3511 5478 aut
3527 5415 3710 5475 omnia.
3739 5406 3800 5497 $0:

2248 5496 2468 5588 aliqua,
2505 5532 2640 5571 nam
2672 5496 2830 5585 quod
2865 5531 2978 5569 non
3014 5515 3406 5585 interrogatus
3433 5508 3710 5567 arbitratur
3731 5496 3796 5590 ἀς·

2246 5607 2426 5671 disse,
2451 5612 2509 5662 et
2535 5604 2932 5676 interrogatus
2966 5620 3202 5675 quoque
3232 5608 3426 5676 ponet.
3440 5592 3685 5654 Verumin
3703 5596 3793 5656 qu"
