3982 6156
120 356 239 411 1021

673 353 1165 410 ELENCHOBUM
1205 348 1785 408 SOPHISTICORUM
1824 349 2290 406 ARISTOTELIS
2327 350 2935 407 INTERPBETATIO.

3371 352 3510 409 1022

113 478 527 553 peculiariaque
557 476 847 550 principia
875 493 992 533 non
1014 476 1356 548 interrogat,
1381 489 1515 530 nam
1548 473 1597 529 si
1622 489 1738 529 non
1771 472 1826 539 Α
1855 471 1926 527 ad
1958 471 2100 528 talia
2122 473 2189 528 ad
2226 489 2356 545 quae
2385 474 3053 546 abundatorationibus,
3078 478 3166 532 est
3188 477 3383 532 autem
3410 475 3509 533 be-

114 570 279 640 daret,
311 586 422 625 non
449 570 575 639 jam
602 568 841 623 haberet
866 582 933 622 ex
961 566 1178 638 quibus
1223 564 1479 636 amplius
1539 563 1739 635 dispu-

114 663 251 716 taret
270 659 337 715 ad
364 658 728 713 instantiam.
763 655 916 712 Talis
948 660 1140 711 autem
1176 658 1265 710 est
1296 653 1739 722 tentativa,nam

113 749 366 805 lentativa
386 765 501 803 non
526 746 661 803 talis
688 752 777 802 est
797 745 989 818 qualis
1013 750 1101 801 est
1121 743 1570 817 geometria,sed
1594 757 1737 814 qua-

110 838 218 895 lem
244 838 442 910 utique
472 836 729 903 haberet,
756 852 871 891 non
905 836 1098 890 sciens
1130 833 1366 905 aliquis.
1400 832 1549 888 Fieri
1585 831 1739 886 enim

109 932 365 1001 potestut
392 926 724 999 periculum
758 930 974 991 sumat,
1004 928 1058 980 et
1089 923 1139 979 is
1163 924 1261 995 qui
1299 923 1484 978 nescit
1518 938 1634 977 rem
1672 923 1741 976 de

106 1035 169 1075 eo
202 1018 295 1091 qui
326 1017 531 1085 nescit,
555 1014 849 1087 siquidem
881 1019 935 1069 et
968 1015 1064 1069 dat
1094 1030 1210 1068 non
1241 1028 1310 1067 ex
1362 1012 1575 1083 quibus
1606 1011 1737 1077 scit,

105 1124 280 1180 neque
310 1124 377 1162 ex
407 1105 680 1179 propriis,
707 1105 806 1161 sed
835 1120 904 1159 ex
920 1103 1441 1175 consequentibus,
1470 1118 1595 1173 quae
1615 1116 1741 1157 om-

104 1199 200 1254 nia
225 1196 355 1253 talia
387 1200 527 1251 sunt
559 1211 683 1267 qua
718 1194 1000 1249 scientem
1030 1193 1267 1265 quidem
1294 1191 1441 1247 nihil
1474 1190 1746 1263 prohibet

108 1287 323 1345 nescire
357 1290 563 1353 artem,
597 1284 956 1340 nescientem
991 1287 1185 1338 autem
1208 1298 1445 1337 necesse
1475 1286 1563 1337 est
1585 1280 1745 1353 igno-

102 1394 240 1434 rare.
255 1376 435 1440 Quare
451 1375 826 1431 manifestum
849 1373 1121 1446 quoniam
1140 1372 1361 1428 nullius
1377 1368 1745 1427 determinati

108 1466 379 1523 tentativa
408 1463 725 1537 disciplina
754 1467 864 1530 est,
898 1479 964 1518 eo
995 1463 1146 1534 quod
1183 1463 1252 1517 de
1292 1460 1571 1516 omnibus
1631 1464 1744 1527 est,

108 1575 239 1613 nam
260 1573 458 1613 omnes
480 1560 635 1611 artes
659 1554 1275 1625 utunturquibusdam
1311 1552 1745 1608 communibus.

102 1648 349 1718 Ideoque
372 1661 578 1702 omnes
602 1644 1159 1715 illitteratiquodam
1181 1645 1348 1698 modo
1364 1646 1609 1697 utuntur
1628 1642 1747 1696 dia-

96 1738 309 1794 lectica
340 1746 393 1792 et
418 1736 718 1792 tentativa.
754 1736 896 1791 Nam
930 1750 1132 1789 omnes
1157 1750 1345 1805 usque
1394 1734 1466 1787 ad
1527 1731 1743 1801 aliquid

1854 578 1925 618 ne
1957 568 2014 618 et
2037 580 2149 619 non
2169 566 2312 619 bene
2331 564 2386 619 id
2412 566 2620 633 facere,
2643 567 3146 637 quemadmodum
3171 567 3395 622 dictum
3422 571 3511 623 est

1860 654 2040 723 prius.
2068 655 2322 711 Rursum
2352 658 2502 711 utad
2522 656 2905 727 inopinabilia
2926 658 3503 726 ducat,considerare

1850 762 1920 801 ex
1950 762 2064 817 quo
2096 763 2307 818 genere
2339 752 2428 803 est
2458 748 2554 818 qui
2588 748 2869 820 disputat,
2905 748 3116 804 deinde
3140 749 3501 820 interrogare

1851 836 2003 906 quod
2040 836 2308 907 pluribus
2341 836 2426 891 illi
2460 838 2664 893 dicunt
2696 837 3365 908 inopinabile,estenim
3392 839 3508 893 sin-

1851 925 2006 998 gulis
2029 928 2359 998 quibusque
2382 927 2595 997 aliquid
2626 928 2759 983 tale.
2789 927 3157 984 Elementum
3185 933 3379 983 autem
3404 928 3506 983 ho-

1852 1032 1977 1071 rum
1995 1033 2060 1071 su
2073 1033 2225 1071 mere
2242 1017 2719 1088 singulorumque
2733 1034 3095 1089 quorumque
3111 1018 3428 1089 positiones
3443 1018 3503 1073 in

1853 1105 2374 1177 propositionibus.
2402 1106 2627 1162 Solutio
2662 1124 2791 1163 vero
2832 1112 2888 1163 et
2926 1108 3131 1163 borum
3165 1113 3501 1178 competens

1856 1196 2039 1251 fertur
2062 1197 2367 1252 ostendere
2382 1197 2534 1267 quod
2577 1214 2688 1252 non
2708 1202 2942 1269 propter
2955 1198 3275 1253 orationem
3292 1197 3504 1252 accidit

1854 1284 2234 1356 inopinabile,
2269 1302 2500 1357 semper
2530 1290 2724 1342 autem
2758 1287 2811 1341 id
2837 1304 3068 1359 quoque
3094 1287 3220 1342 vult
3245 1287 3341 1356 qui
3364 1304 3501 1342 con-

1855 1375 2060 1430 tendit.
2084 1375 2353 1448 Amplius
2377 1380 2572 1432 autem
2591 1394 2661 1433 ex
2674 1376 3076 1434 voluntatibus
3094 1382 3150 1434 et
3176 1376 3504 1432 manifestis

1856 1465 2257 1535 opinionibus,
2290 1484 2426 1523 nam
2468 1484 2583 1522 non
2616 1469 2818 1523 eadem
2842 1467 3046 1523 volunt
3076 1468 3375 1537 etdicunt,
3397 1467 3498 1523 sed

1856 1554 2061 1610 dicunt
2083 1556 2320 1627 quidem
2344 1557 2820 1613 decoratissimas
2843 1558 3155 1623 orationes,
3180 1556 3380 1613 volunt
3402 1572 3503 1611 au-

1857 1648 1975 1699 tem
2007 1661 2074 1699 ca
2105 1662 2233 1716 quae
2265 1646 2536 1701 videnlur
2555 1647 2866 1717 prodesse:
2894 1650 2956 1700 ut
2974 1648 3119 1701 bene
3143 1647 3291 1701 mori
3314 1645 3503 1717 magis

1857 1750 2031 1806 quam
2062 1735 2413 1806 voluptuose
2442 1735 2632 1791 vivere
2665 1735 2867 1791 dicunt
2897 1740 3183 1807 Oportere,
3223 1740 3279 1791 et
3331 1750 3503 1805 agere

98 1830 381 1884 conantur
398 1825 722 1898 dijudicare
740 1840 841 1880 eos
866 1823 965 1895 qui
987 1821 1526 1895 pronuntiant;ha:c
1547 1827 1743 1877 autem
1777 1847 1826 1914 Β
1853 1825 2016 1895 juste
2046 1826 2233 1893 magis
2256 1842 2433 1896 quam
2468 1825 2663 1881 divitis
2690 1826 2928 1881 affluere
2951 1841 3143 1897 prave;
3179 1825 3378 1881 volunt
3399 1841 3503 1881 au-

100 1921 241 1975 sunt
270 1915 629 1981 communia,
663 1930 799 1970 nam
826 1913 925 1969 illa
957 1912 1102 1968 nihil
1136 1912 1333 1967 minus
1367 1911 1560 1968 sciunt
1611 1912 1747 1983 ipsi,

107 2006 373 2079 quamvis
404 2005 715 2061 videantur
746 2004 911 2074 longe
940 2006 1104 2058 extra
1135 2002 1344 2057 dicere.
1368 2002 1753 2073 Redarguunt

104 2096 284 2168 igitur
316 2112 537 2162 omnes,
574 2111 708 2149 nam
741 2094 868 2150 sine
890 2098 1014 2148 arte
1031 2092 1267 2164 quidem
1292 2108 1357 2146 eo
1380 2091 1749 2162 participant,

103 2185 270 2256 cujus
296 2184 682 2239 artiﬁcialiter
701 2187 790 2239 est
811 2182 1133 2251 dialectica,
1149 2186 1201 2236 et
1226 2185 1347 2236 arte
1368 2180 1748 2253 syllogistica,

105 2274 443 2341 tentativus,
469 2272 831 2328 dialecticus.
869 2272 1155 2336 Quoniam
1183 2277 1382 2325 autem
1405 2274 1546 2325 sunt
1566 2272 1752 2326 multa

101 2365 338 2437 quidem
363 2364 483 2419 baac
506 2370 559 2418 et
590 2363 662 2418 de
686 2361 987 2427 omnibus,
1010 2378 1124 2416 non
1148 2360 1291 2416 talia
1321 2363 1515 2415 autem
1560 2364 1623 2414 ut
1645 2378 1751 2415 na-

106 2460 237 2509 tura
270 2453 537 2525 qumdam
570 2452 692 2507 sint
713 2456 771 2507 et
791 2468 998 2523 genus,
1024 2451 1122 2506 sed
1148 2454 1212 2505 ut
1237 2448 1575 2521 negationes
1600 2466 1614 2518 ;
1638 2448 1751 2505 alia

96 2547 292 2598 autem
325 2559 440 2598 non
464 2541 624 2609 talia,
659 2541 761 2597 sed
786 2540 1019 2611 prapria
1048 2543 1207 2595 sunt.
1234 2542 1313 2593 Ex
1334 2536 1450 2593 illis
1468 2538 1537 2594 de
1555 2539 1749 2594 omni-

103 2634 214 2688 bus
245 2631 708 2703 experimentum
746 2629 1019 2702 possibile
1048 2632 1139 2684 est
1159 2644 1410 2695 sumere,
1444 2632 1500 2683 et
1557 2631 1744 2685 artem

99 2736 229 2777 esse
262 2721 607 2793 quamdam,
641 2724 697 2776 et
726 2736 841 2775 non
873 2719 1049 2775 talem
1078 2734 1205 2775 esse
1239 2719 1442 2789 quales
1476 2735 1603 2790 quae
1649 2719 1747 2774 de-

100 2815 463 2881 monstrant,
480 2827 546 2867 eo
564 2811 719 2882 quod
744 2812 1149 2867 contentiosus
1166 2826 1281 2865 non
1300 2812 1388 2865 est
1408 2809 1646 2865 omnino
1663 2809 1748 2864 sic

86 2918 155 2958 se
189 2901 438 2967 habens,
470 2904 536 2955 ut
568 2900 1090 2971 pseudograpbus:
1128 2916 1260 2953 nam
1279 2916 1391 2954 non
1408 2900 1749 2970 eritcaptio-

83 3009 196 3049 sus
214 3008 285 3046 ex
306 2989 679 3046 determinati
702 2990 1033 3061 cujuspiam
1060 2989 1291 3060 generis
1312 2988 1747 3060 principiis,sed

78 3083 247 3137 circa
271 3096 442 3137 omne
474 3095 662 3151 genus
692 3078 803 3135 erit
833 3080 883 3134 is
913 3078 1448 3150 quicontentiosus.
1472 3078 1606 3133 Loci
1633 3078 1746 3149 igi-

80 3175 186 3226 tur
217 3169 678 3241 sOphisticarum
712 3169 1195 3241 redargutionum
1230 3167 1289 3222 hi
1320 3171 1479 3236 sunt,
1512 3168 1743 3239 etquod

74 3258 385 3315 dialectici
416 3262 505 3315 est
536 3258 905 3314 considerare
936 3260 1009 3313 de
1041 3258 1152 3325 his,
1208 3262 1263 3313 et
1294 3274 1385 3313 res
1416 3272 1514 3313 eas
1575 3273 1745 3328 posse

67 3351 303 3417 facere,
341 3364 456 3403 non
488 3347 731 3403 difﬁcile
759 3348 991 3404 videre:
1028 3364 1164 3402 nam
1196 3364 1317 3417 quae
1358 3346 1511 3402 circa
1541 3363 1746 3418 propo-

65 3439 337 3496 sitiones
369 3442 459 3494 est
489 3436 821 3507 disciplina,
845 3452 1081 3493 omnem
1111 3436 1287 3492 habet
1313 3436 1459 3493 hanc
1483 3435 1745 3507 specula-

62 3529 338 3594 tionem,
368 3530 424 3582 et
456 3527 526 3583 de
557 3525 1073 3598 redargutionibus
1105 3525 1343 3597 quidem
1406 3524 1742 3598 apparenti-

66 3620 201 3675 bus
233 3615 464 3672 dictum
494 3618 644 3686 est.1

722 3704 949 3760 CAPUT
987 3703 1107 3760 XII.

186 3795 324 3852 Loci
350 3794 632 3868 suphistici
676 3794 1154 3868 interrogandum
1184 3792 1254 3849 ad
1280 3793 1487 3865 [alsum
1538 3798 1635 3851 aut

730 3867 1095 3937 inopinabile.

142 3958 235 4014 De
270 3955 463 4027 aliquo
494 3959 582 4011 est
614 3955 826 4011 falsum
852 3954 1149 4027 quidpiam
1184 3956 1508 4025 ostendere,
1532 3961 1586 4012 et
1607 3974 1738 4014 ora-

52 4048 237 4104 tione
272 4046 344 4101 ad
374 4043 734 4116 inopinabile
756 4046 988 4101 ducere.
1013 4046 1125 4100 Hoc
1148 4049 1343 4100 autem
1379 4046 1487 4101 fuit
1526 4061 1736 4103 secun-

55 4139 222 4193 dum
252 4135 621 4208 propositum
655 4134 990 4207 sophisticae
1049 4134 1413 4191 intentionis.
1474 4136 1736 4193 Primum

50 4225 322 4298 quidem
354 4240 418 4280 ex
450 4240 516 4279 eo
547 4224 703 4294 quod
733 4223 1054 4295 interrogat
1077 4225 1331 4294 quodam
1352 4226 1547 4291 modo,
1570 4231 1737 4297 etper

54 4314 605 4385 interrogationem
639 4312 851 4368 accidit
882 4314 1295 4381 maxime,nam
1320 4313 1376 4368 id
1410 4316 1479 4369 ad
1506 4314 1733 4371 nullum

45 4404 541 4460 determinatam
578 4402 935 4474 interrogare
968 4402 1356 4473 propositum,
1401 4404 1733 4462 venativum

41 4496 153 4549 est
179 4490 424 4546 illorum
441 4491 702 4546 .Temere
726 4505 980 4560 namque
1002 4490 1261 4546 dicentes
1278 4496 1732 4564 peccantmagis;

1776 3221 1819 3288 C

1856 1918 1972 1968 tem
2006 1914 2930 1987 contraria.Eumigiturquidicit
2954 1916 3279 1971 secundum
3300 1914 3503 1971 volun-

1858 2007 2027 2068 talcs,
2059 2004 2129 2059 ad
2163 2003 2269 2059 has
2304 2003 2647 2060 manifestas
2679 2005 2983 2076 opiniones
3013 2006 3506 2075 ducendum,eum

1856 2107 1991 2147 vero
2024 2092 2125 2164 qui
2144 2092 2286 2147 dicit
2308 2093 2633 2148 secundum
2658 2093 2786 2163 has,
2813 2095 2882 2149 ad
2908 2094 3249 2162 absconsas;
3281 2095 3504 2151 utrovis

1856 2182 2009 2236 enim
2032 2184 2201 2238 modo
2222 2184 2624 2240 necessarium
2647 2184 3501 2256 estinopinabiliadicere,nam

1856 2275 1957 2326 aut
1970 2272 2037 2325 ad
2055 2272 2397 2328 manifestas
2412 2278 2514 2329 aut
2530 2273 2958 2330 immanifestas
2973 2274 3279 2345 opiniones
3299 2275 3507 2330 dicunt

1854 2361 2169 2417 contraria.
2196 2362 2491 2418 Plurimus
2522 2368 2717 2419 autem
2741 2367 2830 2419 est
2863 2364 3024 2419 locus
3048 2364 3295 2419 faciendi
3315 2364 3502 2435 inopi-

1857 2450 2074 2506 nabilia
2104 2450 2315 2517 dicere,
2349 2454 2848 2524 quemadmodum
2873 2452 3140 2509 Callicles
3172 2452 3232 2508 in
3285 2452 3501 2525 Gorgia

1856 2540 2114 2612 scriptus
2144 2546 2235 2596 est
2259 2542 2482 2597 dicens:
2512 2542 2581 2597 Et
2609 2547 2830 2598 veteres
2866 2547 3059 2598 autem
3085 2559 3289 2599 omnes
3346 2543 3502 2599 arbi-

1855 2629 1996 2684 trati
2020 2635 2158 2685 sunt
2175 2629 2439 2686 accidere
2472 2632 2774 2703 propterid
2805 2632 2960 2704 quod
2984 2632 3310 2688 secundum
3329 2637 3504 2687 natu-

1854 2735 1980 2775 ram
2013 2723 2069 2774 et
2099 2721 2423 2775 secundum
2457 2720 2643 2792 legem
2668 2720 2994 2789 contraria;
3031 2721 3323 2777 contraria
3344 2721 3501 2776 enim

1852 2824 1981 2865 esse
1994 2813 2263 2864 naturam
2287 2811 2539 2880 etlegem
2561 2810 2783 2879 dicunt,
2807 2809 3158 2881 etjustitiam
3176 2811 3502 2866 secundum

1852 2897 2038 2970 legem
2065 2898 2300 2968 quidem
2318 2914 2444 2954 esse
2467 2898 2709 2965 bonum,
2744 2901 3069 2954 secundum
3096 2904 3293 2954 autem
3326 2904 3504 2956 natu-

1853 3003 1975 3042 ram
2014 3003 2129 3042 non
2156 2988 2398 3043 bonum.
2424 2988 2662 3059 Oportet
2683 2989 2863 3060 igitur
2885 2990 2953 3045 ad
2979 3006 3112 3044 eum
3136 2989 3374 3059 quidem
3399 2989 3502 3062 qui

1851 3076 1994 3132 dicit
2015 3078 2336 3132 secundum
2364 3082 2657 3143 naturam,
2685 3078 3010 3134 secundum
3036 3078 3222 3150 legem
3246 3079 3500 3147 obviare,

1854 3167 1925 3222 ad
1957 3182 2090 3222 eum
2124 3183 2256 3223 vero
2280 3167 2382 3239 qui
2407 3168 2731 3223 secundum
2760 3167 2969 3240 legem,
3004 3169 3076 3223 ad
3097 3173 3367 3225 naturam
3391 3170 3501 3224 du-

1856 3272 2003 3324 cere;
2023 3272 2159 3311 nam
2192 3260 2439 3327 utroque
2453 3257 2625 3313 modo
2643 3257 2834 3313 dicere
2858 3258 3146 3329 contingit
3170 3258 3506 3330 inopinabi-

1856 3344 1954 3415 lia,
1986 3346 2095 3401 erit
2115 3350 2309 3401 autem
2330 3346 2482 3417 quod
2509 3348 2834 3402 secundum
2866 3352 3134 3403 naturam
3154 3349 3393 3419 quidem
3412 3349 3504 3419 ip-

1855 3434 1936 3490 sis
1948 3450 2147 3490 verum
2161 3435 2507 3503 ,secundum
2524 3440 2717 3492 autem
2739 3435 2925 3508 legem
2942 3437 3095 3508 quod
3130 3436 3503 3492 multitudini

1854 3523 2101 3579 videtur.
2134 3527 2321 3589 Quare
2351 3524 2733 3582 manifestum
2749 3526 2905 3597 quod
2920 3526 3092 3597 etilli,
3113 3528 3499 3598 quemadmo-

1854 3613 1996 3668 dum
2021 3618 2079 3669 et
2112 3614 2211 3685 qui
2240 3630 2417 3679 nunc,
2446 3615 2936 3687 autredarguere,
2970 3619 3072 3671 aut
3117 3615 3502 3687 inopinabilis

1853 3702 2045 3758 dicere
2065 3703 2543 3774 respondentem,
2564 3706 2927 3761 conabantur
2947 3706 3196 3762 efﬁcere.
3223 3706 3498 3769 Quaedam

1851 3797 2029 3847 auten
2050 3793 2572 3865 interrogationum
2588 3794 3501 3867 habentutrinqueinOpinabilem

1850 3882 2384 3953 responsionem,ut
2399 3888 2593 3939 utrum
2609 3885 2973 3955 sapientibus
2987 3903 3058 3941 an
3075 3885 3224 3958 patri
3240 3891 3501 3957 oporteat

1848 3970 2167 4041 obedire,et
2191 3973 2557 4044 expedientis
2589 3974 2777 4029 facere
2801 3991 2874 4029 an
2901 3976 3080 4045 justa,
3114 3979 3171 4030 et
3218 3992 3289 4031 an
3339 3975 3496 4045 inju-

1848 4061 1990 4115 riam
2015 4061 2135 4132 pati
2165 4060 2485 4133 eligibilius
2516 4079 2692 4133 quam
2728 4080 2953 4119 nocere.
3000 4064 3240 4134 Oportet
3295 4069 3492 4120 autem

1846 4151 2058 4205 ducere
2088 4150 2159 4206 ad
2192 4167 2256 4205 ea
2283 4166 2409 4221 quae
2433 4150 2800 4206 multitudini
2834 4156 2889 4207 et
2920 4152 3289 4224 sapientibus
3350 4159 3492 4209 sunt

1845 4240 2157 4296 contraria:
2188 4257 2323 4296 nam
2353 4242 2401 4296 si
2424 4242 2581 4297 dicat
2596 4241 2809 4314 aliquis
2834 4247 2897 4297 ut
2918 4243 2956 4297 ii
2976 4243 3076 4313 qui
3101 4243 3253 4298 circa
3276 4244 3533 4300 oratieﬁt

1844 4346 1948 4385 nes
1979 4331 2048 4385 ad
2081 4347 2149 4386 ea
2171 4346 2297 4401 qua:
2332 4329 2715 4396 multitudini,
2738 4332 2787 4387 si
2812 4335 3006 4387 autem
3041 4336 3106 4388 ut
3138 4331 3303 4387 multi
3328 4333 3399 4388 ad
3424 4350 3492 4389 ea

1843 4435 1968 4491 quis
2001 4418 2074 4475 iis
2105 4419 2206 4491 qui
2238 4420 2296 4475 in
2320 4420 2602 4488 oratione;
2640 4420 2845 4476 dicunt
2873 4421 3029 4476 enim
3064 4421 3122 4476 hi
3156 4423 3389 4491 quidem
3424 4440 3493 4478 ex

1844 4510 2195 4564 necessitate
2218 4509 2699 4578 beatumjustum
2723 4526 2874 4581 esse,
2900 4510 3272 4565 multitudini
3295 4515 3491 4567 autem

45 4588 299 4638 temere
331 4584 528 4670 autem
554 4579 776 4646 dicunt:
803 4579 1037 4670 qufmdo
1065 4578 1211 4634 Nihil
1233 4579 1735 4670 νῙΊθέδθηῖΡΡοροεί·
1765 4591 1814 4656 Ι)
1846 4597 2205 4669 inopinabile
2238 4602 2328 4653 est
2357 4614 2552 4670 regem
2582 4578 2873 4654 infelicem
2907 4615 3053 4656 esse.
3080 4600 3178 4655 Est
3197 4605 3393 4656 autem
3419 4603 3489 4658 ad

40 4678 114 4727 tu
128 4688 192 4726 Π]
207 4670 303 4725 .Et
326 4670 377 4724 id
404 4669 764 4741 interrogare
784 4668 965 4724 multa
981 4670 1035 4741 (q
1048 4669 1278 4725 uamvis
1301 4669 1357 4724 id
1381 4670 1735 4729 determina-

40 4768 192 4818 tum
222 4758 307 4814 sit
340 4760 411 4815 ad
442 4759 595 4830 quod
622 4757 947 4831 disputant)
978 4762 1035 4814 et
1084 4758 1140 4813 id
1174 4776 1238 4815 ea
1278 4775 1406 4830 quas
1438 4760 1727 4835 videntur,

36 4852 274 4907 dicere
299 4865 362 4904 se
386 4846 704 4920 postulare,
740 4847 879 4903 facit
911 4849 1229 4919 quamdam
1263 4848 1734 4920 idoneitatem,ut

34 4942 124 4997 ad
165 4936 543 5009 inopinabile
573 4937 747 4992 ducat
777 4941 876 4993 aut
898 4938 1133 4993 falsum.
1159 4938 1228 4993 Et
1257 4938 1305 4993 si
1338 4938 1732 5012 interrogatus

33 5030 332 5087 afﬁrmet
355 5031 454 5084 aut
484 5030 655 5099 neget
676 5025 909 5083 illorum
944 5026 1161 5098 aliquid
1189 5027 1400 5084 ducere
1428 5030 1497 5083 ad
1532 5044 1600 5085 ea
1660 5032 1729 5087 ad

33 5135 189 5193 quae
224 5119 543 5189 promptus
574 5121 663 5172 est
692 5115 1111 5187 argumentari,
1138 5121 1331 5189 potest
1351 5121 1546 5174 tamen
1576 5136 1731 5176 nunc

34 5208 272 5264 minus
298 5220 506 5260 nocere
539 5220 641 5276 per
670 5203 789 5259 haec
823 5219 997 5275 quam
1030 5204 1218 5276 prius,
1261 5221 1397 5259 nam
1456 5211 1730 5279 repetunt

34 5294 292 5367 aliquid
326 5294 398 5349 ad
436 5293 495 5348 id
527 5293 683 5364 quod
714 5292 772 5348 in
806 5291 1113 5364 principio.
1142 5293 1504 5351 Elementum
1529 5301 1728 5353 autem

34 5388 243 5441 deven
257 5382 415 5440 iendi
431 5382 501 5437 ad
517 5381 729 5438 falsum
747 5381 983 5454 aliquod
1002 5386 1103 5438 aut
1116 5382 1726 5454 inopinabile,nullam

39 5476 277 5532 statim
311 5473 677 5544 interrogare
711 5472 1085 5544 positionem,
1114 5473 1215 5528 sed
1250 5472 1545 5530 afﬁrmare
1573 5477 1643 5531 ob
1670 5475 1725 5532 id

34 5581 102 5619 se
145 5566 530 5634 interrogare
554 5563 709 5633 quod
743 5562 969 5618 discere
998 5562 1159 5634 velit,
1180 5578 1315 5617 nam
1340 5562 1531 5619 locum
1558 5581 1726 5637 argu-

34 5651 453 5709 mentationis
467 5652 857 5707 consideratio
881 5651 1138 5708 facit.Ad
1166 5651 1379 5708 falsum
1397 5656 1591 5709 autem
1625 5671 1721 5710 os-

34 5741 436 5798 tendendum
468 5741 742 5813 proprius
770 5739 933 5797 locus
964 5740 1323 5811 sophisticus
1364 5747 1454 5798 est
1509 5744 1721 5802 ducere

1847 4704 1913 4743 ea
1946 4705 2072 4759 quae
2102 4687 2185 4742 sic
2217 4694 2375 4755 sunt,
2410 4688 2793 4759 inopinabilia
2822 4689 3035 4745 ducere
3068 4690 3219 4745 idem
3260 4692 3310 4745 ei
3334 4694 3489 4762 quod

1842 4784 1929 4833 est
1958 4778 2030 4833 ad
2051 4792 2176 4832 eam
2205 4792 2330 4847 quae
2362 4781 2451 4832 est
2499 4778 2821 4833 secundum
2872 4783 3140 4834 naturam
3174 4783 3230 4834 et
3283 4796 3493 4835 secun-

1841 4866 1983 4922 dum
2012 4866 2201 4937 legem
2233 4866 2703 4921 contrarietatem
2737 4868 2970 4936 ducere;
3004 4885 3140 4923 nam
3173 4866 3264 4923 lex
3295 4868 3492 4940 opinio

1842 4955 2565 5027 multitudinis,sapientes
2586 4960 2779 5012 autem
2806 4959 3128 5014 secundum
3145 4964 3415 5015 naturam
3438 4964 3496 5016 et

1839 5044 2141 5101 veritatem
2173 5044 2400 5112 dicunt,
2431 5047 2490 5099 et
2546 5043 2929 5118 inopinabilis
2977 5048 3215 5119 quidem
3274 5064 3341 5104 ex
3401 5048 3493 5104 his

1839 5138 2064 5208 oportet
2094 5150 2349 5206 quazrere
2380 5134 2547 5190 locis.

2456 5268 2691 5325 CAPUT
2721 5269 2867 5327 XIII.

2050 5360 2125 5415 De
2154 5358 2500 5430 captionzbus
2526 5362 2849 5433 nugatz'onis
2875 5370 2927 5417 et
2957 5361 3272 5419 solaecismi.

1908 5482 1987 5534 De
2013 5493 2078 5533 eo
2111 5477 2348 5548 quidem
2367 5478 2521 5549 quod
2541 5479 2829 5535 estfacere
2843 5480 3073 5552 nugari,
3096 5481 3377 5552 quidnam
3394 5481 3485 5537 di-

1836 5567 2026 5623 cimus
2042 5568 2241 5637 nugari
2254 5567 2288 5637 ,j
2301 5584 2390 5623 am
2412 5570 3113 5625 monstravimus.0mnes
3129 5576 3321 5625 autem
3345 5570 3486 5627 tales

1836 5656 2130 5712 orationes
2156 5656 2212 5711 id
2237 5656 2712 5726 voluntefficere,
2746 5660 2794 5714 si
2831 5658 2976 5713 nihil
3001 5659 3215 5714 referat
3270 5676 3484 5718 nomen

1834 5750 1890 5803 et
1920 5745 2241 5802 orationem
2273 5746 2487 5802 dicere.
2519 5746 2776 5818 Duplum
2810 5750 3103 5815 autem,et
3128 5747 3378 5819 duplum
3399 5751 3488 5807 di-
