  <div class='ocr_page' id='page_1' title='image "/cluster/home/n/w/nwhite01/storage/ocr_20150623/64/hvd.32044073505125/549.png"; bbox 0 0 4022 6180; ppageno 0'>
   <div class='ocr_carea' id='block_1_1' title="bbox 502 248 2161 329">
    <p class='ocr_par' dir='ltr' id='par_1_1' title="bbox 502 248 2161 329">
     <span class='ocr_line' id='line_1_1' title="bbox 502 248 2161 329; baseline -0.017 -2"><span class='ocrx_word' id='word_1_1' title='bbox 502 273 642 329; x_wconf 85' lang='grc'>1087</span> <span class='ocrx_word' id='word_1_2' title='bbox 1777 252 1898 305; x_wconf 84' lang='lat' dir='ltr'>AN.</span> <span class='ocrx_word' id='word_1_3' title='bbox 1940 248 2161 302; x_wconf 80' lang='lat' dir='ltr'>MANL.</span> 
     </span>
    </p>
   </div>
   <div class='ocr_carea' id='block_1_2' title="bbox 2201 236 3819 302">
    <p class='ocr_par' dir='ltr' id='par_1_2' title="bbox 2201 236 3819 302">
     <span class='ocr_line' id='line_1_2' title="bbox 2201 236 3819 302; baseline -0.007 -2"><span class='ocrx_word' id='word_1_4' title='bbox 2201 247 2359 300; x_wconf 81' lang='lat' dir='ltr'>BEV.</span> <span class='ocrx_word' id='word_1_5' title='bbox 2400 246 2634 302; x_wconf 81' lang='lat' dir='ltr'>BOETII</span> <span class='ocrx_word' id='word_1_6' title='bbox 3715 236 3819 289; x_wconf 79' lang='lat'>1088</span> 
     </span>
    </p>
   </div>
   <div class='ocr_carea' id='block_1_3' title="bbox 502 359 3823 455">
    <p class='ocr_par' dir='ltr' id='par_1_3' title="bbox 502 359 3823 455">
     <span class='ocr_line' id='line_1_3' title="bbox 502 359 3823 455; baseline -0.013 -2"><span class='ocrx_word' id='word_1_7' title='bbox 502 413 636 453; x_wconf 89' lang='lat' dir='ltr'>vero</span> <span class='ocrx_word' id='word_1_8' title='bbox 664 390 1043 455; x_wconf 87' lang='lat' dir='ltr'>itaestlocus,</span> <span class='ocrx_word' id='word_1_9' title='bbox 1078 388 1143 438; x_wconf 94' lang='lat' dir='ltr'>ut</span> <span class='ocrx_word' id='word_1_10' title='bbox 1174 379 1416 452; x_wconf 68' lang='lat' dir='ltr'>quaestio</span> <span class='ocrx_word' id='word_1_11' title='bbox 1440 376 1517 431; x_wconf 92' lang='lat' dir='ltr'>sit</span> <span class='ocrx_word' id='word_1_12' title='bbox 1538 376 1593 430; x_wconf 93' lang='lat' dir='ltr'>in</span> <span class='ocrx_word' id='word_1_13' title='bbox 1627 370 2147 443; x_wconf 80' lang='lat' dir='ltr'>consequentibus.</span> <span class='ocrx_word' id='word_1_14' title='bbox 2179 368 2234 435; x_wconf 80' lang='grc' dir='ltr'><strong>Α</strong></span> <span class='ocrx_word' id='word_1_15' title='bbox 2264 384 2405 422; x_wconf 90' lang='lat' dir='ltr'>num</span> <span class='ocrx_word' id='word_1_16' title='bbox 2432 367 2533 422; x_wconf 89' lang='lat' dir='ltr'>viri</span> <span class='ocrx_word' id='word_1_17' title='bbox 2565 366 2914 422; x_wconf 82' lang='lat' dir='ltr'>convenerit.</span> <span class='ocrx_word' id='word_1_18' title='bbox 2950 365 3371 433; x_wconf 77' lang='lat' dir='ltr'>Argumentum</span> <span class='ocrx_word' id='word_1_19' title='bbox 3400 377 3522 414; x_wconf 85' lang='lat' dir='ltr'>vero</span> <span class='ocrx_word' id='word_1_20' title='bbox 3551 359 3613 413; x_wconf 89' lang='lat' dir='ltr'>ab</span> <span class='ocrx_word' id='word_1_21' title='bbox 3660 360 3823 419; x_wconf 77' lang='lat' dir='ltr'>etiectu</span> 
     </span>
    </p>
   </div>
   <div class='ocr_carea' id='block_1_4' title="bbox 504 460 2149 548">
    <p class='ocr_par' dir='ltr' id='par_1_4' title="bbox 504 460 2149 548">
     <span class='ocr_line' id='line_1_4' title="bbox 504 460 2149 548; baseline -0.018 -6"><span class='ocrx_word' id='word_1_22' title='bbox 504 486 649 542; x_wconf 84' lang='lat' dir='ltr'>Nam</span> <span class='ocrx_word' id='word_1_23' title='bbox 673 497 806 537; x_wconf 93' lang='lat' dir='ltr'>cum</span> <span class='ocrx_word' id='word_1_24' title='bbox 832 475 1113 548; x_wconf 60' lang='lat' dir='ltr'>quaeritur</span> <span class='ocrx_word' id='word_1_25' title='bbox 1136 489 1207 525; x_wconf 87' lang='lat' dir='ltr'>an</span> <span class='ocrx_word' id='word_1_26' title='bbox 1224 466 1446 538; x_wconf 81' lang='lat' dir='ltr'>aliquid</span> <span class='ocrx_word' id='word_1_27' title='bbox 1462 466 1615 521; x_wconf 85' lang='lat' dir='ltr'>dotis</span> <span class='ocrx_word' id='word_1_28' title='bbox 1632 465 1866 518; x_wconf 82' lang='lat' dir='ltr'>nomine</span> <span class='ocrx_word' id='word_1_29' title='bbox 1884 478 1983 531; x_wconf 92' lang='lat' dir='ltr'>pro</span> <span class='ocrx_word' id='word_1_30' title='bbox 2006 460 2149 513; x_wconf 87' lang='lat' dir='ltr'>libe-</span> 
     </span>
    </p>
   </div>
   <div class='ocr_carea' id='block_1_5' title="bbox 504 549 2152 636">
    <p class='ocr_par' dir='ltr' id='par_1_5' title="bbox 504 549 2152 636">
     <span class='ocr_line' id='line_1_5' title="bbox 504 549 2152 636; baseline -0.018 -6"><span class='ocrx_word' id='word_1_31' title='bbox 504 577 827 631; x_wconf 85' lang='lat' dir='ltr'>rismanere</span> <span class='ocrx_word' id='word_1_32' title='bbox 842 568 1106 636; x_wconf 77' lang='lat' dir='ltr'>oporteat</span> <span class='ocrx_word' id='word_1_33' title='bbox 1127 558 1796 626; x_wconf 82' lang='lat' dir='ltr'>sumiturargumentum</span> <span class='ocrx_word' id='word_1_34' title='bbox 1814 549 2152 605; x_wconf 89' lang='lat' dir='ltr'>nullomodo</span> 
     </span>
    </p>
   </div>
   <div class='ocr_carea' id='block_1_6' title="bbox 508 638 2151 727">
    <p class='ocr_par' dir='ltr' id='par_1_6' title="bbox 508 638 2151 727">
     <span class='ocr_line' id='line_1_6' title="bbox 508 638 2151 727; baseline -0.016 -9"><span class='ocrx_word' id='word_1_35' title='bbox 508 675 740 719; x_wconf 87' lang='lat' dir='ltr'>manere</span> <span class='ocrx_word' id='word_1_36' title='bbox 767 660 1032 727; x_wconf 80' lang='lat' dir='ltr'>oportere</span> <span class='ocrx_word' id='word_1_37' title='bbox 1054 668 1117 707; x_wconf 84' lang='lat' dir='ltr'>ex</span> <span class='ocrx_word' id='word_1_38' title='bbox 1150 642 1821 712; x_wconf 88' lang='lat' dir='ltr'>antecedentibus,quod</span> <span class='ocrx_word' id='word_1_39' title='bbox 1849 640 1955 694; x_wconf 91' lang='lat' dir='ltr'>viri</span> <span class='ocrx_word' id='word_1_40' title='bbox 1982 638 2151 709; x_wconf 87' lang='lat' dir='ltr'>culpa</span> 
     </span>
    </p>
   </div>
   <div class='ocr_carea' id='block_1_7' title="bbox 506 726 2153 807">
    <p class='ocr_par' dir='ltr' id='par_1_7' title="bbox 506 726 2153 807">
     <span class='ocr_line' id='line_1_7' title="bbox 506 726 2153 807; baseline -0.016 0"><span class='ocrx_word' id='word_1_41' title='bbox 506 754 721 807; x_wconf 85' lang='lat' dir='ltr'>factum</span> <span class='ocrx_word' id='word_1_42' title='bbox 750 726 836 801; x_wconf 85' lang='lat' dir='ltr'>est</span> <span class='ocrx_word' id='word_1_43' title='bbox 866 742 1218 805; x_wconf 85' lang='lat' dir='ltr'>divortium;</span> <span class='ocrx_word' id='word_1_44' title='bbox 1255 735 1414 792; x_wconf 91' lang='lat' dir='ltr'>locus</span> <span class='ocrx_word' id='word_1_45' title='bbox 1442 736 1641 805; x_wconf 81' lang='lat' dir='ltr'>itaque</span> <span class='ocrx_word' id='word_1_46' title='bbox 1672 733 1730 786; x_wconf 90' lang='lat' dir='ltr'>in</span> <span class='ocrx_word' id='word_1_47' title='bbox 1763 726 2153 796; x_wconf 80' lang='lat' dir='ltr'>antecedenti,</span> 
     </span>
    </p>
   </div>
   <div class='ocr_carea' id='block_1_8' title="bbox 505 814 2155 912">
    <p class='ocr_par' dir='ltr' id='par_1_8' title="bbox 505 814 2155 912">
     <span class='ocr_line' id='line_1_8' title="bbox 505 814 2155 912; baseline -0.015 -17"><span class='ocrx_word' id='word_1_48' title='bbox 505 838 748 912; x_wconf 73' lang='lat' dir='ltr'>quaestio</span> <span class='ocrx_word' id='word_1_49' title='bbox 780 849 912 889; x_wconf 90' lang='lat' dir='ltr'>vero</span> <span class='ocrx_word' id='word_1_50' title='bbox 944 831 1002 885; x_wconf 91' lang='lat' dir='ltr'>in</span> <span class='ocrx_word' id='word_1_51' title='bbox 1029 824 1436 897; x_wconf 79' lang='lat' dir='ltr'>consequenti.</span> <span class='ocrx_word' id='word_1_52' title='bbox 1460 823 1853 878; x_wconf 89' lang='lat' dir='ltr'>Consecutum</span> <span class='ocrx_word' id='word_1_53' title='bbox 1898 823 1989 874; x_wconf 91' lang='lat' dir='ltr'>est</span> <span class='ocrx_word' id='word_1_54' title='bbox 2046 814 2155 871; x_wconf 91' lang='lat' dir='ltr'>viri</span> 
     </span>
    </p>
   </div>
   <div class='ocr_carea' id='block_1_9' title="bbox 506 911 2155 999">
    <p class='ocr_par' dir='ltr' id='par_1_9' title="bbox 506 911 2155 999">
     <span class='ocr_line' id='line_1_9' title="bbox 506 911 2155 999; baseline -0.015 -15"><span class='ocrx_word' id='word_1_55' title='bbox 506 911 678 999; x_wconf 87' lang='lat' dir='ltr'>culpa</span> <span class='ocrx_word' id='word_1_56' title='bbox 703 927 919 979; x_wconf 73' lang='lat' dir='ltr'>factum</span> <span class='ocrx_word' id='word_1_57' title='bbox 944 936 1072 976; x_wconf 86' lang='lat' dir='ltr'>esse</span> <span class='ocrx_word' id='word_1_58' title='bbox 1097 916 1438 982; x_wconf 82' lang='lat' dir='ltr'>divortium,</span> <span class='ocrx_word' id='word_1_59' title='bbox 1459 911 1773 982; x_wconf 87' lang='lat' dir='ltr'>nibilapud</span> <span class='ocrx_word' id='word_1_60' title='bbox 1799 914 2026 980; x_wconf 80' lang='lat' dir='ltr'>patrem</span> <span class='ocrx_word' id='word_1_61' title='bbox 2053 921 2155 977; x_wconf 90' lang='lat' dir='ltr'>pro</span> 
     </span>
    </p>
   </div>
   <div class='ocr_carea' id='block_1_10' title="bbox 505 995 2153 1085">
    <p class='ocr_par' dir='ltr' id='par_1_10' title="bbox 505 995 2153 1085">
     <span class='ocr_line' id='line_1_10' title="bbox 505 995 2153 1085; baseline -0.015 -12"><span class='ocrx_word' id='word_1_62' title='bbox 505 995 704 1073; x_wconf 82' lang='lat' dir='ltr'>liberis</span> <span class='ocrx_word' id='word_1_63' title='bbox 739 1025 1104 1085; x_wconf 90' lang='lat' dir='ltr'>permanere,</span> <span class='ocrx_word' id='word_1_64' title='bbox 1136 1022 1269 1061; x_wconf 91' lang='lat' dir='ltr'>cum</span> <span class='ocrx_word' id='word_1_65' title='bbox 1303 1002 1408 1058; x_wconf 89' lang='lat' dir='ltr'>viri</span> <span class='ocrx_word' id='word_1_66' title='bbox 1468 1000 1639 1072; x_wconf 90' lang='lat' dir='ltr'>culpa</span> <span class='ocrx_word' id='word_1_67' title='bbox 1692 995 2073 1071; x_wconf 59' lang='lat' dir='ltr'>praecesserit.</span> <span class='ocrx_word' id='word_1_68' title='bbox 2113 999 2153 1047; x_wconf 82' lang='lat' dir='ltr'><strong>A</strong></span> 
     </span>
    </p>
   </div>
   <div class='ocr_carea' id='block_1_11' title="bbox 505 1092 2159 1173">
    <p class='ocr_par' dir='ltr' id='par_1_11' title="bbox 505 1092 2159 1173">
     <span class='ocr_line' id='line_1_11' title="bbox 505 1092 2159 1173; baseline -0.015 -10"><span class='ocrx_word' id='word_1_69' title='bbox 505 1100 1005 1173; x_wconf 84' lang='lat' dir='ltr'>consequentibus</span> <span class='ocrx_word' id='word_1_70' title='bbox 1026 1113 1158 1152; x_wconf 88' lang='lat' dir='ltr'>vero</span> <span class='ocrx_word' id='word_1_71' title='bbox 1196 1093 1245 1147; x_wconf 90' lang='lat' dir='ltr'>si</span> <span class='ocrx_word' id='word_1_72' title='bbox 1288 1092 1363 1147; x_wconf 86' lang='lat' dir='ltr'>sit</span> <span class='ocrx_word' id='word_1_73' title='bbox 1413 1093 1848 1162; x_wconf 82' lang='lat' dir='ltr'>argumentum,</span> <span class='ocrx_word' id='word_1_74' title='bbox 1887 1101 1977 1141; x_wconf 89' lang='lat' dir='ltr'>res</span> <span class='ocrx_word' id='word_1_75' title='bbox 2026 1101 2159 1155; x_wconf 65' lang='lat' dir='ltr'>quae</span> 
     </span>
    </p>
   </div>
   <div class='ocr_carea' id='block_1_12' title="bbox 505 1172 2159 1251">
    <p class='ocr_par' dir='ltr' id='par_1_12' title="bbox 505 1172 2159 1251">
     <span class='ocr_line' id='line_1_12' title="bbox 505 1172 2159 1251; baseline -0.015 0"><span class='ocrx_word' id='word_1_76' title='bbox 505 1195 685 1251; x_wconf 90' lang='lat' dir='ltr'>dubia</span> <span class='ocrx_word' id='word_1_77' title='bbox 705 1172 793 1249; x_wconf 87' lang='lat' dir='ltr'>est</span> <span class='ocrx_word' id='word_1_78' title='bbox 808 1191 863 1244; x_wconf 90' lang='lat' dir='ltr'>in</span> <span class='ocrx_word' id='word_1_79' title='bbox 880 1183 1361 1243; x_wconf 77' lang='lat' dir='ltr'>antecedentibus</span> <span class='ocrx_word' id='word_1_80' title='bbox 1378 1197 1504 1236; x_wconf 90' lang='lat' dir='ltr'>esse</span> <span class='ocrx_word' id='word_1_81' title='bbox 1519 1172 2159 1250; x_wconf 86' lang='lat' dir='ltr'>deprehenditur,velut</span> 
     </span>
    </p>
   </div>
   <div class='ocr_carea' id='block_1_13' title="bbox 507 1267 2161 1353">
    <p class='ocr_par' dir='ltr' id='par_1_13' title="bbox 507 1267 2161 1353">
     <span class='ocr_line' id='line_1_13' title="bbox 507 1267 2161 1353; baseline -0.015 -13"><span class='ocrx_word' id='word_1_82' title='bbox 507 1302 639 1341; x_wconf 89' lang='lat' dir='ltr'>cum</span> <span class='ocrx_word' id='word_1_83' title='bbox 664 1280 943 1353; x_wconf 78' lang='lat' dir='ltr'>quaeritur</span> <span class='ocrx_word' id='word_1_84' title='bbox 974 1294 1046 1331; x_wconf 88' lang='lat' dir='ltr'>an</span> <span class='ocrx_word' id='word_1_85' title='bbox 1071 1272 1319 1329; x_wconf 82' lang='lat' dir='ltr'>divortio</span> <span class='ocrx_word' id='word_1_86' title='bbox 1345 1272 1515 1335; x_wconf 77' lang='lat' dir='ltr'>facto,</span> <span class='ocrx_word' id='word_1_87' title='bbox 1540 1285 1673 1324; x_wconf 89' lang='lat' dir='ltr'>cum</span> <span class='ocrx_word' id='word_1_88' title='bbox 1704 1283 1769 1321; x_wconf 95' lang='lat' dir='ltr'>eo</span> <span class='ocrx_word' id='word_1_89' title='bbox 1792 1270 1976 1335; x_wconf 83' lang='lat' dir='ltr'>nupta</span> <span class='ocrx_word' id='word_1_90' title='bbox 2006 1267 2161 1317; x_wconf 85' lang='lat' dir='ltr'>esset</span> 
     </span>
    </p>
   </div>
   <div class='ocr_carea' id='block_1_14' title="bbox 511 1352 2161 1441">
    <p class='ocr_par' dir='ltr' id='par_1_14' title="bbox 511 1352 2161 1441">
     <span class='ocr_line' id='line_1_14' title="bbox 511 1352 2161 1441; baseline -0.014 -11"><span class='ocrx_word' id='word_1_91' title='bbox 511 1352 720 1430; x_wconf 80' lang='lat' dir='ltr'>mulier</span> <span class='ocrx_word' id='word_1_92' title='bbox 738 1368 976 1441; x_wconf 88' lang='lat' dir='ltr'>quicum</span> <span class='ocrx_word' id='word_1_93' title='bbox 1002 1361 1393 1433; x_wconf 88' lang='lat' dir='ltr'>connubiijus</span> <span class='ocrx_word' id='word_1_94' title='bbox 1418 1378 1530 1414; x_wconf 88' lang='lat' dir='ltr'>non</span> <span class='ocrx_word' id='word_1_95' title='bbox 1557 1362 1732 1421; x_wconf 85' lang='lat' dir='ltr'>esset,</span> <span class='ocrx_word' id='word_1_96' title='bbox 1756 1354 1905 1410; x_wconf 88' lang='lat' dir='ltr'>dotis</span> <span class='ocrx_word' id='word_1_97' title='bbox 1927 1352 2161 1408; x_wconf 89' lang='lat' dir='ltr'>nomine</span> 
     </span>
    </p>
   </div>
   <div class='ocr_carea' id='block_1_15' title="bbox 511 1445 2158 1531">
    <p class='ocr_par' dir='ltr' id='par_1_15' title="bbox 511 1445 2158 1531">
     <span class='ocr_line' id='line_1_15' title="bbox 511 1445 2158 1531; baseline -0.015 -14"><span class='ocrx_word' id='word_1_98' title='bbox 511 1461 727 1531; x_wconf 81' lang='lat' dir='ltr'>aliquid</span> <span class='ocrx_word' id='word_1_99' title='bbox 756 1454 1067 1531; x_wconf 85' lang='lat' dir='ltr'>proliberis</span> <span class='ocrx_word' id='word_1_100' title='bbox 1088 1467 1322 1507; x_wconf 91' lang='lat' dir='ltr'>manere</span> <span class='ocrx_word' id='word_1_101' title='bbox 1336 1452 1618 1519; x_wconf 77' lang='lat' dir='ltr'>oporteat.</span> <span class='ocrx_word' id='word_1_102' title='bbox 1638 1445 2158 1516; x_wconf 84' lang='lat' dir='ltr'>Fitargumentum</span> 
     </span>
    </p>
   </div>
   <div class='ocr_carea' id='block_1_16' title="bbox 514 1534 2158 1617">
    <p class='ocr_par' dir='ltr' id='par_1_16' title="bbox 514 1534 2158 1617">
     <span class='ocr_line' id='line_1_16' title="bbox 514 1534 2158 1617; baseline -0.015 -9"><span class='ocrx_word' id='word_1_103' title='bbox 514 1553 630 1609; x_wconf 89' lang='lat' dir='ltr'>sic:</span> <span class='ocrx_word' id='word_1_104' title='bbox 657 1550 715 1604; x_wconf 84' lang='lat' dir='ltr'>Si</span> <span class='ocrx_word' id='word_1_105' title='bbox 748 1546 885 1617; x_wconf 77' lang='lat' dir='ltr'>quid</span> <span class='ocrx_word' id='word_1_106' title='bbox 907 1562 974 1600; x_wconf 81' lang='lat' dir='ltr'>ex</span> <span class='ocrx_word' id='word_1_107' title='bbox 1005 1545 1139 1598; x_wconf 90' lang='lat' dir='ltr'>dote</span> <span class='ocrx_word' id='word_1_108' title='bbox 1177 1557 1277 1612; x_wconf 88' lang='lat' dir='ltr'>pro</span> <span class='ocrx_word' id='word_1_109' title='bbox 1331 1537 1529 1593; x_wconf 88' lang='lat' dir='ltr'>liberis</span> <span class='ocrx_word' id='word_1_110' title='bbox 1564 1550 1797 1590; x_wconf 86' lang='lat' dir='ltr'>manere</span> <span class='ocrx_word' id='word_1_111' title='bbox 1845 1534 2158 1603; x_wconf 87' lang='lat' dir='ltr'>oporteret,</span> 
     </span>
    </p>
   </div>
   <div class='ocr_carea' id='block_1_17' title="bbox 514 1623 2163 1713">
    <p class='ocr_par' dir='ltr' id='par_1_17' title="bbox 514 1623 2163 1713">
     <span class='ocr_line' id='line_1_17' title="bbox 514 1623 2163 1713; baseline -0.015 -17"><span class='ocrx_word' id='word_1_112' title='bbox 514 1642 654 1713; x_wconf 85' lang='lat' dir='ltr'>quia</span> <span class='ocrx_word' id='word_1_113' title='bbox 676 1644 906 1710; x_wconf 85' lang='lat' dir='ltr'>patrem</span> <span class='ocrx_word' id='word_1_114' title='bbox 930 1632 1095 1688; x_wconf 90' lang='lat' dir='ltr'>liberi</span> <span class='ocrx_word' id='word_1_115' title='bbox 1127 1632 1533 1698; x_wconf 81' lang='lat' dir='ltr'>sequerentur,</span> <span class='ocrx_word' id='word_1_116' title='bbox 1557 1642 1684 1680; x_wconf 89' lang='lat' dir='ltr'>cum</span> <span class='ocrx_word' id='word_1_117' title='bbox 1711 1640 1776 1679; x_wconf 90' lang='lat' dir='ltr'>eo</span> <span class='ocrx_word' id='word_1_118' title='bbox 1802 1625 1986 1692; x_wconf 86' lang='lat' dir='ltr'>nupta</span> <span class='ocrx_word' id='word_1_119' title='bbox 2008 1623 2163 1674; x_wconf 85' lang='lat' dir='ltr'>esset</span> 
     </span>
    </p>
   </div>
   <div class='ocr_carea' id='block_1_18' title="bbox 514 1709 2162 1796">
    <p class='ocr_par' dir='ltr' id='par_1_18' title="bbox 514 1709 2162 1796">
     <span class='ocr_line' id='line_1_18' title="bbox 514 1709 2162 1796; baseline -0.014 -12"><span class='ocrx_word' id='word_1_120' title='bbox 514 1709 748 1794; x_wconf 79' lang='lat' dir='ltr'>mulier,</span> <span class='ocrx_word' id='word_1_121' title='bbox 784 1724 1024 1796; x_wconf 87' lang='lat' dir='ltr'>quicum</span> <span class='ocrx_word' id='word_1_122' title='bbox 1057 1715 1339 1775; x_wconf 84' lang='lat' dir='ltr'>connubii</span> <span class='ocrx_word' id='word_1_123' title='bbox 1366 1716 1464 1786; x_wconf 90' lang='lat' dir='ltr'>jus</span> <span class='ocrx_word' id='word_1_124' title='bbox 1496 1718 1671 1778; x_wconf 90' lang='lat' dir='ltr'>esset,</span> <span class='ocrx_word' id='word_1_125' title='bbox 1694 1712 1787 1767; x_wconf 87' lang='lat' dir='ltr'>hic</span> <span class='ocrx_word' id='word_1_126' title='bbox 1809 1709 2162 1765; x_wconf 86' lang='lat' dir='ltr'>antecedens</span> 
     </span>
    </p>
   </div>
   <div class='ocr_carea' id='block_1_19' title="bbox 518 1799 2163 1887">
    <p class='ocr_par' dir='ltr' id='par_1_19' title="bbox 518 1799 2163 1887">
     <span class='ocr_line' id='line_1_19' title="bbox 518 1799 2163 1887; baseline -0.016 -12"><span class='ocrx_word' id='word_1_127' title='bbox 518 1824 627 1881; x_wconf 88' lang='lat' dir='ltr'>est,</span> <span class='ocrx_word' id='word_1_128' title='bbox 653 1817 699 1871; x_wconf 89' lang='lat' dir='ltr'>si</span> <span class='ocrx_word' id='word_1_129' title='bbox 726 1814 865 1887; x_wconf 87' lang='lat' dir='ltr'>quid</span> <span class='ocrx_word' id='word_1_130' title='bbox 891 1813 961 1867; x_wconf 89' lang='lat' dir='ltr'>de</span> <span class='ocrx_word' id='word_1_131' title='bbox 987 1812 1120 1865; x_wconf 89' lang='lat' dir='ltr'>dote</span> <span class='ocrx_word' id='word_1_132' title='bbox 1142 1824 1246 1879; x_wconf 90' lang='lat' dir='ltr'>pro</span> <span class='ocrx_word' id='word_1_133' title='bbox 1273 1805 1474 1860; x_wconf 90' lang='lat' dir='ltr'>liberis</span> <span class='ocrx_word' id='word_1_134' title='bbox 1498 1818 1733 1858; x_wconf 90' lang='lat' dir='ltr'>manere</span> <span class='ocrx_word' id='word_1_135' title='bbox 1763 1803 2075 1872; x_wconf 84' lang='lat' dir='ltr'>oporteret,</span> <span class='ocrx_word' id='word_1_136' title='bbox 2108 1799 2163 1851; x_wconf 90' lang='lat' dir='ltr'>et</span> 
     </span>
    </p>
   </div>
   <div class='ocr_carea' id='block_1_20' title="bbox 516 1888 2163 1977">
    <p class='ocr_par' dir='ltr' id='par_1_20' title="bbox 516 1888 2163 1977">
     <span class='ocr_line' id='line_1_20' title="bbox 516 1888 2163 1977; baseline -0.015 -14"><span class='ocrx_word' id='word_1_137' title='bbox 516 1909 575 1963; x_wconf 88' lang='lat' dir='ltr'>in</span> <span class='ocrx_word' id='word_1_138' title='bbox 601 1924 667 1962; x_wconf 92' lang='lat' dir='ltr'>eo</span> <span class='ocrx_word' id='word_1_139' title='bbox 695 1902 939 1977; x_wconf 72' lang='lat' dir='ltr'>quaestio</span> <span class='ocrx_word' id='word_1_140' title='bbox 962 1918 1036 1955; x_wconf 89' lang='lat' dir='ltr'>an</span> <span class='ocrx_word' id='word_1_141' title='bbox 1089 1896 1311 1967; x_wconf 89' lang='lat' dir='ltr'>aliquid</span> <span class='ocrx_word' id='word_1_142' title='bbox 1348 1908 1582 1948; x_wconf 90' lang='lat' dir='ltr'>manere</span> <span class='ocrx_word' id='word_1_143' title='bbox 1631 1893 1912 1961; x_wconf 86' lang='lat' dir='ltr'>oporteat.</span> <span class='ocrx_word' id='word_1_144' title='bbox 1948 1888 2163 1942; x_wconf 85' lang='lat' dir='ltr'>Conse-</span> 
     </span>
    </p>
   </div>
   <div class='ocr_carea' id='block_1_21' title="bbox 523 1971 2164 2068">
    <p class='ocr_par' dir='ltr' id='par_1_21' title="bbox 523 1971 2164 2068">
     <span class='ocr_line' id='line_1_21' title="bbox 523 1971 2164 2068; baseline -0.016 -16"><span class='ocrx_word' id='word_1_145' title='bbox 523 2012 709 2068; x_wconf 88' lang='lat' dir='ltr'>quens</span> <span class='ocrx_word' id='word_1_146' title='bbox 738 2008 890 2057; x_wconf 90' lang='lat' dir='ltr'>vero,</span> <span class='ocrx_word' id='word_1_147' title='bbox 917 2006 1050 2044; x_wconf 91' lang='lat' dir='ltr'>cum</span> <span class='ocrx_word' id='word_1_148' title='bbox 1078 2004 1142 2042; x_wconf 91' lang='lat' dir='ltr'>eo</span> <span class='ocrx_word' id='word_1_149' title='bbox 1166 1983 1375 2040; x_wconf 86' lang='lat' dir='ltr'>mulier</span> <span class='ocrx_word' id='word_1_150' title='bbox 1399 1986 1598 2053; x_wconf 85' lang='lat' dir='ltr'>nupta,</span> <span class='ocrx_word' id='word_1_151' title='bbox 1624 1979 1858 2051; x_wconf 89' lang='lat' dir='ltr'>quicum</span> <span class='ocrx_word' id='word_1_152' title='bbox 1889 1971 2164 2030; x_wconf 88' lang='lat' dir='ltr'>connubii</span> 
     </span>
    </p>
   </div>
   <div class='ocr_carea' id='block_1_22' title="bbox 516 2067 2167 2157">
    <p class='ocr_par' dir='ltr' id='par_1_22' title="bbox 516 2067 2167 2157">
     <span class='ocr_line' id='line_1_22' title="bbox 516 2067 2167 2157; baseline -0.015 -17"><span class='ocrx_word' id='word_1_153' title='bbox 516 2067 619 2157; x_wconf 86' lang='lat' dir='ltr'>jus</span> <span class='ocrx_word' id='word_1_154' title='bbox 648 2088 821 2149; x_wconf 90' lang='lat' dir='ltr'>esset,</span> <span class='ocrx_word' id='word_1_155' title='bbox 849 2098 880 2134; x_wconf 88' lang='lat' dir='ltr'>a</span> <span class='ocrx_word' id='word_1_156' title='bbox 907 2096 1021 2150; x_wconf 91' lang='lat' dir='ltr'>quo</span> <span class='ocrx_word' id='word_1_157' title='bbox 1046 2076 1304 2131; x_wconf 80' lang='lat' dir='ltr'>sumitur</span> <span class='ocrx_word' id='word_1_158' title='bbox 1334 2074 1769 2144; x_wconf 84' lang='lat' dir='ltr'>argumentum,</span> <span class='ocrx_word' id='word_1_159' title='bbox 1797 2067 1851 2120; x_wconf 93' lang='lat' dir='ltr'>id</span> <span class='ocrx_word' id='word_1_160' title='bbox 1877 2070 1964 2120; x_wconf 91' lang='lat' dir='ltr'>est</span> <span class='ocrx_word' id='word_1_161' title='bbox 1984 2081 2016 2118; x_wconf 90' lang='lat' dir='ltr'>a</span> <span class='ocrx_word' id='word_1_162' title='bbox 2037 2080 2167 2117; x_wconf 87' lang='lat' dir='ltr'>con-</span> 
     </span>
    </p>
   </div>
   <div class='ocr_carea' id='block_1_23' title="bbox 524 2158 2168 2244">
    <p class='ocr_par' dir='ltr' id='par_1_23' title="bbox 524 2158 2168 2244">
     <span class='ocr_line' id='line_1_23' title="bbox 524 2158 2168 2244; baseline -0.016 -15"><span class='ocrx_word' id='word_1_163' title='bbox 524 2171 817 2244; x_wconf 78' lang='lat' dir='ltr'>sequenti.</span> <span class='ocrx_word' id='word_1_164' title='bbox 839 2169 983 2223; x_wconf 88' lang='lat' dir='ltr'>Nam</span> <span class='ocrx_word' id='word_1_165' title='bbox 1011 2182 1143 2219; x_wconf 89' lang='lat' dir='ltr'>cum</span> <span class='ocrx_word' id='word_1_166' title='bbox 1172 2162 1549 2217; x_wconf 80' lang='lat' dir='ltr'>manifestum</span> <span class='ocrx_word' id='word_1_167' title='bbox 1571 2158 1667 2225; x_wconf 89' lang='lat' dir='ltr'>sit,</span> <span class='ocrx_word' id='word_1_168' title='bbox 1685 2174 1797 2211; x_wconf 91' lang='lat' dir='ltr'>non</span> <span class='ocrx_word' id='word_1_169' title='bbox 1822 2170 1953 2209; x_wconf 90' lang='lat' dir='ltr'>cum</span> <span class='ocrx_word' id='word_1_170' title='bbox 1973 2170 2037 2207; x_wconf 84' lang='lat' dir='ltr'>eo</span> <span class='ocrx_word' id='word_1_171' title='bbox 2056 2168 2168 2205; x_wconf 88' lang='lat' dir='ltr'>un-</span> 
     </span>
    </p>
   </div>
   <div class='ocr_carea' id='block_1_24' title="bbox 524 2240 2168 2336">
    <p class='ocr_par' dir='ltr' id='par_1_24' title="bbox 524 2240 2168 2336">
     <span class='ocr_line' id='line_1_24' title="bbox 524 2240 2168 2336; baseline -0.015 -18"><span class='ocrx_word' id='word_1_172' title='bbox 524 2240 626 2336; x_wconf 77' lang='lat' dir='ltr'>pta</span> <span class='ocrx_word' id='word_1_173' title='bbox 648 2276 775 2317; x_wconf 89' lang='lat' dir='ltr'>esse</span> <span class='ocrx_word' id='word_1_174' title='bbox 800 2275 929 2312; x_wconf 90' lang='lat' dir='ltr'>cum</span> <span class='ocrx_word' id='word_1_175' title='bbox 953 2273 1067 2327; x_wconf 91' lang='lat' dir='ltr'>quo</span> <span class='ocrx_word' id='word_1_176' title='bbox 1082 2250 1477 2320; x_wconf 89' lang='lat' dir='ltr'>connubiijus</span> <span class='ocrx_word' id='word_1_177' title='bbox 1501 2252 1643 2315; x_wconf 87' lang='lat' dir='ltr'>erat,</span> <span class='ocrx_word' id='word_1_178' title='bbox 1668 2244 1999 2301; x_wconf 89' lang='lat' dir='ltr'>ostenditur</span> <span class='ocrx_word' id='word_1_179' title='bbox 2014 2240 2168 2312; x_wconf 84' lang='lat' dir='ltr'>quod</span> 
     </span>
    </p>
   </div>
   <div class='ocr_carea' id='block_1_25' title="bbox 525 2328 2169 2420">
    <p class='ocr_par' dir='ltr' id='par_1_25' title="bbox 525 2328 2169 2420">
     <span class='ocr_line' id='line_1_25' title="bbox 525 2328 2169 2420; baseline -0.015 -12"><span class='ocrx_word' id='word_1_180' title='bbox 525 2328 769 2409; x_wconf 78' lang='lat' dir='ltr'>minime</span> <span class='ocrx_word' id='word_1_181' title='bbox 794 2352 1018 2420; x_wconf 89' lang='lat' dir='ltr'>patrem</span> <span class='ocrx_word' id='word_1_182' title='bbox 1044 2341 1767 2411; x_wconf 83' lang='lat' dir='ltr'>liberisequantur,atque</span> <span class='ocrx_word' id='word_1_183' title='bbox 1788 2333 2002 2387; x_wconf 86' lang='lat' dir='ltr'>idcirco</span> <span class='ocrx_word' id='word_1_184' title='bbox 2025 2328 2169 2383; x_wconf 85' lang='lat' dir='ltr'>nihil</span> 
     </span>
    </p>
   </div>
   <div class='ocr_carea' id='block_1_26' title="bbox 527 2418 2170 2514">
    <p class='ocr_par' dir='ltr' id='par_1_26' title="bbox 527 2418 2170 2514">
     <span class='ocr_line' id='line_1_26' title="bbox 527 2418 2170 2514; baseline -0.015 -18"><span class='ocrx_word' id='word_1_185' title='bbox 527 2459 629 2514; x_wconf 90' lang='lat' dir='ltr'>pro</span> <span class='ocrx_word' id='word_1_186' title='bbox 670 2418 872 2493; x_wconf 76' lang='lat' dir='ltr'>liberis</span> <span class='ocrx_word' id='word_1_187' title='bbox 897 2449 1134 2488; x_wconf 90' lang='lat' dir='ltr'>manere</span> <span class='ocrx_word' id='word_1_188' title='bbox 1165 2433 1449 2501; x_wconf 88' lang='lat' dir='ltr'>oportere.</span> <span class='ocrx_word' id='word_1_189' title='bbox 1478 2426 1579 2480; x_wconf 85' lang='lat' dir='ltr'>Hic</span> <span class='ocrx_word' id='word_1_190' title='bbox 1602 2424 1781 2495; x_wconf 84' lang='lat' dir='ltr'>igitur</span> <span class='ocrx_word' id='word_1_191' title='bbox 1811 2437 1900 2475; x_wconf 88' lang='lat' dir='ltr'>res</span> <span class='ocrx_word' id='word_1_192' title='bbox 1933 2418 2170 2490; x_wconf 86' lang='lat' dir='ltr'>quidem</span> 
     </span>
    </p>
   </div>
   <div class='ocr_carea' id='block_1_27' title="bbox 529 2509 2171 2602">
    <p class='ocr_par' dir='ltr' id='par_1_27' title="bbox 529 2509 2171 2602">
     <span class='ocr_line' id='line_1_27' title="bbox 529 2509 2171 2602; baseline -0.015 -18"><span class='ocrx_word' id='word_1_193' title='bbox 529 2509 660 2602; x_wconf 68' lang='lat' dir='ltr'>quae</span> <span class='ocrx_word' id='word_1_194' title='bbox 713 2526 1017 2581; x_wconf 88' lang='lat' dir='ltr'>dubitatur</span> <span class='ocrx_word' id='word_1_195' title='bbox 1041 2522 1096 2576; x_wconf 89' lang='lat' dir='ltr'>in</span> <span class='ocrx_word' id='word_1_196' title='bbox 1130 2517 1498 2575; x_wconf 83' lang='lat' dir='ltr'>antecedenti</span> <span class='ocrx_word' id='word_1_197' title='bbox 1530 2519 1639 2581; x_wconf 90' lang='lat' dir='ltr'>est,</span> <span class='ocrx_word' id='word_1_198' title='bbox 1665 2514 1723 2568; x_wconf 89' lang='lat' dir='ltr'>in</span> <span class='ocrx_word' id='word_1_199' title='bbox 1748 2529 1814 2567; x_wconf 91' lang='lat' dir='ltr'>eo</span> <span class='ocrx_word' id='word_1_200' title='bbox 1846 2509 2068 2566; x_wconf 88' lang='lat' dir='ltr'>scilicet</span> <span class='ocrx_word' id='word_1_201' title='bbox 2098 2524 2171 2561; x_wconf 89' lang='lat' dir='ltr'>an</span> 
     </span>
    </p>
   </div>
   <div class='ocr_carea' id='block_1_28' title="bbox 531 2606 2173 2688">
    <p class='ocr_par' dir='ltr' id='par_1_28' title="bbox 531 2606 2173 2688">
     <span class='ocr_line' id='line_1_28' title="bbox 531 2606 2173 2688; baseline -0.016 -11"><span class='ocrx_word' id='word_1_202' title='bbox 531 2639 598 2677; x_wconf 83' lang='lat' dir='ltr'>ex</span> <span class='ocrx_word' id='word_1_203' title='bbox 611 2622 744 2674; x_wconf 88' lang='lat' dir='ltr'>dote</span> <span class='ocrx_word' id='word_1_204' title='bbox 761 2634 859 2688; x_wconf 89' lang='lat' dir='ltr'>pro</span> <span class='ocrx_word' id='word_1_205' title='bbox 874 2613 1309 2669; x_wconf 89' lang='lat' dir='ltr'>liberismanere</span> <span class='ocrx_word' id='word_1_206' title='bbox 1334 2607 1553 2678; x_wconf 87' lang='lat' dir='ltr'>aliquid</span> <span class='ocrx_word' id='word_1_207' title='bbox 1570 2606 2173 2675; x_wconf 86' lang='lat' dir='ltr'>oporteat,argumen-</span> 
     </span>
    </p>
   </div>
   <div class='ocr_carea' id='block_1_29' title="bbox 534 2686 2173 2770">
    <p class='ocr_par' dir='ltr' id='par_1_29' title="bbox 534 2686 2173 2770">
     <span class='ocr_line' id='line_1_29' title="bbox 534 2686 2173 2770; baseline -0.015 -6"><span class='ocrx_word' id='word_1_208' title='bbox 534 2714 664 2764; x_wconf 91' lang='lat' dir='ltr'>tum</span> <span class='ocrx_word' id='word_1_209' title='bbox 688 2724 823 2762; x_wconf 85' lang='lat' dir='ltr'>vero</span> <span class='ocrx_word' id='word_1_210' title='bbox 855 2705 914 2759; x_wconf 91' lang='lat' dir='ltr'>in</span> <span class='ocrx_word' id='word_1_211' title='bbox 948 2720 1013 2757; x_wconf 86' lang='lat' dir='ltr'>eo</span> <span class='ocrx_word' id='word_1_212' title='bbox 1048 2702 1170 2757; x_wconf 93' lang='lat' dir='ltr'>loco</span> <span class='ocrx_word' id='word_1_213' title='bbox 1205 2699 1301 2770; x_wconf 92' lang='lat' dir='ltr'>qui</span> <span class='ocrx_word' id='word_1_214' title='bbox 1336 2703 1422 2752; x_wconf 86' lang='lat' dir='ltr'>est</span> <span class='ocrx_word' id='word_1_215' title='bbox 1456 2697 1516 2749; x_wconf 92' lang='lat' dir='ltr'>in</span> <span class='ocrx_word' id='word_1_216' title='bbox 1566 2688 2082 2763; x_wconf 88' lang='lat' dir='ltr'>consequentibus,</span> <span class='ocrx_word' id='word_1_217' title='bbox 2118 2686 2173 2740; x_wconf 84' lang='lat' dir='ltr'>id</span> 
     </span>
    </p>
   </div>
   <div class='ocr_carea' id='block_1_30' title="bbox 534 2773 2177 2862">
    <p class='ocr_par' dir='ltr' id='par_1_30' title="bbox 534 2773 2177 2862">
     <span class='ocr_line' id='line_1_30' title="bbox 534 2773 2177 2862; baseline -0.016 -8"><span class='ocrx_word' id='word_1_218' title='bbox 534 2799 701 2855; x_wconf 90' lang='lat' dir='ltr'>estin</span> <span class='ocrx_word' id='word_1_219' title='bbox 729 2794 968 2849; x_wconf 85' lang='lat' dir='ltr'>muliere</span> <span class='ocrx_word' id='word_1_220' title='bbox 990 2808 1113 2862; x_wconf 71' lang='lat' dir='ltr'>quae</span> <span class='ocrx_word' id='word_1_221' title='bbox 1147 2793 1329 2859; x_wconf 84' lang='lat' dir='ltr'>nupta</span> <span class='ocrx_word' id='word_1_222' title='bbox 1360 2791 1447 2842; x_wconf 92' lang='lat' dir='ltr'>est</span> <span class='ocrx_word' id='word_1_223' title='bbox 1474 2802 1605 2838; x_wconf 90' lang='lat' dir='ltr'>cum</span> <span class='ocrx_word' id='word_1_224' title='bbox 1635 2800 1700 2837; x_wconf 91' lang='lat' dir='ltr'>eo</span> <span class='ocrx_word' id='word_1_225' title='bbox 1720 2796 1849 2835; x_wconf 90' lang='lat' dir='ltr'>cum</span> <span class='ocrx_word' id='word_1_226' title='bbox 1877 2795 1991 2849; x_wconf 93' lang='lat' dir='ltr'>quo</span> <span class='ocrx_word' id='word_1_227' title='bbox 2017 2773 2177 2830; x_wconf 88' lang='lat' dir='ltr'>nulla</span> 
     </span>
    </p>
   </div>
   <div class='ocr_carea' id='block_1_31' title="bbox 530 2863 2177 2954">
    <p class='ocr_par' dir='ltr' id='par_1_31' title="bbox 530 2863 2177 2954">
     <span class='ocr_line' id='line_1_31' title="bbox 530 2863 2177 2954; baseline -0.015 -12"><span class='ocrx_word' id='word_1_228' title='bbox 530 2886 846 2954; x_wconf 87' lang='lat' dir='ltr'>erantjura</span> <span class='ocrx_word' id='word_1_229' title='bbox 868 2878 1167 2937; x_wconf 89' lang='lat' dir='ltr'>connubii.</span> <span class='ocrx_word' id='word_1_230' title='bbox 1192 2880 1236 2931; x_wconf 87' lang='lat' dir='ltr'><strong>A</strong></span> <span class='ocrx_word' id='word_1_231' title='bbox 1269 2873 1732 2946; x_wconf 72' lang='lat' dir='ltr'>repugnantibus</span> <span class='ocrx_word' id='word_1_232' title='bbox 1754 2868 1928 2924; x_wconf 86' lang='lat' dir='ltr'>etiam</span> <span class='ocrx_word' id='word_1_233' title='bbox 1951 2863 2177 2937; x_wconf 90' lang='lat' dir='ltr'>quoties</span> 
     </span>
    </p>
   </div>
   <div class='ocr_carea' id='block_1_32' title="bbox 534 2957 2179 3047">
    <p class='ocr_par' dir='ltr' id='par_1_32' title="bbox 534 2957 2179 3047">
     <span class='ocr_line' id='line_1_32' title="bbox 534 2957 2179 3047; baseline -0.015 -16"><span class='ocrx_word' id='word_1_234' title='bbox 534 2978 879 3047; x_wconf 85' lang='lat' dir='ltr'>argumenta</span> <span class='ocrx_word' id='word_1_235' title='bbox 904 2973 1245 3029; x_wconf 88' lang='lat' dir='ltr'>sumuntur,</span> <span class='ocrx_word' id='word_1_236' title='bbox 1264 2982 1356 3019; x_wconf 91' lang='lat' dir='ltr'>res</span> <span class='ocrx_word' id='word_1_237' title='bbox 1371 2963 1605 3035; x_wconf 89' lang='lat' dir='ltr'>quidem</span> <span class='ocrx_word' id='word_1_238' title='bbox 1625 2958 1875 3015; x_wconf 87' lang='lat' dir='ltr'>dubiain</span> <span class='ocrx_word' id='word_1_239' title='bbox 1896 2957 2076 3011; x_wconf 84' lang='lat' dir='ltr'>altero</span> <span class='ocrx_word' id='word_1_240' title='bbox 2097 2968 2179 3008; x_wconf 89' lang='lat' dir='ltr'>re-</span> 
     </span>
    </p>
   </div>
   <div class='ocr_carea' id='block_1_33' title="bbox 539 3044 2177 3136">
    <p class='ocr_par' dir='ltr' id='par_1_33' title="bbox 539 3044 2177 3136">
     <span class='ocr_line' id='line_1_33' title="bbox 539 3044 2177 3136; baseline -0.014 -17"><span class='ocrx_word' id='word_1_241' title='bbox 539 3061 848 3136; x_wconf 83' lang='lat' dir='ltr'>pugnanti,</span> <span class='ocrx_word' id='word_1_242' title='bbox 884 3060 940 3114; x_wconf 90' lang='lat' dir='ltr'>in</span> <span class='ocrx_word' id='word_1_243' title='bbox 974 3058 1218 3113; x_wconf 87' lang='lat' dir='ltr'>adverso</span> <span class='ocrx_word' id='word_1_244' title='bbox 1251 3071 1383 3109; x_wconf 88' lang='lat' dir='ltr'>vero</span> <span class='ocrx_word' id='word_1_245' title='bbox 1416 3052 1577 3107; x_wconf 93' lang='lat' dir='ltr'>locus</span> <span class='ocrx_word' id='word_1_246' title='bbox 1609 3054 1697 3105; x_wconf 84' lang='lat' dir='ltr'>est</span> <span class='ocrx_word' id='word_1_247' title='bbox 1727 3044 2080 3118; x_wconf 77' lang='lat' dir='ltr'>argumenti,</span> <span class='ocrx_word' id='word_1_248' title='bbox 2114 3046 2177 3097; x_wconf 90' lang='lat' dir='ltr'>ut</span> 
     </span>
    </p>
   </div>
   <div class='ocr_carea' id='block_1_34' title="bbox 538 3132 2175 3223">
    <p class='ocr_par' dir='ltr' id='par_1_34' title="bbox 538 3132 2175 3223">
     <span class='ocr_line' id='line_1_34' title="bbox 538 3132 2175 3223; baseline -0.015 -15"><span class='ocrx_word' id='word_1_249' title='bbox 538 3132 671 3209; x_wconf 75' lang='lat' dir='ltr'>cum</span> <span class='ocrx_word' id='word_1_250' title='bbox 707 3150 983 3223; x_wconf 76' lang='lat' dir='ltr'>quaeritur</span> <span class='ocrx_word' id='word_1_251' title='bbox 1014 3164 1085 3201; x_wconf 87' lang='lat' dir='ltr'>an</span> <span class='ocrx_word' id='word_1_252' title='bbox 1121 3141 1505 3216; x_wconf 90' lang='lat' dir='ltr'>possitinvita</span> <span class='ocrx_word' id='word_1_253' title='bbox 1528 3136 1739 3193; x_wconf 92' lang='lat' dir='ltr'>mulier</span> <span class='ocrx_word' id='word_1_254' title='bbox 1756 3136 1995 3190; x_wconf 91' lang='lat' dir='ltr'>reddere</span> <span class='ocrx_word' id='word_1_255' title='bbox 2017 3132 2175 3201; x_wconf 88' lang='lat' dir='ltr'>lega—</span> 
     </span>
    </p>
   </div>
   <div class='ocr_carea' id='block_1_35' title="bbox 540 3222 2179 3311">
    <p class='ocr_par' dir='ltr' id='par_1_35' title="bbox 540 3222 2179 3311">
     <span class='ocr_line' id='line_1_35' title="bbox 540 3222 2179 3311; baseline -0.015 -13"><span class='ocrx_word' id='word_1_256' title='bbox 540 3247 688 3309; x_wconf 90' lang='lat' dir='ltr'>tum,</span> <span class='ocrx_word' id='word_1_257' title='bbox 715 3222 868 3311; x_wconf 88' lang='lat' dir='ltr'>quod</span> <span class='ocrx_word' id='word_1_258' title='bbox 897 3240 1047 3291; x_wconf 89' lang='lat' dir='ltr'>recte</span> <span class='ocrx_word' id='word_1_259' title='bbox 1079 3236 1430 3289; x_wconf 88' lang='lat' dir='ltr'>testamento</span> <span class='ocrx_word' id='word_1_260' title='bbox 1463 3228 1644 3282; x_wconf 86' lang='lat' dir='ltr'>semel</span> <span class='ocrx_word' id='word_1_261' title='bbox 1676 3225 1917 3296; x_wconf 91' lang='lat' dir='ltr'>accepit.</span> <span class='ocrx_word' id='word_1_262' title='bbox 1942 3222 2124 3277; x_wconf 90' lang='lat' dir='ltr'>Locus</span> <span class='ocrx_word' id='word_1_263' title='bbox 2146 3238 2179 3274; x_wconf 90' lang='lat' dir='ltr'>a</span> 
     </span>
    </p>
   </div>
   <div class='ocr_carea' id='block_1_36' title="bbox 547 3311 2180 3402">
    <p class='ocr_par' dir='ltr' id='par_1_36' title="bbox 547 3311 2180 3402">
     <span class='ocr_line' id='line_1_36' title="bbox 547 3311 2180 3402; baseline -0.015 -16"><span class='ocrx_word' id='word_1_264' title='bbox 547 3327 921 3402; x_wconf 80' lang='lat' dir='ltr'>repugnanti,</span> <span class='ocrx_word' id='word_1_265' title='bbox 944 3324 1186 3379; x_wconf 80' lang='lat' dir='ltr'>minime</span> <span class='ocrx_word' id='word_1_266' title='bbox 1209 3335 1380 3392; x_wconf 84' lang='lat' dir='ltr'>posse</span> <span class='ocrx_word' id='word_1_267' title='bbox 1404 3317 1641 3372; x_wconf 89' lang='lat' dir='ltr'>invitam</span> <span class='ocrx_word' id='word_1_268' title='bbox 1660 3315 1898 3369; x_wconf 90' lang='lat' dir='ltr'>reddere</span> <span class='ocrx_word' id='word_1_269' title='bbox 1922 3311 2075 3381; x_wconf 92' lang='lat' dir='ltr'>quod</span> <span class='ocrx_word' id='word_1_270' title='bbox 2099 3326 2180 3363; x_wconf 92' lang='lat' dir='ltr'>re-</span> 
     </span>
    </p>
   </div>
   <div class='ocr_carea' id='block_1_37' title="bbox 539 3400 2181 3487">
    <p class='ocr_par' dir='ltr' id='par_1_37' title="bbox 539 3400 2181 3487">
     <span class='ocr_line' id='line_1_37' title="bbox 539 3400 2181 3487; baseline -0.015 -12"><span class='ocrx_word' id='word_1_271' title='bbox 539 3400 631 3476; x_wconf 81' lang='lat' dir='ltr'>cte</span> <span class='ocrx_word' id='word_1_272' title='bbox 651 3400 892 3487; x_wconf 87' lang='lat' dir='ltr'>accepit.</span> <span class='ocrx_word' id='word_1_273' title='bbox 920 3411 1173 3477; x_wconf 61' lang='lat' dir='ltr'>Quaestio</span> <span class='ocrx_word' id='word_1_274' title='bbox 1200 3409 1376 3480; x_wconf 89' lang='lat' dir='ltr'>igitur</span> <span class='ocrx_word' id='word_1_275' title='bbox 1392 3412 1481 3463; x_wconf 87' lang='lat' dir='ltr'>est</span> <span class='ocrx_word' id='word_1_276' title='bbox 1502 3406 1559 3460; x_wconf 90' lang='lat' dir='ltr'>in</span> <span class='ocrx_word' id='word_1_277' title='bbox 1583 3403 1813 3474; x_wconf 84' lang='lat' dir='ltr'>ecquod</span> <span class='ocrx_word' id='word_1_278' title='bbox 1833 3400 2181 3471; x_wconf 85' lang='lat' dir='ltr'>intelligitur</span> 
     </span>
    </p>
   </div>
   <div class='ocr_carea' id='block_1_38' title="bbox 539 3491 2181 3571">
    <p class='ocr_par' dir='ltr' id='par_1_38' title="bbox 539 3491 2181 3571">
     <span class='ocr_line' id='line_1_38' title="bbox 539 3491 2181 3571; baseline -0.014 -7"><span class='ocrx_word' id='word_1_279' title='bbox 539 3507 785 3564; x_wconf 88' lang='lat' dir='ltr'>invitam</span> <span class='ocrx_word' id='word_1_280' title='bbox 811 3504 1071 3568; x_wconf 90' lang='lat' dir='ltr'>reddere,</span> <span class='ocrx_word' id='word_1_281' title='bbox 1099 3501 1514 3571; x_wconf 85' lang='lat' dir='ltr'>argumentum</span> <span class='ocrx_word' id='word_1_282' title='bbox 1536 3510 1670 3549; x_wconf 90' lang='lat' dir='ltr'>vero</span> <span class='ocrx_word' id='word_1_283' title='bbox 1704 3494 1762 3547; x_wconf 89' lang='lat' dir='ltr'>in</span> <span class='ocrx_word' id='word_1_284' title='bbox 1797 3491 1979 3547; x_wconf 85' lang='lat' dir='ltr'>altern</span> <span class='ocrx_word' id='word_1_285' title='bbox 2010 3505 2181 3560; x_wconf 88' lang='lat' dir='ltr'>repu-</span> 
     </span>
    </p>
   </div>
   <div class='ocr_carea' id='block_1_39' title="bbox 538 3579 2179 3669">
    <p class='ocr_par' dir='ltr' id='par_1_39' title="bbox 538 3579 2179 3669">
     <span class='ocr_line' id='line_1_39' title="bbox 538 3579 2179 3669; baseline -0.012 -18"><span class='ocrx_word' id='word_1_286' title='bbox 538 3596 766 3669; x_wconf 89' lang='lat' dir='ltr'>gnanti,</span> <span class='ocrx_word' id='word_1_287' title='bbox 793 3594 849 3649; x_wconf 89' lang='lat' dir='ltr'>id</span> <span class='ocrx_word' id='word_1_288' title='bbox 877 3596 966 3647; x_wconf 92' lang='lat' dir='ltr'>est</span> <span class='ocrx_word' id='word_1_289' title='bbox 988 3591 1047 3644; x_wconf 89' lang='lat' dir='ltr'>in</span> <span class='ocrx_word' id='word_1_290' title='bbox 1072 3605 1139 3644; x_wconf 92' lang='lat' dir='ltr'>eo</span> <span class='ocrx_word' id='word_1_291' title='bbox 1167 3588 1320 3659; x_wconf 90' lang='lat' dir='ltr'>quod</span> <span class='ocrx_word' id='word_1_292' title='bbox 1345 3584 1693 3656; x_wconf 88' lang='lat' dir='ltr'>intelligitur</span> <span class='ocrx_word' id='word_1_293' title='bbox 1725 3587 1877 3637; x_wconf 89' lang='lat' dir='ltr'>recte</span> <span class='ocrx_word' id='word_1_294' title='bbox 1899 3579 2179 3649; x_wconf 89' lang='lat' dir='ltr'>accipere.</span> 
     </span>
    </p>
   </div>
   <div class='ocr_carea' id='block_1_40' title="bbox 540 3667 2182 3755">
    <p class='ocr_par' dir='ltr' id='par_1_40' title="bbox 540 3667 2182 3755">
     <span class='ocr_line' id='line_1_40' title="bbox 540 3667 2182 3755; baseline -0.012 -14"><span class='ocrx_word' id='word_1_295' title='bbox 540 3667 949 3755; x_wconf 44' lang='lat' dir='ltr'>bugnatenim</span> <span class='ocrx_word' id='word_1_296' title='bbox 971 3678 1213 3733; x_wconf 89' lang='lat' dir='ltr'>invitam</span> <span class='ocrx_word' id='word_1_297' title='bbox 1240 3675 1480 3731; x_wconf 89' lang='lat' dir='ltr'>reddere</span> <span class='ocrx_word' id='word_1_298' title='bbox 1512 3678 1568 3729; x_wconf 90' lang='lat' dir='ltr'>et</span> <span class='ocrx_word' id='word_1_299' title='bbox 1590 3676 1738 3727; x_wconf 89' lang='lat' dir='ltr'>recte</span> <span class='ocrx_word' id='word_1_300' title='bbox 1777 3669 2059 3740; x_wconf 87' lang='lat' dir='ltr'>accipere,</span> <span class='ocrx_word' id='word_1_301' title='bbox 2082 3667 2182 3722; x_wconf 87' lang='lat' dir='ltr'>sed</span> 
     </span>
    </p>
   </div>
   <div class='ocr_carea' id='block_1_41' title="bbox 542 3757 2185 3844">
    <p class='ocr_par' dir='ltr' id='par_1_41' title="bbox 542 3757 2185 3844">
     <span class='ocr_line' id='line_1_41' title="bbox 542 3757 2185 3844; baseline -0.01 -17"><span class='ocrx_word' id='word_1_302' title='bbox 542 3773 789 3844; x_wconf 81' lang='lat' dir='ltr'>quaestio</span> <span class='ocrx_word' id='word_1_303' title='bbox 816 3770 874 3823; x_wconf 92' lang='lat' dir='ltr'>in</span> <span class='ocrx_word' id='word_1_304' title='bbox 909 3784 1025 3822; x_wconf 91' lang='lat' dir='ltr'>uno</span> <span class='ocrx_word' id='word_1_305' title='bbox 1057 3782 1257 3822; x_wconf 89' lang='lat' dir='ltr'>eorum</span> <span class='ocrx_word' id='word_1_306' title='bbox 1291 3768 1399 3831; x_wconf 88' lang='lat' dir='ltr'>est,</span> <span class='ocrx_word' id='word_1_307' title='bbox 1432 3762 1597 3817; x_wconf 91' lang='lat' dir='ltr'>locus</span> <span class='ocrx_word' id='word_1_308' title='bbox 1624 3762 1683 3815; x_wconf 91' lang='lat' dir='ltr'>in</span> <span class='ocrx_word' id='word_1_309' title='bbox 1717 3759 1918 3814; x_wconf 90' lang='lat' dir='ltr'>altero.</span> <span class='ocrx_word' id='word_1_310' title='bbox 1951 3757 2185 3821; x_wconf 88' lang='lat' dir='ltr'>Quoties</span> 
     </span>
    </p>
   </div>
   <div class='ocr_carea' id='block_1_42' title="bbox 542 3852 2187 3920">
    <p class='ocr_par' dir='ltr' id='par_1_42' title="bbox 542 3852 2187 3920">
     <span class='ocr_line' id='line_1_42' title="bbox 542 3852 2187 3920; baseline -0.01 -4"><span class='ocrx_word' id='word_1_311' title='bbox 542 3878 677 3916; x_wconf 90' lang='lat' dir='ltr'>vero</span> <span class='ocrx_word' id='word_1_312' title='bbox 694 3859 932 3914; x_wconf 88' lang='lat' dir='ltr'>acausis</span> <span class='ocrx_word' id='word_1_313' title='bbox 948 3852 2187 3920; x_wconf 69' lang='lat' dir='ltr'>efﬁcientibusduciturargumentum,qua:~</span> 
     </span>
    </p>
   </div>
   <div class='ocr_carea' id='block_1_43' title="bbox 545 3936 2185 4007">
    <p class='ocr_par' dir='ltr' id='par_1_43' title="bbox 545 3936 2185 4007">
     <span class='ocr_line' id='line_1_43' title="bbox 545 3936 2185 4007; baseline -0.01 -1"><span class='ocrx_word' id='word_1_314' title='bbox 545 3950 799 4006; x_wconf 82' lang='lat' dir='ltr'>stionem</span> <span class='ocrx_word' id='word_1_315' title='bbox 827 3946 886 4001; x_wconf 90' lang='lat' dir='ltr'>in</span> <span class='ocrx_word' id='word_1_316' title='bbox 919 3945 1139 4001; x_wconf 75' lang='lat' dir='ltr'>eil‘ectis</span> <span class='ocrx_word' id='word_1_317' title='bbox 1162 3959 1289 3999; x_wconf 91' lang='lat' dir='ltr'>esse</span> <span class='ocrx_word' id='word_1_318' title='bbox 1312 3957 1548 3997; x_wconf 88' lang='lat' dir='ltr'>necesse</span> <span class='ocrx_word' id='word_1_319' title='bbox 1568 3943 1677 4007; x_wconf 89' lang='lat' dir='ltr'>est,</span> <span class='ocrx_word' id='word_1_320' title='bbox 1703 3945 1768 3994; x_wconf 91' lang='lat' dir='ltr'>ut</span> <span class='ocrx_word' id='word_1_321' title='bbox 1786 3936 2049 4007; x_wconf 84' lang='lat' dir='ltr'>exemplo</span> <span class='ocrx_word' id='word_1_322' title='bbox 2072 3952 2185 4007; x_wconf 93' lang='lat' dir='ltr'>quo</span> 
     </span>
    </p>
   </div>
   <div class='ocr_carea' id='block_1_44' title="bbox 547 4025 2187 4113">
    <p class='ocr_par' dir='ltr' id='par_1_44' title="bbox 547 4025 2187 4113">
     <span class='ocr_line' id='line_1_44' title="bbox 547 4025 2187 4113; baseline -0.009 -18"><span class='ocrx_word' id='word_1_323' title='bbox 547 4038 830 4113; x_wconf 75' lang='lat' dir='ltr'>quaeritur</span> <span class='ocrx_word' id='word_1_324' title='bbox 859 4054 933 4092; x_wconf 90' lang='lat' dir='ltr'>an</span> <span class='ocrx_word' id='word_1_325' title='bbox 958 4035 1057 4106; x_wconf 89' lang='lat' dir='ltr'>qui</span> <span class='ocrx_word' id='word_1_326' title='bbox 1080 4034 1221 4089; x_wconf 85' lang='lat' dir='ltr'>satis</span> <span class='ocrx_word' id='word_1_327' title='bbox 1243 4031 1469 4087; x_wconf 89' lang='lat' dir='ltr'>dederit</span> <span class='ocrx_word' id='word_1_328' title='bbox 1498 4028 1700 4084; x_wconf 90' lang='lat' dir='ltr'>damni</span> <span class='ocrx_word' id='word_1_329' title='bbox 1724 4027 1946 4095; x_wconf 86' lang='lat' dir='ltr'>infecti,</span> <span class='ocrx_word' id='word_1_330' title='bbox 1977 4025 2187 4080; x_wconf 88' lang='lat' dir='ltr'>vitium</span> 
     </span>
    </p>
   </div>
   <div class='ocr_carea' id='block_1_45' title="bbox 543 4114 2188 4202">
    <p class='ocr_par' dir='ltr' id='par_1_45' title="bbox 543 4114 2188 4202">
     <span class='ocr_line' id='line_1_45' title="bbox 543 4114 2188 4202; baseline -0.009 -17"><span class='ocrx_word' id='word_1_331' title='bbox 543 4128 781 4202; x_wconf 87' lang='lat' dir='ltr'>parietis</span> <span class='ocrx_word' id='word_1_332' title='bbox 812 4134 1083 4198; x_wconf 69' lang='lat' dir='ltr'>praestare</span> <span class='ocrx_word' id='word_1_333' title='bbox 1105 4126 1370 4195; x_wconf 89' lang='lat' dir='ltr'>cogatur.</span> <span class='ocrx_word' id='word_1_334' title='bbox 1395 4120 1458 4175; x_wconf 90' lang='lat' dir='ltr'>In</span> <span class='ocrx_word' id='word_1_335' title='bbox 1490 4120 1597 4175; x_wconf 87' lang='lat' dir='ltr'>hoc</span> <span class='ocrx_word' id='word_1_336' title='bbox 1620 4118 1816 4187; x_wconf 79' lang='lat' dir='ltr'>igitur,</span> <span class='ocrx_word' id='word_1_337' title='bbox 1841 4116 1898 4171; x_wconf 89' lang='lat' dir='ltr'>id</span> <span class='ocrx_word' id='word_1_338' title='bbox 1941 4120 2030 4170; x_wconf 90' lang='lat' dir='ltr'>est</span> <span class='ocrx_word' id='word_1_339' title='bbox 2054 4114 2188 4170; x_wconf 90' lang='lat' dir='ltr'>vitio</span> 
     </span>
    </p>
   </div>
   <div class='ocr_carea' id='block_1_46' title="bbox 544 4206 2188 4291">
    <p class='ocr_par' dir='ltr' id='par_1_46' title="bbox 544 4206 2188 4291">
     <span class='ocr_line' id='line_1_46' title="bbox 544 4206 2188 4291; baseline -0.01 -18"><span class='ocrx_word' id='word_1_340' title='bbox 544 4217 1054 4291; x_wconf 79' lang='lat' dir='ltr'>parietis,quasstio</span> <span class='ocrx_word' id='word_1_341' title='bbox 1068 4216 1179 4278; x_wconf 90' lang='lat' dir='ltr'>est,</span> <span class='ocrx_word' id='word_1_342' title='bbox 1195 4211 1298 4267; x_wconf 92' lang='lat' dir='ltr'>sed</span> <span class='ocrx_word' id='word_1_343' title='bbox 1322 4210 1394 4265; x_wconf 91' lang='lat' dir='ltr'>de</span> <span class='ocrx_word' id='word_1_344' title='bbox 1417 4226 1595 4264; x_wconf 86' lang='lat' dir='ltr'>causa</span> <span class='ocrx_word' id='word_1_345' title='bbox 1610 4206 2188 4277; x_wconf 87' lang='lat' dir='ltr'>trahiturargumen-</span> 
     </span>
    </p>
   </div>
   <div class='ocr_carea' id='block_1_47' title="bbox 543 4294 2190 4371">
    <p class='ocr_par' dir='ltr' id='par_1_47' title="bbox 543 4294 2190 4371">
     <span class='ocr_line' id='line_1_47' title="bbox 543 4294 2190 4371; baseline -0.01 -9"><span class='ocrx_word' id='word_1_346' title='bbox 543 4314 689 4362; x_wconf 87' lang='lat' dir='ltr'>tum.</span> <span class='ocrx_word' id='word_1_347' title='bbox 720 4305 943 4361; x_wconf 88' lang='lat' dir='ltr'>Dicitur</span> <span class='ocrx_word' id='word_1_348' title='bbox 965 4302 1120 4358; x_wconf 91' lang='lat' dir='ltr'>enim</span> <span class='ocrx_word' id='word_1_349' title='bbox 1148 4317 1260 4355; x_wconf 92' lang='lat' dir='ltr'>non</span> <span class='ocrx_word' id='word_1_350' title='bbox 1286 4304 1553 4371; x_wconf 90' lang='lat' dir='ltr'>oportere</span> <span class='ocrx_word' id='word_1_351' title='bbox 1591 4299 1887 4368; x_wconf 70' lang='lat' dir='ltr'>praestare,</span> <span class='ocrx_word' id='word_1_352' title='bbox 1914 4294 2190 4365; x_wconf 87' lang='lat' dir='ltr'>quoniam</span> 
     </span>
    </p>
   </div>
   <div class='ocr_carea' id='block_1_48' title="bbox 544 4384 2191 4465">
    <p class='ocr_par' dir='ltr' id='par_1_48' title="bbox 544 4384 2191 4465">
     <span class='ocr_line' id='line_1_48' title="bbox 544 4384 2191 4465; baseline -0.009 -14"><span class='ocrx_word' id='word_1_353' title='bbox 544 4401 758 4451; x_wconf 85' lang='lat' dir='ltr'>natura</span> <span class='ocrx_word' id='word_1_354' title='bbox 782 4394 1019 4465; x_wconf 90' lang='lat' dir='ltr'>parietis</span> <span class='ocrx_word' id='word_1_355' title='bbox 1051 4408 1230 4446; x_wconf 90' lang='lat' dir='ltr'>causa</span> <span class='ocrx_word' id='word_1_356' title='bbox 1248 4389 1424 4444; x_wconf 79' lang='lat' dir='ltr'>fuerit</span> <span class='ocrx_word' id='word_1_357' title='bbox 1447 4387 1594 4453; x_wconf 89' lang='lat' dir='ltr'>vitii,</span> <span class='ocrx_word' id='word_1_358' title='bbox 1613 4402 1727 4441; x_wconf 91' lang='lat' dir='ltr'>non</span> <span class='ocrx_word' id='word_1_359' title='bbox 1760 4385 1811 4438; x_wconf 88' lang='lat' dir='ltr'>is</span> <span class='ocrx_word' id='word_1_360' title='bbox 1830 4386 1929 4456; x_wconf 91' lang='lat' dir='ltr'>qui</span> <span class='ocrx_word' id='word_1_361' title='bbox 1956 4384 2026 4439; x_wconf 90' lang='lat' dir='ltr'>de</span> <span class='ocrx_word' id='word_1_362' title='bbox 2048 4400 2191 4455; x_wconf 66' lang='lat' dir='ltr'>prae-</span> 
     </span>
    </p>
   </div>
   <div class='ocr_carea' id='block_1_49' title="bbox 545 4472 2188 4545">
    <p class='ocr_par' dir='ltr' id='par_1_49' title="bbox 545 4472 2188 4545">
     <span class='ocr_line' id='line_1_49' title="bbox 545 4472 2188 4545; baseline -0.01 -4"><span class='ocrx_word' id='word_1_363' title='bbox 545 4484 756 4541; x_wconf 87' lang='lat' dir='ltr'>stando</span> <span class='ocrx_word' id='word_1_364' title='bbox 780 4482 918 4537; x_wconf 90' lang='lat' dir='ltr'>vitio</span> <span class='ocrx_word' id='word_1_365' title='bbox 951 4480 1095 4537; x_wconf 83' lang='lat' dir='ltr'>satis</span> <span class='ocrx_word' id='word_1_366' title='bbox 1128 4480 1407 4534; x_wconf 88' lang='lat' dir='ltr'>dedisset.</span> <span class='ocrx_word' id='word_1_367' title='bbox 1424 4476 1705 4530; x_wconf 79' lang='lat' dir='ltr'>Efi‘ectum</span> <span class='ocrx_word' id='word_1_368' title='bbox 1726 4490 1862 4545; x_wconf 90' lang='lat' dir='ltr'>ergo</span> <span class='ocrx_word' id='word_1_369' title='bbox 1881 4490 2089 4537; x_wconf 80' lang='lat' dir='ltr'>causae,</span> <span class='ocrx_word' id='word_1_370' title='bbox 2108 4472 2188 4526; x_wconf 90' lang='lat' dir='ltr'>vi-</span> 
     </span>
    </p>
   </div>
   <div class='ocr_carea' id='block_1_50' title="bbox 543 4563 2185 4643">
    <p class='ocr_par' dir='ltr' id='par_1_50' title="bbox 543 4563 2185 4643">
     <span class='ocr_line' id='line_1_50' title="bbox 543 4563 2185 4643; baseline -0.008 -14"><span class='ocrx_word' id='word_1_371' title='bbox 543 4575 691 4629; x_wconf 90' lang='lat' dir='ltr'>tium</span> <span class='ocrx_word' id='word_1_372' title='bbox 717 4572 953 4643; x_wconf 88' lang='lat' dir='ltr'>parietis</span> <span class='ocrx_word' id='word_1_373' title='bbox 982 4570 1112 4624; x_wconf 85' lang='lat' dir='ltr'>fuit.</span> <span class='ocrx_word' id='word_1_374' title='bbox 1139 4569 1339 4639; x_wconf 87' lang='lat' dir='ltr'>Itaque</span> <span class='ocrx_word' id='word_1_375' title='bbox 1356 4565 1596 4637; x_wconf 75' lang='lat' dir='ltr'>quaestio</span> <span class='ocrx_word' id='word_1_376' title='bbox 1619 4565 1854 4634; x_wconf 90' lang='lat' dir='ltr'>quidem</span> <span class='ocrx_word' id='word_1_377' title='bbox 1884 4564 1941 4618; x_wconf 91' lang='lat' dir='ltr'>in</span> <span class='ocrx_word' id='word_1_378' title='bbox 1964 4563 2185 4631; x_wconf 71' lang='lat' dir='ltr'>effecto,</span> 
     </span>
    </p>
   </div>
   <div class='ocr_carea' id='block_1_51' title="bbox 547 4651 2195 4717">
    <p class='ocr_par' dir='ltr' id='par_1_51' title="bbox 547 4651 2195 4717">
     <span class='ocr_line' id='line_1_51' title="bbox 547 4651 2195 4717; baseline -0.008 1"><span class='ocrx_word' id='word_1_379' title='bbox 547 4663 712 4717; x_wconf 86' lang='lat' dir='ltr'>locus</span> <span class='ocrx_word' id='word_1_380' title='bbox 744 4678 876 4715; x_wconf 79' lang='lat' dir='ltr'>vero</span> <span class='ocrx_word' id='word_1_381' title='bbox 907 4676 1035 4714; x_wconf 88' lang='lat' dir='ltr'>esse</span> <span class='ocrx_word' id='word_1_382' title='bbox 1054 4658 1459 4713; x_wconf 87' lang='lat' dir='ltr'>consideratur</span> <span class='ocrx_word' id='word_1_383' title='bbox 1486 4671 1762 4710; x_wconf 84' lang='lat' dir='ltr'>excausa.</span> <span class='ocrx_word' id='word_1_384' title='bbox 1788 4656 1858 4707; x_wconf 88' lang='lat' dir='ltr'>At</span> <span class='ocrx_word' id='word_1_385' title='bbox 1889 4653 1938 4708; x_wconf 93' lang='lat' dir='ltr'>si</span> <span class='ocrx_word' id='word_1_386' title='bbox 1965 4653 2036 4707; x_wconf 88' lang='lat' dir='ltr'>ab</span> <span class='ocrx_word' id='word_1_387' title='bbox 2059 4651 2195 4705; x_wconf 69' lang='lat' dir='ltr'>eire-</span> 
     </span>
    </p>
   </div>
   <div class='ocr_carea' id='block_1_52' title="bbox 550 4740 2194 4821">
    <p class='ocr_par' dir='ltr' id='par_1_52' title="bbox 550 4740 2194 4821">
     <span class='ocr_line' id='line_1_52' title="bbox 550 4740 2194 4821; baseline -0.007 -16"><span class='ocrx_word' id='word_1_388' title='bbox 550 4752 659 4805; x_wconf 88' lang='lat' dir='ltr'>ctis</span> <span class='ocrx_word' id='word_1_389' title='bbox 692 4749 914 4821; x_wconf 91' lang='lat' dir='ltr'>aliquid</span> <span class='ocrx_word' id='word_1_390' title='bbox 949 4747 1325 4819; x_wconf 76' lang='lat' dir='ltr'>approbatur,</span> <span class='ocrx_word' id='word_1_391' title='bbox 1350 4744 1511 4800; x_wconf 87' lang='lat' dir='ltr'>locus</span> <span class='ocrx_word' id='word_1_392' title='bbox 1537 4745 1593 4797; x_wconf 89' lang='lat' dir='ltr'>in</span> <span class='ocrx_word' id='word_1_393' title='bbox 1627 4743 1848 4810; x_wconf 79' lang='lat' dir='ltr'>eil&#39;ecto,</span> <span class='ocrx_word' id='word_1_394' title='bbox 1873 4741 2112 4811; x_wconf 72' lang='lat' dir='ltr'>quaestio</span> <span class='ocrx_word' id='word_1_395' title='bbox 2136 4740 2194 4794; x_wconf 90' lang='lat' dir='ltr'>in</span> 
     </span>
    </p>
   </div>
   <div class='ocr_carea' id='block_1_53' title="bbox 551 4829 2199 4903">
    <p class='ocr_par' dir='ltr' id='par_1_53' title="bbox 551 4829 2199 4903">
     <span class='ocr_line' id='line_1_53' title="bbox 551 4829 2199 4903; baseline -0.007 -9"><span class='ocrx_word' id='word_1_396' title='bbox 551 4855 730 4894; x_wconf 87' lang='lat' dir='ltr'>causa</span> <span class='ocrx_word' id='word_1_397' title='bbox 760 4847 844 4893; x_wconf 84' lang='lat' dir='ltr'>est</span> <span class='ocrx_word' id='word_1_398' title='bbox 874 4834 1220 4899; x_wconf 87' lang='lat' dir='ltr'>constituta,</span> <span class='ocrx_word' id='word_1_399' title='bbox 1238 4833 1410 4890; x_wconf 90' lang='lat' dir='ltr'>veluti</span> <span class='ocrx_word' id='word_1_400' title='bbox 1437 4850 1567 4887; x_wconf 90' lang='lat' dir='ltr'>cum</span> <span class='ocrx_word' id='word_1_401' title='bbox 1590 4832 1872 4903; x_wconf 65' lang='lat' dir='ltr'>quaeritur</span> <span class='ocrx_word' id='word_1_402' title='bbox 1895 4847 1965 4885; x_wconf 89' lang='lat' dir='ltr'>an</span> <span class='ocrx_word' id='word_1_403' title='bbox 1988 4829 2199 4883; x_wconf 87' lang='lat' dir='ltr'>mulier</span> 
     </span>
    </p>
   </div>
   <div class='ocr_carea' id='block_1_54' title="bbox 553 4917 2193 4999">
    <p class='ocr_par' dir='ltr' id='par_1_54' title="bbox 553 4917 2193 4999">
     <span class='ocr_line' id='line_1_54' title="bbox 553 4917 2193 4999; baseline -0.007 -17"><span class='ocrx_word' id='word_1_404' title='bbox 553 4928 817 4999; x_wconf 72' lang='lat' dir='ltr'>quaedam</span> <span class='ocrx_word' id='word_1_405' title='bbox 850 4926 1021 4995; x_wconf 87' lang='lat' dir='ltr'>cujus</span> <span class='ocrx_word' id='word_1_406' title='bbox 1042 4925 1193 4979; x_wconf 89' lang='lat' dir='ltr'>bona</span> <span class='ocrx_word' id='word_1_407' title='bbox 1210 4922 1313 4977; x_wconf 91' lang='lat' dir='ltr'>viri</span> <span class='ocrx_word' id='word_1_408' title='bbox 1352 4922 1501 4976; x_wconf 83' lang='lat' dir='ltr'>facta</span> <span class='ocrx_word' id='word_1_409' title='bbox 1529 4918 1837 4988; x_wconf 86' lang='lat' dir='ltr'>sint,dotis</span> <span class='ocrx_word' id='word_1_410' title='bbox 1871 4919 2102 4973; x_wconf 86' lang='lat' dir='ltr'>nomine</span> <span class='ocrx_word' id='word_1_411' title='bbox 2138 4917 2193 4971; x_wconf 92' lang='lat' dir='ltr'>in</span> 
     </span>
    </p>
   </div>
   <div class='ocr_carea' id='block_1_55' title="bbox 550 5008 2199 5079">
    <p class='ocr_par' dir='ltr' id='par_1_55' title="bbox 550 5008 2199 5079">
     <span class='ocr_line' id='line_1_55' title="bbox 550 5008 2199 5079; baseline -0.005 -9"><span class='ocrx_word' id='word_1_412' title='bbox 550 5017 660 5070; x_wconf 80' lang='lat' dir='ltr'>viri</span> <span class='ocrx_word' id='word_1_413' title='bbox 685 5030 929 5070; x_wconf 86' lang='lat' dir='ltr'>manum</span> <span class='ocrx_word' id='word_1_414' title='bbox 954 5012 1309 5068; x_wconf 89' lang='lat' dir='ltr'>convenerit.</span> <span class='ocrx_word' id='word_1_415' title='bbox 1329 5011 1763 5079; x_wconf 87' lang='lat' dir='ltr'>Quoniamergo</span> <span class='ocrx_word' id='word_1_416' title='bbox 1788 5008 1844 5061; x_wconf 90' lang='lat' dir='ltr'>in</span> <span class='ocrx_word' id='word_1_417' title='bbox 1862 5023 2103 5061; x_wconf 87' lang='lat' dir='ltr'>manum</span> <span class='ocrx_word' id='word_1_418' title='bbox 2130 5023 2199 5062; x_wconf 83' lang='lat' dir='ltr'>ex</span> 
     </span>
    </p>
   </div>
   <div class='ocr_carea' id='block_1_56' title="bbox 553 5096 2197 5173">
    <p class='ocr_par' dir='ltr' id='par_1_56' title="bbox 553 5096 2197 5173">
     <span class='ocr_line' id='line_1_56' title="bbox 553 5096 2197 5173; baseline -0.006 -12"><span class='ocrx_word' id='word_1_419' title='bbox 553 5104 937 5161; x_wconf 88' lang='lat' dir='ltr'>conventione</span> <span class='ocrx_word' id='word_1_420' title='bbox 960 5101 1279 5173; x_wconf 89' lang='lat' dir='ltr'>perﬁcitur,</span> <span class='ocrx_word' id='word_1_421' title='bbox 1305 5105 1370 5153; x_wconf 92' lang='lat' dir='ltr'>ut</span> <span class='ocrx_word' id='word_1_422' title='bbox 1402 5101 1553 5153; x_wconf 91' lang='lat' dir='ltr'>bona</span> <span class='ocrx_word' id='word_1_423' title='bbox 1588 5096 1850 5150; x_wconf 88' lang='lat' dir='ltr'>mulieris</span> <span class='ocrx_word' id='word_1_424' title='bbox 1892 5100 2023 5166; x_wconf 87' lang='lat' dir='ltr'>post</span> <span class='ocrx_word' id='word_1_425' title='bbox 2069 5096 2197 5165; x_wconf 88' lang='lat' dir='ltr'>ejus</span> 
     </span>
    </p>
   </div>
   <div class='ocr_carea' id='block_1_57' title="bbox 556 5183 2198 5261">
    <p class='ocr_par' dir='ltr' id='par_1_57' title="bbox 556 5183 2198 5261">
     <span class='ocr_line' id='line_1_57' title="bbox 556 5183 2198 5261; baseline -0.005 -13"><span class='ocrx_word' id='word_1_426' title='bbox 556 5199 805 5249; x_wconf 89' lang='lat' dir='ltr'>mortem</span> <span class='ocrx_word' id='word_1_427' title='bbox 831 5192 918 5245; x_wconf 88' lang='lat' dir='ltr'>vir</span> <span class='ocrx_word' id='word_1_428' title='bbox 940 5191 1323 5261; x_wconf 83' lang='lat' dir='ltr'>adipiscatur,</span> <span class='ocrx_word' id='word_1_429' title='bbox 1345 5190 1755 5258; x_wconf 82' lang='lat' dir='ltr'>argumentum</span> <span class='ocrx_word' id='word_1_430' title='bbox 1778 5183 2099 5239; x_wconf 89' lang='lat' dir='ltr'>duciturab</span> <span class='ocrx_word' id='word_1_431' title='bbox 2123 5186 2198 5240; x_wconf 87' lang='lat' dir='ltr'>ef-</span> 
     </span>
    </p>
   </div>
   <div class='ocr_carea' id='block_1_58' title="bbox 554 5274 2195 5347">
    <p class='ocr_par' dir='ltr' id='par_1_58' title="bbox 554 5274 2195 5347">
     <span class='ocr_line' id='line_1_58' title="bbox 554 5274 2195 5347; baseline -0.005 -12"><span class='ocrx_word' id='word_1_432' title='bbox 554 5282 1022 5337; x_wconf 79' lang='lat' dir='ltr'>fectis.Efﬁcitur</span> <span class='ocrx_word' id='word_1_433' title='bbox 1043 5279 1198 5333; x_wconf 89' lang='lat' dir='ltr'>enim</span> <span class='ocrx_word' id='word_1_434' title='bbox 1229 5294 1327 5347; x_wconf 91' lang='lat' dir='ltr'>per</span> <span class='ocrx_word' id='word_1_435' title='bbox 1358 5277 1416 5330; x_wconf 92' lang='lat' dir='ltr'>in</span> <span class='ocrx_word' id='word_1_436' title='bbox 1453 5290 1692 5329; x_wconf 85' lang='lat' dir='ltr'>manum</span> <span class='ocrx_word' id='word_1_437' title='bbox 1728 5274 2195 5338; x_wconf 89' lang='lat' dir='ltr'>conventionem,</span> 
     </span>
    </p>
   </div>
   <div class='ocr_carea' id='block_1_59' title="bbox 553 5362 2197 5441">
    <p class='ocr_par' dir='ltr' id='par_1_59' title="bbox 553 5362 2197 5441">
     <span class='ocr_line' id='line_1_59' title="bbox 553 5362 2197 5441; baseline -0.006 -16"><span class='ocrx_word' id='word_1_438' title='bbox 553 5374 617 5425; x_wconf 91' lang='lat' dir='ltr'>ut</span> <span class='ocrx_word' id='word_1_439' title='bbox 640 5386 1003 5441; x_wconf 71' lang='lat' dir='ltr'>quascunque</span> <span class='ocrx_word' id='word_1_440' title='bbox 1022 5373 1159 5421; x_wconf 90' lang='lat' dir='ltr'>sunt</span> <span class='ocrx_word' id='word_1_441' title='bbox 1175 5365 1462 5431; x_wconf 88' lang='lat' dir='ltr'>mulieris,</span> <span class='ocrx_word' id='word_1_442' title='bbox 1482 5362 1585 5417; x_wconf 89' lang='lat' dir='ltr'>viri</span> <span class='ocrx_word' id='word_1_443' title='bbox 1604 5363 1746 5416; x_wconf 87' lang='lat' dir='ltr'>ﬁant</span> <span class='ocrx_word' id='word_1_444' title='bbox 1763 5363 1914 5417; x_wconf 91' lang='lat' dir='ltr'>dotis</span> <span class='ocrx_word' id='word_1_445' title='bbox 1934 5362 2197 5429; x_wconf 82' lang='lat' dir='ltr'>nomine;</span> 
     </span>
    </p>
   </div>
   <div class='ocr_carea' id='block_1_60' title="bbox 554 5451 2198 5530">
    <p class='ocr_par' dir='ltr' id='par_1_60' title="bbox 554 5451 2198 5530">
     <span class='ocr_line' id='line_1_60' title="bbox 554 5451 2198 5530; baseline -0.006 -16"><span class='ocrx_word' id='word_1_446' title='bbox 554 5476 691 5530; x_wconf 89' lang='lat' dir='ltr'>ergo</span> <span class='ocrx_word' id='word_1_447' title='bbox 724 5475 856 5512; x_wconf 90' lang='lat' dir='ltr'>cum</span> <span class='ocrx_word' id='word_1_448' title='bbox 890 5476 958 5513; x_wconf 84' lang='lat' dir='ltr'>ea</span> <span class='ocrx_word' id='word_1_449' title='bbox 989 5474 1116 5527; x_wconf 75' lang='lat' dir='ltr'>quae</span> <span class='ocrx_word' id='word_1_450' title='bbox 1154 5454 1416 5509; x_wconf 89' lang='lat' dir='ltr'>mulieris</span> <span class='ocrx_word' id='word_1_451' title='bbox 1449 5456 1629 5521; x_wconf 83' lang='lat' dir='ltr'>fuere,</span> <span class='ocrx_word' id='word_1_452' title='bbox 1656 5451 1745 5506; x_wconf 88' lang='lat' dir='ltr'>vir</span> <span class='ocrx_word' id='word_1_453' title='bbox 1770 5452 2004 5507; x_wconf 90' lang='lat' dir='ltr'>nomine</span> <span class='ocrx_word' id='word_1_454' title='bbox 2047 5452 2198 5505; x_wconf 91' lang='lat' dir='ltr'>dotis</span> 
     </span>
    </p>
   </div>
   <div class='ocr_carea' id='block_1_61' title="bbox 553 5541 2202 5616">
    <p class='ocr_par' dir='ltr' id='par_1_61' title="bbox 553 5541 2202 5616">
     <span class='ocr_line' id='line_1_61' title="bbox 553 5541 2202 5616; baseline -0.003 -15"><span class='ocrx_word' id='word_1_455' title='bbox 553 5547 939 5616; x_wconf 85' lang='lat' dir='ltr'>adipiscatur,</span> <span class='ocrx_word' id='word_1_456' title='bbox 968 5544 1271 5599; x_wconf 87' lang='lat' dir='ltr'>mulierem</span> <span class='ocrx_word' id='word_1_457' title='bbox 1303 5542 1361 5596; x_wconf 91' lang='lat' dir='ltr'>in</span> <span class='ocrx_word' id='word_1_458' title='bbox 1401 5558 1642 5597; x_wconf 86' lang='lat' dir='ltr'>manum</span> <span class='ocrx_word' id='word_1_459' title='bbox 1678 5541 1783 5595; x_wconf 91' lang='lat' dir='ltr'>viri</span> <span class='ocrx_word' id='word_1_460' title='bbox 1820 5559 2052 5597; x_wconf 84' lang='lat' dir='ltr'>necesse</span> <span class='ocrx_word' id='word_1_461' title='bbox 2113 5546 2202 5596; x_wconf 91' lang='lat' dir='ltr'>est</span> 
     </span>
    </p>
   </div>
   <div class='ocr_carea' id='block_1_62' title="bbox 559 5630 2199 5701">
    <p class='ocr_par' dir='ltr' id='par_1_62' title="bbox 559 5630 2199 5701">
     <span class='ocr_line' id='line_1_62' title="bbox 559 5630 2199 5701; baseline -0.002 -14"><span class='ocrx_word' id='word_1_462' title='bbox 559 5633 888 5688; x_wconf 87' lang='lat' dir='ltr'>convenire.</span> <span class='ocrx_word' id='word_1_463' title='bbox 908 5633 1160 5697; x_wconf 78' lang='lat' dir='ltr'>Quaestio</span> <span class='ocrx_word' id='word_1_464' title='bbox 1184 5632 1380 5701; x_wconf 85' lang='lat' dir='ltr'>itaque</span> <span class='ocrx_word' id='word_1_465' title='bbox 1402 5635 1491 5686; x_wconf 88' lang='lat' dir='ltr'>est</span> <span class='ocrx_word' id='word_1_466' title='bbox 1509 5632 1578 5684; x_wconf 89' lang='lat' dir='ltr'>de</span> <span class='ocrx_word' id='word_1_467' title='bbox 1602 5630 1867 5699; x_wconf 85' lang='lat' dir='ltr'>muliere,</span> <span class='ocrx_word' id='word_1_468' title='bbox 1897 5648 1967 5684; x_wconf 93' lang='lat' dir='ltr'>an</span> <span class='ocrx_word' id='word_1_469' title='bbox 1988 5631 2042 5683; x_wconf 91' lang='lat' dir='ltr'>in</span> <span class='ocrx_word' id='word_1_470' title='bbox 2074 5646 2199 5684; x_wconf 86' lang='lat' dir='ltr'>ma-</span> 
     </span>
    </p>
   </div>
   <div class='ocr_carea' id='block_1_63' title="bbox 2266 448 3827 521">
    <p class='ocr_par' dir='ltr' id='par_1_63' title="bbox 2266 448 3827 521">
     <span class='ocr_line' id='line_1_63' title="bbox 2266 448 3827 521; baseline -0.003 -9"><span class='ocrx_word' id='word_1_471' title='bbox 2266 474 2477 521; x_wconf 70' lang='lat' dir='ltr'>causaa,</span> <span class='ocrx_word' id='word_1_472' title='bbox 2501 458 2556 511; x_wconf 87' lang='lat' dir='ltr'>id</span> <span class='ocrx_word' id='word_1_473' title='bbox 2580 463 2670 512; x_wconf 90' lang='lat' dir='ltr'>est</span> <span class='ocrx_word' id='word_1_474' title='bbox 2691 457 2749 511; x_wconf 90' lang='lat' dir='ltr'>in</span> <span class='ocrx_word' id='word_1_475' title='bbox 2777 471 3015 510; x_wconf 88' lang='lat' dir='ltr'>manum</span> <span class='ocrx_word' id='word_1_476' title='bbox 3051 449 3470 508; x_wconf 86' lang='lat' dir='ltr'>conventionis.</span> <span class='ocrx_word' id='word_1_477' title='bbox 3506 448 3609 502; x_wconf 83' lang='lat' dir='ltr'>Hoc</span> <span class='ocrx_word' id='word_1_478' title='bbox 3628 465 3736 504; x_wconf 85' lang='lat' dir='ltr'>vero</span> <span class='ocrx_word' id='word_1_479' title='bbox 3761 458 3827 508; x_wconf 70' lang='lat' dir='ltr'>est</span> 
     </span>
    </p>
   </div>
   <div class='ocr_carea' id='block_1_64' title="bbox 2266 538 3827 619">
    <p class='ocr_par' dir='ltr' id='par_1_64' title="bbox 2266 538 3827 619">
     <span class='ocr_line' id='line_1_64' title="bbox 2266 538 3827 619; baseline -0.004 -16"><span class='ocrx_word' id='word_1_480' title='bbox 2266 549 2418 619; x_wconf 93' lang='lat' dir='ltr'>quod</span> <span class='ocrx_word' id='word_1_481' title='bbox 2442 564 2510 603; x_wconf 89' lang='lat' dir='ltr'>ea</span> <span class='ocrx_word' id='word_1_482' title='bbox 2534 565 2657 618; x_wconf 73' lang='lat' dir='ltr'>quae</span> <span class='ocrx_word' id='word_1_483' title='bbox 2684 547 2841 601; x_wconf 88' lang='lat' dir='ltr'>fuere</span> <span class='ocrx_word' id='word_1_484' title='bbox 2864 542 3150 607; x_wconf 87' lang='lat' dir='ltr'>mulieris,</span> <span class='ocrx_word' id='word_1_485' title='bbox 3174 540 3261 595; x_wconf 91' lang='lat' dir='ltr'>vir</span> <span class='ocrx_word' id='word_1_486' title='bbox 3285 540 3511 594; x_wconf 87' lang='lat' dir='ltr'>nomine</span> <span class='ocrx_word' id='word_1_487' title='bbox 3529 538 3661 592; x_wconf 86' lang='lat' dir='ltr'>dotis</span> <span class='ocrx_word' id='word_1_488' title='bbox 3678 543 3827 610; x_wconf 85' lang='lat' dir='ltr'>acqui-</span> 
     </span>
    </p>
   </div>
   <div class='ocr_carea' id='block_1_65' title="bbox 2267 625 3829 708">
    <p class='ocr_par' dir='ltr' id='par_1_65' title="bbox 2267 625 3829 708">
     <span class='ocr_line' id='line_1_65' title="bbox 2267 625 3829 708; baseline -0.004 -17"><span class='ocrx_word' id='word_1_489' title='bbox 2267 638 2362 703; x_wconf 86' lang='lat' dir='ltr'>rit,</span> <span class='ocrx_word' id='word_1_490' title='bbox 2389 654 2503 708; x_wconf 92' lang='lat' dir='ltr'>quo</span> <span class='ocrx_word' id='word_1_491' title='bbox 2527 636 2593 690; x_wconf 89' lang='lat' dir='ltr'>ﬁt</span> <span class='ocrx_word' id='word_1_492' title='bbox 2613 645 2667 690; x_wconf 87' lang='lat' dir='ltr'>ut</span> <span class='ocrx_word' id='word_1_493' title='bbox 2694 635 2849 706; x_wconf 91' lang='lat' dir='ltr'>quod</span> <span class='ocrx_word' id='word_1_494' title='bbox 2869 630 3238 705; x_wconf 66' lang='lat' dir='ltr'>quasritur,in</span> <span class='ocrx_word' id='word_1_495' title='bbox 3262 645 3457 693; x_wconf 87' lang='lat' dir='ltr'>causa,</span> <span class='ocrx_word' id='word_1_496' title='bbox 3483 625 3629 681; x_wconf 89' lang='lat' dir='ltr'>locus</span> <span class='ocrx_word' id='word_1_497' title='bbox 3648 643 3758 683; x_wconf 85' lang='lat' dir='ltr'>vero</span> <span class='ocrx_word' id='word_1_498' title='bbox 3776 631 3829 684; x_wconf 83' lang='lat' dir='ltr'>sit</span> 
     </span>
    </p>
   </div>
   <div class='ocr_carea' id='block_1_66' title="bbox 2266 718 3830 796">
    <p class='ocr_par' dir='ltr' id='par_1_66' title="bbox 2266 718 3830 796">
     <span class='ocr_line' id='line_1_66' title="bbox 2266 718 3830 796; baseline -0.006 -13"><span class='ocrx_word' id='word_1_499' title='bbox 2266 727 2325 782; x_wconf 92' lang='lat' dir='ltr'>in</span> <span class='ocrx_word' id='word_1_500' title='bbox 2350 727 2589 782; x_wconf 69' lang='lat' dir='ltr'>effectis.</span> <span class='ocrx_word' id='word_1_501' title='bbox 2617 728 2661 781; x_wconf 89' lang='lat' dir='ltr'><strong>A</strong></span> <span class='ocrx_word' id='word_1_502' title='bbox 2701 722 3139 796; x_wconf 84' lang='lat' dir='ltr'>comparatione</span> <span class='ocrx_word' id='word_1_503' title='bbox 3167 737 3299 775; x_wconf 86' lang='lat' dir='ltr'>vero</span> <span class='ocrx_word' id='word_1_504' title='bbox 3331 718 3605 787; x_wconf 87' lang='lat' dir='ltr'>majorum</span> <span class='ocrx_word' id='word_1_505' title='bbox 3634 718 3677 771; x_wconf 89' lang='lat' dir='ltr'>si</span> <span class='ocrx_word' id='word_1_506' title='bbox 3702 720 3830 774; x_wconf 81' lang='lat' dir='ltr'>fuerit</span> 
     </span>
    </p>
   </div>
   <div class='ocr_carea' id='block_1_67' title="bbox 2268 809 3832 888">
    <p class='ocr_par' dir='ltr' id='par_1_67' title="bbox 2268 809 3832 888">
     <span class='ocr_line' id='line_1_67' title="bbox 2268 809 3832 888; baseline -0.004 -16"><span class='ocrx_word' id='word_1_507' title='bbox 2268 821 2705 888; x_wconf 85' lang='lat' dir='ltr'>argumentum,</span> <span class='ocrx_word' id='word_1_508' title='bbox 2729 814 2972 886; x_wconf 73' lang='lat' dir='ltr'>quaestio</span> <span class='ocrx_word' id='word_1_509' title='bbox 2994 812 3106 868; x_wconf 91' lang='lat' dir='ltr'>erit</span> <span class='ocrx_word' id='word_1_510' title='bbox 3130 811 3187 866; x_wconf 90' lang='lat' dir='ltr'>in</span> <span class='ocrx_word' id='word_1_511' title='bbox 3224 809 3562 877; x_wconf 88' lang='lat' dir='ltr'>minoribus,</span> <span class='ocrx_word' id='word_1_512' title='bbox 3586 813 3644 862; x_wconf 89' lang='lat' dir='ltr'>ut</span> <span class='ocrx_word' id='word_1_513' title='bbox 3660 810 3701 863; x_wconf 91' lang='lat' dir='ltr'>si</span> <span class='ocrx_word' id='word_1_514' title='bbox 3720 826 3832 880; x_wconf 69' lang='lat' dir='ltr'>quaa-</span> 
     </span>
    </p>
   </div>
   <div class='ocr_carea' id='block_1_68' title="bbox 2266 897 3833 973">
    <p class='ocr_par' dir='ltr' id='par_1_68' title="bbox 2266 897 3833 973">
     <span class='ocr_line' id='line_1_68' title="bbox 2266 897 3833 973; baseline -0.006 -12"><span class='ocrx_word' id='word_1_515' title='bbox 2266 912 2431 961; x_wconf 88' lang='lat' dir='ltr'>ratur</span> <span class='ocrx_word' id='word_1_516' title='bbox 2462 923 2532 960; x_wconf 91' lang='lat' dir='ltr'>an</span> <span class='ocrx_word' id='word_1_517' title='bbox 2558 906 2616 960; x_wconf 91' lang='lat' dir='ltr'>in</span> <span class='ocrx_word' id='word_1_518' title='bbox 2644 907 2785 960; x_wconf 85' lang='lat' dir='ltr'>urbe</span> <span class='ocrx_word' id='word_1_519' title='bbox 2808 921 2957 973; x_wconf 89' lang='lat' dir='ltr'>aqua</span> <span class='ocrx_word' id='word_1_520' title='bbox 2980 902 3189 957; x_wconf 90' lang='lat' dir='ltr'>debeat</span> <span class='ocrx_word' id='word_1_521' title='bbox 3211 899 3414 966; x_wconf 87' lang='lat' dir='ltr'>arceri,</span> <span class='ocrx_word' id='word_1_522' title='bbox 3443 897 3833 968; x_wconf 73' lang='lat' dir='ltr'>defendaturqac</span> 
     </span>
    </p>
   </div>
   <div class='ocr_carea' id='block_1_69' title="bbox 2267 986 3831 1062">
    <p class='ocr_par' dir='ltr' id='par_1_69' title="bbox 2267 986 3831 1062">
     <span class='ocr_line' id='line_1_69' title="bbox 2267 986 3831 1062; baseline -0.007 -13"><span class='ocrx_word' id='word_1_523' title='bbox 2267 994 2511 1049; x_wconf 90' lang='lat' dir='ltr'>minime</span> <span class='ocrx_word' id='word_1_524' title='bbox 2528 993 2759 1059; x_wconf 89' lang='lat' dir='ltr'>debere,</span> <span class='ocrx_word' id='word_1_525' title='bbox 2793 1007 2982 1062; x_wconf 89' lang='lat' dir='ltr'>neque</span> <span class='ocrx_word' id='word_1_526' title='bbox 3012 988 3165 1044; x_wconf 87' lang='lat' dir='ltr'>enim</span> <span class='ocrx_word' id='word_1_527' title='bbox 3198 987 3343 1040; x_wconf 89' lang='lat' dir='ltr'>ﬁnes</span> <span class='ocrx_word' id='word_1_528' title='bbox 3375 988 3675 1055; x_wconf 86' lang='lat' dir='ltr'>reguntur;</span> <span class='ocrx_word' id='word_1_529' title='bbox 3700 986 3763 1039; x_wconf 88' lang='lat' dir='ltr'>ita</span> <span class='ocrx_word' id='word_1_530' title='bbox 3793 987 3831 1038; x_wconf 87' lang='lat' dir='ltr'>in</span> 
     </span>
    </p>
   </div>
   <div class='ocr_carea' id='block_1_70' title="bbox 2267 1072 3834 1154">
    <p class='ocr_par' dir='ltr' id='par_1_70' title="bbox 2267 1072 3834 1154">
     <span class='ocr_line' id='line_1_70' title="bbox 2267 1072 3834 1154; baseline -0.006 -16"><span class='ocrx_word' id='word_1_531' title='bbox 2267 1100 2420 1154; x_wconf 88' lang='lat' dir='ltr'>aqua</span> <span class='ocrx_word' id='word_1_532' title='bbox 2447 1082 2719 1151; x_wconf 88' lang='lat' dir='ltr'>arcenda,</span> <span class='ocrx_word' id='word_1_533' title='bbox 2761 1081 2916 1152; x_wconf 91' lang='lat' dir='ltr'>quod</span> <span class='ocrx_word' id='word_1_534' title='bbox 2952 1080 3148 1133; x_wconf 89' lang='lat' dir='ltr'>minus</span> <span class='ocrx_word' id='word_1_535' title='bbox 3176 1080 3285 1141; x_wconf 84' lang='lat' dir='ltr'>est,</span> <span class='ocrx_word' id='word_1_536' title='bbox 3314 1073 3553 1146; x_wconf 56' lang='lat' dir='ltr'>quaestio</span> <span class='ocrx_word' id='word_1_537' title='bbox 3594 1078 3689 1139; x_wconf 88' lang='lat' dir='ltr'>est,</span> <span class='ocrx_word' id='word_1_538' title='bbox 3717 1072 3834 1128; x_wconf 83' lang='lat' dir='ltr'>locus</span> 
     </span>
    </p>
   </div>
   <div class='ocr_carea' id='block_1_71' title="bbox 2267 1162 3834 1240">
    <p class='ocr_par' dir='ltr' id='par_1_71' title="bbox 2267 1162 3834 1240">
     <span class='ocr_line' id='line_1_71' title="bbox 2267 1162 3834 1240; baseline -0.008 -14"><span class='ocrx_word' id='word_1_539' title='bbox 2267 1188 2400 1226; x_wconf 89' lang='lat' dir='ltr'>vero</span> <span class='ocrx_word' id='word_1_540' title='bbox 2425 1171 2481 1226; x_wconf 91' lang='lat' dir='ltr'>in</span> <span class='ocrx_word' id='word_1_541' title='bbox 2509 1171 2727 1225; x_wconf 80' lang='lat' dir='ltr'>ﬁnibus</span> <span class='ocrx_word' id='word_1_542' title='bbox 2749 1168 3040 1240; x_wconf 87' lang='lat' dir='ltr'>regendis,</span> <span class='ocrx_word' id='word_1_543' title='bbox 3067 1166 3219 1237; x_wconf 92' lang='lat' dir='ltr'>quod</span> <span class='ocrx_word' id='word_1_544' title='bbox 3244 1164 3439 1233; x_wconf 87' lang='lat' dir='ltr'>majus</span> <span class='ocrx_word' id='word_1_545' title='bbox 3461 1166 3563 1217; x_wconf 92' lang='lat' dir='ltr'>est.</span> <span class='ocrx_word' id='word_1_546' title='bbox 3586 1162 3834 1217; x_wconf 68' lang='lat' dir='ltr'>Contraria:</span> 
     </span>
    </p>
   </div>
   <div class='ocr_carea' id='block_1_72' title="bbox 2267 1250 3836 1329">
    <p class='ocr_par' dir='ltr' id='par_1_72' title="bbox 2267 1250 3836 1329">
     <span class='ocr_line' id='line_1_72' title="bbox 2267 1250 3836 1329; baseline -0.008 -13"><span class='ocrx_word' id='word_1_547' title='bbox 2267 1278 2424 1325; x_wconf 85' lang='lat' dir='ltr'>vero,</span> <span class='ocrx_word' id='word_1_548' title='bbox 2450 1261 2497 1316; x_wconf 90' lang='lat' dir='ltr'>si</span> <span class='ocrx_word' id='word_1_549' title='bbox 2523 1279 2553 1315; x_wconf 89' lang='lat' dir='ltr'>a</span> <span class='ocrx_word' id='word_1_550' title='bbox 2576 1260 2801 1315; x_wconf 90' lang='lat' dir='ltr'>minore</span> <span class='ocrx_word' id='word_1_551' title='bbox 2823 1261 3231 1329; x_wconf 89' lang='lat' dir='ltr'>argumentum</span> <span class='ocrx_word' id='word_1_552' title='bbox 3259 1255 3525 1318; x_wconf 89' lang='lat' dir='ltr'>ducatur,</span> <span class='ocrx_word' id='word_1_553' title='bbox 3550 1250 3649 1306; x_wconf 87' lang='lat' dir='ltr'>erit</span> <span class='ocrx_word' id='word_1_554' title='bbox 3667 1251 3711 1305; x_wconf 91' lang='lat' dir='ltr'>id</span> <span class='ocrx_word' id='word_1_555' title='bbox 3729 1252 3836 1320; x_wconf 83' lang='lat' dir='ltr'>quod</span> 
     </span>
    </p>
   </div>
   <div class='ocr_carea' id='block_1_73' title="bbox 2268 1342 3837 1419">
    <p class='ocr_par' dir='ltr' id='par_1_73' title="bbox 2268 1342 3837 1419">
     <span class='ocr_line' id='line_1_73' title="bbox 2268 1342 3837 1419; baseline -0.008 -12"><span class='ocrx_word' id='word_1_556' title='bbox 2268 1350 2648 1407; x_wconf 86' lang='lat' dir='ltr'>dubitaturin</span> <span class='ocrx_word' id='word_1_557' title='bbox 2686 1367 2745 1404; x_wconf 93' lang='lat' dir='ltr'>re</span> <span class='ocrx_word' id='word_1_558' title='bbox 2777 1348 3006 1419; x_wconf 84' lang='lat' dir='ltr'>majori,</span> <span class='ocrx_word' id='word_1_559' title='bbox 3033 1352 3096 1402; x_wconf 89' lang='lat' dir='ltr'>ut</span> <span class='ocrx_word' id='word_1_560' title='bbox 3142 1347 3193 1401; x_wconf 88' lang='lat' dir='ltr'>si</span> <span class='ocrx_word' id='word_1_561' title='bbox 3250 1344 3551 1398; x_wconf 84' lang='lat' dir='ltr'>dubitetur</span> <span class='ocrx_word' id='word_1_562' title='bbox 3581 1358 3645 1396; x_wconf 87' lang='lat' dir='ltr'>an</span> <span class='ocrx_word' id='word_1_563' title='bbox 3669 1342 3780 1394; x_wconf 80' lang='lat' dir='ltr'>ﬁnes</span> <span class='ocrx_word' id='word_1_564' title='bbox 3801 1343 3837 1394; x_wconf 92' lang='lat' dir='ltr'>in</span> 
     </span>
    </p>
   </div>
   <div class='ocr_carea' id='block_1_74' title="bbox 2269 1431 3838 1511">
    <p class='ocr_par' dir='ltr' id='par_1_74' title="bbox 2269 1431 3838 1511">
     <span class='ocr_line' id='line_1_74' title="bbox 2269 1431 3838 1511; baseline -0.008 -15"><span class='ocrx_word' id='word_1_565' title='bbox 2269 1441 2501 1496; x_wconf 90' lang='lat' dir='ltr'>civitate</span> <span class='ocrx_word' id='word_1_566' title='bbox 2531 1444 2832 1511; x_wconf 82' lang='lat' dir='ltr'>regantur,</span> <span class='ocrx_word' id='word_1_567' title='bbox 2863 1437 3325 1508; x_wconf 88' lang='lat' dir='ltr'>respondeamus</span> <span class='ocrx_word' id='word_1_568' title='bbox 3344 1432 3601 1497; x_wconf 91' lang='lat' dir='ltr'>minime,</span> <span class='ocrx_word' id='word_1_569' title='bbox 3627 1431 3838 1501; x_wconf 81' lang='lat' dir='ltr'>quoniam</span> 
     </span>
    </p>
   </div>
   <div class='ocr_carea' id='block_1_75' title="bbox 2270 1520 3840 1602">
    <p class='ocr_par' dir='ltr' id='par_1_75' title="bbox 2270 1520 3840 1602">
     <span class='ocr_line' id='line_1_75' title="bbox 2270 1520 3840 1602; baseline -0.009 -15"><span class='ocrx_word' id='word_1_570' title='bbox 2270 1549 2342 1587; x_wconf 91' lang='lat' dir='ltr'>ne</span> <span class='ocrx_word' id='word_1_571' title='bbox 2365 1548 2519 1602; x_wconf 89' lang='lat' dir='ltr'>aqua</span> <span class='ocrx_word' id='word_1_572' title='bbox 2546 1530 2782 1602; x_wconf 90' lang='lat' dir='ltr'>quidem</span> <span class='ocrx_word' id='word_1_573' title='bbox 2812 1527 3152 1582; x_wconf 87' lang='lat' dir='ltr'>arcetur.lta</span> <span class='ocrx_word' id='word_1_574' title='bbox 3173 1524 3228 1578; x_wconf 92' lang='lat' dir='ltr'>id</span> <span class='ocrx_word' id='word_1_575' title='bbox 3250 1523 3401 1594; x_wconf 91' lang='lat' dir='ltr'>quod</span> <span class='ocrx_word' id='word_1_576' title='bbox 3427 1520 3729 1586; x_wconf 87' lang='lat' dir='ltr'>dubitatur,</span> <span class='ocrx_word' id='word_1_577' title='bbox 3748 1522 3840 1574; x_wconf 80' lang='lat' dir='ltr'>iure</span> 
     </span>
    </p>
   </div>
   <div class='ocr_carea' id='block_1_76' title="bbox 2270 1612 3843 1690">
    <p class='ocr_par' dir='ltr' id='par_1_76' title="bbox 2270 1612 3843 1690">
     <span class='ocr_line' id='line_1_76' title="bbox 2270 1612 3843 1690; baseline -0.009 -14"><span class='ocrx_word' id='word_1_578' title='bbox 2270 1621 2493 1690; x_wconf 88' lang='lat' dir='ltr'>majore</span> <span class='ocrx_word' id='word_1_579' title='bbox 2526 1617 2979 1682; x_wconf 89' lang='lat' dir='ltr'>consistit,illud</span> <span class='ocrx_word' id='word_1_580' title='bbox 3016 1632 3150 1670; x_wconf 83' lang='lat' dir='ltr'>vero</span> <span class='ocrx_word' id='word_1_581' title='bbox 3187 1612 3344 1668; x_wconf 92' lang='lat' dir='ltr'>unde</span> <span class='ocrx_word' id='word_1_582' title='bbox 3376 1615 3757 1680; x_wconf 85' lang='lat' dir='ltr'>argumentum</span> <span class='ocrx_word' id='word_1_583' title='bbox 3775 1627 3843 1663; x_wconf 80' lang='lat' dir='ltr'>su-</span> 
     </span>
    </p>
   </div>
   <div class='ocr_carea' id='block_1_77' title="bbox 2192 1701 3842 1809">
    <p class='ocr_par' dir='ltr' id='par_1_77' title="bbox 2192 1701 3842 1809">
     <span class='ocr_line' id='line_1_77' title="bbox 2192 1701 3842 1809; baseline -0.007 -42"><span class='ocrx_word' id='word_1_584' title='bbox 2192 1744 2240 1809; x_wconf 78' lang='grc' dir='ltr'><strong>Β</strong></span> <span class='ocrx_word' id='word_1_585' title='bbox 2273 1711 2475 1777; x_wconf 81' lang='lat' dir='ltr'>mitur,</span> <span class='ocrx_word' id='word_1_586' title='bbox 2494 1712 2551 1765; x_wconf 92' lang='lat' dir='ltr'>in</span> <span class='ocrx_word' id='word_1_587' title='bbox 2578 1710 2810 1766; x_wconf 87' lang='lat' dir='ltr'>minori.</span> <span class='ocrx_word' id='word_1_588' title='bbox 2831 1711 2893 1763; x_wconf 87' lang='lat' dir='ltr'>Et</span> <span class='ocrx_word' id='word_1_589' title='bbox 2912 1708 2968 1762; x_wconf 91' lang='lat' dir='ltr'>in</span> <span class='ocrx_word' id='word_1_590' title='bbox 2990 1705 3427 1777; x_wconf 88' lang='lat' dir='ltr'>comparatione</span> <span class='ocrx_word' id='word_1_591' title='bbox 3454 1702 3671 1775; x_wconf 90' lang='lat' dir='ltr'>parium</span> <span class='ocrx_word' id='word_1_592' title='bbox 3690 1701 3842 1756; x_wconf 84' lang='lat' dir='ltr'>similis</span> 
     </span>
    </p>
   </div>
   <div class='ocr_carea' id='block_1_78' title="bbox 2276 1790 3843 1864">
    <p class='ocr_par' dir='ltr' id='par_1_78' title="bbox 2276 1790 3843 1864">
     <span class='ocr_line' id='line_1_78' title="bbox 2276 1790 3843 1864; baseline -0.008 -10"><span class='ocrx_word' id='word_1_593' title='bbox 2276 1800 2426 1854; x_wconf 89' lang='lat' dir='ltr'>ratio</span> <span class='ocrx_word' id='word_1_594' title='bbox 2448 1803 2567 1854; x_wconf 93' lang='lat' dir='ltr'>est:</span> <span class='ocrx_word' id='word_1_595' title='bbox 2594 1799 2650 1852; x_wconf 91' lang='lat' dir='ltr'>in</span> <span class='ocrx_word' id='word_1_596' title='bbox 2686 1815 2803 1852; x_wconf 92' lang='lat' dir='ltr'>uno</span> <span class='ocrx_word' id='word_1_597' title='bbox 2826 1796 2980 1851; x_wconf 91' lang='lat' dir='ltr'>enim</span> <span class='ocrx_word' id='word_1_598' title='bbox 3017 1810 3214 1849; x_wconf 87' lang='lat' dir='ltr'>eorum</span> <span class='ocrx_word' id='word_1_599' title='bbox 3242 1809 3370 1864; x_wconf 68' lang='lat' dir='ltr'>quae</span> <span class='ocrx_word' id='word_1_600' title='bbox 3401 1795 3541 1845; x_wconf 91' lang='lat' dir='ltr'>sunt</span> <span class='ocrx_word' id='word_1_601' title='bbox 3562 1790 3843 1860; x_wconf 67' lang='lat' dir='ltr'>paria,que-</span> 
     </span>
    </p>
   </div>
   <div class='ocr_carea' id='block_1_79' title="bbox 2277 1878 3842 1952">
    <p class='ocr_par' dir='ltr' id='par_1_79' title="bbox 2277 1878 3842 1952">
     <span class='ocr_line' id='line_1_79' title="bbox 2277 1878 3842 1952; baseline -0.009 -8"><span class='ocrx_word' id='word_1_602' title='bbox 2277 1887 2387 1944; x_wconf 88' lang='lat' dir='ltr'>stic</span> <span class='ocrx_word' id='word_1_603' title='bbox 2410 1886 2712 1952; x_wconf 87' lang='lat' dir='ltr'>consistit,</span> <span class='ocrx_word' id='word_1_604' title='bbox 2733 1886 2786 1939; x_wconf 93' lang='lat' dir='ltr'>in</span> <span class='ocrx_word' id='word_1_605' title='bbox 2813 1885 2993 1939; x_wconf 84' lang='lat' dir='ltr'>altero</span> <span class='ocrx_word' id='word_1_606' title='bbox 3016 1883 3178 1937; x_wconf 91' lang='lat' dir='ltr'>locus</span> <span class='ocrx_word' id='word_1_607' title='bbox 3198 1879 3551 1949; x_wconf 89' lang='lat' dir='ltr'>intelligitur</span> <span class='ocrx_word' id='word_1_608' title='bbox 3568 1878 3842 1949; x_wconf 69' lang='lat' dir='ltr'>argumenti,</span> 
     </span>
    </p>
   </div>
   <div class='ocr_carea' id='block_1_80' title="bbox 2275 1968 3843 2047">
    <p class='ocr_par' dir='ltr' id='par_1_80' title="bbox 2275 1968 3843 2047">
     <span class='ocr_line' id='line_1_80' title="bbox 2275 1968 3843 2047; baseline -0.009 -14"><span class='ocrx_word' id='word_1_609' title='bbox 2275 1977 2452 2033; x_wconf 89' lang='lat' dir='ltr'>veluti</span> <span class='ocrx_word' id='word_1_610' title='bbox 2471 1993 2601 2030; x_wconf 91' lang='lat' dir='ltr'>cum</span> <span class='ocrx_word' id='word_1_611' title='bbox 2620 1975 2986 2047; x_wconf 58' lang='lat' dir='ltr'>quaerituran</span> <span class='ocrx_word' id='word_1_612' title='bbox 3002 1973 3209 2027; x_wconf 64' lang='lat' dir='ltr'>aedium</span> <span class='ocrx_word' id='word_1_613' title='bbox 3228 1987 3373 2025; x_wconf 89' lang='lat' dir='ltr'>usus</span> <span class='ocrx_word' id='word_1_614' title='bbox 3391 1968 3617 2024; x_wconf 89' lang='lat' dir='ltr'>biennio</span> <span class='ocrx_word' id='word_1_615' title='bbox 3630 1969 3843 2037; x_wconf 81' lang='lat' dir='ltr'>capiatur,</span> 
     </span>
    </p>
   </div>
   <div class='ocr_carea' id='block_1_81' title="bbox 2277 2060 3844 2140">
    <p class='ocr_par' dir='ltr' id='par_1_81' title="bbox 2277 2060 3844 2140">
     <span class='ocr_line' id='line_1_81' title="bbox 2277 2060 3844 2140; baseline -0.008 -17"><span class='ocrx_word' id='word_1_616' title='bbox 2277 2068 2335 2123; x_wconf 93' lang='lat' dir='ltr'>id</span> <span class='ocrx_word' id='word_1_617' title='bbox 2368 2067 2783 2140; x_wconf 78' lang='lat' dir='ltr'>approbemus,</span> <span class='ocrx_word' id='word_1_618' title='bbox 2820 2062 3101 2135; x_wconf 88' lang='lat' dir='ltr'>quoniam</span> <span class='ocrx_word' id='word_1_619' title='bbox 3133 2061 3454 2115; x_wconf 82' lang='lat' dir='ltr'>fundorum</span> <span class='ocrx_word' id='word_1_620' title='bbox 3499 2074 3727 2129; x_wconf 86' lang='lat' dir='ltr'>quoque.</span> <span class='ocrx_word' id='word_1_621' title='bbox 3750 2060 3844 2111; x_wconf 76' lang='lat' dir='ltr'>Cum</span> 
     </span>
    </p>
   </div>
   <div class='ocr_carea' id='block_1_82' title="bbox 2278 2145 3843 2227">
    <p class='ocr_par' dir='ltr' id='par_1_82' title="bbox 2278 2145 3843 2227">
     <span class='ocr_line' id='line_1_82' title="bbox 2278 2145 3843 2227; baseline -0.009 -16"><span class='ocrx_word' id='word_1_622' title='bbox 2278 2172 2415 2227; x_wconf 83' lang='lat' dir='ltr'>ergo</span> <span class='ocrx_word' id='word_1_623' title='bbox 2440 2156 2601 2226; x_wconf 87' lang='lat' dir='ltr'>paria</span> <span class='ocrx_word' id='word_1_624' title='bbox 2618 2155 2737 2209; x_wconf 91' lang='lat' dir='ltr'>sint</span> <span class='ocrx_word' id='word_1_625' title='bbox 2761 2153 2976 2208; x_wconf 83' lang='lat' dir='ltr'>fundus</span> <span class='ocrx_word' id='word_1_626' title='bbox 2996 2156 3169 2220; x_wconf 87' lang='lat' dir='ltr'>atque</span> <span class='ocrx_word' id='word_1_627' title='bbox 3195 2147 3632 2220; x_wconf 65' lang='lat' dir='ltr'>mdes,quaestio</span> <span class='ocrx_word' id='word_1_628' title='bbox 3672 2145 3843 2217; x_wconf 85' lang='lat' dir='ltr'>quidem</span> 
     </span>
    </p>
   </div>
   <div class='ocr_carea' id='block_1_83' title="bbox 2278 2235 3845 2313">
    <p class='ocr_par' dir='ltr' id='par_1_83' title="bbox 2278 2235 3845 2313">
     <span class='ocr_line' id='line_1_83' title="bbox 2278 2235 3845 2313; baseline -0.009 -12"><span class='ocrx_word' id='word_1_629' title='bbox 2278 2246 2348 2301; x_wconf 91' lang='lat' dir='ltr'>de</span> <span class='ocrx_word' id='word_1_630' title='bbox 2363 2243 2587 2299; x_wconf 65' lang='lat' dir='ltr'>aedibus</span> <span class='ocrx_word' id='word_1_631' title='bbox 2613 2245 3147 2313; x_wconf 85' lang='lat' dir='ltr'>est,argumentum</span> <span class='ocrx_word' id='word_1_632' title='bbox 3166 2255 3299 2294; x_wconf 89' lang='lat' dir='ltr'>vero</span> <span class='ocrx_word' id='word_1_633' title='bbox 3323 2235 3845 2293; x_wconf 72' lang='lat' dir='ltr'>duciturafundo.Ac</span> 
     </span>
    </p>
   </div>
   <div class='ocr_carea' id='block_1_84' title="bbox 2279 2325 3847 2404">
    <p class='ocr_par' dir='ltr' id='par_1_84' title="bbox 2279 2325 3847 2404">
     <span class='ocr_line' id='line_1_84' title="bbox 2279 2325 3847 2404; baseline -0.009 -15"><span class='ocrx_word' id='word_1_634' title='bbox 2279 2336 2351 2389; x_wconf 92' lang='lat' dir='ltr'>de</span> <span class='ocrx_word' id='word_1_635' title='bbox 2368 2334 2420 2388; x_wconf 91' lang='lat' dir='ltr'>vi</span> <span class='ocrx_word' id='word_1_636' title='bbox 2440 2333 2674 2404; x_wconf 90' lang='lat' dir='ltr'>quidem</span> <span class='ocrx_word' id='word_1_637' title='bbox 2703 2331 3234 2400; x_wconf 80' lang='lat' dir='ltr'>locorum,quoque</span> <span class='ocrx_word' id='word_1_638' title='bbox 3257 2345 3291 2382; x_wconf 89' lang='lat' dir='ltr'>a</span> <span class='ocrx_word' id='word_1_639' title='bbox 3320 2344 3387 2382; x_wconf 85' lang='lat' dir='ltr'>se</span> <span class='ocrx_word' id='word_1_640' title='bbox 3414 2343 3530 2381; x_wconf 91' lang='lat' dir='ltr'>non</span> <span class='ocrx_word' id='word_1_641' title='bbox 3572 2325 3847 2396; x_wconf 70' lang='lat' dir='ltr'>quaestiones</span> 
     </span>
    </p>
   </div>
   <div class='ocr_carea' id='block_1_85' title="bbox 2281 2413 3847 2494">
    <p class='ocr_par' dir='ltr' id='par_1_85' title="bbox 2281 2413 3847 2494">
     <span class='ocr_line' id='line_1_85' title="bbox 2281 2413 3847 2494; baseline -0.008 -15"><span class='ocrx_word' id='word_1_642' title='bbox 2281 2428 2337 2479; x_wconf 90' lang='lat' dir='ltr'>et</span> <span class='ocrx_word' id='word_1_643' title='bbox 2366 2424 2472 2480; x_wconf 93' lang='lat' dir='ltr'>loci</span> <span class='ocrx_word' id='word_1_644' title='bbox 2508 2425 2992 2494; x_wconf 87' lang='lat' dir='ltr'>argumentorum</span> <span class='ocrx_word' id='word_1_645' title='bbox 3029 2422 3400 2490; x_wconf 87' lang='lat' dir='ltr'>separentur,</span> <span class='ocrx_word' id='word_1_646' title='bbox 3453 2417 3573 2471; x_wconf 64' lang='lat' dir='ltr'>haec</span> <span class='ocrx_word' id='word_1_647' title='bbox 3601 2414 3733 2469; x_wconf 89' lang='lat' dir='ltr'>dicta</span> <span class='ocrx_word' id='word_1_648' title='bbox 3756 2413 3847 2468; x_wconf 78' lang='lat' dir='ltr'>sint.</span> 
     </span>
    </p>
   </div>
   <div class='ocr_carea' id='block_1_86' title="bbox 2281 2504 3849 2570">
    <p class='ocr_par' dir='ltr' id='par_1_86' title="bbox 2281 2504 3849 2570">
     <span class='ocr_line' id='line_1_86' title="bbox 2281 2504 3849 2570; baseline -0.01 0"><span class='ocrx_word' id='word_1_649' title='bbox 2281 2515 2448 2570; x_wconf 87' lang='lat' dir='ltr'>Nunc</span> <span class='ocrx_word' id='word_1_650' title='bbox 2474 2529 2673 2568; x_wconf 90' lang='lat' dir='ltr'>eorum</span> <span class='ocrx_word' id='word_1_651' title='bbox 2698 2512 2961 2567; x_wconf 87' lang='lat' dir='ltr'>ordinem</span> <span class='ocrx_word' id='word_1_652' title='bbox 2978 2508 3323 2564; x_wconf 87' lang='lat' dir='ltr'>brevissime</span> <span class='ocrx_word' id='word_1_653' title='bbox 3336 2504 3849 2562; x_wconf 67' lang='lat' dir='ltr'>commemorabat):</span> 
     </span>
    </p>
   </div>
   <div class='ocr_carea' id='block_1_87' title="bbox 2282 2596 3847 2674">
    <p class='ocr_par' dir='ltr' id='par_1_87' title="bbox 2282 2596 3847 2674">
     <span class='ocr_line' id='line_1_87' title="bbox 2282 2596 3847 2674; baseline -0.009 -13"><span class='ocrx_word' id='word_1_654' title='bbox 2282 2607 2393 2661; x_wconf 87' lang='lat' dir='ltr'>hoc</span> <span class='ocrx_word' id='word_1_655' title='bbox 2420 2604 2617 2674; x_wconf 89' lang='lat' dir='ltr'>itaque</span> <span class='ocrx_word' id='word_1_656' title='bbox 2647 2603 2831 2657; x_wconf 90' lang='lat' dir='ltr'>oritur</span> <span class='ocrx_word' id='word_1_657' title='bbox 2864 2615 3037 2655; x_wconf 88' lang='lat' dir='ltr'>omne</span> <span class='ocrx_word' id='word_1_658' title='bbox 3069 2597 3392 2669; x_wconf 88' lang='lat' dir='ltr'>judicium,</span> <span class='ocrx_word' id='word_1_659' title='bbox 3428 2596 3529 2668; x_wconf 91' lang='lat' dir='ltr'>qui</span> <span class='ocrx_word' id='word_1_660' title='bbox 3558 2596 3703 2651; x_wconf 89' lang='lat' dir='ltr'>locus</span> <span class='ocrx_word' id='word_1_661' title='bbox 3726 2596 3847 2666; x_wconf 85' lang='lat' dir='ltr'>prior,</span> 
     </span>
    </p>
   </div>
   <div class='ocr_carea' id='block_1_88' title="bbox 2285 2686 3851 2766">
    <p class='ocr_par' dir='ltr' id='par_1_88' title="bbox 2285 2686 3851 2766">
     <span class='ocr_line' id='line_1_88' title="bbox 2285 2686 3851 2766; baseline -0.008 -16"><span class='ocrx_word' id='word_1_662' title='bbox 2285 2696 2383 2766; x_wconf 91' lang='lat' dir='ltr'>qui</span> <span class='ocrx_word' id='word_1_663' title='bbox 2410 2695 2485 2750; x_wconf 90' lang='lat' dir='ltr'>sit</span> <span class='ocrx_word' id='word_1_664' title='bbox 2508 2692 2814 2764; x_wconf 88' lang='lat' dir='ltr'>posterior,</span> <span class='ocrx_word' id='word_1_665' title='bbox 2834 2689 3281 2755; x_wconf 86' lang='lat' dir='ltr'>existimandus,</span> <span class='ocrx_word' id='word_1_666' title='bbox 3299 2690 3350 2743; x_wconf 89' lang='lat' dir='ltr'>si</span> <span class='ocrx_word' id='word_1_667' title='bbox 3373 2703 3475 2743; x_wconf 83' lang='lat' dir='ltr'>eos</span> <span class='ocrx_word' id='word_1_668' title='bbox 3497 2686 3748 2741; x_wconf 85' lang='lat' dir='ltr'>terminos</span> <span class='ocrx_word' id='word_1_669' title='bbox 3765 2701 3851 2738; x_wconf 81' lang='lat' dir='ltr'>con-</span> 
     </span>
    </p>
   </div>
   <div class='ocr_carea' id='block_1_89' title="bbox 2287 2776 3850 2854">
    <p class='ocr_par' dir='ltr' id='par_1_89' title="bbox 2287 2776 3850 2854">
     <span class='ocr_line' id='line_1_89' title="bbox 2287 2776 3850 2854; baseline -0.01 -14"><span class='ocrx_word' id='word_1_670' title='bbox 2287 2786 2616 2841; x_wconf 85' lang='lat' dir='ltr'>sideremus</span> <span class='ocrx_word' id='word_1_671' title='bbox 2632 2783 2730 2854; x_wconf 90' lang='lat' dir='ltr'>qui</span> <span class='ocrx_word' id='word_1_672' title='bbox 2764 2780 3055 2851; x_wconf 84' lang='lat' dir='ltr'>proposita</span> <span class='ocrx_word' id='word_1_673' title='bbox 3077 2776 3407 2850; x_wconf 70' lang='lat' dir='ltr'>quaestione</span> <span class='ocrx_word' id='word_1_674' title='bbox 3427 2777 3850 2837; x_wconf 75' lang='lat' dir='ltr'>versantur.Que-</span> 
     </span>
    </p>
   </div>
   <div class='ocr_carea' id='block_1_90' title="bbox 2286 2863 3851 2944">
    <p class='ocr_par' dir='ltr' id='par_1_90' title="bbox 2286 2863 3851 2944">
     <span class='ocr_line' id='line_1_90' title="bbox 2286 2863 3851 2944; baseline -0.01 -15"><span class='ocrx_word' id='word_1_675' title='bbox 2286 2888 2519 2944; x_wconf 88' lang='lat' dir='ltr'>cunque</span> <span class='ocrx_word' id='word_1_676' title='bbox 2542 2872 2696 2927; x_wconf 91' lang='lat' dir='ltr'>enim</span> <span class='ocrx_word' id='word_1_677' title='bbox 2724 2870 2816 2924; x_wconf 90' lang='lat' dir='ltr'>bis</span> <span class='ocrx_word' id='word_1_678' title='bbox 2848 2868 3119 2923; x_wconf 81' lang='lat' dir='ltr'>terminis</span> <span class='ocrx_word' id='word_1_679' title='bbox 3163 2865 3591 2938; x_wconf 88' lang='lat' dir='ltr'>prepinquiora</span> <span class='ocrx_word' id='word_1_680' title='bbox 3626 2863 3851 2923; x_wconf 54' lang='lat' dir='ltr'>sunthaec</span> 
     </span>
    </p>
   </div>
   <div class='ocr_carea' id='block_1_91' title="bbox 2286 2955 3851 3030">
    <p class='ocr_par' dir='ltr' id='par_1_91' title="bbox 2286 2955 3851 3030">
     <span class='ocr_line' id='line_1_91' title="bbox 2286 2955 3851 3030; baseline -0.012 -11"><span class='ocrx_word' id='word_1_681' title='bbox 2286 2962 2613 3020; x_wconf 89' lang='lat' dir='ltr'>rectissime</span> <span class='ocrx_word' id='word_1_682' title='bbox 2638 2960 2828 3030; x_wconf 81' lang='lat' dir='ltr'>priora</span> <span class='ocrx_word' id='word_1_683' title='bbox 2841 2976 2872 3012; x_wconf 93' lang='lat' dir='ltr'>n</span> <span class='ocrx_word' id='word_1_684' title='bbox 2885 2955 3584 3013; x_wconf 83' lang='lat' dir='ltr'>umerantur.Posteriora</span> <span class='ocrx_word' id='word_1_685' title='bbox 3602 2969 3714 3008; x_wconf 86' lang='lat' dir='ltr'>vero</span> <span class='ocrx_word' id='word_1_686' title='bbox 3725 2966 3851 3022; x_wconf 76' lang='lat' dir='ltr'>quan-</span> 
     </span>
    </p>
   </div>
   <div class='ocr_carea' id='block_1_92' title="bbox 2287 3038 3848 3122">
    <p class='ocr_par' dir='ltr' id='par_1_92' title="bbox 2287 3038 3848 3122">
     <span class='ocr_line' id='line_1_92' title="bbox 2287 3038 3848 3122; baseline -0.012 -14"><span class='ocrx_word' id='word_1_687' title='bbox 2287 3060 2415 3108; x_wconf 89' lang='lat' dir='ltr'>tum</span> <span class='ocrx_word' id='word_1_688' title='bbox 2440 3068 2473 3106; x_wconf 88' lang='lat' dir='ltr'>a</span> <span class='ocrx_word' id='word_1_689' title='bbox 2495 3047 2809 3122; x_wconf 88' lang='lat' dir='ltr'>propositis</span> <span class='ocrx_word' id='word_1_690' title='bbox 2835 3044 3178 3117; x_wconf 84' lang='lat' dir='ltr'>longissime</span> <span class='ocrx_word' id='word_1_691' title='bbox 3205 3059 3456 3115; x_wconf 65' lang='lat' dir='ltr'>quaeque</span> <span class='ocrx_word' id='word_1_692' title='bbox 3486 3041 3798 3099; x_wconf 84' lang='lat' dir='ltr'>recesserint.</span> <span class='ocrx_word' id='word_1_693' title='bbox 3815 3038 3848 3091; x_wconf 78' lang='lat' dir='ltr'>Id</span> 
     </span>
    </p>
   </div>
   <div class='ocr_carea' id='block_1_93' title="bbox 2291 3129 3850 3201">
    <p class='ocr_par' dir='ltr' id='par_1_93' title="bbox 2291 3129 3850 3201">
     <span class='ocr_line' id='line_1_93' title="bbox 2291 3129 3850 3201; baseline -0.01 -4"><span class='ocrx_word' id='word_1_694' title='bbox 2291 3147 2483 3197; x_wconf 88' lang='lat' dir='ltr'>autem</span> <span class='ocrx_word' id='word_1_695' title='bbox 2501 3138 2601 3195; x_wconf 89' lang='lat' dir='ltr'>tali</span> <span class='ocrx_word' id='word_1_696' title='bbox 2625 3139 2847 3193; x_wconf 88' lang='lat' dir='ltr'>ratione</span> <span class='ocrx_word' id='word_1_697' title='bbox 2872 3135 3169 3191; x_wconf 88' lang='lat' dir='ltr'>clarescet.</span> <span class='ocrx_word' id='word_1_698' title='bbox 3189 3134 3456 3187; x_wconf 87' lang='lat' dir='ltr'>Primum</span> <span class='ocrx_word' id='word_1_699' title='bbox 3480 3147 3728 3201; x_wconf 83' lang='lat' dir='ltr'>namque,</span> <span class='ocrx_word' id='word_1_700' title='bbox 3748 3129 3850 3182; x_wconf 74' lang='lat' dir='ltr'>loca-</span> 
     </span>
    </p>
   </div>
   <div class='ocr_carea' id='block_1_94' title="bbox 2285 3217 3850 3295">
    <p class='ocr_par' dir='ltr' id='par_1_94' title="bbox 2285 3217 3850 3295">
     <span class='ocr_line' id='line_1_94' title="bbox 2285 3217 3850 3295; baseline -0.013 -8"><span class='ocrx_word' id='word_1_701' title='bbox 2285 3248 2416 3287; x_wconf 90' lang='lat' dir='ltr'>rum</span> <span class='ocrx_word' id='word_1_702' title='bbox 2441 3233 2530 3285; x_wconf 90' lang='lat' dir='ltr'>est</span> <span class='ocrx_word' id='word_1_703' title='bbox 2552 3227 2736 3281; x_wconf 88' lang='lat' dir='ltr'>divisa</span> <span class='ocrx_word' id='word_1_704' title='bbox 2761 3224 3065 3295; x_wconf 88' lang='lat' dir='ltr'>pluralitas</span> <span class='ocrx_word' id='word_1_705' title='bbox 3096 3223 3153 3277; x_wconf 90' lang='lat' dir='ltr'>in</span> <span class='ocrx_word' id='word_1_706' title='bbox 3187 3238 3285 3278; x_wconf 85' lang='lat' dir='ltr'>eos</span> <span class='ocrx_word' id='word_1_707' title='bbox 3308 3221 3413 3293; x_wconf 92' lang='lat' dir='ltr'>qui</span> <span class='ocrx_word' id='word_1_708' title='bbox 3450 3222 3505 3275; x_wconf 93' lang='lat' dir='ltr'>in</span> <span class='ocrx_word' id='word_1_709' title='bbox 3538 3221 3655 3291; x_wconf 89' lang='lat' dir='ltr'>ipso</span> <span class='ocrx_word' id='word_1_710' title='bbox 3683 3217 3850 3273; x_wconf 76' lang='lat' dir='ltr'>suntde</span> 
     </span>
    </p>
   </div>
   <div class='ocr_carea' id='block_1_95' title="bbox 2287 3307 3849 3392">
    <p class='ocr_par' dir='ltr' id='par_1_95' title="bbox 2287 3307 3849 3392">
     <span class='ocr_line' id='line_1_95' title="bbox 2287 3307 3849 3392; baseline -0.01 -17"><span class='ocrx_word' id='word_1_711' title='bbox 2287 3337 2401 3392; x_wconf 90' lang='lat' dir='ltr'>quo</span> <span class='ocrx_word' id='word_1_712' title='bbox 2421 3319 2635 3390; x_wconf 78' lang='lat' dir='ltr'>agitur,</span> <span class='ocrx_word' id='word_1_713' title='bbox 2650 3322 2706 3371; x_wconf 92' lang='lat' dir='ltr'>et</span> <span class='ocrx_word' id='word_1_714' title='bbox 2727 3316 2783 3369; x_wconf 90' lang='lat' dir='ltr'>in</span> <span class='ocrx_word' id='word_1_715' title='bbox 2808 3332 2906 3369; x_wconf 87' lang='lat' dir='ltr'>eos</span> <span class='ocrx_word' id='word_1_716' title='bbox 2926 3313 3025 3386; x_wconf 91' lang='lat' dir='ltr'>qui</span> <span class='ocrx_word' id='word_1_717' title='bbox 3051 3316 3449 3368; x_wconf 86' lang='lat' dir='ltr'>assumuntur</span> <span class='ocrx_word' id='word_1_718' title='bbox 3470 3307 3849 3369; x_wconf 80' lang='lat' dir='ltr'>extrinsecus,in</span> 
     </span>
    </p>
   </div>
   <div class='ocr_carea' id='block_1_96' title="bbox 2287 3397 3850 3483">
    <p class='ocr_par' dir='ltr' id='par_1_96' title="bbox 2287 3397 3850 3483">
     <span class='ocr_line' id='line_1_96' title="bbox 2287 3397 3850 3483; baseline -0.012 -17"><span class='ocrx_word' id='word_1_719' title='bbox 2287 3427 2403 3483; x_wconf 93' lang='lat' dir='ltr'>quo</span> <span class='ocrx_word' id='word_1_720' title='bbox 2422 3408 2762 3480; x_wconf 66' lang='lat' dir='ltr'>praepositos</span> <span class='ocrx_word' id='word_1_721' title='bbox 2778 3422 2908 3460; x_wconf 84' lang='lat' dir='ltr'>esse</span> <span class='ocrx_word' id='word_1_722' title='bbox 2928 3402 3311 3473; x_wconf 87' lang='lat' dir='ltr'>intelligimus</span> <span class='ocrx_word' id='word_1_723' title='bbox 3326 3418 3430 3456; x_wconf 89' lang='lat' dir='ltr'>eos</span> <span class='ocrx_word' id='word_1_724' title='bbox 3450 3402 3600 3457; x_wconf 89' lang='lat' dir='ltr'>locos</span> <span class='ocrx_word' id='word_1_725' title='bbox 3618 3400 3701 3470; x_wconf 91' lang='lat' dir='ltr'>qui</span> <span class='ocrx_word' id='word_1_726' title='bbox 3717 3397 3850 3465; x_wconf 75' lang='lat' dir='ltr'>inipso</span> 
     </span>
    </p>
   </div>
   <div class='ocr_carea' id='block_1_97' title="bbox 2287 3487 3849 3567">
    <p class='ocr_par' dir='ltr' id='par_1_97' title="bbox 2287 3487 3849 3567">
     <span class='ocr_line' id='line_1_97' title="bbox 2287 3487 3849 3567; baseline -0.015 -11"><span class='ocrx_word' id='word_1_727' title='bbox 2287 3504 2452 3567; x_wconf 85' lang='lat' dir='ltr'>sunt,</span> <span class='ocrx_word' id='word_1_728' title='bbox 2476 3497 2570 3552; x_wconf 90' lang='lat' dir='ltr'>bis</span> <span class='ocrx_word' id='word_1_729' title='bbox 2597 3498 2738 3553; x_wconf 88' lang='lat' dir='ltr'>locis</span> <span class='ocrx_word' id='word_1_730' title='bbox 2766 3494 2867 3566; x_wconf 92' lang='lat' dir='ltr'>qui</span> <span class='ocrx_word' id='word_1_731' title='bbox 2896 3493 3216 3549; x_wconf 86' lang='lat' dir='ltr'>trahuntur</span> <span class='ocrx_word' id='word_1_732' title='bbox 3247 3490 3630 3546; x_wconf 82' lang='lat' dir='ltr'>extrinsecus.</span> <span class='ocrx_word' id='word_1_733' title='bbox 3659 3487 3745 3542; x_wconf 87' lang='lat' dir='ltr'>Hic</span> <span class='ocrx_word' id='word_1_734' title='bbox 3767 3499 3849 3537; x_wconf 71' lang='lat' dir='ltr'>vero</span> 
     </span>
    </p>
   </div>
   <div class='ocr_carea' id='block_1_98' title="bbox 2289 3571 3852 3656">
    <p class='ocr_par' dir='ltr' id='par_1_98' title="bbox 2289 3571 3852 3656">
     <span class='ocr_line' id='line_1_98' title="bbox 2289 3571 3852 3656; baseline -0.014 -13"><span class='ocrx_word' id='word_1_735' title='bbox 2289 3588 2454 3643; x_wconf 90' lang='lat' dir='ltr'>locus</span> <span class='ocrx_word' id='word_1_736' title='bbox 2468 3585 2567 3656; x_wconf 91' lang='lat' dir='ltr'>qui</span> <span class='ocrx_word' id='word_1_737' title='bbox 2594 3584 2649 3639; x_wconf 92' lang='lat' dir='ltr'>in</span> <span class='ocrx_word' id='word_1_738' title='bbox 2669 3584 2797 3654; x_wconf 90' lang='lat' dir='ltr'>ipso</span> <span class='ocrx_word' id='word_1_739' title='bbox 2820 3581 3005 3646; x_wconf 87' lang='lat' dir='ltr'>est,in</span> <span class='ocrx_word' id='word_1_740' title='bbox 3040 3579 3261 3650; x_wconf 88' lang='lat' dir='ltr'>primas</span> <span class='ocrx_word' id='word_1_741' title='bbox 3286 3584 3546 3649; x_wconf 90' lang='lat' dir='ltr'>quatuor</span> <span class='ocrx_word' id='word_1_742' title='bbox 3568 3571 3852 3630; x_wconf 72' lang='lat' dir='ltr'>distribuitur</span> 
     </span>
    </p>
   </div>
   <div class='ocr_carea' id='block_1_99' title="bbox 2291 3666 3853 3749">
    <p class='ocr_par' dir='ltr' id='par_1_99' title="bbox 2291 3666 3853 3749">
     <span class='ocr_line' id='line_1_99' title="bbox 2291 3666 3853 3749; baseline -0.013 -17"><span class='ocrx_word' id='word_1_743' title='bbox 2291 3680 2511 3749; x_wconf 89' lang='lat' dir='ltr'>partes,</span> <span class='ocrx_word' id='word_1_744' title='bbox 2538 3689 2788 3745; x_wconf 88' lang='lat' dir='ltr'>quarum</span> <span class='ocrx_word' id='word_1_745' title='bbox 2820 3672 3010 3742; x_wconf 90' lang='lat' dir='ltr'>prima</span> <span class='ocrx_word' id='word_1_746' title='bbox 3034 3667 3431 3735; x_wconf 87' lang='lat' dir='ltr'>estdeﬁnitio,</span> <span class='ocrx_word' id='word_1_747' title='bbox 3456 3668 3555 3737; x_wconf 89' lang='lat' dir='ltr'>qui</span> <span class='ocrx_word' id='word_1_748' title='bbox 3586 3666 3853 3720; x_wconf 75' lang='lat' dir='ltr'>locusatoto</span> 
     </span>
    </p>
   </div>
   <div class='ocr_carea' id='block_1_100' title="bbox 2291 3749 3855 3833">
    <p class='ocr_par' dir='ltr' id='par_1_100' title="bbox 2291 3749 3855 3833">
     <span class='ocr_line' id='line_1_100' title="bbox 2291 3749 3855 3833; baseline -0.015 -12"><span class='ocrx_word' id='word_1_749' title='bbox 2291 3770 2382 3822; x_wconf 89' lang='lat' dir='ltr'>est</span> <span class='ocrx_word' id='word_1_750' title='bbox 2403 3766 2804 3833; x_wconf 85' lang='lat' dir='ltr'>nuncupatus.</span> <span class='ocrx_word' id='word_1_751' title='bbox 2834 3759 3052 3814; x_wconf 83' lang='lat' dir='ltr'>Idcirco</span> <span class='ocrx_word' id='word_1_752' title='bbox 3077 3762 3268 3813; x_wconf 90' lang='lat' dir='ltr'>autem</span> <span class='ocrx_word' id='word_1_753' title='bbox 3297 3759 3530 3828; x_wconf 89' lang='lat' dir='ltr'>primus</span> <span class='ocrx_word' id='word_1_754' title='bbox 3560 3773 3593 3810; x_wconf 90' lang='lat' dir='ltr'>a</span> <span class='ocrx_word' id='word_1_755' title='bbox 3620 3759 3723 3809; x_wconf 87' lang='lat' dir='ltr'>toto</span> <span class='ocrx_word' id='word_1_756' title='bbox 3749 3749 3855 3803; x_wconf 77' lang='lat' dir='ltr'>locus</span> 
     </span>
    </p>
   </div>
   <div class='ocr_carea' id='block_1_101' title="bbox 2294 3840 3855 3926">
    <p class='ocr_par' dir='ltr' id='par_1_101' title="bbox 2294 3840 3855 3926">
     <span class='ocr_line' id='line_1_101' title="bbox 2294 3840 3855 3926; baseline -0.009 -17"><span class='ocrx_word' id='word_1_757' title='bbox 2294 3854 2555 3926; x_wconf 89' lang='lat' dir='ltr'>ponitur,</span> <span class='ocrx_word' id='word_1_758' title='bbox 2589 3849 2867 3923; x_wconf 90' lang='lat' dir='ltr'>quoniam</span> <span class='ocrx_word' id='word_1_759' title='bbox 2903 3847 3049 3902; x_wconf 86' lang='lat' dir='ltr'>nihil</span> <span class='ocrx_word' id='word_1_760' title='bbox 3079 3850 3169 3902; x_wconf 89' lang='lat' dir='ltr'>est</span> <span class='ocrx_word' id='word_1_761' title='bbox 3200 3845 3376 3901; x_wconf 87' lang='lat' dir='ltr'>alicui</span> <span class='ocrx_word' id='word_1_762' title='bbox 3409 3850 3529 3901; x_wconf 86' lang='lat' dir='ltr'>tam</span> <span class='ocrx_word' id='word_1_763' title='bbox 3588 3840 3855 3913; x_wconf 74' lang='lat' dir='ltr'>proximum.</span> 
     </span>
    </p>
   </div>
   <div class='ocr_carea' id='block_1_102' title="bbox 2293 3925 3855 4016">
    <p class='ocr_par' dir='ltr' id='par_1_102' title="bbox 2293 3925 3855 4016">
     <span class='ocr_line' id='line_1_102' title="bbox 2293 3925 3855 4016; baseline -0.013 -17"><span class='ocrx_word' id='word_1_764' title='bbox 2293 3925 2476 4016; x_wconf 86' lang='lat' dir='ltr'>quam</span> <span class='ocrx_word' id='word_1_765' title='bbox 2526 3941 2767 4014; x_wconf 88' lang='lat' dir='ltr'>propria</span> <span class='ocrx_word' id='word_1_766' title='bbox 2817 3937 3104 3993; x_wconf 87' lang='lat' dir='ltr'>deﬁnitio.</span> <span class='ocrx_word' id='word_1_767' title='bbox 3151 3935 3549 4007; x_wconf 90' lang='lat' dir='ltr'>Consequitur</span> <span class='ocrx_word' id='word_1_768' title='bbox 3576 3925 3855 3987; x_wconf 76' lang='lat' dir='ltr'>enumeratio</span> 
     </span>
    </p>
   </div>
   <div class='ocr_carea' id='block_1_103' title="bbox 2295 4017 3855 4105">
    <p class='ocr_par' dir='ltr' id='par_1_103' title="bbox 2295 4017 3855 4105">
     <span class='ocr_line' id='line_1_103' title="bbox 2295 4017 3855 4105; baseline -0.015 -17"><span class='ocrx_word' id='word_1_769' title='bbox 2295 4033 2578 4105; x_wconf 84' lang='lat' dir='ltr'>partium,</span> <span class='ocrx_word' id='word_1_770' title='bbox 2603 4030 2743 4103; x_wconf 90' lang='lat' dir='ltr'>quia</span> <span class='ocrx_word' id='word_1_771' title='bbox 2774 4032 2907 4100; x_wconf 90' lang='lat' dir='ltr'>post</span> <span class='ocrx_word' id='word_1_772' title='bbox 2937 4025 3338 4081; x_wconf 84' lang='lat' dir='ltr'>deﬁnitionem</span> <span class='ocrx_word' id='word_1_773' title='bbox 3377 4023 3690 4096; x_wconf 82' lang='lat' dir='ltr'>proximum</span> <span class='ocrx_word' id='word_1_774' title='bbox 3725 4017 3855 4071; x_wconf 81' lang='lat' dir='ltr'>locum</span> 
     </span>
    </p>
   </div>
   <div class='ocr_carea' id='block_1_104' title="bbox 2296 4102 3857 4195">
    <p class='ocr_par' dir='ltr' id='par_1_104' title="bbox 2296 4102 3857 4195">
     <span class='ocr_line' id='line_1_104' title="bbox 2296 4102 3857 4195; baseline -0.017 -17"><span class='ocrx_word' id='word_1_775' title='bbox 2296 4102 2491 4195; x_wconf 79' lang='lat' dir='ltr'>partes</span> <span class='ocrx_word' id='word_1_776' title='bbox 2519 4102 2714 4175; x_wconf 87' lang='lat' dir='ltr'>tenere</span> <span class='ocrx_word' id='word_1_777' title='bbox 2734 4119 2968 4187; x_wconf 88' lang='lat' dir='ltr'>debent,</span> <span class='ocrx_word' id='word_1_778' title='bbox 2995 4131 3121 4185; x_wconf 72' lang='lat' dir='ltr'>quae</span> <span class='ocrx_word' id='word_1_779' title='bbox 3143 4120 3336 4169; x_wconf 86' lang='lat' dir='ltr'>totum</span> <span class='ocrx_word' id='word_1_780' title='bbox 3370 4114 3430 4168; x_wconf 89' lang='lat' dir='ltr'>id</span> <span class='ocrx_word' id='word_1_781' title='bbox 3456 4114 3618 4182; x_wconf 80' lang='lat' dir='ltr'>cujus</span> <span class='ocrx_word' id='word_1_782' title='bbox 3636 4102 3857 4181; x_wconf 78' lang='lat' dir='ltr'>partesdi-</span> 
     </span>
    </p>
   </div>
   <div class='ocr_carea' id='block_1_105' title="bbox 2295 4202 3925 4276">
    <p class='ocr_par' dir='ltr' id='par_1_105' title="bbox 2295 4202 3925 4276">
     <span class='ocr_line' id='line_1_105' title="bbox 2295 4202 3925 4276; baseline -0.01 -10"><span class='ocrx_word' id='word_1_783' title='bbox 2295 4216 2510 4266; x_wconf 91' lang='lat' dir='ltr'>cuntur</span> <span class='ocrx_word' id='word_1_784' title='bbox 2538 4225 2687 4273; x_wconf 90' lang='lat' dir='ltr'>esse,</span> <span class='ocrx_word' id='word_1_785' title='bbox 2722 4207 3108 4276; x_wconf 88' lang='lat' dir='ltr'>conjungunt.</span> <span class='ocrx_word' id='word_1_786' title='bbox 3136 4204 3234 4259; x_wconf 86' lang='lat' dir='ltr'>His</span> <span class='ocrx_word' id='word_1_787' title='bbox 3267 4202 3585 4273; x_wconf 87' lang='lat' dir='ltr'>apponitur</span> <span class='ocrx_word' id='word_1_788' title='bbox 3624 4207 3749 4261; x_wconf 81' lang='lat' dir='ltr'>nota,</span> <span class='ocrx_word' id='word_1_789' title='bbox 3776 4206 3856 4262; x_wconf 45' lang='lat' dir='ltr'>qui?</span> <span class='ocrx_word' id='word_1_790' title='bbox 3924 4266 3925 4271; x_wconf 10' lang='grc' dir='ltr'><strong>κ</strong></span> 
     </span>
    </p>
   </div>
   <div class='ocr_carea' id='block_1_106' title="bbox 2297 4277 3854 4371">
    <p class='ocr_par' dir='ltr' id='par_1_106' title="bbox 2297 4277 3854 4371">
     <span class='ocr_line' id='line_1_106' title="bbox 2297 4277 3854 4371; baseline -0.016 -16"><span class='ocrx_word' id='word_1_791' title='bbox 2297 4298 2468 4371; x_wconf 91' lang='lat' dir='ltr'>quasi</span> <span class='ocrx_word' id='word_1_792' title='bbox 2490 4313 2769 4353; x_wconf 87' lang='lat' dir='ltr'>converso</span> <span class='ocrx_word' id='word_1_793' title='bbox 2790 4296 2964 4350; x_wconf 91' lang='lat' dir='ltr'>modo</span> <span class='ocrx_word' id='word_1_794' title='bbox 2982 4292 3245 4350; x_wconf 88' lang='lat' dir='ltr'>deﬁnitio</span> <span class='ocrx_word' id='word_1_795' title='bbox 3260 4297 3370 4347; x_wconf 89' lang='lat' dir='ltr'>est.</span> <span class='ocrx_word' id='word_1_796' title='bbox 3394 4291 3540 4346; x_wconf 88' lang='lat' dir='ltr'>Nam</span> <span class='ocrx_word' id='word_1_797' title='bbox 3564 4288 3698 4344; x_wconf 89' lang='lat' dir='ltr'>sicut</span> <span class='ocrx_word' id='word_1_798' title='bbox 3716 4277 3854 4335; x_wconf 77' lang='lat' dir='ltr'>deﬁni-</span> 
     </span>
    </p>
   </div>
   <div class='ocr_carea' id='block_1_107' title="bbox 2298 4368 3855 4455">
    <p class='ocr_par' dir='ltr' id='par_1_107' title="bbox 2298 4368 3855 4455">
     <span class='ocr_line' id='line_1_107' title="bbox 2298 4368 3855 4455; baseline -0.013 -13"><span class='ocrx_word' id='word_1_799' title='bbox 2298 4368 2378 4443; x_wconf 77' lang='lat' dir='ltr'>tio</span> <span class='ocrx_word' id='word_1_800' title='bbox 2402 4386 2654 4455; x_wconf 83' lang='lat' dir='ltr'>explicat</span> <span class='ocrx_word' id='word_1_801' title='bbox 2677 4383 2830 4455; x_wconf 90' lang='lat' dir='ltr'>quod</span> <span class='ocrx_word' id='word_1_802' title='bbox 2874 4381 3158 4454; x_wconf 90' lang='lat' dir='ltr'>implicite</span> <span class='ocrx_word' id='word_1_803' title='bbox 3192 4384 3331 4434; x_wconf 89' lang='lat' dir='ltr'>nota</span> <span class='ocrx_word' id='word_1_804' title='bbox 3362 4377 3637 4447; x_wconf 82' lang='lat' dir='ltr'>designat,</span> <span class='ocrx_word' id='word_1_805' title='bbox 3667 4372 3732 4426; x_wconf 79' lang='lat' dir='ltr'>ita</span> <span class='ocrx_word' id='word_1_806' title='bbox 3769 4368 3855 4421; x_wconf 66' lang='lat' dir='ltr'>nata</span> 
     </span>
    </p>
   </div>
   <div class='ocr_carea' id='block_1_108' title="bbox 2227 4454 3855 4540">
    <p class='ocr_par' dir='ltr' id='par_1_108' title="bbox 2227 4454 3855 4540">
     <span class='ocr_line' id='line_1_108' title="bbox 2227 4454 3855 4540; baseline -0.012 -9"><span class='ocrx_word' id='word_1_807' title='bbox 2227 4454 2263 4514; x_wconf 76' lang='grc' dir='ltr'>ί)</span> <span class='ocrx_word' id='word_1_808' title='bbox 2298 4454 2542 4531; x_wconf 83' lang='lat' dir='ltr'>involvit</span> <span class='ocrx_word' id='word_1_809' title='bbox 2564 4454 3274 4540; x_wconf 83' lang='lat' dir='ltr'>etconi‘useindicatquod</span> <span class='ocrx_word' id='word_1_810' title='bbox 3300 4465 3855 4540; x_wconf 55' lang='lat' dir='ltr'>patefacitatqueexpt-</span> 
     </span>
    </p>
   </div>
   <div class='ocr_carea' id='block_1_109' title="bbox 2299 4538 3853 4626">
    <p class='ocr_par' dir='ltr' id='par_1_109' title="bbox 2299 4538 3853 4626">
     <span class='ocr_line' id='line_1_109' title="bbox 2299 4538 3853 4626; baseline -0.015 -7"><span class='ocrx_word' id='word_1_811' title='bbox 2299 4565 2386 4619; x_wconf 92' lang='lat' dir='ltr'>dit</span> <span class='ocrx_word' id='word_1_812' title='bbox 2405 4563 2687 4619; x_wconf 89' lang='lat' dir='ltr'>deﬁnitio.</span> <span class='ocrx_word' id='word_1_813' title='bbox 2716 4561 2863 4618; x_wconf 88' lang='lat' dir='ltr'>Nota</span> <span class='ocrx_word' id='word_1_814' title='bbox 2878 4577 3012 4616; x_wconf 87' lang='lat' dir='ltr'>vero</span> <span class='ocrx_word' id='word_1_815' title='bbox 3034 4538 3205 4614; x_wconf 78' lang='lat' dir='ltr'>tertia</span> <span class='ocrx_word' id='word_1_816' title='bbox 3225 4538 3355 4612; x_wconf 88' lang='lat' dir='ltr'>ideo</span> <span class='ocrx_word' id='word_1_817' title='bbox 3381 4560 3491 4622; x_wconf 89' lang='lat' dir='ltr'>est,</span> <span class='ocrx_word' id='word_1_818' title='bbox 3511 4553 3639 4626; x_wconf 82' lang='lat' dir='ltr'>quia</span> <span class='ocrx_word' id='word_1_819' title='bbox 3667 4538 3853 4603; x_wconf 74' lang='lat' dir='ltr'>deﬁnitio</span> 
     </span>
    </p>
   </div>
   <div class='ocr_carea' id='block_1_110' title="bbox 2306 4638 3852 4721">
    <p class='ocr_par' dir='ltr' id='par_1_110' title="bbox 2306 4638 3852 4721">
     <span class='ocr_line' id='line_1_110' title="bbox 2306 4638 3852 4721; baseline -0.016 -12"><span class='ocrx_word' id='word_1_820' title='bbox 2306 4653 2697 4709; x_wconf 86' lang='lat' dir='ltr'>substantiam</span> <span class='ocrx_word' id='word_1_821' title='bbox 2719 4655 2907 4717; x_wconf 89' lang='lat' dir='ltr'>tenet;</span> <span class='ocrx_word' id='word_1_822' title='bbox 2931 4649 3184 4721; x_wconf 89' lang='lat' dir='ltr'>partium</span> <span class='ocrx_word' id='word_1_823' title='bbox 3202 4644 3565 4702; x_wconf 88' lang='lat' dir='ltr'>enumeratio</span> <span class='ocrx_word' id='word_1_824' title='bbox 3580 4657 3639 4695; x_wconf 86' lang='lat' dir='ltr'>ea</span> <span class='ocrx_word' id='word_1_825' title='bbox 3657 4638 3852 4721; x_wconf 54' lang='lat' dir='ltr'>dinume:</span> 
     </span>
    </p>
   </div>
   <div class='ocr_carea' id='block_1_111' title="bbox 2306 4712 3851 4813">
    <p class='ocr_par' dir='ltr' id='par_1_111' title="bbox 2306 4712 3851 4813">
     <span class='ocr_line' id='line_1_111' title="bbox 2306 4712 3851 4813; baseline -0.014 -15"><span class='ocrx_word' id='word_1_826' title='bbox 2306 4748 2396 4799; x_wconf 89' lang='lat' dir='ltr'>rat</span> <span class='ocrx_word' id='word_1_827' title='bbox 2413 4760 2541 4813; x_wconf 71' lang='lat' dir='ltr'>quae</span> <span class='ocrx_word' id='word_1_828' title='bbox 2564 4746 2757 4796; x_wconf 89' lang='lat' dir='ltr'>totum</span> <span class='ocrx_word' id='word_1_829' title='bbox 2781 4712 3170 4809; x_wconf 78' lang='lat' dir='ltr'>compositum</span> <span class='ocrx_word' id='word_1_830' title='bbox 3190 4738 3475 4805; x_wconf 86' lang='lat' dir='ltr'>jungunt,</span> <span class='ocrx_word' id='word_1_831' title='bbox 3492 4735 3619 4786; x_wconf 89' lang='lat' dir='ltr'>nota</span> <span class='ocrx_word' id='word_1_832' title='bbox 3638 4740 3742 4782; x_wconf 86' lang='lat' dir='ltr'>vero</span> <span class='ocrx_word' id='word_1_833' title='bbox 3760 4712 3851 4813; x_wconf 51' lang='lat' dir='ltr'>nihil</span> 
     </span>
    </p>
   </div>
   <div class='ocr_carea' id='block_1_112' title="bbox 2305 4806 3851 4898">
    <p class='ocr_par' dir='ltr' id='par_1_112' title="bbox 2305 4806 3851 4898">
     <span class='ocr_line' id='line_1_112' title="bbox 2305 4806 3851 4898; baseline -0.007 -10"><span class='ocrx_word' id='word_1_834' title='bbox 2305 4806 2503 4898; x_wconf 76' lang='lat' dir='ltr'>efﬁcit,</span> <span class='ocrx_word' id='word_1_835' title='bbox 2528 4831 2628 4886; x_wconf 90' lang='lat' dir='ltr'>sed</span> <span class='ocrx_word' id='word_1_836' title='bbox 2658 4834 2885 4884; x_wconf 90' lang='lat' dir='ltr'>tantum</span> <span class='ocrx_word' id='word_1_837' title='bbox 2918 4806 3208 4897; x_wconf 82' lang='lat' dir='ltr'>designat.</span> <span class='ocrx_word' id='word_1_838' title='bbox 3238 4824 3373 4878; x_wconf 89' lang='lat' dir='ltr'>Post</span> <span class='ocrx_word' id='word_1_839' title='bbox 3404 4821 3525 4876; x_wconf 62' lang='lat' dir='ltr'>haec</span> <span class='ocrx_word' id='word_1_840' title='bbox 3550 4833 3660 4889; x_wconf 58' lang='lat' dir='ltr'>qua</span> <span class='ocrx_word' id='word_1_841' title='bbox 3688 4816 3731 4866; x_wconf 88' lang='lat' dir='ltr'>in</span> <span class='ocrx_word' id='word_1_842' title='bbox 3759 4806 3851 4877; x_wconf 58' lang='lat' dir='ltr'>iPSis</span> 
     </span>
    </p>
   </div>
   <div class='ocr_carea' id='block_1_113' title="bbox 2305 4898 3850 4988">
    <p class='ocr_par' dir='ltr' id='par_1_113' title="bbox 2305 4898 3850 4988">
     <span class='ocr_line' id='line_1_113' title="bbox 2305 4898 3850 4988; baseline -0.017 -12"><span class='ocrx_word' id='word_1_843' title='bbox 2305 4920 2573 4976; x_wconf 90' lang='lat' dir='ltr'>terminis</span> <span class='ocrx_word' id='word_1_844' title='bbox 2598 4916 2998 4988; x_wconf 85' lang='lat' dir='ltr'>principaliter</span> <span class='ocrx_word' id='word_1_845' title='bbox 3027 4915 3270 4979; x_wconf 68' lang='lat' dir='ltr'>haerent,</span> <span class='ocrx_word' id='word_1_846' title='bbox 3295 4913 3389 4966; x_wconf 88' lang='lat' dir='ltr'>illa</span> <span class='ocrx_word' id='word_1_847' title='bbox 3424 4927 3547 4982; x_wconf 79' lang='lat' dir='ltr'>quae</span> <span class='ocrx_word' id='word_1_848' title='bbox 3576 4908 3693 4961; x_wconf 84' lang='lat' dir='ltr'>sunt</span> <span class='ocrx_word' id='word_1_849' title='bbox 3717 4898 3850 4988; x_wconf 47' lang='lat' dir='ltr'>direct?</span> 
     </span>
    </p>
   </div>
   <div class='ocr_carea' id='block_1_114' title="bbox 2306 4978 3844 5078">
    <p class='ocr_par' dir='ltr' id='par_1_114' title="bbox 2306 4978 3844 5078">
     <span class='ocr_line' id='line_1_114' title="bbox 2306 4978 3844 5078; baseline -0.01 -13"><span class='ocrx_word' id='word_1_850' title='bbox 2306 5012 2657 5065; x_wconf 82' lang='lat' dir='ltr'>numerante</span> <span class='ocrx_word' id='word_1_851' title='bbox 2672 5023 2851 5078; x_wconf 64' lang='lat' dir='ltr'>nque</span> <span class='ocrx_word' id='word_1_852' title='bbox 2869 5008 2988 5072; x_wconf 90' lang='lat' dir='ltr'>jam</span> <span class='ocrx_word' id='word_1_853' title='bbox 3006 5020 3120 5058; x_wconf 91' lang='lat' dir='ltr'>non</span> <span class='ocrx_word' id='word_1_854' title='bbox 3148 5002 3293 5073; x_wconf 89' lang='lat' dir='ltr'>ipsis</span> <span class='ocrx_word' id='word_1_855' title='bbox 3318 5002 3520 5055; x_wconf 89' lang='lat' dir='ltr'>insunt</span> <span class='ocrx_word' id='word_1_856' title='bbox 3543 4978 3844 5051; x_wconf 60' lang='lat' dir='ltr'>terminis,sed</span> 
     </span>
    </p>
   </div>
   <div class='ocr_carea' id='block_1_115' title="bbox 2307 5080 3846 5163">
    <p class='ocr_par' dir='ltr' id='par_1_115' title="bbox 2307 5080 3846 5163">
     <span class='ocr_line' id='line_1_115' title="bbox 2307 5080 3846 5163; baseline -0.012 -10"><span class='ocrx_word' id='word_1_857' title='bbox 2307 5100 2543 5154; x_wconf 89' lang='lat' dir='ltr'>eosdem</span> <span class='ocrx_word' id='word_1_858' title='bbox 2575 5096 2734 5151; x_wconf 90' lang='lat' dir='ltr'>velut</span> <span class='ocrx_word' id='word_1_859' title='bbox 2763 5095 3020 5149; x_wconf 84' lang='lat' dir='ltr'>exterius</span> <span class='ocrx_word' id='word_1_860' title='bbox 3050 5093 3243 5163; x_wconf 88' lang='lat' dir='ltr'>posita</span> <span class='ocrx_word' id='word_1_861' title='bbox 3278 5091 3708 5159; x_wconf 83' lang='lat' dir='ltr'>consequuntur,</span> <span class='ocrx_word' id='word_1_862' title='bbox 3736 5080 3846 5163; x_wconf 50' lang='lat' dir='ltr'>atque</span> 
     </span>
    </p>
   </div>
   <div class='ocr_carea' id='block_1_116' title="bbox 2308 5162 3845 5254">
    <p class='ocr_par' dir='ltr' id='par_1_116' title="bbox 2308 5162 3845 5254">
     <span class='ocr_line' id='line_1_116' title="bbox 2308 5162 3845 5254; baseline -0.015 -12"><span class='ocrx_word' id='word_1_863' title='bbox 2308 5187 2525 5242; x_wconf 86' lang='lat' dir='ltr'>idcirco</span> <span class='ocrx_word' id='word_1_864' title='bbox 2544 5185 2734 5240; x_wconf 89' lang='lat' dir='ltr'>solum</span> <span class='ocrx_word' id='word_1_865' title='bbox 2769 5184 2827 5238; x_wconf 91' lang='lat' dir='ltr'>in</span> <span class='ocrx_word' id='word_1_866' title='bbox 2860 5184 3007 5254; x_wconf 89' lang='lat' dir='ltr'>ipsis</span> <span class='ocrx_word' id='word_1_867' title='bbox 3032 5198 3160 5237; x_wconf 86' lang='lat' dir='ltr'>esse</span> <span class='ocrx_word' id='word_1_868' title='bbox 3186 5180 3481 5243; x_wconf 81' lang='lat' dir='ltr'>dicuntur,</span> <span class='ocrx_word' id='word_1_869' title='bbox 3507 5174 3741 5248; x_wconf 84' lang='lat' dir='ltr'>quoniam</span> <span class='ocrx_word' id='word_1_870' title='bbox 3768 5162 3845 5215; x_wconf 54' lang='lat' dir='ltr'>69W?</span> 
     </span>
    </p>
   </div>
   <div class='ocr_carea' id='block_1_117' title="bbox 2310 5253 3841 5344">
    <p class='ocr_par' dir='ltr' id='par_1_117' title="bbox 2310 5253 3841 5344">
     <span class='ocr_line' id='line_1_117' title="bbox 2310 5253 3841 5344; baseline -0.02 -13"><span class='ocrx_word' id='word_1_871' title='bbox 2310 5276 2402 5331; x_wconf 90' lang='lat' dir='ltr'>bis</span> <span class='ocrx_word' id='word_1_872' title='bbox 2426 5292 2553 5331; x_wconf 86' lang='lat' dir='ltr'>esse</span> <span class='ocrx_word' id='word_1_873' title='bbox 2577 5292 2689 5328; x_wconf 83' lang='lat' dir='ltr'>non</span> <span class='ocrx_word' id='word_1_874' title='bbox 2712 5277 2960 5344; x_wconf 88' lang='lat' dir='ltr'>possunt</span> <span class='ocrx_word' id='word_1_875' title='bbox 2985 5287 3231 5341; x_wconf 84' lang='lat' dir='ltr'>quorum</span> <span class='ocrx_word' id='word_1_876' title='bbox 3260 5269 3439 5340; x_wconf 89' lang='lat' dir='ltr'>prima</span> <span class='ocrx_word' id='word_1_877' title='bbox 3455 5270 3585 5321; x_wconf 87' lang='lat' dir='ltr'>sunt</span> <span class='ocrx_word' id='word_1_878' title='bbox 3603 5253 3841 5344; x_wconf 47' lang='lat' dir='ltr'>cenjugata‘.</span> 
     </span>
    </p>
   </div>
   <div class='ocr_carea' id='block_1_118' title="bbox 2313 5331 3837 5430">
    <p class='ocr_par' dir='ltr' id='par_1_118' title="bbox 2313 5331 3837 5430">
     <span class='ocr_line' id='line_1_118' title="bbox 2313 5331 3837 5430; baseline -0.018 -7"><span class='ocrx_word' id='word_1_879' title='bbox 2313 5364 2468 5422; x_wconf 87' lang='lat' dir='ltr'>Nihil</span> <span class='ocrx_word' id='word_1_880' title='bbox 2492 5363 2647 5418; x_wconf 90' lang='lat' dir='ltr'>enim</span> <span class='ocrx_word' id='word_1_881' title='bbox 2671 5362 2824 5417; x_wconf 91' lang='lat' dir='ltr'>inter</span> <span class='ocrx_word' id='word_1_882' title='bbox 2853 5362 3058 5416; x_wconf 72' lang='lat' dir='ltr'>affecta</span> <span class='ocrx_word' id='word_1_883' title='bbox 3087 5359 3170 5414; x_wconf 87' lang='lat' dir='ltr'>sic</span> <span class='ocrx_word' id='word_1_884' title='bbox 3196 5359 3517 5430; x_wconf 83' lang='lat' dir='ltr'>proximum</span> <span class='ocrx_word' id='word_1_885' title='bbox 3553 5331 3837 5417; x_wconf 73' lang='lat' dir='ltr'>est,quamid</span> 
     </span>
    </p>
   </div>
   <div class='ocr_carea' id='block_1_119' title="bbox 2311 5437 3836 5524">
    <p class='ocr_par' dir='ltr' id='par_1_119' title="bbox 2311 5437 3836 5524">
     <span class='ocr_line' id='line_1_119' title="bbox 2311 5437 3836 5524; baseline -0.016 -15"><span class='ocrx_word' id='word_1_886' title='bbox 2311 5454 2465 5524; x_wconf 89' lang='lat' dir='ltr'>quod</span> <span class='ocrx_word' id='word_1_887' title='bbox 2490 5458 2546 5508; x_wconf 88' lang='lat' dir='ltr'>et</span> <span class='ocrx_word' id='word_1_888' title='bbox 2569 5469 2627 5506; x_wconf 89' lang='lat' dir='ltr'>re</span> <span class='ocrx_word' id='word_1_889' title='bbox 2650 5460 2706 5506; x_wconf 89' lang='lat' dir='ltr'>et</span> <span class='ocrx_word' id='word_1_890' title='bbox 2725 5450 2957 5505; x_wconf 88' lang='lat' dir='ltr'>nomine</span> <span class='ocrx_word' id='word_1_891' title='bbox 2972 5448 3301 5519; x_wconf 82' lang='lat' dir='ltr'>participat,</span> <span class='ocrx_word' id='word_1_892' title='bbox 3332 5444 3441 5499; x_wconf 88' lang='lat' dir='ltr'>nisi</span> <span class='ocrx_word' id='word_1_893' title='bbox 3463 5440 3600 5513; x_wconf 90' lang='lat' dir='ltr'>quod</span> <span class='ocrx_word' id='word_1_894' title='bbox 3624 5446 3758 5506; x_wconf 76' lang='lat' dir='ltr'>parva</span> <span class='ocrx_word' id='word_1_895' title='bbox 3775 5437 3836 5524; x_wconf 54' lang='grc' dir='ltr'>ῠίξο</span> 
     </span>
    </p>
   </div>
   <div class='ocr_carea' id='block_1_120' title="bbox 2312 5516 3831 5608">
    <p class='ocr_par' dir='ltr' id='par_1_120' title="bbox 2312 5516 3831 5608">
     <span class='ocr_line' id='line_1_120' title="bbox 2312 5516 3831 5608; baseline -0.016 -13"><span class='ocrx_word' id='word_1_896' title='bbox 2312 5541 2489 5596; x_wconf 90' lang='lat' dir='ltr'>minis</span> <span class='ocrx_word' id='word_1_897' title='bbox 2504 5516 3329 5608; x_wconf 75' lang='lat' dir='ltr'>inﬂexionesejiiugitur.Nam</span> <span class='ocrx_word' id='word_1_898' title='bbox 3352 5534 3402 5587; x_wconf 91' lang='lat' dir='ltr'>id</span> <span class='ocrx_word' id='word_1_899' title='bbox 3423 5516 3831 5603; x_wconf 66' lang='lat' dir='ltr'>quodjuslumcéi-</span> 
     </span>
    </p>
   </div>
   <div class='ocr_carea' id='block_1_121' title="bbox 2310 5613 3831 5700">
    <p class='ocr_par' dir='ltr' id='par_1_121' title="bbox 2310 5613 3831 5700">
     <span class='ocr_line' id='line_1_121' title="bbox 2310 5613 3831 5700; baseline -0.016 -15"><span class='ocrx_word' id='word_1_900' title='bbox 2310 5635 2368 5685; x_wconf 90' lang='lat' dir='ltr'>et</span> <span class='ocrx_word' id='word_1_901' title='bbox 2388 5628 2612 5700; x_wconf 88' lang='lat' dir='ltr'>justitia</span> <span class='ocrx_word' id='word_1_902' title='bbox 2634 5628 2960 5699; x_wconf 85' lang='lat' dir='ltr'>participat,</span> <span class='ocrx_word' id='word_1_903' title='bbox 2977 5632 3030 5682; x_wconf 87' lang='lat' dir='ltr'>et</span> <span class='ocrx_word' id='word_1_904' title='bbox 3056 5621 3509 5695; x_wconf 76' lang='lat' dir='ltr'>inﬂexojustitize</span> <span class='ocrx_word' id='word_1_905' title='bbox 3530 5613 3719 5673; x_wconf 85' lang='lat' dir='ltr'>nomine</span> <span class='ocrx_word' id='word_1_906' title='bbox 3735 5614 3831 5657; x_wconf 65' lang='grc' dir='ltr'>[καθ’</span> 
     </span>
    </p>
   </div>
   <div class='ocr_carea' id='block_1_122' title="bbox 2209 3107 2251 3173">
    <p class='ocr_par' dir='ltr' id='par_1_122' title="bbox 2209 3107 2251 3173">
     <span class='ocr_line' id='line_1_122' title="bbox 2209 3107 2251 3173; baseline 0 0"><span class='ocrx_word' id='word_1_907' title='bbox 2209 3107 2251 3173; x_wconf 92' lang='lat' dir='ltr'>C</span> 
     </span>
    </p>
   </div>
  </div>
