3990 6174
172 388 290 444 1113

1015 390 1091 442 IN
1128 388 1387 443 TOPICA
1423 383 1803 442 CICERONIS
1837 380 2389 438 COMMENTARIA.
2431 386 2567 439 LIB.
2607 387 2704 439 IV.

3411 387 3548 442 1114

174 515 253 570 via
280 512 533 581 creverit,
567 513 851 585 quaeritur
880 530 952 569 an
987 514 1193 569 debeat
1224 515 1427 581 arceri,
1460 509 1791 582 respondet,
1822 509 1878 576 Α
1909 524 2022 564 non
2046 509 3041 584 nocens.Nocentisquoqueduplex
3065 512 3285 584 species
3307 513 3549 582 est,alia

166 601 893 674 inquit,Mutius,quoniam
919 618 1071 673 aqua
1096 603 1293 674 pluvia
1316 620 1348 657 a
1370 602 1620 674 pluendo
1635 599 1791 654 dicta

162 693 251 760 sit,
282 690 517 745 fluvium
552 707 812 762 quoque,
845 691 946 763 qui
978 691 1234 764 pluendo
1274 690 1539 760 creverit,
1578 702 1789 759 aquam

161 798 281 838 esse
312 779 588 852 pluviam,
615 786 795 852 atque
825 781 1007 836 arceri
1040 780 1261 836 deberi.

227 872 347 927 Cum
378 875 564 927 autem
593 889 624 927 a
647 887 849 940 genere
874 872 1100 927 ducetur
1118 876 1530 942 argumentum,
1553 886 1663 926 non
1682 874 1792 929 erit

156 977 355 1018 necesse
385 960 453 1016 id
481 977 655 1031 usque
685 978 719 1015 α
743 962 922 1032 capite
948 977 1237 1028 arcessere,
1270 977 1406 1033 saepe
1432 962 1602 1016 etiam
1647 963 1792 1017 citra

155 1052 288 1117 licet,
311 1048 597 1105 dummodo
621 1065 789 1122 supra
807 1051 859 1104 si
878 1050 1019 1121 quod
1037 1052 1277 1106 sumitur
1298 1066 1463 1122 quam
1483 1049 1542 1106 id
1560 1049 1633 1105 ad
1651 1049 1792 1123 quod

151 1142 401 1209 sumitur,
436 1147 498 1194 ut
524 1155 670 1209 aqua
699 1139 890 1209 pluvia
910 1138 1109 1193 ultimo
1138 1154 1334 1209 genere
1361 1154 1424 1194 ea
1469 1144 1547 1195 est
1578 1154 1700 1211 quae
1727 1138 1793 1195 de

154 1228 286 1284 caelo
307 1230 525 1284 veniens
554 1230 745 1283 crescit
776 1228 962 1291 imbri,
992 1228 1082 1283 scd
1139 1230 1400 1299 propiore
1429 1228 1542 1284 loco
1597 1229 1657 1284 in
1686 1245 1791 1299 quo

149 1321 312 1390 quasi
342 1318 437 1387 jus
467 1318 702 1374 arcendi
728 1317 1058 1373 continetur.
1087 1319 1263 1374 Genus
1288 1324 1392 1389 est,
1424 1334 1573 1389 aqua
1601 1319 1793 1390 pluvia

148 1424 356 1475 nocens,
387 1407 503 1473 eius
534 1410 750 1477 generis
766 1406 1107 1479 [ormaeJoci
1133 1407 1358 1474 vitio,et
1371 1424 1542 1462 manu
1570 1424 1790 1475 nocens,

148 1512 372 1569 quorum
402 1497 577 1551 altera
608 1496 831 1562 iubetur
861 1496 928 1551 ab
957 1495 1167 1551 arbitro
1194 1498 1453 1564 coerceri,
1477 1498 1653 1553 altera
1682 1514 1789 1553 non

142 1586 381 1657 jubetur.

220 1674 370 1729 Talis
392 1690 673 1745 generum
699 1674 961 1746 specieru
974 1690 1148 1746 mque
1176 1674 1525 1747 intelligitur
1547 1690 1675 1730 esse
1697 1692 1796 1729 na-

147 1770 296 1829 tura,
332 1768 396 1817 ut
427 1779 560 1817 cum
593 1762 954 1835 colliguntur
978 1763 1063 1817 vel
1095 1764 1270 1818 etiam
1322 1764 1686 1834 dividuntur,
1720 1764 1791 1819 ab

148 1853 463 1907 individuis
498 1868 600 1924 per
630 1851 853 1924 species
881 1856 936 1907 et
968 1868 1183 1923 genera
1218 1870 1406 1924 usque
1438 1853 1507 1909 ad
1541 1853 1793 1908 maxima
1821 1875 1868 1939 B

149 1958 358 2014 genere
373 1942 552 2013 possit
567 1942 823 2008 escendi,
850 1942 1108 2013 itemque
1127 1959 1159 1998 a
1179 1942 1453 1997 maximis
1479 1943 1791 2014 generibus

150 2047 252 2101 per
282 2031 430 2086 infra
460 2031 643 2102 posita
675 2047 891 2103 genera
916 2047 1105 2101 usque
1135 2032 1205 2086 ad
1247 2032 1551 2087 individua
1606 2032 1795 2087 valeat

153 2136 279 2176 esse
309 2122 649 2175 descensus.
684 2119 745 2174 Id
782 2134 917 2173 vero
948 2136 1066 2173 uno
1088 2119 1312 2174 clarum
1364 2121 1461 2175 fiet
1500 2120 1787 2192 exemplo.

146 2210 339 2265 Cicero
371 2209 587 2280 quippe
616 2208 986 2263 individuum
1020 2208 1318 2280 est,bujus
1344 2209 1568 2281 species
1598 2210 1792 2275 homo,

146 2298 325 2368 hujus
356 2312 539 2368 genus
572 2296 804 2365 animal,
837 2296 1017 2367 hujus
1048 2297 1321 2368 superius
1342 2313 1529 2369 genus
1552 2302 1641 2353 est
1667 2314 1789 2353 cor-

143 2402 253 2459 pus
274 2386 619 2455 animatum,
652 2389 709 2440 et
736 2385 782 2440 si
816 2385 1050 2456 longius
1074 2387 1379 2453 ascendas,
1412 2403 1625 2458 corpus
1647 2386 1792 2442 alle-

146 2476 271 2531 rius
293 2491 476 2545 genus
505 2473 852 2539 invenies,si
872 2473 1490 2546 prolixiusegrcdiare,
1516 2475 1793 2530 substan-

146 2562 436 2620 tiaultimi
470 2562 593 2618 loco
624 2562 853 2631 generis
879 2562 1152 2618 occurrit.
1186 2563 1330 2619 Cum
1382 2564 1560 2635 igitur
1608 2563 1794 2619 multa

157 2651 575 2723 sintgenera,si
600 2651 1142 2722 cujuslibetspeciei
1165 2668 1352 2723 genus
1365 2654 1791 2723 assignandum

144 2741 242 2809 sit,
269 2758 382 2796 non
409 2756 645 2797 necesse
677 2739 1026 2811 erit,inquit,
1056 2742 1309 2796 maxima
1333 2746 1397 2797 et
1450 2741 1795 2813 principalia

142 2847 356 2903 genera
388 2844 620 2901 semper
658 2830 982 2900 CXQUII‘CI‘C,
1045 2845 1243 2885 verum
1294 2846 1498 2886 eorum
1560 2847 1795 2903 quoque

146 2920 369 2991 aliquid
399 2936 526 2990 qua:
558 2919 617 2973 in
648 2918 838 2973 medio
867 2917 1046 2974 locata
1084 2925 1226 2974 sunt
1283 2919 1577 2990 oportebit
1625 2920 1795 2975 adhi-

139 3009 297 3072 bere,
318 3007 417 3064 illa
448 3013 643 3062 tamen
677 3006 900 3062 ratione
930 3011 1185 3075 servata,
1235 3012 1297 3062 ut
1346 3024 1577 3080 semper
1606 3025 1793 3078 genus

141 3096 414 3169 superius
439 3095 517 3151 sit
547 3111 612 3150 eo
644 3096 713 3149 ad
748 3095 906 3166 quod
943 3095 1293 3167 praedicatur
1322 3100 1383 3151 ut
1414 3112 1622 3167 genus.
1667 3098 1790 3153 Ex-

147 3192 336 3241 trema
367 3185 582 3257 quippe
613 3184 847 3239 inscitia
872 3189 981 3253 est,
1005 3184 1053 3239 si
1086 3184 1225 3240 dum
1246 3202 1431 3256 genus
1454 3202 1794 3258 semperne-

1903 598 2221 665 manu,alia
2251 598 2410 654 vitio.
2437 600 2547 655 Sed
2575 616 2726 671 aqua
2752 599 2947 672 pluvia
2980 617 3152 656 manu
3185 618 3404 657 nocens
3437 610 3545 673 est,

1901 702 2029 758 quis
2063 686 2141 741 ita
2166 686 2290 743 loco
2322 687 2517 759 aliquo
2558 688 2860 759 excipitur,
2921 690 3059 745 inde
3109 691 3407 761 proﬂuens
3461 693 3546 748 vi-

1901 774 2031 830 cino
2062 780 2287 841 noceat,
2319 777 2368 831 si
2403 778 2565 833 locus
2598 779 2648 832 is
2674 794 2789 833 non
2814 778 2892 834 sit
2916 779 3259 834 naturaliter
3280 781 3542 848 talis,sed

1902 880 2079 919 manu
2115 864 2374 921 hominis
2417 866 2769 939 excipiendas
2801 884 2965 939 aquae
2997 868 3169 923 fuerit
3198 876 3547 941 apparatus;

1900 954 2039 1009 vitio
2068 970 2225 1024 vero,
2260 956 2491 1027 quoties
2521 956 2863 1013 naturaliter
2893 958 2969 1012 ita
2996 975 3123 1013 sese
3154 958 3317 1015 locus
3348 959 3543 1031 habet,

1903 1046 1966 1098 ut
1997 1044 2260 1115 excipere
2281 1061 2489 1115 aquam
2514 1046 2695 1115 possit
2724 1052 2781 1101 et
2804 1062 3009 1102 nocere
3040 1047 3243 1103 vicino,
3281 1049 3338 1103 Si
3372 1048 3547 1119 igitur

1901 1134 2029 1203 ejus
2059 1149 2220 1203 aquae
2252 1149 2428 1205 quam
2460 1136 2596 1205 quis
2624 1136 2805 1190 arceri
2838 1134 2994 1205 velit,
3025 1152 3095 1191 ne
3118 1136 3229 1191 sibi
3263 1141 3488 1205 noceat,
3515 1154 3548 1192 a

1901 1220 2090 1276 vicino
2112 1237 2301 1293 genus
2323 1221 2461 1278 velit
2490 1224 2811 1294 exquirere,
2838 1240 2951 1279 non
2976 1241 3213 1280 necesse
3243 1231 3331 1280 est
3361 1228 3432 1280 ab
3460 1225 3549 1280 ul-

1899 1310 2045 1365 timo
2076 1327 2264 1382 usque
2294 1328 2503 1384 genere
2535 1314 2840 1380 deducere,
2891 1319 2957 1369 ut
3012 1315 3169 1369 dicat
3199 1331 3362 1386 aqua:
3418 1318 3547 1386 ejus

1901 1415 2081 1468 quam
2116 1400 2249 1471 quis
2280 1401 2420 1455 velit
2447 1402 2625 1456 arceri
2646 1418 2831 1474 genus
2862 1418 2990 1459 esse
3020 1421 3230 1476 aquam
3266 1404 3547 1477 pluviam,

1901 1490 2002 1544 sed
2038 1495 2228 1559 potest
2259 1490 2314 1544 id
2340 1491 2492 1562 quod
2524 1490 2770 1561 inquirit
2792 1508 2974 1563 genus
3001 1492 3168 1563 paulo
3192 1494 3438 1549 inferius
3458 1496 3544 1550 in-

1902 1577 2117 1645 venire,
2152 1582 2215 1633 ut
2248 1579 2425 1649 hujus
2456 1596 2619 1650 aquae
2640 1596 2815 1651 quam
2842 1581 3020 1636 arceri
3047 1583 3341 1638 desiderat
3363 1584 3419 1639 id
3443 1600 3545 1655 ge-

1902 1684 2015 1722 nus
2039 1684 2167 1723 esse
2189 1668 2364 1732 dicat,
2388 1670 2541 1739 quod
2570 1674 2823 1741 estaqua
2845 1670 3043 1742 pluvia
3065 1674 3469 1736 nocens.Quod
3497 1672 3546 1728 si

1903 1772 2090 1827 genus
2106 1757 2432 1826 proximum
2448 1762 2687 1828 quaerat,
2711 1758 2855 1814 illud
2880 1760 3377 1830 poteritadhibere
3392 1763 3547 1834 quod

1903 1852 1991 1901 est
2021 1863 2170 1916 aqua
2202 1846 2397 1917 pluvia
2420 1863 2596 1902 manu
2624 1864 2860 1918 nocens,
2884 1849 2992 1905 hoc
3015 1849 3171 1905 enim
3200 1851 3382 1906 arceri
3416 1851 3550 1921 quis

1900 1936 2128 2006 cogitur
2155 1936 2305 2006 quod
2342 1952 2516 1990 manu
2544 1936 2606 1990 fit
2643 1937 2904 1991 noxium.
2934 1938 3097 2002 Quod
3124 1954 3257 1995 vero
3291 1939 3398 1995 loci
3431 1940 3549 1996 for-

1903 2039 1998 2078 ma
2021 2022 2109 2078 vel
2133 2023 2269 2079 vitio
2287 2024 2790 2081 incommoditatis
2813 2025 3032 2097 aliquid
3059 2032 3550 2099 apportat,arcere

1902 2128 2015 2166 non
2050 2112 2294 2182 cogitur.
2330 2114 2490 2177 Quod
2516 2118 2709 2169 autem
2735 2114 3012 2183 diximus,
3037 2116 3167 2186 ejus
3182 2134 3345 2188 aqua:
3369 2135 3546 2189 quam

1901 2201 2082 2256 arceri
2115 2206 2381 2273 oporteat
2415 2219 2601 2273 genus
2658 2220 2787 2260 esse
2831 2221 3006 2275 quam
3054 2205 3308 2276 pluviam
3370 2224 3547 2263 manu

1901 2296 2230 2357 nocentem,
2266 2293 2345 2347 ita
2373 2292 2816 2365 intelligendum
2842 2299 2948 2357 est.
2973 2294 3021 2350 si
3046 2312 3195 2368 aqua
3213 2313 3342 2369 quae
3366 2297 3549 2353 arceri

1902 2380 2074 2435 debet
2105 2380 2357 2451 plurima
2388 2382 2499 2436 sub
2529 2398 2592 2437 se
2622 2382 2797 2437 habet
2843 2383 3146 2441 individua
3193 2390 3253 2442 et
3306 2386 3547 2455 similia,

1900 2473 2045 2524 tunc
2064 2470 2217 2525 enim
2242 2470 2480 2526 demum
2505 2472 2634 2542 ejus
2656 2489 2823 2544 aqua:
2842 2490 2973 2545 quas
2994 2476 3177 2531 arceri
3203 2476 3551 2547 debet,aqua

1901 2557 2097 2631 pluvia
2119 2575 2298 2614 manu
2322 2576 2538 2616 nocens
2560 2577 2746 2633 genus
2765 2578 2893 2619 esse
2907 2564 3135 2635 poterit.
3156 2566 3315 2630 Quod
3335 2565 3550 2635 siaqua

1902 2664 2030 2719 qua:
2056 2648 2239 2704 arceri
2269 2649 2442 2705 debet
2462 2649 2520 2705 in
2538 2651 2699 2706 nulla
2731 2652 3031 2708 individua
3061 2654 3393 2722 diducatur,
3420 2656 3546 2727 ipsa

1901 2742 1990 2793 est
2022 2736 2343 2805 individua,
2372 2755 2477 2794 nec
2508 2744 2598 2795 est
2626 2742 2755 2811 ejus
2786 2757 2970 2811 genus
3001 2758 3153 2812 aqua
3193 2742 3391 2813 pluvia
3448 2760 3548 2798 no-

1901 2843 2041 2882 cens
2066 2843 2265 2891 manu,
2288 2828 2387 2882 sed
2414 2828 2658 2900 species.
2681 2830 2842 2895 Quod
2870 2831 3035 2885 sicui
3060 2830 3363 2899 paululum
3388 2832 3545 2889 vide-

1906 2921 2000 2970 tur
2030 2915 2340 2970 obscurius
2366 2916 2458 2972 hic
2488 2915 2534 2971 si
2561 2932 2660 2972 eos
2689 2919 3140 2974 commentarios
3170 2935 3320 2990 quos
3352 2921 3423 2976 de
3443 2937 3547 2993 ge-

1904 3019 2062 3071 nere,
2093 3004 2302 3075 specie,
2335 3005 2685 3071 difi‘erentia,
2719 3006 2972 3078 proprio,
3005 3012 3181 3079 atque
3239 3009 3548 3078 accidenti,

1900 3092 2363 3163 composuimus,
2398 3094 2562 3149 libris
2596 3096 2858 3166 quinque
2899 3097 3156 3168 digestos
3206 3098 3548 3170 inspexerit,

1905 3181 2049 3236 nihil
2076 3181 2282 3236 horum
2317 3182 2531 3252 poterit
2561 3183 2857 3238 incurrere
2889 3200 3004 3256 quo
3035 3185 3263 3256 caliget.

148 3283 283 3331 tura
304 3246 611 3345 speciebus
635 3273 889 3345 propriis
921 3246 1375 3345 superponatur,
1403 3274 1530 3330 loco
1562 3246 1789 3345 generis
1822 3246 1865 3311 Ε
1975 3271 2266 3327 Commode
2293 3246 2461 3326 etiam
2484 3276 2752 3327 tractatur
2769 3246 3311 3343 Iwcdrgumeiitatio
3332 3293 3459 3347 quae
3480 3294 3550 3333 ea:

138 3367 195 3420 id
231 3365 386 3437 quod
417 3370 505 3420 est
538 3364 782 3419 inferius
814 3364 1148 3420 collocetur.
1199 3364 1483 3431 Quocirca
1510 3366 1787 3421 vitiosum

137 3460 251 3521 est,
286 3455 334 3509 si
369 3453 504 3525 quis
534 3453 792 3524 corporis
808 3452 1527 3526 genusdicatessecorpus
1559 3454 1788 3510 anima-

136 3550 288 3599 tum.
321 3544 445 3607 Quo
476 3543 541 3598 ﬁt
573 3546 638 3597 ut
669 3544 717 3597 si
749 3543 817 3597 ad
853 3544 1104 3614 speciem
1130 3543 1451 3614 aptandum
1476 3548 1561 3598 est
1581 3559 1790 3615 genus,

130 3649 341 3689 eorum
375 3648 503 3703 quin
536 3631 840 3703 superiora
870 3637 1010 3687 sunt
1040 3631 1263 3704 aliquid
1284 3637 1575 3704 aptemus,
1598 3636 1656 3688 et
1676 3649 1789 3688 non

132 3722 245 3777 erit
261 3736 501 3776 necesse
518 3721 792 3775 ultimum
817 3736 1051 3793 semper
1080 3737 1268 3792 genus
1300 3720 1603 3789 adhibere,
1644 3727 1709 3777 ut
1741 3722 1789 3778 si

131 3807 366 3863 homini
399 3822 583 3877 genus
613 3807 914 3879 proprium
960 3823 1293 3879 przeponere
1338 3807 1613 3874 volimus,
1675 3825 1791 3864 non

124 3912 374 3954 necesse
395 3896 967 3951 estutsubstantiam
984 3898 1527 3968 praeponamus,sed
1557 3896 1646 3952 vel
1671 3914 1795 3953 cor-

121 4004 264 4059 pus,
299 3984 389 4040 vel
421 4001 637 4056 corpus
670 3984 1021 4054 animatum,
1054 3985 1139 4040 vel
1166 3986 1319 4056 quod
1371 3986 1627 4041 maxime
1669 3987 1791 4042 fieri

118 4080 364 4148 oportet
384 4072 623 4128 animal.
656 4072 760 4129 Illa
791 4075 947 4128 enim
981 4088 1215 4146 semper
1256 4089 1468 4144 genera
1509 4075 1795 4130 sumenda

118 4169 297 4228 sunt,
319 4178 678 4234 quaecunque
699 4163 964 4234 proxima
988 4162 1189 4218 formis
1204 4161 1522 4231 adhaerent,
1538 4164 1793 4231 eaquein

122 4251 484 4309 definitione
518 4253 770 4306 maxime
794 4251 1303 4321 requiruntur,sed
1328 4251 1384 4305 in
1414 4256 1793 4323 argumenta-

118 4343 403 4399 tionibus
435 4340 577 4396 nihil
611 4340 809 4395 differt
841 4346 1034 4394 utrum
1070 4339 1400 4410 proximum
1451 4339 1658 4411 eligas,
1720 4357 1793 4396 an

116 4430 416 4503 superius
432 4446 639 4501 genus.
658 4429 801 4484 Nam
821 4429 1100 4499 quoniam
1123 4445 1187 4482 ex
1210 4428 1531 4483 continenti
1551 4428 1795 4499 fitargu-

115 4519 450 4585 mentatio,
480 4519 611 4590 plus
628 4518 890 4574 continet
920 4518 971 4572 id
998 4518 1152 4587 quod
1178 4523 1267 4572 est
1286 4517 1561 4589 superius
1585 4534 1793 4589 genus.

1898 3376 2098 3429 genere
2122 3362 2383 3425 sumitur,
2413 3377 2538 3415 cum
2567 3377 2640 3416 ex
2670 3370 2781 3417 toto
2824 3379 3157 3435 persequare
3211 3373 3397 3437 partes
3453 3373 3553 3423 hoc

1899 3449 2096 3505 modo:
2127 3451 2192 3504 Si
2219 3448 2376 3503 dolus
2408 3450 2586 3504 malus
2615 3460 2714 3518 est,
2745 3468 2871 3506 cum
2901 3452 3062 3507 aliud
3113 3453 3330 3522 agitur,
3389 3456 3547 3511 aliud

1896 3538 2217 3606 simulatur,
2249 3554 2579 3594 enumerare
2602 3538 2724 3595 licet
2737 3540 2934 3612 quibus
2951 3542 3009 3597 id
3025 3542 3200 3599 modis
3228 3544 3555 3613 ﬁat,deinde

1900 3629 1960 3682 in
1989 3642 2179 3683 eorum
2208 3628 2449 3698 aliquem
2477 3627 2536 3682 id
2565 3628 2705 3698 quod
2732 3646 2939 3700 arguas
2981 3631 3101 3687 dolo
3134 3633 3284 3687 malo
3340 3634 3555 3704 factum

1903 3715 2216 3772 includere.
2250 3717 2406 3785 Quod
2434 3734 2605 3788 genus
2633 3719 2951 3789 argumenti
2999 3721 3278 3792 imprimis
3324 3724 3552 3793 ﬁrmum

1902 3806 2087 3861 videri
2114 3806 2268 3862 solet.

1971 3892 2203 3949 Dictum
2236 3898 2327 3950 est
2358 3896 2856 3966 quemadmodum
2882 3912 3067 3968 genus
3091 3899 3160 3954 ad
3185 3900 3437 3972 speciem
3456 3903 3553 3959 de—

1903 3983 2037 4039 beat
2066 3984 2277 4055 aptari,
2303 3989 2476 4055 atque
2510 3986 2567 4040 in
2600 4001 2666 4040 eo
2700 3986 3101 4058 praescriptum
3135 3995 3225 4045 est
3257 3996 3322 4045 ut
3352 3990 3463 4045 nisi
3496 3992 3553 4046 id

1911 4073 2066 4144 quod
2090 4078 2181 4129 est
2201 4075 2474 4144 superius
2506 4074 2768 4129 adhiberi
2802 4091 2917 4130 non
2940 4076 3168 4132 debeat.
3202 4079 3369 4135 Nunc
3408 4080 3552 4135 illud

1910 4161 2276 4232 adjungitur,
2305 4162 2803 4232 quemadmodum
2835 4180 2962 4232 ejus
2985 4164 3116 4235 loci,
3151 4168 3251 4237 qui
3282 4183 3314 4221 a
3344 4182 3555 4237 genere

1911 4250 2173 4315 ducitur,
2205 4249 2263 4303 in
2298 4250 2801 4320 argumentatione
2829 4253 3194 4307 commodior
3247 4270 3391 4309 usus
3423 4271 3554 4312 esse

1908 4338 2113 4410 possit.
2140 4336 2614 4410 Quotiescunque
2635 4339 2792 4395 enim
2826 4341 2897 4395 de
2920 4357 2978 4395 re
3004 4341 3207 4413 aliqua
3225 4343 3553 4413 dubitatur,

1907 4428 1980 4495 si,
2007 4426 2154 4482 facta
2193 4428 2424 4498 generis
2454 4427 2706 4499 alicujus
2755 4428 3059 4497 divisione,
3085 4432 3193 4485 sub
3211 4431 3404 4503 aliqua
3428 4435 3557 4504 ejus

1908 4517 2135 4587 generis
2158 4522 2319 4587 parte
2339 4516 2394 4571 id
2414 4518 2484 4573 de
2504 4533 2621 4583 quo
2643 4517 2962 4588 ambigitur
2983 4521 3348 4590 potuerimus
3368 4522 3557 4579 inclu-

110 4609 422 4679 Quocirca
443 4608 493 4663 si
522 4609 592 4663 de
616 4607 851 4663 homine
874 4608 1092 4679 aliquid
1118 4607 1457 4677 ambigitur,
1481 4612 1538 4662 et
1559 4624 1592 4662 a
1621 4623 1792 4678 gene-
1826 4618 1872 4683 Ι)
1907 4605 2210 4674 dere,tunc
2240 4622 2273 4659 a
2307 4621 2518 4676 genere
2541 4609 2786 4661 tractum
2810 4622 2939 4662 esse
2961 4615 3373 4678 argumentum
3396 4611 3557 4667 vide-

104 4719 181 4758 re
210 4697 674 4770 argumentandi
701 4696 1443 4767 sumiturlocus,quidquid
1466 4697 1788 4753 deanimali

100 4791 388 4855 dicetur,
420 4787 477 4841 id
510 4785 687 4841 etiam
721 4786 793 4841 de
825 4786 1061 4842 homine
1095 4786 1529 4857 praedicabitur.
1562 4786 1684 4850 Quo
1726 4786 1795 4841 fit

109 4884 193 4935 ut
228 4877 281 4932 si
322 4875 462 4946 quid
498 4875 672 4931 etiam
705 4874 776 4929 de
808 4874 1067 4929 animato
1125 4890 1365 4944 corpore
1423 4875 1793 4945 praedicetur,

106 4972 293 5025 idem
321 4966 497 5020 etiam
523 4964 593 5018 de
608 4963 845 5018 homine
859 4963 969 5018 dici
990 4963 1273 5035 possit.Ut
1295 4963 1799 5036 igiturargumen-

102 5058 390 5115 tationes
417 5071 483 5110 ex
517 5052 795 5124 proximis
829 5052 1144 5124 generibus
1178 5053 1344 5121 (lunt,
1395 5052 1477 5108 ita
1518 5054 1694 5109 etiam
1727 5071 1796 5110 ex

96 5147 380 5204 alterius
415 5142 773 5201 constitutis.
808 5141 917 5197 Sed
953 5142 1011 5196 in
1070 5141 1163 5197 bis
1220 5141 1497 5197 omnibus
1530 5142 1670 5197 illud
1706 5148 1796 5199 est

94 5236 285 5309 quod
312 5234 565 5289 maxime
583 5231 1076 5287 considerandum
1100 5230 1497 5299 videtur,neid
1525 5233 1678 5303 quod
1704 5238 1794 5288 est

97 5324 390 5382 interius
422 5320 709 5393 superiori
759 5326 1136 5392 praeponatur
1168 5325 1229 5375 ut
1285 5337 1493 5392 genus.
1552 5321 1620 5376 Et
1661 5338 1791 5377 sen-

98 5414 321 5471 tentia
342 5412 583 5483 quidem
619 5410 755 5464 talis
782 5414 888 5465 est.
924 5410 1088 5473 Quod
1137 5426 1269 5465 vero
1328 5410 1399 5465 ad
1456 5409 1789 5482 exemplum

100 5502 377 5567 attinet,
413 5497 809 5555 declarabitur
837 5498 946 5554 hoc
982 5498 1192 5554 modo:
1225 5499 1478 5571 Sitaqua
1510 5498 1707 5571 pluvia
1726 5516 1793 5557 ea

100 5609 262 5664 qua:
300 5590 528 5660 dejecta
557 5589 627 5643 de
647 5586 792 5644 coelo
816 5587 987 5642 imbri
1012 5586 1330 5658 colligitur,
1356 5587 1535 5657 hujus
1565 5588 1791 5660 species

99 5679 356 5753 duplex
384 5682 491 5746 est;
527 5676 640 5733 alia
669 5676 825 5733 enim
859 5692 1015 5749 aqua
1046 5675 1239 5747 pluvia
1274 5691 1488 5732 nocens
1517 5681 1625 5744 est,
1678 5677 1793 5733 alia

1905 4700 2003 4750 tur
2023 4694 2132 4749 hoc
2150 4694 2322 4749 modo
2344 4711 2357 4749 :
2383 4693 2469 4749 Sit
2490 4693 2659 4751 dolus
2677 4694 3137 4768 malus,quando
3157 4698 3315 4754 aliud
3340 4701 3557 4771 agitur,

1906 4784 2065 4841 aliud
2098 4784 2629 4856 simulatur.Hujus
2651 4801 2787 4859 ergo
2816 4786 2865 4841 si
2889 4788 3114 4858 species
3136 4789 3559 4861 dividantur,et

1909 4878 1964 4932 id
1999 4879 2152 4948 quod
2188 4878 2401 4932 factum
2435 4894 2563 4933 esse
2586 4878 2893 4950 arguimus
2910 4877 3082 4934 alicui
3106 4896 3305 4937 earum
3332 4884 3558 4955 specie-

1908 4983 2038 5021 rum
2071 4983 2198 5038 qum
2232 4984 2267 5022 a
2301 4967 2433 5021 dolo
2476 4966 2632 5023 malo
2681 4968 2942 5023 deductas
2991 4975 3132 5025 sunt
3191 4974 3554 5043 potuerimus

1906 5056 2245 5127 adjungere,
2281 5054 2563 5126 quidquid
2598 5057 2667 5111 de
2699 5056 2830 5112 dolo
2890 5057 3042 5114 malo
3099 5059 3555 5132 existimabitur,

1906 5143 2058 5199 idem
2092 5144 2263 5199 etiam
2298 5146 2367 5199 de
2390 5160 2458 5199 ea
2481 5161 2543 5199 re
2563 5161 2737 5216 quam
2762 5147 3070 5218 arguimus
3095 5164 3334 5205 necesse
3354 5151 3556 5220 estju-

1905 5232 2111 5297 dicari,
2144 5236 2203 5287 et
2235 5234 2453 5287 factum
2477 5241 2567 5289 est
2588 5240 3286 5309 argumentumagenere.
3322 5237 3465 5292 Nam
3483 5238 3554 5292 de

1904 5337 2020 5393 quo
2052 5322 2335 5393 quaeritur
2366 5322 2589 5393 species
2610 5329 2717 5389 est,
2745 5331 2800 5379 et
2826 5325 2878 5379 id
2898 5342 2931 5380 a
2952 5342 3068 5398 quo
3100 5326 3355 5381 sumitur
3377 5343 3549 5398 argu-

1903 5417 2168 5466 mentum
2201 5426 2387 5482 genus
2419 5415 2527 5478 est,
2561 5411 2926 5469 scilicetutsi
2962 5415 3041 5468 ita
3072 5414 3361 5484 contingit
3383 5415 3554 5470 dolus

1903 5499 2094 5556 malus
2114 5519 2129 5568 ;
2153 5498 2317 5556 locus
2348 5516 2480 5556 vero
2512 5500 2606 5556 hic
2636 5502 2709 5557 ab
2740 5518 2806 5558 eo
2837 5503 2933 5574 qui
2960 5506 3046 5557 est
3068 5519 3100 5555 a
3123 5505 3379 5574 partium
3407 5521 3551 5559 enu-

1903 5589 2222 5645 meratione
2253 5589 2517 5646 diversus
2539 5598 2644 5646 est.
2671 5591 2784 5646 Nec
2806 5591 2856 5646 si
2884 5606 3300 5646 enumeramus
3331 5596 3555 5664 partes,

1902 5678 1959 5734 id
1992 5682 2081 5734 est
2107 5678 2324 5735 formas
2356 5682 2456 5735 aut
2486 5680 2733 5751 species,
2766 5678 2982 5734 idcirco
3009 5695 3122 5734 non
3150 5695 3181 5734 a
3211 5682 3557 5751 genere,sed
