4024 6184
509 367 648 423 1115

1781 364 1902 418 ΔΝ.
1943 365 2165 418 ΜΔΝΙ..
2206 365 2369 420 BEV.
2407 365 2644 423 ΒΟΕἹΊΙ

3699 370 3801 425 ltiti

507 495 579 550 ab
594 492 1299 563 enumeratione'partium
1318 493 2153 562 duciturargumentum.0uo-
2182 492 2237 558 Α
2265 494 2738 563 Quemadmodum
2769 496 2903 550 siin
2931 494 3064 549 urbe
3081 494 3152 549 de
3175 495 3377 564 ﬁnibus
3402 498 3717 550 controversia
3736 508 3809 567 est,

507 583 619 639 tios
635 583 792 639 enim
809 584 935 653 ipsa
950 581 1203 653 partium
1219 599 1330 638 enu
1343 582 1662 639 meratione
1677 580 1981 636 utimurad
2000 596 2161 647 argu-

506 672 1094 737 mentationem,tunc
1110 672 1180 727 ab
1198 674 1398 727 eadem
1426 672 1742 744 partitione
1760 675 2165 743 argumentum

508 769 759 820 tractum
777 779 906 818 esse
925 763 1202 829 dicimus,
1230 770 1292 819 ut
1309 764 1416 819 hoc
1435 763 1644 818 modo:
1672 762 1729 817 Si
1760 762 2160 827 fundamenta,

509 858 565 909 et
589 852 928 923 parietes,et
960 856 1178 907 tectum
1209 853 1469 919 babet,et
1490 850 1833 907 habitationi
1866 855 1954 905 est
1979 851 2161 905 desti-

510 947 684 998 natus
702 940 1103 1009 locus,domus
1126 941 1566 1013 est.lpsaigitur
1588 940 2160 1013 partitioneutentes,

510 1031 755 1086 domum
788 1045 918 1086 esse
951 1031 1353 1101 probavimus.
1379 1030 1614 1097 Quoties
1647 1045 1777 1085 vero
1810 1028 1920 1083 sub
1952 1043 2162 1099 genere

509 1119 729 1191 aliquid
761 1119 1167 1175 collocandum
1208 1124 1317 1185 est,
1342 1117 1664 1190 divisisque
1695 1117 1958 1189 partibus
1988 1115 2163 1173 alicui

507 1228 708 1267 eorum
737 1227 864 1282 qua
898 1227 929 1265 a
951 1226 1161 1280 genere
1190 1210 1560 1267 deducuntur
1583 1210 1637 1263 id
1657 1209 1726 1263 de
1749 1224 1863 1279 quo
1886 1207 2165 1278 quaeritur

510 1304 996 1373 aggregamus,ut
1020 1300 1127 1355 hoc
1151 1299 1343 1354 modo:
1368 1299 1777 1355 SiCiceronsm
1806 1295 2164 1352 animalesse

512 1395 932 1456 monstremus,
964 1388 1230 1444 dicemus
1262 1389 1374 1443 ita:
1410 1387 1838 1458 ()mneanimal
1861 1391 1963 1442 aut.
1994 1385 2167 1441 ratio-

513 1481 643 1537 nale
673 1484 785 1548 est,
817 1484 919 1535 aut
952 1479 1323 1547 irrationale;
1362 1478 1463 1531 sed
1498 1476 1696 1532 Cicero
1727 1474 2031 1531 rationalis
2056 1479 2165 1543 est,

511 1570 729 1628 animal
764 1569 945 1642 igitur
973 1579 1080 1623 est:
1118 1585 1226 1622 non
1256 1568 1567 1639 partitione
1582 1568 1805 1622 utimur
1828 1566 2163 1639 principali-

509 1666 599 1718 ter
615 1661 683 1716 ad
700 1662 1115 1730 argumentum
1134 1657 1735 1725 constituendum,sed
1751 1656 1966 1711 idcirco
1980 1672 2167 1727 genus

516 1750 851 1811 divisimus.
886 1752 950 1803 ut
985 1748 1041 1802 in
1078 1746 1999 1818 unaqualibetdivisioneidquod
2018 1746 2163 1800 nite-

2265 583 2397 652 quia
2426 584 2561 652 ﬁnes
2591 587 2767 653 magis
2796 601 3061 655 agrorum
3092 584 3351 639 videntur
3376 599 3481 639 esse
3506 600 3642 655 quam
3681 588 3811 651 urbis,

2266 671 2470 741 ﬁnibus
2502 674 2748 743 regendis
2783 674 3031 744 adjicere
3054 674 3341 729 arbitrum
3370 690 3475 728 non
3497 677 3661 744 possis;
3698 678 3812 730 sicsi

2266 778 2409 833 aqua
2439 764 2626 833 pluvia
2656 766 2713 818 in
2750 765 2934 819 urbem
2963 773 3134 830 nocet,
3166 765 3419 833 quoniam
3451 779 3526 817 res
3553 769 3649 819 tota
3690 769 3815 836 magis

2264 868 2521 923 agrorum
2547 862 2625 909 est
2654 870 2816 925 aquae
2834 853 3041 925 pluviae
3058 853 3331 918 arcendm,
3354 852 3570 919 adiicere
3585 869 3672 908 non
3694 858 3816 924 possis

2264 942 2561 997 arbitrum.
2594 944 2676 999 Ex
2695 943 2880 999 eodem
2906 941 3297 999 similitudinis
3325 944 3433 997 loco
3452 952 3602 998 etiam
3626 943 3820 1014 exempla

2263 1036 2580 1101 sumuntur,
2604 1038 2663 1088 ut
2683 1032 2906 1088 Crassus
2925 1035 2984 1088 in
2999 1033 3241 1088 Curiana
3268 1048 3427 1087 causa
3448 1032 3677 1101 exemplis
3689 1033 3819 1102 pluri-

2265 1122 2370 1177 mis
2400 1137 2531 1176 usus
2559 1125 2658 1189 est,
2691 1138 2866 1194 agens
2897 1123 2969 1178 de
2995 1138 3060 1177 eo
3083 1122 3178 1193 qui
3199 1126 3509 1177 testamento
3528 1125 3599 1176 sic
3614 1121 3819 1178 heredem

2266 1214 2607 1281 instituisset,
2640 1216 2699 1267 ut
2726 1211 2778 1267 si
2805 1212 2956 1282 ﬁlius
2982 1222 3149 1266 natus
3179 1210 3391 1266 essetin
3421 1210 3822 1277 decemmensibus,

2266 1301 2422 1372 isque
2457 1307 2711 1356 mortuus
2739 1303 3073 1374 priusquam
3103 1303 3161 1355 in
3185 1317 3346 1355 suam
3378 1299 3599 1355 tutelam
3634 1302 3821 1367 vertisset,

2264 1391 2527 1447 secundus
2556 1397 2733 1448 haeres
2761 1392 3146 1447 haereditatem
3172 1390 3504 1451 obtinuisset;
3520 1406 3624 1459 qua
3648 1406 3821 1444 comma

2263 1484 2510 1537 moratio
2527 1482 2904 1552 exemplorum
2923 1481 3117 1547 valuit,
3146 1496 3316 1551 eaque
3348 1495 3437 1534 vos
3458 1481 3512 1533 in
3531 1478 3823 1549 respondendo

2266 1571 2354 1626 uti
2383 1571 2614 1625 multum
2644 1572 2840 1625 soletis.
2876 1572 3026 1625 Ficta
3055 1571 3221 1625 etiam
3244 1569 3492 1635 exempla
3512 1567 3827 1622 similitudinis

2266 1660 2467 1716 habent
2497 1659 2627 1726 vim,
2660 1658 2750 1715 sed
2772 1676 2837 1714 ea
2870 1660 3115 1714 oratoria
3142 1659 3323 1727 magis
3353 1664 3480 1710 sunt
3509 1671 3655 1726 quam
3680 1658 3824 1717 vestra,

2266 1766 2586 1821 quanquam
2615 1750 2699 1803 uti
2725 1746 2902 1803 etiam
2931 1763 3026 1803 vos
3054 1747 3267 1811 soletis,
3299 1744 3396 1800 sed
3428 1745 3519 1800 hoc
3535 1744 3696 1799 modo:
3720 1744 3829 1811 Finge

511 1842 728 1896 bamur
752 1838 1058 1893 ostendere
1090 1843 1288 1908 posset
1314 1836 1558 1904 includi,
1583 1836 1638 1890 id
1672 1840 1758 1891 est
1778 1840 1840 1890 ut
1862 1835 1918 1889 id
1943 1835 2013 1889 de
2044 1850 2160 1905 quo
2191 1848 2238 1914 Β
2270 1838 2543 1910 mancipio
2571 1839 2808 1911 aliquem
2840 1836 3051 1893 dedisse
3082 1837 3135 1891 id
3165 1836 3307 1907 quod
3336 1836 3601 1905 mancipio
3630 1832 3734 1887 dari
3758 1847 3826 1885 non

512 1927 821 1983 dubitatur
841 1926 901 1981 in
932 1926 1222 1997 assumpti
1241 1924 1599 1981 continentia
1619 1923 1848 1996 generis
1872 1924 2161 1995 redigere-

509 2021 633 2083 tur,
662 2014 862 2087 itaque
889 2015 959 2071 de
989 2032 1054 2070 eo
1088 2031 1188 2081 per
1206 2013 1435 2087 generis
1467 2016 1738 2069 naturam
1788 2012 1936 2067 fides
1977 2012 2159 2067 ﬁeret.

513 2105 607 2162 Sic
638 2121 774 2175 ergo
806 2121 839 2159 a
868 2120 1079 2174 genere
1110 2106 1262 2159 facta
1294 2102 1724 2174 argumentatio
1751 2103 1885 2172 jure
1915 2100 2160 2155 dicetur.

514 2194 783 2267 Amplius
814 2195 895 2250 ita
927 2195 1178 2265 partium
1192 2193 1555 2249 enumeratio
1573 2192 1753 2248 totius
1776 2191 2004 2246 efﬁcere
2025 2190 2161 2246 sub-

517 2285 794 2342 stantiam
820 2283 989 2350 solet,
1023 2284 1142 2339 sive
1164 2282 1306 2338 illud
1342 2282 1674 2337 universale
1733 2281 1831 2349 sit,
1863 2284 1927 2335 ut
1953 2296 2161 2351 genus.

523 2374 641 2429 sive
674 2372 929 2443 partium
962 2370 1374 2442 conjunctione
1404 2367 1753 2440 completur,
1787 2372 1850 2422 ut
1880 2368 2166 2422 totum.At

515 2478 653 2519 vero
673 2462 793 2517 haec
816 2460 1022 2517 divisio
1044 2460 1273 2532 generis
1301 2461 1359 2514 in
1376 2460 1547 2528 cujus
1562 2462 1753 2529 partes
1780 2457 2051 2528 quaelibet
2066 2455 2167 2511 illa

522 2569 613 2610 res
631 2552 703 2606 de
726 2568 844 2623 qua
860 2549 1231 2607 contenditur
1248 2548 1604 2604 includenda
1626 2554 1857 2612 est,non
1882 2546 1937 2601 id
1964 2545 2163 2611 efﬁcit,

520 2647 587 2698 ut
616 2641 803 2697 totius
832 2640 1163 2695 substantia
1191 2639 1601 2703 constituatur,
1627 2638 1727 2692 sed
1755 2642 1817 2692 ut
1838 2636 1981 2692 illud
2009 2637 2162 2703 quod

522 2730 848 2804 approbare
872 2730 1191 2800 quaerimus
1216 2729 1368 2783 intra
1399 2744 1587 2799 genus
1617 2726 1950 2782 collocetur.
1983 2728 2164 2790 Quem

518 2818 1048 2893 argumentationis
1076 2819 1316 2873 modum
1350 2817 1641 2887 imprimis
1663 2816 1743 2871 M.
1769 2815 1999 2871 Tullius
2028 2813 2167 2869 vali-

523 2911 666 2966 dum
697 2926 822 2964 esse
849 2908 1175 2964 confirmat.
1210 2906 1484 2962 lllaenim
1520 2906 1721 2977 regula
1752 2906 1893 2960 satis
1920 2921 2052 2960 vera
2078 2909 2168 2961 est

524 3004 700 3071 atque
717 2998 1067 3055 necessaria.
1084 2998 1218 3061 Quae
1234 2998 1304 3053 de
1320 3012 1531 3070 genere
1545 2996 1897 3067 praedicantu
1909 2995 2162 3059 r,eadem

523 3090 594 3145 de
612 3089 804 3161 specie
822 3088 1012 3143 modis
1034 3086 1310 3142 omnibus
1331 3086 1652 3158 praedicari.
1674 3084 1821 3139 Illud
1840 3100 1972 3139 vero
1987 3088 2165 3154 quaeri

520 3178 770 3249 perutile
803 3181 907 3244 est,
940 3192 1073 3231 cum
1108 3174 1327 3246 aliquid
1353 3176 1423 3230 de
1473 3173 1926 3245 particularibus
1986 3172 2160 3227 rebus

517 3267 799 3339 probatur
821 3283 889 3320 ex
920 3266 1291 3336 superposita
1322 3265 1586 3335 proxima
1615 3262 1828 3335 specie,
1861 3268 1923 3317 ut
1964 3261 2013 3317 si
2054 3261 2160 3317 So-

516 3359 734 3411 cratem
766 3352 1107 3408 rationalem
1130 3368 1258 3407 esse
1302 3352 1714 3423 approbemus,
1767 3352 2045 3423 quoniam
2084 3350 2163 3405 sit

518 3442 714 3507 homo,
745 3458 876 3496 cum
912 3442 989 3495 sit
1016 3441 1189 3496 homo
1224 3440 1548 3510 rationalis,
1583 3446 1778 3495 utrum
1831 3458 1898 3495 ex
1954 3455 2161 3511 genere

521 3549 595 3587 an
625 3549 695 3587 ex
727 3532 913 3587 forma
935 3534 1348 3601 argumentum
1373 3531 1612 3585 ductum
1637 3547 1766 3586 esse
1787 3531 2161 3586 arbitremur.

518 3622 662 3678 Nam
697 3621 747 3677 si
763 3621 1024 3677 dicamus
1042 3636 1349 3691 exgenere,
1374 3620 1815 3691 ultimaspecies
1830 3636 2015 3691 genus
2036 3636 2166 3676 esse

520 3729 635 3768 non
671 3715 881 3782 potest;
909 3711 956 3765 si
980 3727 1048 3765 ex
1062 3709 1709 3782 specie,superpositum
1735 3726 2167 3782 genussemper

520 3800 745 3872 species
778 3799 1023 3870 probare
1056 3798 1367 3854 desiderat.
1401 3800 1665 3855 Socrates
1696 3815 1827 3854 vero
1867 3799 1958 3855 cui
1991 3800 2162 3855 ﬁdem

520 3892 757 3962 praestat
772 3888 1252 3959 bomo,quoniam
1276 3888 1579 3943 rationalis
1596 3894 1898 3959 est,genus
1912 3888 2167 3944 hominis

522 3995 638 4035 non
672 3983 779 4049 est,
801 3978 898 4033 sed
934 3978 1248 4033 dicendum
1282 3981 1370 4032 est
1401 3977 1679 4048 quoniam
1711 3976 1867 4031 velut
1899 3994 1933 4031 a
1961 3993 2171 4049 genere

522 4071 773 4123 tractum
790 4066 1081 4123 videbitur
1094 4073 1529 4137 argumentum.
1544 4065 1684 4121 Nam
1703 4082 1768 4120 ex
1782 4082 1988 4137 genere
2005 4066 2172 4137 quasi

526 4173 594 4213 ex
624 4156 945 4212 continenti
975 4160 1149 4227 atque
1179 4155 1470 4225 ampliori,
1504 4158 1558 4210 et
1591 4157 1661 4211 de
1679 4156 2012 4211 substantia
2036 4155 2176 4210 fides

527 4245 825 4319 praedicati
858 4244 1110 4301 ducitur:
1135 4262 1311 4317 quam
1337 4249 1553 4300 sortem
1595 4247 1665 4300 ad
1718 4262 1825 4300 sua
1875 4244 2177 4299 individua

526 4336 782 4409 speciem
804 4353 974 4391 nemo
1000 4337 1227 4391 dubitat
1248 4336 1533 4403 obtinere,
1567 4353 1697 4391 nam
1723 4341 1779 4392 et
1808 4336 2063 4391 continet
2086 4352 2174 4401 ea,

524 4434 577 4480 et
608 4427 677 4481 de
707 4443 910 4482 eorum
945 4427 1283 4482 substantia
1317 4428 1683 4498 prmdicatur.

596 4515 916 4569 Similitudo
945 4516 1212 4585 sequitur,
1240 4530 1364 4587 qua:
1385 4516 1499 4569 tale
1526 4520 1703 4583 patet,
1737 4515 1828 4568 sed
1866 4513 2178 4569 oratoribus

524 4607 575 4660 et
603 4603 947 4674 philosophis
976 4606 1150 4674 magis
1172 4586 1337 4675 quam
1372 4605 1534 4660 vobis.
1562 4603 1678 4658 Etsi
1702 4605 1855 4658 enim
1877 4618 2065 4658 omnes
2087 4602 2175 4657 ιο-
2206 4600 2251 4666 D
2286 4612 2378 4668 nis
2392 4627 2524 4665 vero
2548 4607 2875 4663 similitudo
2907 4605 3119 4676 duplex
3136 4608 3380 4659 (istaut
3401 4601 3551 4658 enim
3579 4614 3637 4653 cx
3656 4586 3843 4676 plurimi?
3924 4586 3925 4623 Ῑ

525 4695 578 4748 ci
608 4695 718 4747 sint
748 4695 997 4748 omnium
1029 4695 1473 4764 disputationum
1488 4694 1895 4763 adargumenta
1910 4691 2172 4763 suppedi-

530 4781 716 4849 tanda,
753 4790 932 4837 tamen
962 4783 1104 4838 aliis
1125 4781 1585 4854 disputationibus
1600 4782 1971 4838 abundantius
1991 4798 2177 4837 occur-

527 4876 682 4934 runt,
706 4872 835 4926 aliis
857 4872 1171 4942 angustius.
1199 4877 1389 4943 Itaque
1406 4889 1609 4940 genera
1642 4874 1745 4927 tibi
1769 4881 1902 4928 nota
1931 4870 2170 4939 sin.l,ubi

527 4964 713 5017 autem
743 4961 829 5016 his
852 4972 1033 5027 utare,
1064 4978 1169 5033 qua
1187 4963 1387 5017 stiones
1408 4961 1539 5032 ipsae
1554 4964 1606 5015 te
1632 4962 2018 5017 admonebunt.
2036 4960 2173 5015 Sunt

523 5053 673 5108 enim
693 5050 1108 5106 similitudines
1135 5066 1261 5121 quae
1288 5066 1357 5105 ex
1370 5050 1625 5120 pluribus
1645 5049 2032 5105 collationibus
2049 5066 2172 5119 per-

522 5142 752 5197 veniunt
782 5156 886 5210 quo
912 5139 1228 5207 volunt,hoc
1249 5139 1426 5194 modo:
1450 5138 1511 5194 Si
1533 5143 1683 5193 tutor
1708 5138 1867 5207 ﬁdem
1912 5142 2175 5208 prastare

523 5232 697 5298 debet,
729 5234 992 5299 sisocius,
1017 5234 1071 5286 si
1098 5233 1189 5287 cui
1209 5231 1521 5295 mandaris,
1547 5230 1597 5284 si
1616 5230 1713 5301 qui
1732 5229 1995 5300 ﬁduciam
2024 5246 2174 5285 acce-

524 5324 686 5392 perit,
720 5322 873 5376 debet
900 5323 1072 5375 etiam
1097 5326 1437 5390 procurator.
1461 5322 1584 5374 Haec
1611 5336 1680 5374 ex
1706 5319 1962 5390 pluribus
1983 5335 2169 5391 perve-

525 5414 686 5466 niens
705 5427 807 5482 quo
831 5411 943 5465 vult
964 5411 1279 5480 appellatur
1295 5410 1697 5481 inductio,qum
1717 5414 1898 5465 erce
1919 5406 2169 5485 ἐπαγωγή

526 5498 869 5565 nominatur,
903 5517 1010 5570 qua
1024 5500 1333 5569 plurimum
1365 5504 1442 5554 est
1467 5515 1596 5553 usus
1618 5498 1674 5553 in
1690 5499 2035 5553 sermonibus
2060 5500 2174 5554 suis

526 5589 791 5644 Socrates.
824 5587 1073 5642 Alterum
1094 5587 1487 5643 similitudinis
1509 5604 1681 5657 genus
1697 5587 1987 5643 collatione
2004 5590 2175 5643 sumi-

526 5680 639 5745 tur,
672 5692 796 5729 cum
816 5692 925 5730 una
946 5692 1030 5731 res
1052 5678 1171 5742 uni,
1189 5693 1299 5746 par
1327 5679 1455 5748 pari
1473 5682 1849 5748 comparatur,
1869 5677 1968 5734 hoc
1985 5676 2171 5744 modo;

2264 1933 2464 2001 potest,
2496 1945 2635 1984 num
2668 1927 2873 1983 idcirco
2901 1927 2959 1983 id
2980 1926 3097 1998 ejus
3112 1928 3322 1995 [actum
3344 1923 3534 1994 estqui
3551 1920 3749 1992 accepit?
3765 1924 3831 1974 Aut

2268 2036 2405 2075 num
2435 2020 2482 2073 is
2511 2018 2611 2089 qui
2637 2018 2912 2087 mancipio
2944 2016 3115 2082 dedit,
3148 2015 3213 2070 ob
3243 2030 3364 2069 eam
3394 2030 3507 2069 rem
3527 2028 3583 2067 se
3606 2008 3831 2081 obligavit?

2270 2111 2334 2166 In
2354 2108 2457 2163 hoc
2482 2121 2678 2179 genere
2705 2106 3016 2162 oratoribus
3036 2107 3087 2160 et
3118 2103 3461 2175 philosOphis
3493 2116 3760 2157 concessum
3786 2101 3833 2152 est

2271 2207 2333 2253 ut
2351 2200 2506 2252 muta
2522 2198 2689 2251 etiam
2713 2196 3026 2267 loquantur,
3054 2198 3109 2248 ut
3129 2194 3343 2249 mortui
3357 2192 3426 2247 ab
3443 2191 3629 2256 inferis
3653 2191 3833 2245 exciten-

2271 2292 2382 2354 tur,
2416 2296 2476 2341 ut
2507 2286 2719 2357 aliquid
2748 2284 2889 2356 quod
2919 2284 3045 2354 ﬁeri
3071 2282 3236 2337 nullo
3265 2283 3425 2337 modo
3444 2282 3620 2353 possit,
3640 2277 3833 2345 augenda

2273 2379 2357 2433 rei
2385 2375 2566 2448 gratia
2596 2375 2834 2443 dicatur,
2866 2378 2925 2428 ut
2955 2372 3291 2439 minuendae,
3325 2388 3447 2443 quz
3470 2369 3730 2443 hyperbole
3748 2366 3836 2419 dici-

2271 2471 2386 2536 tur,
2418 2475 2469 2522 et
2500 2465 2676 2519 multa
2707 2462 3000 2518 mirabilia
3027 2462 3161 2517 alia.
3196 2461 3299 2517 Sed
3335 2461 3505 2515 latior
3556 2463 3630 2513 est
3675 2469 3832 2523 campus

2272 2557 2520 2622 illorum,
2539 2552 2745 2609 eisdem
2767 2557 2953 2607 tamen
2976 2567 3046 2606 ex
3069 2552 3201 2606 locis
3224 2551 3307 2622 (ut
3331 2554 3464 2605 ante
3483 2548 3620 2619 dixi)
3638 2555 3680 2602 et
3695 2546 3743 2599 in
3754 2560 3834 2597 ma-
3924 2578 3925 2583 η

2271 2646 2444 2700 mimis
2470 2652 2522 2699 et
2553 2644 2611 2699 in
2643 2642 2901 2697 minimis
2932 2640 3334 2712 quaestionibus
3357 2646 3662 2711 argumenta
3676 2635 3834 2689 ducunt.
3924 2672 3925 2687 η

2351 2737 2425 2788 De
2456 2730 2860 2787 similitudinis
2882 2730 3006 2785 loco
3041 2727 3211 2800 plane
3232 2735 3411 2799 atque
3442 2727 3686 2799 expedite
3709 2724 3837 2777 disse-
3924 2772 3925 2785 ξ

2274 2822 2413 2891 ruit,
2448 2836 2801 2892 omnemque
2818 2818 3051 2891 aperuit
3072 2812 3837 2884 intellectum,similitudinum

2277 2912 2541 2968 dividens
2574 2913 2812 2977 formas,
2832 2907 3302 2981 praescripsitque
3318 2906 3675 2980 apertissime
3691 2901 3841 2973 quibus

2276 3002 2465 3074 magis
2481 3016 2548 3056 ex
2562 2999 2953 3056 similitudine
2969 3002 3314 3071 argumenta
3327 2990 3839 3066 contingerent,idest

2275 3090 2642 3164 philosophis
2674 3095 2849 3161 atque
2908 3088 3279 3153 oratoribus;
3340 3086 3555 3141 etenim
3597 3076 3839 3139 similitudo

2278 3178 2997 3251 persuasionibusvidetur
3012 3174 3495 3247 aptissima.Nam
3511 3173 3649 3244 quod
3662 3170 3706 3224 in
3719 3179 3839 3259 unam
3924 3228 3925 3259 ᾖ

2272 3268 2360 3323 vel
2385 3268 2583 3339 plures
2603 3272 2765 3323 extra
2784 3283 2909 3322 eam
2934 3266 3005 3321 de
3023 3282 3137 3337 qua
3156 3264 3676 3335 quaritnrcausam
3696 3256 3838 3313 cadere

2272 3358 2615 3424 solet,l"acile
2644 3356 2798 3411 credi
2828 3359 3019 3427 potest
3042 3355 3098 3410 in
3132 3371 3257 3409 eam
3291 3369 3530 3425 quoque
3559 3352 3623 3405 de
3646 3363 3739 3419 qua
3761 3358 3838 3397 ιω·
3924 3368 3925 3429 Ξ

2270 3446 2497 3518 bigitur
2525 3444 2854 3501 convenire.
2889 3441 3110 3499 Idcirco
3150 3456 3217 3496 ex
3272 3438 3653 3496 similitudine
3700 3436 3836 3486 tracta
3924 3436 3925 3441 ‘

2272 3534 2814 3609 argumentationes
2847 3548 3125 3605 magnum
3158 3530 3494 3586 oratoribus
3542 3539 3695 3582 usum
3742 3532 3837 3609 ρηο
3924 3544 3925 3609 ξ

2274 3608 2453 3691 stant,
2483 3619 3412 3696 pbilosophisquoque,quoniam
3436 3634 3549 3672 non
3570 3616 3625 3669 in
3645 3608 3843 3667 omnibus

2275 3715 2699 3788 quastionibus
2711 3711 3209 3769 demonstratione
3225 3707 3599 3775 utuntur,sed
3615 3696 3846 3788 aliquoties
3924 3740 3925 3788 ἐ

2275 3782 2612 3862 verisimilia
2623 3802 3045 3873 colligunt,quo
3062 3800 3112 3854 id
3132 3798 3364 3855 facilius
3377 3782 3846 3871 persuadeantquod

2279 3897 2553 3951 nituntur
2578 3891 2902 3957 ostendere,
2937 3888 3266 3945 similitudo
3299 3902 3497 3943 rerum
3526 3898 3663 3951 saepe
3686 3883 3755 3933 est
3785 3875 3840 3926 in-

2281 3983 2566 4057 quirenda
2589 3987 2765 4053 atque
2795 3980 3011 4035 idcirco
3045 3979 3207 4034 locus
3247 3995 3275 4032 δ
3310 3972 3683 4032 similitudine
3707 3967 3844 4022 orato-

2283 4075 2447 4129 ribus
2480 4072 2728 4127 maxime
2752 4068 3245 4141 philosophisque
3275 4064 3568 4131 conducit,
3586 4077 3685 4117 non
3711 4062 3845 4111 tamen

2285 4163 2446 4219 solis.
2465 4162 2680 4217 Omnes
2695 4160 2849 4215 enim
2870 4158 2979 4214 loci
2994 4171 3342 4214 communes
3364 4159 3505 4211 sunt
3521 4152 3847 4223 cujusquam-

2284 4252 2567 4317 terize,sed
2588 4250 2645 4304 in
2670 4249 2801 4305 aliis
2824 4247 3370 4313 uberiusincidunt,
3393 4245 3453 4299 in
3477 4242 3599 4298 aliis
3620 4230 3845 4326 angustius
3924 4272 3925 4279 η

2285 4342 2686 4397 inveniuntur.
2722 4338 3001 4404 Quocirca
3034 4336 3283 4409 cognitis
3307 4340 3483 4406 atque
3498 4336 3619 4388 ante
3636 4322 3844 4413 perceptis
3924 4372 3925 4377 η

2287 4431 2429 4488 locis
2449 4429 2801 4501 questiones
2824 4428 2963 4499 ipsae
2982 4443 3109 4498 quas
3126 4426 3543 4480 tractabuntur
3556 4417 3736 4491 quibus
3754 4410 3845 4501 locis
3924 4468 3925 4471 η

2289 4523 2370 4578 uti
2389 4499 2593 4576 debeat
2609 4520 2880 4575 solertem
2897 4517 3158 4572 animum
3177 4520 3451 4586 poterunt
3464 4514 3529 4567 ad
3541 4499 3843 4565 monere.0m-

2288 4698 2613 4756 similitudo
2646 4695 2966 4766 colligitur,
2988 4670 3043 4750 et
3072 4693 3337 4748 inductio
3368 4670 3841 4766 nuncupatumquéd

2287 4788 2464 4846 ϐπ·ωοί
2486 4784 2777 4859 ἐπαγωγὴν
2796 4783 3233 4848 nominant,aut
3251 4780 3500 4853 singula:
3514 4793 3598 4832 res
3627 4786 3711 4845 per
3732 4766 3840 4859 simi:

2284 4844 3144 4944 litudinem'co'mparanturAc
3159 4871 3318 4943 prior
3333 4844 3566 4941 qvuidem
3584 4844 3838 4949 hujuﬂ-mld.i

2283 4971 2390 5023 est:
2418 4965 2476 5021 Si
2499 4969 2655 5019 tutor
2680 4942 2850 5018 ﬁdem
2874 4942 3370 5034 praestaredebet,
3403 4957 3453 5013 si
3479 4954 3677 5013 socius,
3719 4942 3834 5039 sit!“

2284 5052 2677 5121 mandaveris,
2710 5052 2755 5107 si
2789 5050 2891 5122 qui
2925 5050 3198 5105 ﬁduciam
3230 5046 3535 5119 acceperit,
3557 5040 3699 5095 debet
3717 5037 3833 5087 etiam

2284 5148 2639 5216 procurator.
2665 5141 2810 5196 Nam
2844 5156 2977 5195 cum
3002 5139 3061 5193 in
3094 5138 3363 5210 pluribus
3396 5136 3564 5191 rebus
3588 5128 3706 5183 ﬁdes
3732 5130 3829 5216 prf'

2282 5200 2423 5286 stari
2449 5229 2679 5293 debeat,
2701 5243 2933 5298 unaque
2947 5200 3275 5281 similitudo
3298 5224 3373 5279 sit
3390 5224 3448 5277 in
3468 5221 3572 5276 fide
3591 5200 3831 5298 praetenti:

2283 5325 2399 5375 tam
2422 5320 2478 5372 in
2496 5322 2688 5372 tutore
2707 5333 2881 5387 quam
2900 5316 3259 5386 socio,atque
3274 5332 3337 5370 co
3355 5313 3443 5367 cui
3463 5307 3754 5387 mandatum
3769 5294 3829 5387 sit.

2281 5424 2460 5479 eoque
2483 5407 2580 5477 qui
2597 5407 2670 5461 {id
2683 5378 2868 5462 nciam
2892 5378 3368 5475 acceperit,debet
3384 5400 3575 5456 eadem
3591 5378 3827 5479 simillimisi

2283 5497 2647 5570 procuratori
2679 5496 2854 5551 etiam
2880 5493 3204 5549 convenire.
3224 5490 3516 5549 Fiduciam
3533 5498 3648 5538 vero
3674 5481 3809 5561 δεθεῖβί

2282 5569 2611 5656 cuicunque
2639 5592 2747 5641 res'
2768 5583 2961 5656 aliqua
2992 5583 3374 5653 mancipatur,
3405 5582 3468 5633 ut
3516 5585 3627 5629 eam
3668 5569 3821 5656 ξηεωίξξ·

2285 5676 2444 5747 PHnti
2480 5641 3049 5746 remancipct,‘velut
3077 5672 3124 5726 si
3158 5641 3291 5741 quis
3322 5641 3545 5738 tempus
3564 5653 3756 5717 dubium
3776 5641 3819 5694 li-
3924 5722 3925 5741 χ

3814 5468 3825 5513 τ
3924 5482 3925 5503 ι
