4024 6184
513 286 660 347 1139

1799 277 1918 330 AN.
1957 276 2182 330 MANL.
2221 277 2380 332 BEV.
2419 278 2660 336 ΒΟΕΤΙῙ

3719 282 3823 340 {HO

520 418 712 487 legata
739 409 988 485 pecunia
1009 407 1342 468 numerata,
1362 418 1495 457 cum
1512 401 1562 458 ei
1577 400 1654 456 sit
1675 406 1982 474 argentum
2001 417 2176 456 omne
2206 404 2261 469 Α
2290 421 2404 460 non
2450 412 2804 479 sequuntur,
2847 425 2949 481 pro
2998 406 3198 462 liberis
3237 421 3458 461 manere
3484 403 3609 459 nihil
3633 414 3828 478 oportet,

524 507 935 575 legatum,non
949 504 1033 552 est
1056 499 1369 565 argentum
1394 496 1702 546 numerata
1721 491 1999 562 pecunia;
2021 491 2183 558 atqui

534 599 624 650 est
653 594 958 658 argentum
993 587 1304 640 numerata
1343 580 1614 652 pecunia,
1648 580 1836 651 legata
1865 585 1956 635 est
2003 581 2185 651 igitur

534 681 1096 739 mulierinumerata
1131 673 1400 746 pecunia,
1422 689 1555 726 cum
1590 671 1640 726 ei
1672 671 1845 726 fuerit
1876 675 2180 742 argentum

537 787 712 828 omne
742 769 1024 839 legatum.
1059 765 1172 820 Sed
1204 763 1356 834 quod
1404 761 1634 817 Tullius
1677 759 1976 816 brevitatis
2007 775 2184 815 causa

534 858 834 932 praeteriit,
858 857 913 910 id
935 859 1044 921 est,
1066 853 1225 908 illam
1242 855 1462 922 partem
1484 849 1900 921 propositionis
1919 865 2044 919 quae
2067 847 2180 904 ait:

529 954 673 1004 Cum
704 947 776 1002 sit
798 943 1030 1000 mulieri
1055 946 1365 1013 argentum
1390 939 1861 1010 omnelegatum,
1889 955 1996 993 nos
2014 954 2182 1010 aper-

528 1033 1109 1104 tiorisintelligentise
1132 1049 1312 1086 causa
1331 1029 1782 1098 subjunximus;
1817 1043 1922 1083 nec
1957 1032 2180 1098 pertur-

535 1130 673 1182 bare
697 1127 971 1180 lectorem
1023 1123 1217 1186 debet,
1255 1121 1409 1192 quod
1471 1134 1602 1174 cum
1658 1118 1719 1172 in
1777 1117 2182 1188 superioribus

535 1214 821 1286 exemplis
851 1214 908 1267 in
956 1212 1214 1266 secundo
1264 1209 1433 1264 modo
1467 1224 1570 1279 per
1628 1208 1998 1278 negationem
2032 1206 2184 1261 facta

529 1306 704 1360 fuerit
727 1317 960 1372 semper
991 1299 1345 1370 assumptio,
1378 1303 1434 1351 et
1457 1314 1559 1368 per
1591 1296 1955 1367 negationem
1978 1311 2184 1349 rursus

531 1395 697 1449 illata
722 1389 1040 1459 conclusio,
1061 1405 1217 1442 nunc
1247 1404 1348 1458 per
1378 1387 1829 1441 at‘firmationem
1863 1389 1919 1440 et
1949 1401 2184 1440 assum-

537 1485 658 1556 ptio
691 1487 747 1537 et
778 1479 1077 1535 conclusio
1113 1477 1262 1531 facta
1292 1479 1400 1531 est.
1435 1475 1616 1546 Cujus
1635 1475 1712 1530 rei
1739 1472 2185 1529 evidentissima

539 1572 688 1627 ratio
722 1575 828 1624 est.
849 1569 994 1625 Nam
1015 1582 1148 1620 cum
1182 1566 1238 1619 in
1264 1563 1668 1635 superioribus
1689 1563 1972 1634 exemplis
1996 1563 2187 1634 prima

545 1658 867 1733 propositio
886 1673 954 1710 ex
973 1653 1466 1710 afﬁrmationibus
1482 1651 2187 1720 fueritconstituta,atque

542 1752 603 1805 in
631 1747 885 1803 secundo
912 1744 1083 1799 modo
1107 1742 1435 1812 assumptio
1459 1742 1511 1794 id
1539 1742 1691 1812 quod
1717 1741 2075 1811 sequebatur
2092 1757 2188 1794 au-

541 1831 1374 1905 ferret,atqueinterimeretid
1402 1833 1555 1902 quod
1578 1831 1960 1902 praecedebat,
1987 1847 2186 1886 neces-

540 1928 761 1984 sarium
777 1930 900 1980 erat
914 1925 945 1977 d
959 1922 1208 1994 uplicem
1225 1921 1676 1975 afﬁrmationem
1701 1919 1994 1990 geminata
2013 1936 2192 1990 nega-

521 2018 692 2072 tione
713 2014 1005 2080 consumi,
1029 2014 1136 2067 hoc
1162 2011 1334 2066 modo
1358 2027 1372 2065 :
1394 2011 1450 2063 Si
1473 2009 1598 2065 dies
1631 2013 1741 2076 est,
1761 2008 1860 2063 lux
1889 2013 2000 2076 est,
2027 2013 2190 2064 utrae-

536 2123 650 2177 que
667 2121 734 2158 ex
757 2100 1147 2158 afﬁrmatione
1169 2104 1308 2154 sunt
1330 2099 1682 2153 constitutas.
1713 2098 1781 2153 Ut
1798 2097 1976 2167 igitur
1997 2100 2193 2168 poste-

538 2195 655 2249 rior
678 2210 833 2264 pars,
858 2191 912 2245 id
944 2193 1034 2245 est
1062 2188 1162 2244 lux
1194 2193 1305 2256 est,
1346 2204 1474 2258 quae
1507 2187 1815 2242 affirmatio
1847 2190 1956 2253 est,
1994 2185 2193 2241 interi-

543 2289 758 2348 matur,
784 2281 1128 2350 deneganda
1149 2283 1256 2333 est.
1285 2277 1484 2331 Dicam
1509 2276 1720 2347 igitur:
1754 2275 1926 2346 Atqui
1963 2292 2074 2330 non
2108 2279 2197 2330 est

541 2373 666 2438 lux,
690 2389 804 2440 quo
827 2371 892 2423 fit
922 2373 986 2423 ut
1009 2367 1429 2439 praecedentem
1450 2381 1684 2436 quoque
1708 2369 1957 2436 partem,
1983 2365 2040 2418 id
2082 2367 2193 2434 est,

551 2463 676 2516 dies
698 2464 1001 2528 est,quam
1037 2456 1492 2512 alﬁrmationem
1527 2471 1655 2510 esse
1687 2455 2063 2509 manifestum
2085 2458 2194 2520 est,

550 2550 860 2621 negatione
873 2544 1751 2610 tollamus,concludentes,dies
1768 2543 1946 2614 igitur
1960 2560 2070 2597 non
2087 2551 2198 2599 est.

541 2643 612 2695 At
645 2641 700 2692 in
735 2638 841 2691 hoc
883 2635 1178 2689 Ciceronis
1227 2632 1491 2704 exemplo
1543 2641 1790 2704 utraque
1824 2650 1961 2704 pars
1993 2632 2196 2702 prima:

550 2734 726 2797 atque
747 2723 1136 2797 hypotheticaa
1158 2721 1573 2794 propositionis
1588 2722 1997 2791 negationibus
2019 2738 2200 2776 enun-

542 2818 687 2872 tiata
720 2819 830 2883 est,
854 2831 982 2884 quis
1017 2814 1074 2869 in
1119 2813 1525 2884 assumptione
1555 2812 1638 2868 vel
1673 2813 2049 2868 conclusione
2081 2829 2198 2868 non

545 2909 616 2961 ab
632 2905 760 2961 aliis
780 2905 891 2959 nisi
909 2905 980 2959 ab
996 2903 1492 2959 afﬁrmationibus
1506 2905 1817 2958 auferuntu
1828 2905 1991 2970 r,hoc
2003 2904 2196 2960 modo.

549 2996 647 3050 Est
677 2995 834 3049 enim
873 2992 985 3048 tale
1015 2991 1310 3048 Ciceronis
1343 2992 1716 3063 exemplum:
1771 2992 1818 3046 si
1864 2995 2051 3064 legata
2085 3009 2198 3047 non

551 3089 640 3139 est
673 3081 904 3137 mulieri
962 3085 1272 3136 numerata
1321 3081 1588 3152 pecunia,
1619 3097 1733 3136 non
1768 3086 1858 3136 est
1887 3085 2196 3138 numerata

2293 499 2351 550 et
2378 496 2456 550 ita
2482 515 2594 552 non
2629 505 2719 552 est
2750 517 2781 553 a
2813 496 3300 569 consequentibus
3332 501 3713 564 argumentum,
3737 499 3834 566 quia

2293 604 2408 640 non
2439 585 2492 641 id
2519 588 2673 658 quod
2701 588 3173 658 consequebatur
3203 587 3552 654 assumptum
3587 588 3678 649 est,
3698 587 3770 638 sed
3797 589 3831 639 id

2292 677 2448 746 quod
2482 676 2863 748 prmcedebat.
2897 676 3034 730 Erat
3081 674 3298 745 quippe
3346 671 3832 743 antecedens,nupta

2297 765 2507 820 mulier
2552 770 2762 838 praeter
2785 764 3060 821 connubii
3087 765 3189 835 jus
3216 781 3228 829 ;
3255 762 3604 832 sequebatur,
3634 777 3740 814 cum
3766 764 3832 816 ﬁlii

2293 860 2518 925 patrem
2544 873 2658 910 non
2683 855 3100 925 sequebantur,
3128 870 3228 924 pro
3261 851 3345 906 eis
3368 848 3502 904 nihil
3531 865 3592 903 ex
3609 849 3720 902 dote
3743 852 3833 904 reti-

2293 944 2440 998 neri.
2458 944 2549 999 Sic
2573 943 2750 1014 igitur
2771 941 2999 998 Tullius
3023 957 3124 1012 pro
3141 957 3208 995 eo
3231 939 3379 1010 quod
3405 944 3490 994 est
3510 957 3541 993 a
3558 955 3832 1010 consequen-

2291 1032 2452 1088 tibus
2475 1039 2908 1104 argumentum,
2943 1032 3015 1086 ab
3047 1029 3517 1086 antecedentibus
3547 1027 3712 1100 potius
3728 1030 3834 1083 dedit

2291 1123 2647 1193 exemplum.
2681 1125 2877 1178 Potest
2907 1138 3040 1177 vero
3071 1121 3151 1175 ita
3182 1120 3304 1175 fieri
3345 1137 3377 1174 a
3435 1122 3833 1189 consequentibus

2293 1218 2732 1284 argumentum,
2759 1213 2809 1266 si
2833 1213 2886 1266 id
2913 1212 2983 1266 de
3005 1228 3120 1282 quo
3147 1209 3428 1280 quaeritur
3469 1208 3618 1278 prius
3639 1216 3834 1278 ponatur,

2293 1308 2351 1357 et
2371 1303 2427 1356 id
2463 1303 2617 1372 quod
2642 1302 3064 1358 assumendum
3094 1318 3107 1368 ;
3133 1304 3224 1354 est
3247 1297 3552 1370 posterius,
3583 1297 3675 1351 hoc-
3691 1299 3835 1351 modo:

2292 1392 2348 1446 Si
2377 1392 2516 1462 quid
2537 1407 2605 1446 ex
2653 1392 2787 1446 dote
2812 1407 2910 1462 pro
2943 1389 3144 1445 liberis
3171 1403 3407 1443 manere
3437 1385 3707 1457 oportebit,
3746 1387 3835 1454 quia

2294 1485 2519 1552 patrem
2555 1479 2720 1535 liberi
2754 1483 3103 1550 sequuntur,
3137 1494 3270 1533 cum
3303 1493 3371 1531 eo
3403 1480 3575 1545 nupta
3601 1475 3837 1529 estmulicr

2295 1568 2534 1639 quicum
2562 1569 2841 1624 connubii
2861 1571 2960 1638 jus
2983 1573 3156 1624 esset.
3180 1565 3547 1636 Sumoigitur
3564 1563 3612 1617 id
3629 1565 3838 1633 quodcun-

2295 1659 2563 1728 sequitur
2586 1675 2690 1731 per
2713 1656 3193 1731 negationem,ita
3218 1656 3354 1710 :Sed
3371 1670 3483 1708 non
3505 1656 3837 1723 estnuptamu-

2298 1746 2402 1802 lier
2436 1764 2568 1804 cum
2611 1765 2677 1803 eo
2708 1749 2946 1818 quicum
2976 1745 3252 1802 connubii
3281 1745 3380 1815 jus
3412 1748 3550 1809 erat,
3583 1748 3726 1812 atque
3760 1741 3838 1794 ideo

2296 1837 2395 1907 qui
2420 1837 2538 1892 nati
2561 1842 2720 1904 sunt,
2744 1843 2963 1909 patrem
2980 1853 3092 1892 non
3110 1839 3461 1906 sequuntur.
3480 1833 3841 1901 Perimiturergo

2297 1928 2357 1982 in
2380 1925 2756 1982 conclusione
2778 1927 2833 1980 id
2859 1926 3014 1997 quod
3036 1925 3094 1979 in
3123 1923 3521 1996 propositione
3540 1925 3840 1991 praeesset-at.

2299 2016 2384 2069 Ita
2405 2031 2507 2085 pro
2546 2014 2747 2070 liberis
2780 2014 2961 2086 igitur
2993 2030 3230 2069 manere
3263 2011 3412 2067 nihil
3445 2014 3672 2081 oportet.
3698 2009 3777 2063 Sed
3799 2009 3842 2060 de

2299 2104 2555 2159 secundo
2582 2103 2752 2158 modo
2779 2104 2892 2158 ista
2917 2100 3395 2170 sufﬁciant,nihil
3422 2098 3842 2170 namque,utarbi-

2301 2199 2446 2261 tror,
2472 2192 2931 2264 praetermissum
2955 2197 3062 2247 est.
3078 2192 3313 2246 Tertius
3334 2190 3542 2245 modus
3563 2206 3593 2242 a
3613 2201 3846 2258 repugnan-

2299 2282 2457 2337 tibus
2481 2281 2650 2354 longe
2683 2283 3029 2354 perspicuus
3060 2281 3169 2336 hoc
3202 2281 3379 2335 modo
3406 2283 3529 2334 est:
3562 2279 3669 2333 Non
3689 2282 3731 2330 et
3747 2275 3846 2344 lega-

2301 2373 2427 2426 tum
2456 2387 2629 2426 omne
2660 2375 2963 2444 argentum
2988 2376 3098 2436 est,
3123 2374 3179 2424 et
3211 2387 3330 2424 non
3360 2373 3450 2423 est
3480 2367 3655 2437 legata
3691 2362 3844 2417 mulieri

2303 2460 2553 2530 pecunia
2583 2466 2945 2514 enumerata.
2973 2459 3073 2514 llic
3106 2475 3362 2530 namque
3388 2470 3716 2525 consequens
3741 2457 3846 2505 erat:

2301 2549 2356 2602 Si
2382 2554 2690 2621 argentum
2706 2555 2859 2604 esset
2881 2566 3051 2604 omne
3077 2547 3333 2618 legatum
3348 2590 3361 2614 ,
3382 2546 3669 2618 pecuniam
3687 2553 3844 2611 quoque

2305 2656 2336 2693 n
2348 2643 2666 2693 umeratam
2684 2637 3181 2710 fuisselegatam;u
3193 2642 3214 2691 t
3226 2636 3410 2708 igitur
3426 2635 3579 2689 fieret
3591 2644 3845 2703 repugnans

2302 2727 2438 2782 huic
2454 2727 2887 2798 consequentia
2921 2727 3268 2799 interposita
3290 2725 3527 2797 negatio
3555 2730 3648 2788 est,
3676 2720 3848 2774 dictun-

2304 2834 2416 2892 que
2439 2821 2545 2882 est,
2574 2816 2620 2870 si
2645 2821 2951 2888 argentum
2985 2831 3158 2871 omne
3201 2815 3462 2886 legatum
3487 2816 3640 2874 esset,
3659 2822 3848 2863 numera-

2306 2911 2423 2960 tam
2449 2905 2755 2973 pecuniam
2782 2922 2895 2960 non
2919 2921 3050 2960 esse
3074 2905 3327 2976 legatam
3359 2921 3372 2971 ;
3400 2901 3548 2976 quod
3570 2899 3688 2970 quia
3704 2903 3848 2968 pugna:

2305 3000 2362 3050 et
2385 2995 2599 3050 falsum
2624 2999 2734 3062 est,
2761 2995 2830 3050 ad
2855 2994 3153 3050 veritatem
3183 2993 3298 3048 alia
3328 2991 3627 3065 negatione
3646 2988 3715 3041 sic
3739 2984 3848 3038 redu-

2308 3085 2462 3140 citur
2485 3101 2498 3139 :
2524 3085 2648 3141 Non
2673 3084 2721 3138 si
2744 3083 3002 3156 legatum
3027 3087 3330 3155 argentum
3359 3087 3467 3143 est,
3493 3096 3599 3134 non
3643 3080 3712 3130 est
3731 3074 3850 3141 legati

541 3173 794 3246 pecunia
830 3176 1166 3242 argentum,
1197 3171 1356 3226 vides
1390 3175 1453 3224 ut
1478 3171 1554 3225 sit
1612 3175 1859 3242 utraque
1918 3170 2148 3242 negatio
2170 3171 2198 3225 ‘I
2228 3144 2271 3211 (δ
2312 3178 2618 3229 numerata
2643 3173 2911 3245 pecunia,
2944 3177 3008 3227 ut
3031 3171 3254 3227 scilicet
3277 3170 3328 3226 ei
3350 3166 3698 3225 attirmationi
3718 3174 3850 3216 conve-

554 3265 702 3318 Nam
727 3266 782 3316 et
802 3277 916 3315 non
937 3276 1066 3314 esse
1092 3261 1340 3330 legatam
1360 3259 1587 3315 mulieri
1605 3261 1912 3332 pecuniam
1934 3279 2008 3316 nu
2021 3278 2204 3316 mera-

545 3357 698 3418 tam,
727 3355 783 3403 et
815 3366 928 3403 non
962 3364 1090 3402 esse
1121 3355 1490 3404 numeratam
1530 3350 1837 3422 pecuniam
1871 3356 2203 3422 argentum,

556 3438 902 3507 utrmqueJn
920 3438 1229 3507 negatione
1249 3441 1387 3492 sunt
1412 3439 1628 3509 positae;
1651 3440 1805 3510 quod
1829 3441 1877 3494 si
1895 3441 2208 3495 auferenda

560 3533 649 3584 est
665 3527 1226 3599 perassumptionem
1246 3529 1663 3598 propositionis
1679 3546 2044 3601 consequens
2059 3547 2210 3602 pars,

561 3618 835 3689 quoniam
856 3617 1084 3687 negatio
1101 3621 1207 3682 est,
1231 3635 1345 3671 non
1362 3634 1490 3673 esse
1511 3624 1874 3675 numeratam
1899 3621 2206 3693 pecuniam

561 3713 894 3778 argentum,
919 3707 1234 3760 dicendum
1270 3712 1360 3762 est
1391 3713 1700 3779 argentum
1742 3727 1866 3764 esse
1899 3711 2208 3780 pecuniam

562 3807 970 3862 numeratam;
1003 3797 1157 3865 quod
1188 3799 1236 3851 si
1270 3797 1327 3849 in
1360 3797 1737 3852 conclusione
1771 3801 2089 3854 auferenda
2123 3803 2213 3854 est

562 3902 697 3956 pars
725 3884 1160 3952 przecedens,ea
1179 3901 1307 3954 quae
1332 3886 1560 3951 negatio
1593 3891 1701 3953 est,
1720 3886 1776 3940 id
1809 3892 1916 3951 est,
1938 3905 2050 3941 non
2085 3905 2214 3942 esse

566 3973 820 4044 legatam
853 3973 1087 4026 mulieri
1122 3974 1430 4044 pecuniam
1475 3981 1867 4043 numeratam,
1899 3977 2211 4031 dicendum

567 4069 655 4117 est
677 4079 689 4115 :
715 4062 928 4132 Legata
954 4062 1134 4132 igitur
1156 4062 1386 4117 mulieri
1413 4074 1715 4119 numerata
1740 4068 1983 4136 pecunia
2005 4072 2112 4121 est.
2147 4067 2216 4121 Et

571 4152 869 4206 secundus
893 4151 1130 4220 quidem
1159 4152 1369 4206 modus
1387 4152 1492 4207 rite
1518 4171 1550 4207 a
1575 4155 2076 4224 consequentibus
2101 4157 2218 4210 fac-

565 4244 664 4295 tus
683 4241 1029 4309 hujusmodi
1049 4239 1322 4295 est.Illud
1347 4245 1542 4296 tamen
1567 4244 2014 4314 estdiligentius
2037 4246 2214 4299 adno—

566 4331 838 4390 tandum,
873 4330 1026 4398 quod
1089 4331 1360 4400 superius
1393 4331 1468 4386 M.
1498 4331 1752 4402 Tullius,
1785 4350 1916 4388 cum
1950 4333 2215 4389 locorum

568 4418 836 4472 omnium
876 4418 1128 4472 breviter
1158 4419 1424 4490 exempla
1483 4419 1836 4491 disponeret,
1869 4421 1978 4476 loci
2013 4423 2210 4494 hujus,

2312 3262 2456 3329 niat,
2481 3280 2607 3336 quae.
2641 3262 2802 3330 dicit,
2837 3262 2884 3316 si
2914 3261 3172 3334 legatum
3225 3265 3533 3330 argentum
3560 3262 3654 3322 est,
3684 3254 3851 3336 legatain

2311 3369 2440 3408 esse
2471 3335 2776 3426 pecuniam
2809 3356 3196 3406 numeratam.
3219 3349 3584 3404 Assumimus
3606 3344 3750 3416 igitur
3772 3335 3850 3390 bui'.‘

2314 3431 2696 3512 prepositioni
2721 3445 3028 3514 argentum
3053 3456 3226 3495 omne
3256 3455 3389 3493 esse
3422 3438 3681 3509 legatum,
3704 3435 3745 3484 et
3766 3442 3852 3479 con-

2316 3530 2582 3602 ssquitur
2603 3546 2838 3583 omnem
2862 3533 3227 3583 numeratam
3250 3528 3552 3598 pecuniam
3574 3517 3759 3576 mulieri
3778 3525 3853 3566 esse

2317 3620 2680 3691 legatamfut
2703 3617 2777 3672 sit
2810 3619 2994 3673 forma
3021 3616 3549 3687 argumentationis
3571 3603 3852 3679 hujusmodi:

2317 3709 2439 3763 Non
2466 3708 2512 3763 si
2538 3709 2796 3780 legatum
2827 3713 3135 3777 argentum
3157 3712 3266 3772 cst,
3291 3723 3407 3760 non
3432 3708 3517 3758 est
3544 3702 3704 3772 legata
3723 3705 3852 3749 nune-

2320 3803 2445 3852 rata
2477 3799 2746 3868 pecunia,
2771 3798 2933 3867 atqui
2977 3796 3234 3867 legatum
3270 3797 3568 3864 argentum
3621 3793 3708 3850 est,
3735 3783 3855 3851 legi“

2320 3893 2405 3942 est
2428 3887 2604 3959 igitur
2627 3892 2931 3941 numerata
2956 3886 3222 3956 pecunia.
3245 3890 3321 3940 Μ.
3352 3901 3481 3937 vero
3498 3879 3698 3935 Tullius
3720 3883 3852 3943 propo-

2320 3977 2587 4032 sitionem
2644 3976 2722 4030 ita
2775 3975 3082 4030 formavit:
3117 3979 3236 4029 Non
3287 3979 3346 4026 et
3379 3973 3618 4042 legatum
3649 3965 3855 4052 argentea

2319 4072 2429 4132 est,
2453 4072 2508 4120 et
2533 4083 2644 4119 non
2669 4070 2757 4120 est
2775 4064 2965 4136 legata
2983 4067 3290 4118 numerata
3314 4060 3573 4132 pecunia.
3596 4055 3685 4108 Sed
3714 4043 3856 4104 nosid-

2321 4156 2474 4210 circo
2493 4154 2782 4210 casualem
2802 4153 3272 4223 conjunctionem
3289 4149 3760 4222 apposuimuseam
3778 4146 3852 4204 ᾳυε

2322 4249 2410 4300 est
2427 4253 2570 4312 sz,ut
2621 4261 2688 4298 ex
2708 4260 2823 4315 quo
2857 4247 3013 4297 esset
3043 4258 3254 4308 genere
3285 4241 3420 4294 talis
3452 4231 3728 4310 propositio
3753 4237 3854 4278 nion-

2323 4331 2951 4402 straremus.Namqi;e
2976 4331 3029 4384 id
3061 4346 3127 4386 ex
3159 4327 3535 4400 consequenti
3568 4330 3772 4378 conuexo

2322 4423 2552 4493 gatione
2574 4422 2772 4476 addita
2805 4397 2874 4475 ﬁt
2899 4435 3254 4492 repugnans.
3279 4397 3604 4473 Connexum
3625 4423 3731 4464 vero
3753 4397 3854 4456 nulli

566 4505 667 4576 qui
690 4505 1234 4576 aconsequentibus
1249 4507 1506 4574 ducitur,
1527 4508 1944 4565 inconveniens
1957 4499 2213 4567 secundo
2246 4509 2291 4574 D
2323 4528 2484 4584 asque
2512 4515 2576 4565 ut
2600 4511 2676 4565 sit
2701 4510 3038 4580 conjunctio
3063 4513 3258 4581 posset
3280 4507 3594 4564 ostendere,
3616 4498 3851 4570 quamquam

567 4594 1045 4650 conditionalium
1064 4595 1536 4669 syllogismorum
1564 4601 1734 4654 modo
1757 4601 2212 4672 subjecitexem-

568 4683 756 4755 plum,
791 4685 1102 4756 potiusque
1146 4685 1334 4757 primo
1371 4689 1641 4743 convenit
1675 4690 1845 4744 modo
1867 4691 2006 4761 quia
2037 4707 2150 4745 non
2183 4709 2215 4746 a

572 4775 1062 4843 consequentibus
1076 4775 1636 4844 conclusionem,sed
1655 4779 1725 4833 ab
1741 4781 2222 4836 antecedentibus

574 4863 730 4918 facit.
754 4865 832 4918 Ita
850 4865 1067 4935 quippe
1100 4869 1295 4934 posuit
1317 4883 1350 4919 a
1381 4869 1901 4937 consequentibus,
1925 4869 1974 4923 si
2010 4869 2222 4924 mulier

574 4969 707 5006 cum
738 4953 940 5006 fuisset
967 4960 1148 5024 nupta
1197 4971 1328 5008 cum
1391 4972 1456 5010 eo
1516 4958 1756 5025 quicum
1815 4958 2219 5028 connubiijus

576 5056 920 5096 concessum
941 5059 1054 5096 non
1079 5047 1254 5112 esset,
1274 5043 1548 5098 nuntium
1565 5045 1812 5113 remisit,
1829 5046 2104 5118 quoniam
2120 5047 2217 5117 qui

577 5129 697 5183 nati
724 5138 861 5184 sunt
879 5136 1098 5202 patrem
1120 5149 1233 5187 non
1267 5138 1618 5204 sequuntur,
1637 5151 1739 5205 pro
1765 5134 1965 5190 liberis
1988 5153 2223 5192 manere

579 5218 983 5290 nihi|0portet.
1007 5219 1109 5274 Hic
1135 5221 1314 5291 igitur
1345 5239 1477 5276 cum
1505 5228 1803 5293 quaeratur
1821 5241 1888 5278 an
1911 5225 2065 5280 dotis
2087 5243 2223 5296 pars

582 5307 734 5375 apud
755 5307 941 5361 virum
967 5308 1175 5363 debeat
1197 5327 1557 5379 permanere,
1582 5311 1640 5365 id
1664 5313 1815 5381 quod
1846 5315 2116 5382 praecedit
2137 5332 2223 5371 as-

585 5395 860 5454 sumitur,
881 5401 944 5450 ut
967 5397 1062 5451 liat
1087 5403 1212 5452 rata
1233 5398 1532 5453 conclusio
1558 5399 1664 5454 hoc
1717 5403 1924 5455 modo:
1955 5403 2063 5456 Sed
2097 5421 2224 5459 mu-

585 5484 688 5536 lier
711 5501 843 5538 cum
862 5502 926 5538 eo
954 5493 1134 5555 nupta
1157 5492 1243 5541 est
1269 5487 1505 5556 quicum
1535 5490 1810 5543 connubii
1833 5493 1932 5560 jus
1953 5510 2062 5546 non
2095 5495 2223 5565 luit,

587 5571 988 5627 concluditur:
1023 5575 1305 5639 Quoniam
1334 5577 1512 5645 igitur
1549 5579 1648 5649 qui
1683 5579 1801 5634 nati
1833 5587 1971 5636 sunt
1999 5588 2223 5654 patrem

2323 4600 2478 4656 idem
2503 4601 2718 4655 efﬁciat
2733 4604 2783 4654 et
2801 4597 3133 4670 copulativa
3148 4597 3503 4667 conjunctio.
3518 4593 3644 4648 Nam
3658 4600 3752 4657 qua
3767 4591 3852 4631 c011-

2327 4707 2474 4746 nexa
2497 4694 2656 4755 sunt,
2702 4688 2879 4744 etiam
2911 4689 3224 4758 conjuncta
3253 4703 3383 4741 esse
3441 4678 3793 4749 intelliguntur,
3813 4675 3852 4712 θι

2329 4780 2438 4835 hoc
2462 4780 2615 4852 quod
2643 4777 2818 4849 paulo
2835 4784 2968 4832 ante
2992 4777 3247 4832 diximus
3267 4819 3280 4842 ,
3303 4775 3455 4846 quod
3476 4764 3851 4852 argument-time:

2328 4887 2397 4926 ea
2420 4848 2814 4940 propositione
2837 4868 3156 4939 profectum
3182 4872 3289 4928 est,
3315 4881 3438 4936 qua:
3461 4860 3663 4916 duabus
3681 4848 3848 4940 afﬁrma:

2329 4938 2592 5013 tionibus
2625 4938 3031 5026 copulabatur,
3057 4964 3110 5010 et
3134 4955 3345 5026 juncta
3377 4948 3656 5021 negatione
3695 4938 3850 5026 insuper

2332 5049 2609 5116 denegata
2641 5019 2748 5100 est.
2776 5045 2836 5099 In
2871 5019 3155 5100 omnibus
3175 5043 3354 5115 igitur
3392 5019 3529 5095 illud
3553 5038 3630 5090 est
3655 5019 3847 5120 αρρτοδξῖς

2333 5142 2482 5206 tum,
2508 5135 2816 5208 pecuniam
2843 5137 3213 5188 numeratam
3238 5129 3464 5186 mulieri
3488 5120 3676 5183 deberi.
3696 5123 3788 5168 Cum
3806 5116 3847 5208 5‘“

2333 5205 2644 5298 argentum
2662 5223 3232 5294 omnelegatum.Sed
3253 5237 3401 5276 nunc
3417 5216 3635 5300 quidem
3652 5222 3703 5300 ex

2335 5292 2508 5369 dictis
2541 5292 3062 5384 propositionibus,
3098 5309 3152 5363 id
3213 5309 3366 5379 quod
3425 5292 3846 5384 antecedebdlaaf:

2335 5403 2745 5473 sumpsimus;
2774 5418 2928 5456 nunc
2959 5416 3113 5468 vero,
3167 5398 3221 5451 id
3256 5397 3404 5468 quod
3459 5377 3844 5473 conseqiiebattiti

2339 5451 2700 5473 -._--.,.,-.--_-
2732 5451 2745 5470 ,
3068 5451 3113 5468 ν,
3274 5451 3288 5468 ,
3631 5451 3643 5454 _

2339 5510 2492 5546 nunc
2526 5497 2747 5555 autem,
2779 5489 2833 5544 id
2888 5490 3040 5560 quod
3107 5485 3479 5558 repugnabat.
3512 5481 3577 5533 Ac
3619 5472 3673 5524 de

2339 5541 2489 5546 -”“”“
2527 5541 2747 5555 “’“’“⁷“Ἶ
2781 5541 2832 5544 "’
2905 5541 2948 5560 ιθ
2983 5541 3038 5542 κν
3173 5541 3186 5558 ι
3255 5541 3288 5555 υ
3721 5552 3727 5561 ⁸

2338 5581 2552 5637 nandis
2589 5577 2881 5634 Ciceronis
2932 5576 3236 5648 exemplis,
3275 5581 3337 5629 ut
3381 5570 3620 5631 arbitror,
3647 5560 3753 5612 satis
3774 5541 3837 5594 85l-
