3990 6174
165 349 313 406 1145

1056 352 1134 405 IN
1171 348 1430 404 TOPICA
1466 348 1847 404 CICERONIS
1883 349 2435 408 COMMENTARIA.
2475 354 2610 409 LIB.
2650 354 2723 407 V.

3438 352 3575 409 1146

160 491 323 543 mus,
359 489 473 527 non
504 475 561 527 et
582 488 696 527 nox
726 475 782 527 et
811 471 934 527 dies
981 476 1090 542 est,
1125 488 1238 527 nox
1285 489 1399 527 non
1456 478 1651 527 autem
1705 475 1815 541 est,
1849 475 1900 539 Α
1931 477 2063 528 tur:
2090 475 2508 547 primam,quaa
2528 474 2795 531 movendi
2824 474 3178 547 principium
3200 479 3323 545 est;
3356 493 3574 532 secun—

157 563 292 618 dies
316 562 493 635 igitur
514 565 623 616 est.
646 564 782 627 Quae
808 562 1240 633 propositiones
1273 561 1384 615 nisi
1418 561 1474 614 in
1508 560 1821 631 disiunctis

159 652 480 721 medioque
507 651 841 704 carentibus
862 650 1035 704 rebus
1059 655 1240 705 ratam
1265 650 1701 705 conclusionem
1723 650 1820 705 ha-

160 744 306 796 bere
337 757 452 795 non
488 744 778 809 poterunt.
799 740 916 810 Age
947 739 1103 793 enim
1140 739 1218 793 ita
1254 739 1542 808 dicamus,
1596 756 1709 793 non
1765 745 1821 794 et

160 828 397 895 album,
432 834 490 882 et
521 827 782 898 nigrum,
815 844 1222 899 ponemusque
1256 844 1369 882 non
1404 844 1533 884 esse
1593 828 1817 895 album,

158 936 285 973 non
319 917 705 987 consequitur
735 921 799 971 ut
829 917 905 971 sit
932 918 1186 986 nigrum,
1229 922 1421 988 potest
1480 918 1637 972 enim
1691 933 1819 973 esse

156 1008 319 1077 quod
339 1006 595 1061 medium
620 1010 729 1061 est.
750 1006 1097 1075 Hujusmodi
1125 1006 1305 1079 igitur
1327 1023 1428 1078 per
1449 1007 1816 1078 negationem

153 1096 649 1165 conjunctionum
683 1096 767 1164 (ut
790 1094 1020 1150 Tullius
1054 1095 1156 1165 ait)
1206 1095 1529 1166 propositio
1580 1095 1628 1149 si
1662 1102 1817 1150 ratas

154 1185 391 1239 factura
415 1187 503 1237 est
524 1182 931 1237 conclusiones
955 1182 1012 1236 in
1038 1183 1348 1251 disjunctis
1373 1183 1566 1251 rebus,
1593 1182 1813 1238 medio.

152 1289 277 1344 que
300 1272 638 1327 carentibus
672 1273 1173 1340 accommodetur,
1208 1271 1353 1325 alias
1388 1287 1499 1325 non
1534 1271 1643 1324 erit
1693 1276 1813 1325 rate

153 1363 485 1418 conclusio.
523 1362 705 1416 Distat
735 1377 868 1416 vero
904 1361 1227 1433 propositio
1258 1360 1413 1415 tertii
1449 1360 1602 1415 modi
1637 1378 1670 1415 a
1694 1379 1817 1431 pro-

151 1453 451 1524 positione
478 1451 623 1506 sexti
648 1455 702 1506 et
721 1451 978 1521 septimi,
1004 1450 1157 1521 quod
1184 1450 1338 1504 tertii
1369 1450 1521 1504 modi
1548 1451 1816 1521 proposi-

154 1544 241 1596 tio
273 1558 339 1596 ex
362 1541 697 1611 conjunctis
719 1540 999 1595 nascitur.
1028 1540 1155 1594 Haec
1179 1556 1311 1593 vero
1337 1540 1481 1593 sexti
1506 1544 1564 1595 et
1582 1539 1813 1611 septimi

150 1646 227 1684 ex
247 1629 561 1700 disjunctis
586 1628 851 1684 terminis
876 1629 1090 1694 existit,
1117 1629 1258 1682 utin
1285 1628 1689 1699 superioribus
1716 1646 1811 1698 pa-

147 1724 243 1774 tet
268 1718 571 1790 exemplis.
600 1719 676 1772 Ex
699 1718 789 1772 bis
815 1717 1014 1789 igitur,
1039 1717 1250 1787 inquit,
1279 1716 1468 1771 modis
1487 1717 1812 1772 conclusio-

1926 562 2083 627 dam,
2108 578 2177 616 ex
2202 580 2317 634 qua
2350 563 2413 617 ﬁt
2442 562 2687 633 aliquid,
2710 579 2887 629 quam
2920 563 3223 617 materiam
3240 568 3404 618 vocat
3431 582 3444 631 ;
3472 569 3581 619 ter-

1923 651 2067 705 tiam
2082 653 2363 706 rationem
2380 669 2445 707 ac
2460 652 2735 723 speciem,
2752 670 2867 724 qua
2886 653 3345 722 unumquodque
3364 654 3576 709 forma-

1922 744 2019 793 tur
2040 742 2533 810 ;quartam,ﬁnem
2556 746 2789 813 propter
2803 758 2962 813 quem
2977 740 3565 814 quodlibetefﬁcitur,

1924 835 1982 883 at
2004 846 2135 884 vero
2170 831 2241 886 M.
2294 831 2527 886 Tullius
2560 830 2941 902 principalem
2989 846 3299 884 causarum
3333 830 3573 887 divisio-

1924 932 2057 970 nem
2090 916 2225 971 facit
2259 917 2316 972 in
2350 934 2418 973 ea
2459 935 2587 990 quae
2620 917 2878 973 efﬁciant
2908 917 3127 987 aliquid
3179 923 3233 973 et
3264 920 3321 972 in
3356 934 3420 973 ea
3451 919 3580 974 sine

1922 1006 2137 1075 quibus
2169 1007 2316 1060 efﬁci
2347 1015 2657 1078 nequeant,
2693 1012 2755 1061 ut
2794 1007 2849 1060 id
2884 1006 3039 1077 quod
3072 1007 3271 1075 efﬁcit,
3305 1006 3374 1060 ad
3435 1023 3564 1061 eam

1924 1111 2162 1150 causam
2199 1096 2484 1151 referatur
2515 1098 2571 1150 in
2597 1114 2713 1166 qua
2739 1102 2929 1150 motus
2963 1096 3316 1165 principium
3357 1095 3563 1150 consti-

1920 1188 2113 1238 tutum
2147 1190 2257 1253 est,
2291 1186 2345 1239 id
2371 1203 2501 1241 vero
2535 1186 2659 1240 sine
2681 1202 2794 1256 quo
2830 1201 2944 1238 non
2981 1184 3045 1238 ﬁt
3074 1184 3317 1254 aliquid,
3346 1189 3470 1239 tum
3499 1185 3568 1238 ad

1919 1272 2284 1328 intellectum
2320 1275 2575 1330 materiae
2609 1274 3014 1341 transferatur,
3063 1272 3153 1328 vel
3184 1289 3384 1328 eorum
3436 1291 3562 1343 quae

1919 1364 2234 1432 conjuncta
2259 1364 2509 1418 materies
2541 1362 2847 1418 efficientis
2900 1363 3179 1432 adjuvant
3209 1361 3567 1433 facultatem,

1918 1456 2045 1506 tum
2078 1454 2146 1507 ad
2182 1453 2439 1524 reliquas
2471 1470 2680 1509 causas
2698 1454 2967 1519 ducatur,
2992 1456 3057 1506 ut
3082 1452 3257 1523 paulo
3278 1452 3571 1524 posterius

1919 1544 2242 1612 apparebit.
2281 1544 2420 1615 Ejus
2453 1542 2631 1613 igitur
2656 1558 2867 1609 08.11883,
2899 1558 3025 1611 quae
3056 1541 3106 1594 vi
3142 1558 3250 1595 sua
3307 1541 3363 1594 id
3417 1542 3573 1612 quod

1918 1631 2251 1701 subjectum
2281 1637 2367 1686 est
2398 1632 2599 1696 efﬁcit,
2634 1631 2747 1686 tale
2780 1630 3054 1701 proponit
3084 1630 3440 1700 exemplum,
3500 1634 3567 1684 ut

1920 1721 2074 1793 ignis
2105 1722 2402 1776 accendit:
2438 1738 2573 1775 nam
2607 1718 2970 1775 accensionis
2998 1718 3185 1789 ipsius
3219 1719 3569 1789 causaignis

144 1824 264 1862 nes
296 1808 754 1862 innumerabiles
787 1811 1133 1870 nascuntur,
1167 1822 1320 1859 unus
1347 1804 1503 1859 enim
1566 1805 1810 1876 quilibet
1842 1842 1889 1906 Β
1920 1816 2029 1875 est,
2054 1814 2110 1864 et
2142 1810 2193 1863 id
2219 1810 2446 1864 efﬁcere
2478 1814 2690 1881 potest,
2723 1814 2898 1879 atque
2931 1807 3074 1861 illud
3110 1808 3263 1877 quod
3299 1808 3568 1863 accendi-

139 1913 359 1951 eorum
385 1896 592 1950 modus
612 1895 860 1949 inﬁnitis
883 1894 1364 1949 conclusionibus
1390 1894 1575 1963 aptari
1599 1898 1809 1964 potest,

150 1985 341 2040 veluti
366 1985 593 2057 primus
616 2002 681 2039 ac
705 1985 997 2039 secundus
1018 1984 1075 2038 in
1091 1983 1365 2038 omnibus
1382 1999 1511 2054 quse
1534 1983 1644 2037 sibi
1672 2000 1808 2038 con-

148 2092 305 2129 nexa
329 2080 486 2139 sunt,
512 2090 760 2144 quorum
790 2072 987 2127 nullus
1019 2077 1103 2127 est
1125 2089 1426 2139 numerus,
1461 2072 1510 2126 si
1534 2072 1665 2142 quis
1687 2088 1813 2144 per-

146 2164 326 2233 sequi
343 2162 496 2228 velit;
521 2163 779 2232 itemque
794 2161 1252 2231 repugnantium
1269 2160 1498 2215 inﬁnita
1511 2166 1599 2215 est
1615 2162 1812 2216 multi-

152 2253 328 2316 tudo,
359 2252 416 2304 in
453 2252 670 2321 quibus
690 2251 897 2304 tertius
918 2250 1125 2304 modus
1148 2260 1229 2304 est
1254 2249 1415 2303 utilis
1441 2268 1454 2315 ;
1483 2251 1616 2304 item
1646 2250 1815 2321 plura

147 2340 457 2409 disjuncta
490 2343 629 2393 sunt
661 2338 719 2392 in
751 2338 968 2408 quibus
1022 2342 1289 2407 quartus,
1346 2343 1402 2392 et
1456 2338 1728 2408 quintus,
1762 2346 1816 2395 ct

151 2434 382 2497 sextus,
404 2432 459 2482 et
492 2428 781 2499 septimus
812 2426 1129 2497 plurimum
1156 2425 1366 2480 valent.
1392 2432 1581 2497 Atque
1617 2428 1672 2482 in
1701 2428 1813 2496 bis,

154 2517 379 2587 inquit,
414 2517 606 2571 omnis
640 2517 757 2571 fere
786 2520 875 2570 est
904 2514 1227 2580 dialectica,
1256 2515 1356 2569 sed
1384 2516 1453 2569 ad
1479 2516 1702 2586 topicos
1732 2516 1815 2572 lo-

150 2624 259 2661 cos
294 2612 409 2660 tres
427 2606 601 2677 primi
624 2605 779 2660 modi
806 2609 945 2659 sunt
978 2604 1313 2669 necessarii,
1338 2605 1435 2674 qui
1462 2607 1813 2661 antecessio-

152 2712 323 2758 nem,
359 2695 830 2749 consecutionem
865 2699 922 2748 et
946 2692 1395 2764 repugnantiam
1450 2700 1669 2751 tenent.
1708 2696 1819 2751 Re-

154 2784 309 2854 liqui
345 2799 477 2837 vero
508 2781 864 2852 complendas
913 2782 1329 2852 disputationis
1392 2783 1578 2853 magis
1627 2784 1817 2853 gratia

160 2888 343 2944 quam
369 2874 519 2943 quod
544 2874 612 2926 ad
639 2872 788 2926 hanc
812 2872 1241 2927 institutionem
1268 2872 1577 2927 necessarii
1606 2873 1818 2928 fuerint

159 2964 442 3017 videntur
473 2961 704 3031 adjecti.

236 3052 533 3105 Proximus
564 3058 641 3106 est
677 3051 830 3106 tocus
862 3066 1047 3103 rerum
1076 3049 1460 3120 efﬁcientium,
1486 3065 1611 3121 quae
1639 3068 1817 3106 causae

155 3141 550 3211 appellantur,
583 3139 776 3194 deinde
807 3156 993 3193 rerum
1019 3139 1333 3209 effectarum
1356 3141 1423 3193 ab
1444 3140 1818 3209 efficientibus

155 3231 346 3283 causis
366 3244 385 3288 ;
417 3228 612 3282 harum
636 3228 893 3298 exempla
924 3231 984 3281 ut
1015 3228 1353 3297 reliquorum
1382 3230 1616 3284 locorum
1646 3232 1815 3299 paulo

157 3326 296 3371 ante
324 3316 498 3385 posui,
533 3317 819 3387 etquidem
842 3333 909 3371 ea:
927 3318 1046 3382 iure
1065 3316 1242 3371 civili.
1267 3317 1371 3371 Sed
1395 3317 1514 3374 haec
1527 3322 1715 3388 patent
1736 3320 1819 3373 la-

156 3409 278 3461 tius
304 3422 314 3458 :
347 3421 643 3459 causarum
673 3406 825 3460 enim
853 3421 1056 3473 genera
1077 3406 1186 3459 duo
1217 3410 1384 3459 sunt:
1418 3423 1588 3461 unum
1606 3408 1745 3477 quod
1766 3411 1823 3463 vi

160 3512 272 3549 sua
306 3496 371 3548 id
393 3494 530 3565 quod
549 3496 652 3549 sub
674 3511 737 3549 ea
758 3496 1066 3565 subjectum
1086 3499 1185 3559 est,
1210 3503 1354 3549 certe
1375 3497 1561 3564 efﬁcit,
1588 3502 1645 3551 ut
1667 3499 1821 3569 ignis

159 3583 416 3639 accendit
437 3603 456 3649 ;
488 3587 729 3638 alterum
757 3583 897 3654 quod
919 3586 1179 3638 naturam
1201 3584 1485 3655 efficiendi
1504 3600 1613 3639 non
1635 3586 1819 3653 habet,

155 3672 260 3728 sed
287 3673 405 3726 sine
430 3688 541 3741 quo
569 3672 722 3741 efﬁci
750 3688 860 3725 non
888 3673 1080 3741 possit,
1113 3676 1169 3727 ut
1221 3674 1275 3727 si
1305 3674 1425 3742 quis
1456 3688 1534 3729 (res
1590 3690 1817 3729 causam

155 3765 367 3817 statue?
386 3761 517 3815 velit
534 3762 735 3829 dicere,
757 3761 902 3832 quod
918 3762 1039 3815 sine
1062 3777 1121 3815 eo
1138 3778 1244 3815 non
1266 3763 1434 3831 possit
1455 3762 1631 3833 efﬁci.
1648 3765 1819 3833 Hujus

157 3851 389 3917 generis
416 3866 708 3903 causarum
747 3852 868 3904 sine
919 3866 1024 3919 quo
1056 3866 1163 3903 non
1196 3849 1460 3919 efficitur,
1519 3850 1637 3905 alia
1686 3859 1817 3907 sunt

157 3941 351 4009 quieta
407 3940 551 3993 nihil
604 3941 844 4009 agentia,
870 3938 1065 3993 stolida
1098 3939 1508 4009 quodammodo,
1557 3949 1617 3995 ut
1648 3942 1813 4010 locus,

156 4038 399 4097 tempus,
432 4030 689 4096 materia,
722 4030 1080 4095 ferramenta,
1112 4036 1162 4081 et
1192 4036 1391 4082 caetera
1423 4031 1638 4097 generis
1668 4033 1810 4101 ejus-

155 4114 323 4183 dem;
352 4117 471 4171 alia
501 4126 684 4170 autem
705 4117 1138 4186 praecursionem
1159 4116 1447 4185 quamdam
1464 4118 1724 4172 adhibent
1745 4120 1813 4173 αἰ

155 4206 541 4275 efficientium,
568 4208 618 4259 et
640 4205 897 4274 quaedam
920 4204 1158 4274 afferunt
1187 4221 1281 4273 per
1301 4221 1357 4259 se
1376 4205 1717 4273 adiumenta,
1737 4213 1811 4262 et-

154 4295 215 4350 si
246 4310 356 4347 non
387 4293 719 4361 necessaria,
743 4303 799 4347 ut
819 4295 1007 4347 amori
1027 4295 1335 4361 congressio
1356 4310 1588 4349 causam
1608 4297 1810 4350 attule-

152 4390 273 4451 rat,
308 4401 461 4439 amor
486 4383 737 4456 ﬂagitio.
776 4385 855 4437 Ex
883 4384 980 4437 hoc
1005 4399 1201 4453 genere
1230 4400 1527 4438 causarum
1557 4400 1629 4438 ea:
1647 4390 1808 4441 mter-

152 4480 338 4534 m'tate
364 4474 720 4546 pendentium
744 4476 925 4543 fatum
959 4490 993 4526 a
1031 4473 1227 4527 Stoicis
1266 4476 1525 4538 nectitur,
1557 4479 1719 4544 atque
1753 4480 1809 4529 ut

153 4584 355 4625 earum
380 4582 675 4621 causarum
704 4567 824 4618 sine
853 4564 1052 4633 quibus
1081 4564 1230 4632 effici
1260 4579 1368 4617 non
1397 4572 1587 4631 potest,
1610 4579 1815 4631 genera

149 4661 220 4714 di
227 4656 359 4720 vidi,
374 4659 452 4710 sic
473 4656 641 4710 etiam
659 4654 1025 4723 efficientium
1046 4651 1227 4706 dividi
1245 4658 1493 4722 possunt.
1510 4652 1647 4706 Sunt
1664 4656 1813 4707 enim

147 4747 287 4802 aliae
301 4761 477 4798 causae
493 4758 618 4815 quae
633 4743 804 4813 plane
827 4741 1078 4810 efficiant
1100 4741 1259 4795 nulla
1278 4760 1337 4794 re
1351 4742 1661 4810 adjuvante,
1681 4744 1812 4797 alia:

145 4852 276 4909 qure
308 4834 570 4904 adjuvari
598 4832 786 4897 velint,
824 4830 1180 4901 utsapientia
1202 4830 1376 4899 efﬁcit
1398 4830 1673 4900 sapientes
1704 4848 1808 4885 :an

143 4926 267 4981 sola
301 4939 396 4991 per
423 4939 483 4976 se
512 4922 687 4975 beatos
718 4921 947 4990 efﬁciat,
1002 4934 1170 4974 necne
1207 4918 1324 4972 sola
1371 4935 1472 4989 per
1527 4935 1606 4986 se,
1660 4934 1810 4990 qua?-

150 5016 264 5069 stio
296 5020 392 5066 est.

225 5104 361 5153 Post
392 5114 521 5152 eum
548 5098 742 5152 locum
758 5095 859 5168 qui
877 5096 935 5150 in
953 5095 1210 5151 conditio
1228 5112 1302 5150 ne
1324 5098 1410 5150 est
1432 5095 1809 5165 constitutus,

140 5204 517 5257 consequens
552 5190 675 5241 erat
709 5187 756 5240 is
789 5184 887 5256 qui
921 5183 1406 5239 considerabatur
1437 5200 1503 5238 ex
1561 5186 1760 5240 causis
1793 5205 1806 5252 ;

142 5284 285 5351 post
319 5276 475 5329 hunc
508 5275 556 5330 is
590 5278 971 5329 enumeratus
1002 5272 1164 5327 locus
1197 5276 1287 5327 est
1317 5272 1442 5342 qui,
1496 5273 1553 5326 in
1589 5272 1809 5327 effectis

139 5380 458 5421 causarum
494 5363 741 5433 positus,
776 5367 1126 5432 argumenta
1162 5363 1498 5433 praestabat.
1550 5362 1807 5425 Quorum

140 5455 387 5527 quidem
412 5452 683 5524 superius
706 5450 1015 5506 M.Tullius
1030 5452 1296 5522 exempla
1316 5452 1809 5522 proposuit,ounc

148 5544 443 5600 rationem
477 5541 651 5595 latius
672 5544 904 5594 tractat.
928 5543 1068 5594 Cum
1095 5539 1275 5612 igitur
1296 5539 1637 5595 Aristoteles
1662 5557 1804 5609 qua-

144 5640 286 5688 tuor
310 5630 568 5702 posuerit
590 5645 822 5696 causas,
850 5629 1066 5699 quibus
1083 5630 1551 5701 unumquodque
1576 5628 1806 5684 conﬁci-

1921 1904 2037 1965 tur,
2073 1902 2264 1953 movet
2295 1904 2467 1970 atque
2502 1901 2814 1969 permutat.
2844 1897 2978 1950 Eam
3000 1912 3135 1950 vero
3160 1912 3421 1962 causam,
3444 1896 3570 1951 sine

1921 2004 2035 2057 qua
2066 1987 2122 2041 id
2157 1988 2309 2057 quod
2340 1988 2669 2042 faciendum
2703 1990 2791 2040 est
2812 1985 2933 2039 fieri
2960 1985 3184 2054 nequit,
3214 1984 3284 2039 ab
3309 2002 3425 2039 una
3442 1986 3571 2055 ejus

1920 2082 2083 2147 parte
2107 2077 2395 2147 designat,
2420 2075 2596 2131 veluti
2623 2091 2751 2129 cum
2783 2074 2925 2128 dicit
2946 2090 3023 2128 as
3044 2090 3281 2127 causam
3308 2089 3431 2128 esse
3456 2079 3576 2129 sta-

1917 2170 2057 2232 tuae,
2090 2166 2245 2234 quod
2279 2164 2405 2219 sine
2438 2180 2503 2219 eo
2538 2168 2732 2218 statua
2764 2178 2874 2217 nor:
2911 2161 3098 2233 possit
3128 2162 3374 2216 existere
3402 2178 3414 2217 :
3462 2162 3572 2217 hoc

1920 2253 2098 2322 enim,
2126 2259 2191 2308 ut
2214 2269 2311 2324 per
2327 2254 2648 2308 faciendam
2673 2250 3018 2306 divisionem
3046 2250 3348 2315 clarescet,
3366 2266 3479 2305 non
3505 2267 3573 2305 ea

1915 2342 2045 2415 ipsa
2056 2346 2145 2397 est
2159 2358 2335 2397 causa
2348 2342 2473 2396 sine
2488 2358 2604 2411 qua
2616 2357 2730 2395 non
2746 2338 3122 2407 efﬁcitur,sed
3142 2355 3276 2409 pars
3290 2339 3339 2409 ej
3352 2356 3418 2393 us
3438 2354 3568 2394 esse

1922 2431 2363 2486 monstrabitur.
2402 2430 2538 2484 Eam
2570 2446 2704 2484 vero
2736 2444 2973 2483 causam
3009 2427 3136 2484 sine
3176 2446 3289 2498 qua
3324 2428 3381 2482 id
3414 2428 3568 2498 quod

1923 2519 2251 2575 faciendum
2289 2524 2397 2586 est,
2425 2519 2575 2575 efﬁci
2604 2535 2715 2572 non
2746 2522 2953 2587 potest,
2980 2517 3184 2571 dividit
3216 2517 3323 2571 hoc
3358 2518 3530 2572 modo
3559 2532 3572 2571 :

1920 2609 2034 2665 alia
2058 2610 2212 2664 enim
2234 2613 2374 2664 sunt
2391 2608 2605 2677 quieta,
2626 2607 2773 2662 nihil
2796 2607 3048 2677 agentia,
3069 2607 3168 2661 sed
3189 2607 3401 2662 stolida
3425 2623 3573 2677 quo-

1925 2699 2263 2764 dammodo,
2290 2714 2353 2751 ac
2377 2712 2479 2767 per
2499 2712 2581 2761 se,
2603 2695 2714 2750 nisi
2740 2694 2949 2766 agendi
2969 2699 3130 2748 extra
3153 2699 3347 2748 motus
3370 2710 3565 2749 acces-

1927 2784 2424 2851 serit,immobilia
2449 2800 2462 2839 :
2488 2784 2697 2839 horum
2721 2782 3005 2853 exempla,
3029 2788 3093 2836 ut
3114 2781 3564 2852 locus,tempus,

1923 2876 2188 2943 materia,
2221 2875 2705 2928 instrumentum.
2739 2872 2923 2926 Omne
2956 2871 3111 2926 enim
3153 2871 3308 2940 quod
3345 2870 3428 2935 ﬁt,
3492 2872 3569 2926 lo-

1922 2981 2054 3021 cum
2087 2979 2321 3019 necesse
2342 2967 2431 3017 est
2449 2962 2660 3016 habere
2684 2961 3040 3031 subjectum,
3076 2960 3136 3014 in
3170 2977 3285 3029 quo
3318 2960 3435 3015 nisi
3458 2958 3563 3014 ali-

1923 3054 2059 3124 quid
2087 3054 2204 3119 ﬁat,
2237 3051 2401 3106 locus
2430 3051 2557 3122 ipse
2578 3048 2899 3103 immobilis
2921 3053 3029 3112 est,
3054 3049 3124 3102 ad
3148 3047 3371 3117 aliquid
3395 3048 3575 3118 expli-

1929 3142 2205 3197 candum.
2231 3140 2492 3210 Itemque
2515 3138 2747 3193 materia
2768 3143 2823 3192 et
2842 3138 3241 3202 instrumenta,
3272 3137 3384 3191 nisi
3406 3153 3574 3192 manu

1932 3235 2274 3285 moveantur
2304 3227 2568 3292 artiﬁcis,
2602 3225 2731 3295 ipsa
2762 3225 3109 3280 naturaliter
3141 3224 3286 3280 nihil
3319 3225 3573 3296 egerint.

1927 3323 2183 3391 Tempus
2196 3335 2428 3390 quoque
2442 3317 2765 3389 operationi
2784 3317 3114 3385 subjectum
3133 3319 3240 3383 est,
3256 3332 3383 3385 quae
3399 3315 3449 3369 si
3471 3316 3576 3370 de-

1926 3412 2022 3478 sit,
2056 3409 2202 3464 nihil
2232 3410 2426 3479 ipsum
2462 3406 2709 3479 propria;
2741 3413 2962 3459 naturae
2985 3404 3208 3459 ratione
3241 3404 3568 3474 perfecerit.

1923 3504 2110 3572 Atque
2141 3500 2261 3554 haec
2294 3499 2523 3570 quidem
2555 3503 2695 3552 sunt
2725 3514 2852 3568 quas
2885 3496 3031 3551 nihil
3057 3495 3313 3567 agentia,
3372 3499 3567 3550 tamen

1925 3606 2113 3644 causa
2128 3593 2285 3650 sunt,
2310 3588 2357 3641 si
2381 3587 2474 3641 his
2490 3586 2749 3641 efﬁciens
2763 3585 3024 3656 operatio
3038 3585 3428 3656 superveniet.
3446 3582 3575 3638 Alia

1923 3694 2056 3732 vero
2075 3694 2201 3747 quae
2225 3676 2284 3730 in
2310 3680 2467 3729 motu
2489 3675 2679 3745 posita
2694 3673 3141 3745 praecursionem
3159 3672 3478 3742 quamdam
3502 3671 3573 3725 ad

1922 3765 2297 3821 efﬁcientiam
2316 3780 2380 3818 ac
2402 3763 2872 3835 praeparationem
2890 3762 3161 3815 videntur
3174 3760 3398 3825 afferre,
3416 3759 3573 3814 velut

1924 3854 2139 3908 amoris
2160 3869 2337 3907 causa
2353 3858 2441 3907 cst
2455 3850 2811 3923 congressio,
2839 3866 2965 3921 quae
2992 3848 3305 3919 praecessit,
3329 3853 3387 3902 et
3408 3864 3574 3904 amor

1922 3944 2144 4014 ﬂagitii.
2171 3942 2373 4005 Exhis,
2391 3941 2601 4011 inquit,
2627 3942 2819 3995 causis
2842 3938 3368 4005 Stoicadisputatio
3387 3938 3566 3992 fatum

1921 4032 2231 4086 connectit.
2268 4031 2469 4085 Fatum
2515 4030 2671 4085 enim
2702 4029 2907 4084 dicunt
2953 4044 3080 4082 esse
3114 4026 3569 4097 praecedentium

1919 4139 2223 4178 causarum
2262 4120 2867 4190 subsequentiumque
2896 4116 3329 4188 perplexionem
3353 4131 3569 4184 quam-

1917 4213 2046 4266 dam
2078 4215 2135 4265 et
2161 4215 2375 4264 catenae
2410 4224 2567 4263 more
2594 4206 3043 4269 continentiam,
3070 4206 3176 4257 hoc
3200 4205 3407 4258 modo:
3438 4202 3499 4256 Id
3524 4218 3570 4255 :o

1916 4302 2209 4372 proiectus
2222 4304 2311 4353 est
2328 4296 2866 4367 peregre,quoniam
2887 4297 3188 4364 parentum
3208 4291 3568 4346 iracundiam

1919 4391 2075 4444 ferre
2099 4404 2210 4441 non
2230 4390 2488 4457 poterat;
2508 4386 2721 4439 idcirco
2738 4386 3042 4455 parentum
3066 4380 3427 4435 iracundiam
3445 4397 3573 4434 suc-

1914 4478 2177 4533 cessione
2195 4492 2306 4530 non
2330 4475 2567 4530 ferebat.
2587 4472 2725 4543 quia
2746 4472 2940 4527 amice:
2955 4486 3151 4526 amore
3174 4468 3570 4533 detinebatur,

1844 4544 1891 4608 D
1922 4566 2138 4620 idcirco
2171 4564 2429 4627 amabat,
2454 4563 2608 4632 quod
2633 4577 2784 4632 saepe
2810 4562 2997 4615 fuerat
3024 4564 3157 4613 ante
3182 4572 3562 4628 congressus;

1917 4656 2046 4709 ideo
2079 4669 2430 4724 congressus
2462 4656 2569 4720 est,
2603 4650 2742 4721 quia
2765 4648 2984 4719 aliquid
3011 4653 3076 4702 ut
3108 4647 3566 4716 congrederetur

1924 4744 2238 4814 prmcessit.
2275 4745 2469 4810 Itaque
2498 4739 2699 4794 ordine
2724 4736 3174 4809 praecedentium
3199 4751 3557 4806 consequen-

1919 4832 2185 4901 tiumque
2217 4847 2410 4886 rerum
2446 4830 2627 4883 fatum
2659 4827 2920 4897 (utdicit)
2952 4843 2985 4880 a
3027 4824 3239 4879 Stoicis
3289 4824 3562 4878 nectitur.

1922 4923 2059 4975 Item
2078 4919 2283 4974 dividit
2298 4936 2424 4973 eam
2441 4933 2679 4971 causam
2705 4933 2829 4985 quae
2855 4915 2907 4968 vi
2931 4931 3040 4969 sua
3063 4912 3483 4983 efﬁcitaliquid
3508 4912 3567 4966 in

1919 5026 2046 5065 eam
2080 5025 2208 5079 quin
2242 5007 2311 5062 ad
2345 5005 2721 5060 efﬁciendum
2753 5003 2865 5059 sibi
2898 5003 3139 5065 sufﬁcit,
3166 5017 3417 5071 eamque
3441 5018 3570 5071 quae

1919 5098 2281 5153 extrinsecus
2294 5092 2837 5149 adminiculationis
2852 5092 3129 5163 indigeat.
3148 5090 3376 5145 Sufﬁcit
3391 5090 3571 5160 igitur

1920 5187 2028 5241 sibi
2063 5188 2132 5240 ad
2166 5184 2544 5241 efﬁciendum
2578 5198 2775 5247 causa,
2810 5185 2877 5235 ut
2905 5179 3199 5252 sapientia
3220 5178 3449 5232 efﬁcere
3471 5192 3569 5229 sa-

1920 5276 2146 5347 pientes
2177 5291 2277 5345 per
2298 5290 2360 5328 se
2383 5270 2545 5327 nullo
2579 5269 2809 5340 penitus
2840 5270 3043 5340 adjuta
3093 5266 3259 5322 solet.
3302 5264 3413 5319 Sed
3446 5264 3568 5317 haec

1917 5381 1987 5419 an
2005 5362 2128 5418 sola
2149 5363 2346 5417 beatos
2369 5361 2595 5415 efﬁcere
2621 5358 2829 5430 possit,
2852 5356 3140 5428 quaeritur
3160 5372 3230 5409 an
3256 5353 3305 5407 ei
3331 5352 3560 5407 sintex-

1916 5451 2487 5507 trinsecusaddenda
2510 5465 2638 5519 quze
2658 5449 2880 5517 juvent,
2906 5445 2991 5501 vel
3015 5445 3265 5498 fortunae
3290 5439 3565 5503 bona,ch

1916 5542 2194 5615 corporis,
2216 5542 2495 5612 itaqueea
2534 5554 2711 5593 causa
2730 5553 2857 5607 quae
2878 5535 2931 5588 vi
2959 5550 3067 5588 sua
3099 5531 3274 5585 efﬁcit
3322 5528 3564 5599 aliquid,

1912 5637 2015 5688 aut
2034 5631 2171 5687 talis
2191 5638 2296 5699 est,
2321 5633 2386 5683 ut
2406 5628 2456 5684 ei
2478 5625 2642 5681 nulla
2672 5627 2792 5680 sint
2823 5622 3188 5679 extrinsecus
3211 5620 3554 5689 adjumenta
