3990 6174
329 294 472 348 1153

1201 298 1276 351 1N
1315 296 1575 351 TOPICA
1612 293 1996 350 CICERONIS
2031 294 2578 353 COMMENTARIA.
2619 300 2755 354 LIB.
2794 304 2864 355 V.

3597 308 3735 363 1154

319 422 424 473 tur
456 423 521 473 ut
550 418 610 472 in
648 417 737 474 his
768 418 1014 473 fortunae
1050 423 1293 474 eventus
1326 419 1558 490 sit,quaa
1590 418 1782 473 rarius
1807 417 1973 471 fiunt.
2009 420 2058 485 Α
2089 418 2343 489 ponitur,
2372 437 2499 492 quae
2540 422 2768 492 judicio
2806 440 3038 493 quoque
3071 426 3379 496 conjuncta
3421 434 3526 497 est,
3574 434 3638 485 ut
3686 427 3737 486 si

320 509 539 562 Eorum
570 524 703 562 vero
741 524 869 578 quae
901 508 1072 576 ﬁunt,
1108 508 1320 579 partim
1355 508 1529 562 finem
1561 507 1812 576 aliquem
1847 523 1977 577 spe-

320 600 506 662 ctant,
537 595 745 666 partim
771 596 1029 651 minime.
1058 596 1198 659 Quis
1221 596 1378 651 enim
1402 595 1536 651 ﬁnis
1558 612 1688 651 esse
1710 593 1977 666 potest,si

321 700 565 740 manum
597 685 979 751 extendam,si
995 701 1181 757 genua
1194 685 1739 756 complicem,atque
1754 683 1976 755 aliquid

313 774 707 845 jacenshumi
725 774 1113 847 tollam,quod
1135 775 1313 830 nullis
1329 776 1536 831 usibus
1551 775 1840 846 applicem
1864 774 1891 829 ‘2
1908 778 1980 830 At

322 880 460 919 vero
475 879 543 918 ea
565 880 691 935 qua:
707 864 962 935 aliquem
989 865 1165 919 ﬁnem
1190 865 1681 936 spectantpartim
1709 864 1980 919 volunta—

322 953 405 1008 tis
427 954 812 1024 sunt,partim
836 953 1441 1019 naturai.Voluntatis,
1464 960 1527 1008 ut
1549 954 1597 1009 si
1614 955 1746 1025 quis
1762 953 1978 1009 idcirco

324 1043 505 1097 domo
523 1044 954 1114 egrediatur,ut
972 1043 1167 1098 videat
1192 1043 1730 1109 amicum.Naturae,
1748 1044 1978 1114 utquod

325 1137 421 1187 est
452 1133 510 1187 in
543 1132 923 1188 animalibus.
954 1133 1165 1188 Omnia
1195 1151 1320 1204 quae
1373 1134 1444 1188 ab
1488 1150 1554 1189 ea
1586 1132 1734 1188 ﬁunt
1759 1138 1978 1188 certam

327 1220 609 1275 animalis
624 1221 948 1291 respiciunt
972 1221 1484 1293 ulilitatem,atque
1498 1224 1566 1276 ad
1583 1223 1713 1291 ejus
1735 1221 1978 1276 salutem

330 1311 955 1382 conservationemque
977 1313 1244 1367 omnium
1271 1312 1667 1366 membrorum
1684 1316 1983 1367 momenta

328 1404 476 1453 sunt
496 1399 841 1454 constituta.
875 1402 1092 1454 Casum
1122 1400 1303 1471 igitur
1336 1416 1401 1455 ac
1432 1400 1707 1455 fortuitos
1739 1404 1983 1454 eventus

329 1489 394 1543 in
428 1487 520 1543 his
551 1504 679 1543 esse
710 1490 1005 1559 ponimus,
1039 1506 1166 1559 quae
1201 1506 1332 1544 cum
1364 1489 1556 1545 rarius
1600 1489 1761 1555 ﬁant,
1798 1489 1858 1542 in
1892 1488 1983 1543 his

329 1582 535 1632 tamen
568 1594 670 1649 per
698 1578 970 1633 accidens
1000 1579 1298 1644 eveniunt,
1319 1596 1441 1649 quae
1475 1583 1711 1650 propter
1759 1577 1981 1648 aliquid

334 1667 492 1721 ﬁunt
516 1666 796 1722 :velutisi
818 1667 954 1738 quis
976 1683 1249 1739 egressus
1271 1669 1442 1723 domo
1467 1672 1529 1722 ut
1550 1668 1805 1723 amicum
1828 1668 1984 1721 vide-

2089 507 2439 564 naturaliter
2457 527 2601 565 sano
2624 512 2902 582 quisquej
2918 513 3111 567 udicio
3128 518 3490 587 compositus
3512 523 3627 574 est:
3645 536 3740 591 ap-

2086 597 2635 668 petitionietiam,ut
2651 601 2697 655 si
2716 602 3064 657 naturaliter
3076 603 3297 674 aliquid
3314 608 3542 663 animus
3556 615 3734 681 petat.

2086 686 2187 741 His
2210 688 2479 759 adjungit
2500 688 2675 743 aliam
2700 705 3009 746 causarum
3037 692 3384 749 divisionem
3413 713 3425 758 ;
3462 698 3541 751 ait
3577 699 3735 753 enim

2088 775 2230 831 alias
2245 793 2454 832 causas
2477 794 2605 833 esse
2625 778 3159 847 voluntarias,slias
3181 782 3480 855 ignoratas
3500 788 3741 842 :volun-

2088 865 2392 934 tarias,eas
2410 870 3531 939 qumcunqueexjudicioveniuntanimi
3554 875 3739 945 ;igno-

2088 960 2248 1009 ratas
2284 956 2340 1009 in
2384 957 2601 1026 quibus
2642 959 2966 1013 necessitas
3016 959 3254 1015 domina
3302 966 3409 1030 est,
3455 962 3513 1017 id
3559 968 3648 1019 est
3676 964 3737 1019 in

2090 1045 2309 1115 quibus
2326 1051 2426 1099 aut
2451 1046 2689 1101 omnino
2713 1064 2827 1103 non
2863 1047 3157 1119 volumus,
3192 1055 3293 1105 aut
3315 1068 3387 1106 ne
3410 1051 3457 1107 si
3489 1053 3740 1108 velimus

2090 1132 2326 1204 quidem
2349 1134 2514 1189 aliter
2538 1136 2722 1191 facere
2746 1152 3086 1206 possumus,
3125 1144 3190 1193 ut
3231 1140 3288 1193 in
3333 1145 3544 1194 natura
3564 1146 3739 1212 atque

2090 1238 2250 1277 casu.
2276 1222 2635 1278 Necessitate
2656 1226 2811 1279 enim
2839 1226 3094 1296 quadam
3113 1231 3337 1283 naturae
3356 1230 3555 1300 gravia
3570 1230 3737 1285 deor-

2090 1328 2221 1367 sum
2249 1314 2535 1376 feruntur,
2593 1314 2939 1369 necessitate
2965 1316 3104 1371 item
3125 1317 3346 1372 factum
3366 1318 3640 1385 dicimus,
3673 1322 3737 1374 ut

2091 1400 2306 1471 aliquis
2328 1400 2608 1471 ignorans
2624 1404 2779 1471 jacto
2802 1408 2962 1459 trans
2990 1406 3269 1476 parietem
3292 1406 3485 1479 lapide
3501 1413 3735 1477 praeter-

2091 1493 2325 1542 euntem
2356 1488 2654 1543 hominem
2680 1491 3011 1561 peremerit.
3047 1496 3240 1564 anue
3265 1495 3584 1549 necessitas
3601 1494 3735 1549 talis

2092 1581 2200 1644 est,
2227 1594 2339 1632 non
2361 1580 2509 1647 quod
2537 1578 2703 1633 aliter
2726 1579 2846 1633 fieri
2872 1597 2984 1635 non
3011 1583 3524 1652 potuisset,nisiut
3546 1582 3737 1653 lapide

2083 1667 2245 1736 jacto
2270 1671 2616 1736 percuteret,
2640 1668 2737 1722 sed
2765 1669 2903 1739 quia
2951 1669 3223 1727 voluntas
3264 1671 3470 1738 defuit,
3515 1676 3571 1727 et
3621 1690 3737 1728 non

333 1760 448 1825 ret,
482 1756 817 1827 praateriens
838 1758 1080 1813 cadente
1110 1758 1363 1828 desuper
1387 1757 1749 1828 lapideiotus
1773 1762 1861 1812 est
1884 1774 1898 1814 ι
1925 1757 1980 1810 id
2017 1785 2063 1850 Β
2094 1752 2486 1823 idcirco,quia
2514 1754 2717 1819 voluit,
2750 1754 3076 1812 fecit.Prior
3108 1775 3241 1813 vero
3269 1760 3588 1815 necessitas
3611 1760 3736 1828 jam

333 1847 527 1918 igitur
556 1849 709 1919 quod
744 1851 957 1915 evenit,
981 1848 1041 1903 in
1067 1849 1284 1905 rariore
1304 1866 1481 1905 causa
1506 1850 1841 1921 ponendum
1862 1853 1983 1914 est,

338 1939 592 1992 accessit
624 1955 756 1993 vero
804 1940 853 1993 ei
887 1937 1193 2002 voluntati,
1234 1954 1365 2009 quae
1396 1944 1618 1993 certum
1644 1938 1991 2009 respiciebat

336 2026 543 2080 ﬁnem.
569 2027 646 2080 Ea
668 2043 798 2081 vero
827 2026 936 2080 fuit
962 2028 1133 2081 domo
1156 2027 1492 2097 egrediendi
1516 2043 1714 2095 causa,
1758 2033 1820 2081 ut
1843 2028 1987 2082 ami-

339 2132 479 2171 cum
500 2116 740 2171 videret.
760 2116 1294 2187 Rursus,quoniam
1310 2115 1492 2188 lapsis
1510 2116 1852 2173 naturaliter
1864 2134 1989 2188 gra-

342 2205 437 2261 vis
486 2210 595 2274 est,
637 2206 894 2277 gravitas
941 2223 1077 2261 vero
1113 2211 1326 2261 terram
1352 2208 1517 2277 petit,
1541 2224 1712 2262 casus
1756 2208 1992 2277 quidem

343 2292 562 2363 lapidis
586 2298 823 2365 propter
848 2294 1071 2365 aliquid
1097 2296 1443 2350 naturaliter
1464 2295 1654 2350 factus
1677 2300 1801 2363 est;
1837 2296 1906 2350 ad
1934 2297 1989 2350 id

338 2384 501 2439 enim
549 2383 764 2455 lapidis
819 2390 1028 2440 natura
1076 2386 1372 2449 tendebat,
1410 2385 1553 2439 utin
1578 2402 1754 2441 suum
1796 2385 1991 2440 locum

338 2472 575 2543 pondus
597 2473 837 2528 veniens
858 2473 1315 2544 conquiesceret.
1349 2473 1458 2527 Sed
1478 2473 1610 2528 huic
1630 2473 1887 2528 naturali
1909 2474 1990 2527 in-

342 2559 593 2614 tentioni
634 2559 847 2615 accidit
898 2561 952 2615 id
1008 2561 1163 2631 quod
1215 2560 1401 2615 rarius
1458 2560 1646 2616 evenit
1677 2561 1900 2616 scilicet
1929 2565 1993 2615 ut

336 2654 668 2719 percuteret
699 2656 916 2721 caput;
952 2668 1066 2721 quo
1099 2650 1164 2705 fit
1188 2650 1343 2705 utsit
1361 2652 1684 2705 secundum
1716 2650 1993 2705 Aristote-

332 2740 454 2793 lem
490 2739 721 2794 fortuna
768 2739 857 2795 vel
898 2756 1094 2808 casus,
1130 2757 1306 2796 causa
1346 2757 1449 2811 per
1496 2740 1768 2795 accidens
1802 2741 1992 2797 rarius

335 2827 712 2882 evenientum
737 2828 795 2882 in
824 2828 918 2883 his
940 2830 1116 2884 rebus
1143 2845 1266 2900 quae
1306 2833 1541 2899 propter
1564 2828 1783 2899 aliquid
1817 2830 1988 2883 fiunt.

332 2919 478 2981 Quae
521 2934 650 2971 cum
676 2917 753 2972 ita
793 2919 933 2982 sint,
959 2934 1211 2989 cumque
1235 2918 1506 2973 difﬁnitio
1539 2919 1911 2975 Aristotelica
1959 2937 1991 2974 a

335 3005 610 3061 Tulliana
624 3004 944 3076 plurimum
959 3007 1419 3078 discrepet,illud
1438 3013 1635 3061 tamen
1651 3008 1707 3062 in
1726 3010 1990 3078 utrisque

339 3100 593 3160 constat,
637 3095 694 3149 id
740 3098 891 3166 quod
952 3097 1197 3151 fortunae
1239 3098 1570 3166 subjectum
1603 3103 1712 3163 est,
1743 3098 1984 3152 incertis

338 3185 583 3239 casibus
604 3201 838 3256 semper
859 3202 986 3241 esse
1008 3186 1400 3256 suppositum.
1434 3187 1577 3241 Nam
1612 3186 1745 3241 licet
1793 3187 1851 3241 in
1894 3187 1987 3242 his

340 3275 519 3329 rebus
544 3291 696 3345 saepe
719 3276 951 3330 fortuna
981 3292 1120 3330 suos
1150 3275 1480 3346 experiatur
1502 3282 1688 3345 actus,
1715 3294 1841 3347 quae
1885 3294 1987 3331 vo—

338 3363 571 3418 luntate
602 3368 763 3431 sunt,
788 3369 846 3418 et
876 3365 946 3418 ad
970 3364 1226 3434 aliquem
1251 3364 1425 3418 ﬁnem
1453 3366 1806 3434 referuntur,
1829 3371 1991 3421 extra

333 3456 536 3507 tamen
559 3452 771 3506 accidit
790 3454 942 3522 quod
977 3453 1221 3508 fortunae
1248 3458 1470 3518 est,nec
1491 3454 1563 3508 ab
1586 3470 1652 3509 eo
1672 3455 1785 3509 line
1808 3454 1987 3524 venit,

336 3556 515 3610 quem
537 3539 648 3595 sibi
668 3540 904 3597 animus
926 3547 1059 3596 ante
1076 3546 1467 3612 perspexerat.
1494 3541 1604 3598 Sed
1627 3558 1758 3597 cum
1793 3543 1989 3599 Cicero

334 3629 642 3685 divisisset
667 3647 874 3687 causas
905 3631 963 3685 in
996 3648 1093 3687 eas
1123 3648 1249 3702 qua:
1283 3632 1601 3702 perspicuae
1636 3637 1796 3697 sunt,
1845 3638 1901 3688 et
1930 3634 1990 3688 in

334 3736 442 3774 eas
471 3736 596 3789 qua
622 3719 888 3787 laterent,
934 3736 1187 3789 cumque
1209 3737 1305 3775 eas
1348 3737 1478 3792 qua:
1510 3723 1829 3792 perspicuis
1871 3723 1992 3777 sint

337 3808 561 3862 diceret
581 3824 709 3863 esse
733 3826 857 3880 quae
896 3809 1309 3879 appetitionem
1355 3809 1535 3863 animi
1583 3810 1993 3881 judiciumque

340 3900 676 3965 tangerent,
714 3896 1088 3951 manifeslum
1123 3900 1211 3950 est
1245 3912 1375 3951 eum
1410 3897 1495 3950 vel
1520 3903 1729 3966 artem,
1780 3898 1866 3953 vel
1902 3916 1995 3952 vo-

342 3986 658 4053 luntatem,
682 3988 769 4039 vel
807 3986 1330 4056 perturbationem,
1363 3986 1449 4040 vel
1476 3987 1741 4041 habitum
1793 3990 1849 4041 in
1903 3990 1992 4044 his

339 4075 543 4129 causis
562 4090 774 4145 ponere
793 4091 920 4146 quae
943 4076 1264 4144 perspicua:
1288 4080 1460 4141 sunt;
1487 4076 1753 4131 voluntas
1779 4079 1994 4149 quippe

341 4169 521 4233 atque
543 4163 723 4217 animi
752 4164 1181 4232 perturbatioin
1200 4163 1563 4234 appetitione
1577 4164 1995 4238 ponitur,sanpe

340 4251 501 4307 enim
553 4266 619 4305 ex
672 4252 1107 4322 perturbatione
1139 4251 1362 4322 aliquid
1414 4253 1769 4322 appetimus,
1808 4260 1992 4309 artem

338 4356 478 4395 vero
501 4340 585 4395 vel
602 4340 864 4395 habitum
882 4340 1175 4410 injudicio
1197 4345 1349 4407 ;arte
1368 4342 1888 4412 namquejudicam
1902 4361 1991 4413 us,

341 4430 585 4485 habitus
607 4446 738 4485 vero
761 4430 830 4484 ad
855 4436 1171 4499 utrumque
1193 4430 1478 4501 pertinet:
1499 4446 1631 4485 nam
1654 4441 1709 4484 et
1728 4431 1996 4487 volunta-

2092 1841 2231 1896 talis
2258 1846 2365 1908 est,
2392 1842 2446 1895 in
2474 1858 2590 1912 qua
2613 1842 2773 1897 nulla
2798 1844 3067 1901 voluntas
3106 1851 3214 1914 est,
3250 1847 3337 1902 vel
3368 1864 3435 1902 ea
3466 1865 3594 1919 quae
3626 1853 3735 1916 est,

2095 1947 2167 1985 ne
2188 1930 2244 1984 id
2270 1932 2424 2002 quod
2446 1931 2605 2002 cupit
2624 1933 2856 2001 efficiat,
2897 1934 3177 1990 validiore
3218 1938 3563 1992 necessitate
3598 1954 3735 1992 con-

2095 2020 2424 2091 stringitur.
2445 2019 2588 2074 Nam
2623 2037 2756 2075 cum
2780 2021 2961 2092 lapsis
2989 2024 3263 2078 deorsum
3290 2027 3521 2095 propria
3542 2028 3737 2097 gravi-

2094 2112 2213 2163 tate
2230 2109 2559 2179 deponitur,
2574 2109 2734 2164 nulla
2752 2110 3021 2166 voluntas
3039 2116 3251 2179 est,sed
3271 2118 3499 2168 tantum
3517 2121 3739 2170 naturae

2096 2198 2452 2263 necessitas;
2479 2204 2538 2252 at
2572 2197 2622 2252 si
2665 2198 2840 2254 homo
2884 2201 3158 2255 deorsum
3188 2203 3469 2271 cadat,est
3498 2204 3737 2274 quidem

2095 2304 2212 2342 non
2232 2288 2791 2355 cadendivoluntas,
2815 2290 2914 2344 sed
2946 2290 3080 2344 ferri
3121 2307 3233 2359 quo
3273 2308 3387 2347 non
3425 2292 3567 2359 vult,
3600 2293 3739 2347 vali-

2097 2376 2226 2430 dior
2257 2382 2474 2431 naturae
2519 2394 2695 2433 causa
2740 2378 3060 2449 compellit.
3108 2379 3481 2436 Voluntatem
3533 2398 3665 2437 vero
3708 2400 3742 2436 a

2098 2465 2357 2520 fortuitis
2377 2465 2681 2521 eventibus
2714 2484 2827 2521 uno
2859 2469 3187 2539 eodemque
3218 2470 3525 2540 aptissimo
3559 2488 3741 2526 secre-

2096 2554 2482 2626 vitexemplo,
2516 2555 2693 2610 veluti
2718 2556 2765 2610 si
2791 2556 2974 2611 telum
3001 2574 3179 2613 manu
3199 2559 3396 2627 jaciat,
3421 2560 3740 2630 nolensque

2098 2643 2267 2699 feriat
2282 2645 2905 2715 praetereuntemNam
2926 2647 3141 2714 jecisse
3160 2664 3227 2702 ex
3247 2648 3563 2703 voluntatis
3585 2650 3742 2719 prin-

2096 2732 2248 2804 cipio
2276 2732 2556 2787 nascitur.
2585 2734 2804 2789 Idcirco
2827 2735 3157 2805 enimjecit,
3178 2736 3316 2806 quia
3336 2737 3542 2790 voluit.
3572 2738 3739 2805 lgno-

2096 2821 2244 2876 ravit
2267 2838 2402 2876 vero
2421 2823 2574 2890 quod
2594 2828 2951 2892 percuteret;
2974 2840 3162 2894 neque
3179 2824 3741 2894 enimjecisset,sise

2098 2927 2516 2981 percussurum
2539 2912 2855 2982 praevidere
2879 2915 3185 2982 potuisset.
3211 2913 3584 2983 Nequejecit,
3603 2914 3741 2984 quia

2095 2999 2281 3055 voluit
2303 3001 2691 3071 percutere.Si
2708 3005 2903 3055 autem
2922 3018 3035 3056 non
3056 3002 3524 3073 ignorasset,non
3543 3018 3742 3073 percu-

2098 3096 2218 3144 tere
2233 3088 2708 3160 potuisset.Unde
2721 3091 2896 3144 etiam
2916 3090 3435 3145 machinamentum
3452 3092 3744 3162 quoddam

2100 3184 2266 3248 atque
2280 3178 2534 3233 defensio
2548 3179 2761 3249 injuris
2778 3179 3080 3249 peritorum
3098 3180 3461 3251 responsioni
3474 3182 3579 3235 bus
3594 3181 3605 3233 i
3618 3198 3745 3236 nve‘

2101 3269 2282 3332 nitur,
2301 3267 2409 3322 hoc
2434 3268 2645 3323 modo:
2673 3268 2729 3323 Si
2757 3268 2935 3323 telum
2962 3285 3139 3323 manu
3165 3270 3315 3340 fugit
3338 3272 3528 3340 magis
3564 3285 3740 3340 quam

2090 3357 2268 3428 jecit;
2295 3373 2425 3412 nam
2453 3356 2503 3411 si
2525 3357 2657 3427 quis
2682 3357 3586 3428 cedisaccusetur,optimasolet
3617 3374 3746 3413 esse

2099 3447 2437 3517 defensio,si
2454 3446 2568 3501 alia
2581 3463 2693 3501 non
2709 3447 3220 3518 suppetit,fugisse
3234 3464 3406 3502 manu
3423 3446 3749 3517 telum,ma-

2100 3534 2190 3603 gis
2206 3551 2381 3606 quam
2408 3534 2981 3605 volueritjecisse,ut
2998 3553 3113 3591 non
3139 3536 3585 3607 voluntati,quae
3608 3553 3746 3591 con-

2101 3622 2482 3679 demnaturin
2498 3623 2819 3694 culpis,sed
2838 3624 3181 3693 ignorantia:
3196 3626 3413 3679 factum
3430 3625 3745 3679 tribuatur.

2100 3714 2179 3768 De
2204 3713 2744 3783 perturbationibus
2767 3717 2960 3767 autem
2977 3714 3303 3768 animorum
3331 3712 3503 3784 paulo
3536 3715 3745 3768 contu-

2103 3802 2228 3857 sius
2272 3802 2562 3871 judicium
2585 3807 2693 3858 est.
2727 3802 2992 3857 Dubitari
3015 3803 3175 3857 enim
3222 3808 3415 3873 potest
3439 3808 3635 3857 utrum
3680 3820 3749 3858 ex

2102 3891 2418 3953 voluntate,
2445 3908 2517 3945 an
2535 3891 2902 3957 necessitate,
2928 3908 3000 3945 an
3026 3892 3475 3962 exignoratione
3506 3892 3746 3960 venerit,

2104 3982 2257 4051 quod
2286 3981 2720 4051 perturbatione
2743 3986 3016 4052 peccatur
3035 3981 3339 4035 :videntur
3359 3983 3517 4035 enim
3544 3981 3748 4035 volun-

2104 4069 2252 4123 taria
2272 4085 2401 4124 esse
2426 4076 2681 4139 peccata,
2707 4070 2984 4139 quoniam
3010 4070 3110 4139 qui
3135 4070 3518 4140 perturbatus
3536 4074 3625 4123 est
3647 4086 3750 4138 ap-

2105 4158 2252 4228 petit
2284 4158 2527 4228 aliquid,
2555 4163 2656 4211 aut
2680 4158 2847 4228 fugit.
2887 4158 2999 4212 Sed
3024 4156 3081 4210 in
3103 4157 3210 4211 hoc
3234 4156 3593 4228 perturbatio
3624 4157 3751 4225 ejus

2106 4251 2365 4317 apparet,
2398 4247 2547 4315 quod
2575 4262 2684 4299 non
2721 4245 2998 4315 fugienda
3018 4244 3183 4309 vitat,
3209 4248 3267 4298 et
3289 4261 3403 4298 non
3430 4244 3753 4314 appetenda

2106 4335 2285 4389 nimis
2302 4338 2554 4404 exoptat.
2574 4334 2747 4389 Porro
2769 4338 2963 4387 autem
2987 4333 3264 4403 quoniam
3290 4332 3345 4386 in
3367 4332 3751 4402 perturbatio-

2108 4423 2280 4478 nibus
2303 4427 2440 4478 sunt
2456 4422 2939 4492 confusajudicia
2963 4430 3163 4491 (neque
3178 4421 3333 4476 enim
3350 4420 3583 4475 aliterid
3601 4422 3751 4490 quod

339 4524 430 4573 tes
466 4519 830 4573 consuetudo
869 4518 1185 4585 ministrat,
1210 4523 1265 4573 et
1306 4518 1490 4573 multo
1526 4535 1637 4573 usu
1671 4520 1995 4591 peritiaque
2028 4523 2072 4586 Ι)
2106 4512 2449 4582 fugiendum
2483 4515 2573 4565 est
2602 4526 2754 4581 saepe
2777 4514 3059 4581 appetunt
3086 4509 3755 4580 perturbati,nisiobcae-

342 4608 410 4662 fit
432 4608 694 4677 quaedam
724 4608 1392 4677 constantiajudicandi.
1414 4610 1624 4662 Casum
1649 4608 1706 4662 in
1724 4625 1837 4663 non
1856 4625 1990 4680 per-

344 4697 570 4768 spicuis
594 4699 807 4769 posuit.
836 4697 917 4753 De
940 4702 1149 4751 natura
1181 4698 1471 4752 incertum
1496 4702 1585 4753 est
1608 4703 1802 4754 utrum
1837 4699 1993 4754 inter

346 4787 693 4857 perspicuas
727 4804 799 4840 un
833 4785 986 4840 inter
1017 4786 1270 4841 latentes
1303 4787 1491 4856 ipsam
1543 4786 1787 4842 collocet
1816 4806 1827 4842 :
1865 4806 1996 4843 nam

348 4876 399 4929 si
450 4876 600 4929 inter
640 4876 886 4929 latentes
935 4891 1168 4941 causae,
1226 4876 1414 4945 ipsam
1472 4881 1743 4931 naturam
1794 4895 1995 4932 casum

345 4964 645 5019 videretur
682 4968 925 5034 putare:
962 4964 1131 5033 cujus
1177 4964 1471 5034 opinionis
1521 4964 1682 5020 nulla
1716 4967 1860 5021 ratio
1890 4973 1995 5023 est.

345 5052 510 5116 Quod
544 5052 593 5107 si
627 5052 781 5107 inter
801 5052 1166 5122 perspicuas,
1196 5069 1471 5124 quaenam
1505 5054 1790 5124 appetitio
1814 5056 1997 5111 animi

345 5140 434 5196 vel
450 5140 742 5212 judicium
769 5140 827 5195 in
855 5145 1068 5196 natura
1088 5141 1225 5196 est?
1248 5145 1449 5212 Neque
1470 5142 1628 5197 enim
1668 5145 1996 5215 appetendo

345 5229 569 5300 aliquid
584 5228 670 5284 vel
687 5228 1005 5299 judicando
1022 5229 1162 5285 facit
1184 5230 1537 5296 natura,nisi
1554 5231 1700 5287 forte
1715 5234 1992 5303 quoniam

343 5335 412 5373 ex
436 5318 565 5389 ipsa
584 5333 736 5389 saepe
758 5316 1035 5373 habilitas
1078 5319 1353 5390 quaedam
1397 5319 1613 5373 mentis
1638 5324 1695 5375 et
1733 5324 1997 5394 corporis

344 5407 563 5475 existit,
585 5424 712 5478 quae
728 5405 1001 5461 habilitas
1021 5406 1092 5461 ad
1110 5424 1591 5479 unamquamque
1616 5426 1736 5464 rem
1761 5412 1998 5480 adjuvat

340 5496 710 5553 voluntatem
740 5521 753 5563 ;
788 5496 845 5551 id
869 5495 1025 5559 enim
1051 5497 1304 5551 maxime
1330 5497 1600 5554 volumus
1628 5501 1697 5553 ad
1719 5502 1872 5570 quod
1899 5501 1995 5557 ha-

348 5587 499 5646 biles
522 5603 748 5642 sumus.
782 5585 894 5640 Sed
948 5590 1161 5640 natura
1199 5585 1354 5642 inter
1399 5589 1742 5659 perspicuas
1791 5605 1996 5647 causas

2103 4606 2232 4656 cato
2273 4601 2702 4670 obscuratoque
2745 4599 3013 4668 judicio),
3052 4599 3207 4670 quod
3266 4615 3397 4654 vero
3446 4599 3509 4652 fit
3561 4598 3746 4654 animi

2108 4690 2630 4761 confusione,s£epe
2654 4688 2765 4744 tale
2786 4694 2876 4743 est
2905 4692 2969 4743 ut
3000 4687 3178 4743 nollet
3202 4688 3511 4743 admisisse
3548 4689 3649 4760 qui
3670 4690 3751 4744 fe-

2109 4782 2259 4849 cit,eI
2293 4780 2485 4836 evenit
2507 4786 2571 4835 ut
2590 4797 2702 4835 non
2732 4781 2883 4835 inter
2905 4778 3394 4847 voluntarias,sed
3422 4780 3752 4851 interigno—

2110 4877 2265 4927 ratas
2295 4872 2383 4926 vel
2412 4871 2773 4927 necessarias
2796 4888 3007 4926 causas
3038 4871 3369 4925 animorum
3397 4870 3754 4941 perturbatio

2109 4964 2220 5031 sit;
2257 4963 2554 5017 intantum
2578 4978 2713 5017 vero
2744 4962 2844 5033 qui
2879 4962 3253 5032 perturbatus
3277 4966 3385 5031 est,
3420 4979 3453 5016 a
3473 4978 3607 5016 vera
3629 4962 3751 5015 dis-

2108 5052 2366 5108 cretione
2387 5052 2658 5119 discedit,
2693 5052 2832 5106 utin
2858 5067 2984 5106 eam
3018 5051 3203 5122 possit
3245 5056 3401 5106 recta
3433 5052 3579 5106 bene
3620 5066 3754 5105 con-

2107 5142 2431 5198 sulentium
2453 5141 2850 5197 admonitione
2873 5140 3223 5206 reduci.Quo
3247 5144 3313 5195 ﬁt
3332 5144 3396 5195 ut
3418 5142 3749 5194 animorum

2108 5231 2629 5305 perturbatiojure
2651 5248 2685 5285 a
2715 5231 2908 5286 causis
2930 5230 3277 5286 voluntariis
3298 5231 3661 5299 segregetur,
3697 5231 3754 5281 et

2106 5326 2210 5376 aut
2240 5322 2299 5375 in
2325 5320 2713 5392 ignoratione,
2738 5324 2840 5375 aut
2860 5319 2919 5374 in
2940 5320 3288 5375 necessitate
3315 5322 3586 5389 ponatur.
3604 5316 3747 5369 Nam

2109 5413 2264 5484 quod
2293 5412 2372 5466 ait
2391 5429 2404 5467 :
2420 5416 2635 5465 Tamen
2660 5410 2880 5466 habent
2906 5416 3092 5465 tantos
3114 5412 3400 5475 molus,ut
3421 5423 3488 5461 ea
3510 5423 3637 5476 quae
3661 5422 3757 5460 vo-

2105 5501 2365 5557 luntaria
2407 5504 2567 5567 sunt,
2601 5505 2702 5555 aut
2754 5500 3081 5555 necessaria
3113 5498 3426 5564 interdum,
3465 5501 3564 5551 aut
3602 5498 3756 5549 certe

2115 5591 2380 5663 ignorata
2404 5591 2733 5660 videantur,
2755 5590 2839 5645 ita
2863 5587 3313 5659 intelligendum
3335 5594 3459 5642 est:
3481 5584 3757 5656 quoniam
