4024 6184
358 252 499 306 1155

1592 257 1712 310 AN.
1753 256 1974 310 MANL.
2014 256 2171 311 ERV.
2214 257 2452 313 ΒΟΒΤΙῘ

3624 252 3762 308 iifﬁ

355 377 545 433 omnis
570 377 747 432 animi
774 377 969 449 passio
991 376 1281 448 judicium
1319 377 1652 442 conturbat,
1691 379 1997 434 contundit
2027 386 2077 450 Α
2110 384 2211 435 aut
2242 380 2298 434 in
2333 381 2679 436 necessariis
2703 382 2898 436 causis
2922 382 3079 451 poni,
3105 386 3209 437 aut
3246 382 3301 435 in
3360 378 3669 452 ignoratis,
3705 378 3758 430 id

352 483 487 522 vero
511 473 718 522 rectam
747 468 1181 531 discretionem,
1206 466 1255 519 si
1278 466 1467 521 acrior
1508 468 1684 521 fuerit
1728 484 1904 537 quam
1940 474 2005 522 ut

354 558 597 611 rationis
626 557 964 610 retinaculis
1006 560 1380 625 temperetur,
1426 565 1477 611 et
1518 555 1584 610 ﬁt
1626 559 1892 627 quzedam
1936 574 2004 611 ex

358 646 892 717 perturbationibus
904 646 989 699 vel
1001 645 1749 716 utiviolentanecessitas,ut
1762 647 2004 702 dubium

360 736 650 791 situtrum
688 735 738 790 is
763 737 861 805 qui
902 734 1123 805 aliquid
1175 737 1558 807 perturbatus
1602 739 1800 793 animo
1846 739 2000 807 facit,

356 826 635 896 ignorans
657 826 825 880 faciat
850 845 864 892 ;
890 824 1068 881 veluti
1086 841 1220 881 cum
1233 843 1372 882 casu
1397 827 1678 897 ignorans
1695 826 1999 897 delinquit,

352 930 485 970 cum
510 916 774 968 futurum
800 932 913 969 non
936 914 1197 985 providet
1231 931 1457 985 casum,
1479 933 1550 971 an
1584 917 1776 972 sciens
1803 918 1998 980 faciat,

348 1004 434 1057 vel
471 1004 816 1059 necessitate
847 1004 1116 1059 ducatur.
1153 1005 1313 1069 Quod
1337 1005 1517 1076 igitur
1549 1005 1732 1060 dixit:
1759 1010 1867 1060 Aut
1899 1022 1997 1061 ne-

344 1092 599 1147 cessaria
629 1110 776 1158 esse,
812 1098 912 1147 aut
938 1093 1224 1163 ignorata,
1248 1098 1303 1148 et
1336 1094 1535 1148 divisit
1584 1112 1616 1148 a
1647 1095 1993 1150 necessariis

338 1182 629 1251 ignorata,
656 1199 771 1237 non
805 1188 1027 1252 pugnat
1053 1187 1255 1237 contra
1276 1182 1331 1236 id
1354 1185 1504 1253 quod
1531 1185 1805 1254 superius
1827 1185 1994 1255 dixit,

338 1286 405 1325 ea
426 1288 555 1341 qum
586 1271 859 1343 ignorata
885 1278 1023 1326 sunt
1046 1288 1175 1326 esse
1201 1273 1549 1327 necessaria.
1568 1272 1711 1327 Nam
1746 1272 1801 1327 id
1840 1275 1993 1343 quod

337 1360 766 1431 estignoratum
792 1363 873 1415 ita
888 1362 1320 1431 quodammodo
1336 1363 1565 1417 dividit:
1585 1363 1990 1433 ignoratorum

340 1450 455 1504 alia
476 1451 729 1520 quadam
750 1450 1096 1505 necessitate
1119 1451 1285 1519 fiunt,
1308 1453 1447 1505 dum
1475 1458 1575 1506 aut
1601 1452 1763 1506 nulla
1786 1451 1994 1507 volun-

338 1545 430 1595 tas
453 1546 560 1609 est,
587 1546 687 1596 aut
709 1557 775 1595 ea
798 1558 923 1611 quae
945 1544 1055 1604 est,
1080 1542 1410 1596 necessitati
1442 1542 1643 1612 nequit
1664 1542 1950 1597 obsistere
1976 1567 1991 1608 ;

337 1628 449 1682 alia
473 1646 774 1696 casu,cum
793 1630 849 1684 in
870 1629 962 1685 his
980 1630 1285 1694 faciendis,
1308 1648 1433 1701 quae
1456 1631 1991 1702 ignorantur,nulla

330 1718 462 1772 volu
476 1722 603 1773 ntas
622 1720 897 1782 estzQuod
921 1718 1104 1789 igitur
1120 1718 1767 1791 dixit,perturbationes
1781 1720 1984 1785 animi,

2116 470 2279 523 sined
2292 471 2426 525 ubio
2442 471 2700 525 sensisse
2716 471 3561 542 intelligitur,perturbationes
3573 466 3759 531 animi,

2114 560 2283 613 autin
2310 559 2401 613 his
2424 576 2551 613 esse
2575 560 2856 631 ignoratis
2883 561 2939 614 in
2965 563 3182 631 quibus
3204 577 3271 614 ea
3307 558 3629 614 necessitas
3653 562 3759 621 est,

2114 648 2460 703 utvoluntas
2483 649 2766 703 obsistere
2786 666 2899 703 non
2918 651 3230 719 possit,aut
3249 649 3303 701 in
3334 649 3423 702 his
3449 649 3507 700 in
3543 646 3761 715 quibus

2114 736 2275 791 nulla
2294 738 2562 793 voluntas
2580 742 2690 803 est,
2710 739 2811 793 sed
2835 739 2913 793 sit
2930 738 3209 793 delictum
3228 740 3492 793 caecitate
3512 734 3755 806 judicii,

2108 825 2269 880 velut
2297 827 2356 880 in
2384 827 2474 881 his
2497 828 2596 897 qui
2616 827 3063 883 immoderatius
3085 828 3300 882 amoris
3320 824 3632 897 cupiditati
3656 823 3759 876 de-

2110 916 2407 971 serviunt:
2433 918 2699 972 autenim
2724 919 3202 988 confusojudicio
3224 919 3296 973 ab
3322 918 3627 971 honestate
3645 915 3762 968 dis—

2109 1006 2345 1070 cedunt,
2370 1008 2587 1062 etdum
2610 1008 2782 1079 quasi
2818 1009 3040 1063 bonum
3084 1012 3387 1079 appetunt,
3428 1006 3487 1059 in
3532 1003 3757 1058 malum

2109 1094 2388 1148 decidunt
2407 1095 2949 1168 ignorantes,atque
2972 1096 3053 1151 ita
3076 1098 3131 1151 in
3157 1114 3295 1151 casu
3311 1096 3463 1167 quod
3474 1111 3570 1149 am
3585 1100 3761 1163 atque

2107 1200 2299 1238 errore
2323 1186 2562 1255 ponitur
2584 1203 2749 1240 amor
2770 1186 3124 1241 immodicus
3151 1207 3164 1254 ;
3193 1194 3290 1241 aut
3322 1185 3482 1239 novit
3523 1184 3759 1253 quidem

2105 1272 2259 1341 quod
2294 1274 2514 1344 appetit
2543 1291 2670 1329 esse
2692 1276 3025 1339 vitandum,
3051 1276 3146 1329 sed
3177 1273 3417 1344 majoris
3437 1279 3571 1327 actu
3598 1272 3758 1341 cupi-

2104 1362 2305 1416 ditatis
2325 1363 2849 1436 impellitur,atque
2869 1368 2951 1421 ita
2971 1367 3122 1419 inter
3144 1382 3209 1419 ea
3236 1363 3564 1418 necessaria
3596 1362 3758 1432 poni-

2102 1454 2221 1513 tur,
2246 1468 2369 1519 quas
2394 1456 2629 1507 autnon
2655 1454 2875 1508 habent
2922 1454 3305 1517 voluntatem.
3360 1460 3465 1506 aut
3512 1468 3643 1505 eam
3683 1451 3760 1503 ita

2100 1538 2396 1594 infirmam
2438 1558 2504 1597 ac
2553 1542 2828 1609 debilem,
2876 1548 2940 1597 ut
2977 1543 3137 1597 nullo
3163 1544 3335 1597 modo
3367 1540 3757 1595 validioribus

2100 1629 2479 1699 passionibus
2512 1631 2833 1686 obnitatur.

1616 1912 1936 1999 LIBER
1996 1914 2469 2003 SEXTUS-

412 2159 549 2212 Fore
573 2158 882 2229 quosdam,
907 2156 1117 2212 Patrici
1141 2156 1442 2210 rhetorum
1470 2153 1843 2225 peritissime,
1868 2170 1982 2207 non
2014 2156 2062 2221 B
2095 2156 2637 2212 sidemonstrentur
2657 2158 2835 2213 lociin
2856 2161 3070 2231 quibus
3094 2164 3444 2233 argumenta
3468 2164 3608 2215 sunt
3628 2160 3743 2214 col-

336 2246 1025 2318 dubitaverim,quihunc
1052 2245 1105 2299 in
1136 2245 1369 2315 Tepicis
1391 2243 1656 2298 altiorem
1691 2260 1759 2298 ex
1794 2240 1983 2313 philo-

332 2336 541 2407 sophia
562 2340 877 2391 tractatum
898 2335 1056 2391 varia
1078 2335 1497 2389 obtrectatione
1529 2332 1983 2402 reprehendant,

330 2428 467 2497 quia
491 2428 643 2482 inter
660 2426 910 2497 logicam
928 2424 1388 2495 disputationem
1406 2422 1705 2496 physicam
1726 2422 1983 2493 interpo-

329 2517 472 2572 suit.
506 2516 576 2571 Hi
614 2532 750 2571 vero
793 2520 952 2582 sunt,
998 2515 1088 2571 vel
1133 2515 1349 2586 quibus
1375 2515 1479 2569 hoc
1512 2518 1699 2568 totum
1728 2513 1983 2585 philoso-

336 2606 504 2677 phari
528 2606 856 2677 displiceat,
875 2605 961 2661 vel
988 2605 1162 2677 quiin
1194 2608 1673 2676 argumentorum
1709 2604 1852 2659 locis
1877 2623 1982 2660 na-

330 2695 552 2751 turales
575 2695 888 2751 admisceri
903 2711 1113 2750 causas
1134 2695 1467 2766 oportuisse
1483 2711 1594 2749 non
1615 2695 1975 2752 existiment.

330 2786 439 2839 Sed
469 2789 670 2840 contra
693 2785 914 2855 priores
936 2785 1194 2855 quidem,
1219 2789 1275 2839 et
1306 2784 1427 2840 aM.
1456 2783 1818 2853 Tullio,etab
1840 2786 1983 2854 :ipa

334 2876 765 2945 quodammodo
787 2876 1049 2930 humana
1072 2875 1319 2941 ratione,
1343 2892 1465 2945 quae
1490 2876 1549 2930 in
1585 2879 1745 2930 motu
1787 2876 1981 2947 posita

332 2964 558 3036 aliquid
575 2965 1269 3037 semperinquirit,atque
1287 2981 1485 3021 amore
1504 2965 1763 3020 scientiae
1795 2982 1983 3036 neque

332 3056 522 3125 decipi
548 3056 787 3125 patitur,
814 3071 1001 3126 neque
1022 3055 1141 3110 ullo
1165 3058 1337 3111 modo
1374 3072 1407 3109 a
1454 3054 1714 3109 veritatis
1756 3056 1982 3110 ratione

330 3142 580 3210 traduci,
606 3161 758 3215 saepe
782 3144 1157 3215 multumque
1179 3160 1527 3214 responsum
1552 3148 1659 3198 est.
1703 3143 1807 3198 His
1846 3159 1977 3199 vero

327 3248 359 3301 q
372 3232 427 3286 ui
450 3234 909 3303 sequestrandus
932 3233 1274 3303 abjoratorio
1299 3232 1573 3288 facultate
1588 3232 1979 3303 philosophia:

330 3320 676 3391 disciplinas
698 3322 1406 3393 putant,respondendum
1422 3322 1670 3377 breviter
1685 3321 1976 3377 existimo.

328 3409 575 3464 Ratione
594 3410 830 3480 quidem
858 3410 1094 3482 reperiri
1121 3411 1400 3481 quiddam
1417 3413 1733 3482 potest,sed
1766 3412 1979 3466 melius

324 3501 503 3569 atque
532 3497 763 3553 facilius
787 3499 994 3553 artifex
1020 3499 1267 3565 faciet,si
1294 3500 1352 3554 in
1385 3517 1557 3571 opere
1579 3502 1975 3556 construendo

323 3586 468 3641 artis
484 3586 825 3642 facultatem
842 3593 1019 3658 atque
1037 3587 1382 3658 elegantiam
1398 3591 1787 3660 comparet.ln
1805 3606 1975 3657 argu-

320 3675 537 3731 mentis
557 3693 791 3747 quoque
816 3677 969 3731 idem
997 3693 1128 3732 esse
1177 3678 1552 3733 manifestum
1577 3684 1688 3743 est,
1723 3679 1773 3732 vi
1811 3696 1978 3734 nam-

324 3781 439 3834 que
459 3765 742 3819 naturalis
760 3766 981 3836 ingenii
999 3772 1350 3838 argumenta
1370 3769 1863 3836 promuntur.Sed
1878 3785 1974 3823 ars

324 3853 659 3908 facultatem
676 3854 905 3909 imitata
923 3860 1145 3910 naturae
1159 3856 1310 3911 viam
1334 3857 1651 3926 quamdam
1672 3858 1981 3911 rationem-

323 3959 434 4013 que
457 3943 887 4015 reperit,quaid
912 3944 1065 3999 efﬁci
1094 3946 1326 3999 facilius
1348 3962 1414 4000 ac
1442 3945 1655 4000 melius
1684 3946 1891 4016 possit.
1916 3951 1979 4000 In

324 4048 440 4102 qua
463 4049 522 4086 re
540 4031 774 4088 illorum
800 4049 1038 4089 necesse
1051 4038 1139 4088 est
1164 4034 1630 4105 reprehendatur
1661 4051 1843 4104 error,
1879 4035 1981 4105 qui

320 4122 670 4179 rhetoricam
690 4123 1030 4178 facultatem
1047 4129 1186 4179 natu
1198 4124 1379 4178 ralem
1393 4140 1521 4179 esse
1541 4123 1980 4195 dixerunt,quo-

317 4213 473 4268 niam
503 4212 754 4284 quilibet
777 4215 960 4269 totius
985 4214 1127 4269 artis
1145 4213 1374 4269 alienus
1394 4222 1449 4269 et
1480 4216 1783 4271 intendere
1818 4216 1877 4269 in
1898 4215 1985 4270 al-

328 4307 520 4356 terum
545 4303 792 4367 crimen,
812 4307 870 4356 et
900 4319 1028 4357 sese
1051 4319 1303 4374 purgare
1334 4302 1505 4371 solet,
1538 4309 1594 4357 et
1637 4309 1982 4375 argumento

325 4390 545 4461 aliquid
566 4392 809 4463 probare
825 4393 1827 4463 contendit.Reprehendendietiam
1844 4397 1986 4449 sunt

325 4479 424 4549 qui
450 4480 718 4534 eamdem
742 4481 1080 4536 facultatem
1103 4480 1163 4535 in
1182 4482 1307 4537 sola
1329 4487 1451 4537 arte
1470 4482 1719 4553 positam
1745 4498 1873 4538 esse
1893 4482 1983 4537 di-

326 4574 577 4623 xerunt:
605 4569 863 4640 oportuit
898 4570 1054 4625 enim
1102 4587 1201 4625 eos
1240 4571 1725 4637 animadvertere,
1748 4588 1983 4627 omnem

334 4657 571 4728 quidem
590 4663 771 4712 artem
792 4659 882 4713 sui
908 4659 1212 4714 materiam
1232 4661 1473 4715 effectus
1488 4677 1556 4716 ex
1578 4667 1789 4716 natura
1803 4661 1987 4715 susci-

332 4747 597 4817 pere,sed
624 4747 684 4800 in
707 4762 770 4801 ea
813 4753 1005 4803 tamen
1051 4750 1275 4804 ratione
1313 4752 1605 4821 prepriam
1644 4750 1986 4807 facultatem

329 4834 795 4907 elegantiamque
817 4837 1223 4909 experiri.Hae
1239 4838 1441 4911 itaque
1462 4856 1589 4909 quas
1632 4840 1850 4895 artium
1886 4858 1977 4895 ra-

328 4925 411 4981 tio
436 4925 685 4996 perﬁcit,
708 4928 781 4981 ab
808 4927 1097 4997 imperitis
1120 4928 1295 4982 etiam
1339 4929 1484 4994 ﬁeri,
1521 4935 1821 4998 utcunque
1841 4946 1979 4984 con-

331 5014 549 5085 tigerit,
570 5020 839 5086 possunt.
864 5015 1015 5070 Bene
1046 5022 1243 5071 autem
1275 5034 1341 5071 ac
1383 5018 1550 5072 facile
1580 5034 1753 5072 nemo
1775 5018 1975 5087 efficit,

329 5103 439 5158 nisi
463 5104 607 5159 artis
627 5105 851 5160 ratione
872 5105 1047 5160 fuerit
1068 5105 1563 5161 instructus.Cum
1588 5106 1772 5176 igitur
1798 5107 1978 5161 totius

332 5193 525 5263 operis
546 5193 667 5247 haec
690 5193 767 5248 sit
806 5194 1075 5261 intentio,
1117 5200 1179 5249 ut
1209 5199 1555 5266 argumenta
1580 5212 1709 5266 quae
1731 5195 1981 5250 confusa

330 5286 388 5335 et
402 5281 578 5336 veluti
601 5282 803 5338 clausa
827 5286 1035 5337 natura
1059 5283 1422 5354 suppeditat,
1462 5283 1846 5339 artificialiter
1875 5301 1978 5340 ve-

331 5370 647 5441 stigentur,
673 5372 811 5442 quid
838 5372 915 5426 sit
937 5388 1036 5440 per
1056 5373 1212 5442 quod
1244 5373 1472 5426 efficere
1490 5373 1544 5426 id
1560 5374 1713 5442 quod
1736 5374 1978 5443 promit-

326 5461 403 5515 tit
423 5477 518 5516 ars
543 5459 868 5525 valeat,sub
890 5459 1143 5530 exempli
1165 5461 1465 5516 notatione
1478 5462 1847 5519 demonstrat
1872 5480 1887 5517 :
1918 5467 1982 5518 ut

328 5550 487 5607 enim
511 5550 743 5608 facilius
756 5555 1105 5623 argumenta
1118 5567 1178 5606 re
1184 5550 1621 5623 perienturdlle
1632 5569 1726 5610 res
1746 5554 1987 5626 efficiet,

2096 2243 2541 2301 locata.Etenim
2569 2251 2633 2301 ut
2651 2248 2699 2303 si
2722 2248 2857 2318 quis
2878 2248 3097 2319 aliquid
3137 2255 3383 2321 quaarat,
3418 2250 3655 2304 facilius
3689 2249 3741 2302 id

2091 2333 2445 2405 investigare
2467 2338 2652 2407 possit
2691 2341 2862 2407 atque
2902 2337 3185 2403 invenire,
3220 2339 3267 2393 si
3297 2339 3465 2393 locus
3502 2338 3556 2392 ei
3580 2354 3744 2391 mon-

2092 2426 2429 2479 streturubi
2457 2428 2811 2498 sitpositum
2845 2429 2901 2481 id
2939 2430 3093 2498 quod
3139 2429 3424 2498 inquirit;
3450 2428 3535 2483 ita
3566 2430 3743 2483 etiam

2093 2530 2227 2567 cum
2252 2515 2385 2584 quis
2406 2522 2820 2587 argumentum
2847 2518 3109 2573 invenire
3142 2524 3408 2584 conatur,
3438 2518 3485 2573 si
3513 2518 3744 2573 eilocus

2094 2602 2191 2656 ubi
2218 2609 2631 2674 argumentum
2653 2606 2728 2660 sit
2748 2606 3021 2675 positum,
3045 2606 3747 2669 declaretur,faciliusar-

2091 2697 2440 2761 gumentum
2465 2696 2619 2763 quod
2642 2694 2853 2765 querit
2882 2695 3096 2750 valebit
3145 2696 3429 2749 invenire.
3466 2697 3553 2750 Ita
3585 2695 3741 2749 enim

2090 2781 2459 2849 Aristotcles,
2490 2788 2546 2837 et
2566 2783 2646 2837 ita
2667 2783 2900 2838 Tullius
2925 2783 3183 2856 appellat
3204 2801 3301 2839 eas
3325 2786 3494 2840 sedes
3537 2785 3595 2839 in
3617 2784 3742 2855 qui-

2093 2872 2202 2924 bus
2236 2878 2583 2940 argumenta
2613 2872 3077 2939 suntcollocata,
3113 2874 3171 2928 id
3212 2879 3301 2928 est
3335 2873 3650 2943 locos,qui
3675 2874 3741 2927 ab

2088 2959 2397 3015 Aristotele
2420 2962 2613 3032 topica
2642 2962 2831 3017 vocati
2854 2967 3011 3017 sunt.
3046 2963 3154 3017 Sed
3189 2962 3470 3033 quoniam
3495 2964 3567 3017 de
3591 2963 3745 3017 sedi-

2090 3049 2198 3103 bus
2213 3058 2689 3121 argumentorum
2705 3051 3089 3123 loquimur,hi
3104 3051 3749 3123 cujusmodisintpaulo

2090 3138 2267 3193 altius
2285 3140 2702 3211 expediamus;
2729 3143 2891 3198 locus
2913 3142 3069 3197 enim
3096 3159 3209 3197 non
3239 3160 3355 3197 uno
3373 3144 3551 3197 modo
3574 3142 3743 3195 intel—

2088 3226 2307 3298 ligitur.
2333 3229 2405 3283 Ac
2429 3230 2822 3300 relinquamus
2846 3231 3081 3301 quidem
3097 3248 3196 3286 eos
3220 3230 3375 3286 locos
3392 3230 3744 3301 quosVicto-

2089 3315 2255 3371 rinus
2292 3317 2509 3372 frustra
2537 3324 2714 3390 atque
2736 3320 3213 3375 inconvenienter
3234 3320 3559 3384 interserit,
3592 3320 3747 3375 velut

2089 3422 2189 3459 eos
2206 3407 2301 3477 qui
2324 3423 2567 3478 corpora
2590 3408 3042 3475 concludunt,ac
3067 3409 3416 3480 simpliciter
3448 3409 3743 3479 intelliga-

2090 3512 2225 3550 mus
2245 3512 2344 3550 eos
2372 3495 2530 3551 locos
2546 3502 3030 3568 argumentorum
3052 3515 3182 3554 esse
3204 3498 3303 3568 qui
3326 3499 3482 3553 intra
3503 3515 3568 3552 se
3602 3516 3738 3553 con-

2090 3584 2917 3657 tinentargumentainquibus
2930 3589 3290 3658 exponendis
3306 3590 3593 3659 posterius
3610 3588 3745 3660 quid

2083 3675 2327 3744 sitquod
2349 3675 2605 3730 dicimus
2627 3674 2846 3731 clarius
2876 3676 3375 3747 apparebit.Nunc
3406 3678 3741 3732 communi-

2082 3769 2171 3818 ter
2186 3765 2255 3819 de
2279 3770 2401 3820 tota
2418 3764 2681 3819 locorum
2705 3765 2955 3833 ratione,
2976 3768 3165 3836 deque
3203 3768 3738 3836 argumentatione,

2084 3869 2151 3907 ac
2165 3854 2234 3907 de
2253 3870 2284 3923 q
2297 3854 2680 3909 umstionibus
2697 3857 2753 3909 et
2766 3855 3272 3925 propositionibus
3291 3873 3424 3911 earn
3437 3863 3737 3927 mqueter-

2084 3942 2263 3997 minis
2277 3943 2650 3999 videturesse
2664 3946 3150 3999 tractandum.Ac
3176 3946 3427 4015 primum
3454 3947 3735 4016 quoniam

2085 4030 2249 4086 locus
2274 4035 2373 4102 qui
2396 4037 2683 4089 tractatur
2700 4032 2759 4087 in
2776 4034 3027 4103 Topicis,
3054 4052 3165 4089 non
3184 4035 3503 4104 cujuslibet
3526 4036 3735 4103 rei,scd

2086 4108 2321 4175 tantum
2348 4121 2510 4177 locus
2541 4128 2630 4177 est
2659 4124 3015 4191 argumenti,
3046 4124 3309 4195 exposito
3352 4125 3520 4195 prius
3561 4141 3734 4196 argu-

2090 4212 2272 4265 menti
2304 4210 2622 4279 intellcctu,
2656 4212 2929 4283 deinceps
2951 4214 3021 4267 de
3045 4212 3155 4267 loci
3197 4214 3420 4268 ratione
3461 4215 3742 4270 tractabi-

2090 4316 2243 4355 mus.
2269 4300 2497 4355 Diffinit
2518 4300 2927 4372 igitur'l‘ullius
2948 4307 3359 4373 argumentum
3387 4303 3497 4358 hoc
3538 4306 3741 4359 modo:

2091 4392 2513 4459 Argumentum
2535 4394 2624 4445 est
2652 4391 2797 4447 ratio
2817 4408 2947 4461 quae
2971 4392 3049 4447 rei
3096 4392 3285 4446 dubiae
3325 4393 3507 4448 faciat
3546 4394 3741 4449 ﬁdem.

2091 4478 2355 4549 Sumpsit
2376 4478 2555 4550 igitur
2568 4480 2853 4535 rationem
2870 4486 2935 4535 ut
2950 4482 3380 4552 genus.0mnes
3400 4484 3562 4538 enim
3590 4485 3741 4553 inju-

2091 4566 2228 4622 riosi
2253 4573 2393 4623 sunt
2413 4569 2514 4639 qui
2537 4569 2817 4624 orationis
2839 4570 3115 4626 virtutem
3157 4588 3190 4624 a
3229 4571 3535 4641 sapientiae
3565 4574 3740 4627 ratio-

2093 4674 2165 4711 ne
2188 4659 2529 4727 sejungunt,
2566 4658 2860 4729 aliamque
2890 4676 3019 4715 esse
3056 4660 3286 4715 dicendi
3311 4666 3498 4715 artem
3546 4664 3742 4727 velint,

2093 4744 2265 4800 aliam
2292 4746 2678 4817 intelligendi.
2706 4748 2851 4802 Nam
2877 4748 2927 4802 si
2952 4747 3095 4802 nihil
3116 4749 3407 4804 orationes
3439 4750 3603 4805 aliud
3632 4750 3748 4820 agi—

2098 4851 2250 4902 mus,
2286 4834 2398 4890 nisi
2423 4836 2671 4891 interius
2695 4837 2949 4907 cogitata
2977 4837 3310 4908 vulgamus,
3346 4856 3479 4909 quas
3523 4841 3745 4895 malum

2091 4923 2235 4979 ratio
2257 4929 2365 4993 est,
2390 4924 2670 4980 orationis
2694 4925 3039 4995 elegantiam
3062 4928 3536 4983 asententiarum
3552 4929 3743 5001 gravi-

2091 5019 2205 5069 tate
2223 5029 2504 5083 seponere
2525 5013 2690 5080 mare
2706 5031 2873 5084 porro
2890 5017 3314 5071 sententiarum
3339 5019 3601 5087 gravitas
3620 5035 3743 5073 esse

2091 5103 2433 5171 potest,sine
2476 5120 2675 5158 earum
2713 5112 2907 5158 rerum
2949 5105 3020 5159 de
3055 5105 3273 5175 quibus
3308 5106 3627 5163 dicendum
3657 5113 3745 5163 est

2087 5191 2609 5262 comprehensione
2633 5190 2657 5245 Ρ
2688 5192 2824 5256 Quae
2844 5209 2978 5249 vero
3006 5193 3119 5249 alia
3134 5194 3451 5266 disciplina
3466 5203 3739 5253 naturam

2088 5280 2617 5351 proprietatemque
2642 5299 2837 5337 rerum
2861 5283 3124 5338 omnium
3154 5284 3339 5351 docet,
3364 5285 3453 5340 vel
3474 5303 3737 5357 quaeom-

2091 5372 2227 5426 nino
2241 5387 2441 5425 eorum
2459 5388 2587 5441 qua
2605 5371 2849 5443 intelligi
2868 5379 3135 5443 possunt,
3172 5374 3477 5430 scientiam
3504 5377 3732 5446 proﬁte-

2088 5459 2327 5527 tur,nisi
2352 5461 2472 5514 haec
2488 5466 2717 5517 tantum
2745 5476 2818 5516 ex
2840 5478 2955 5533 qua
2978 5478 3082 5517 nos
3136 5478 3325 5534 pauca
3362 5465 3730 5536 praesumpsi-

2091 5566 2225 5605 mue
2247 5548 2627 5622 philosophia
2652 5551 2679 5606 ‘2
2702 5567 2835 5622 quea
2877 5552 3050 5623 longe
3096 5550 3266 5608 aliter
3288 5554 3361 5609 de
3391 5554 3487 5609 his
3508 5554 3645 5626 ipsis
3672 5553 3728 5607 in
