3990 6174
210 362 240 413 1
256 358 371 413 17³7

1310 368 1407 421 ΒΕ
1448 364 1944 420 DIFFERENTIIB
1980 362 2273 419 TOPICIS.
2316 366 2450 417 LIB.
2492 368 2537 419 Ι.

3489 366 3626 419 1178

194 482 537 553 simplices,
564 483 688 539 alia:
720 488 1055 557 compositae
1087 492 1243 543 sunt.
1273 487 1579 560 Simplices
1630 490 1770 543 sunt
1800 489 1866 540 ut
1897 488 1946 553 Α
1977 484 2211 554 quidem
2229 487 2541 554 eoerit,sed
2566 504 2679 542 non
2702 488 2770 541 de
2786 488 3624 560 substantiaipsiusprzedica-

200 572 304 628 bas
341 590 466 643 quae
497 590 565 627 ex
593 573 845 644 simplici
894 577 1286 648 propositione
1338 578 1722 644 descendunt,
1756 575 1864 629 hoc

197 664 419 728 modo,
450 668 514 717 ut
544 662 593 717 si
625 668 923 733 quzeratur
953 681 1023 719 an
1059 666 1267 721 emtum
1302 668 1379 721 sit
1425 666 1701 722 volubile.
1733 668 1864 717 Haec

193 752 374 807 enim
410 752 479 805 ab
502 768 569 806 ea
592 752 750 806 venit
775 755 1167 824 propositione
1192 774 1319 825 quae
1342 756 1482 811 dicit
1503 757 1710 810 ccelum
1737 770 1867 809 esse

193 841 494 897 volubile.
518 844 707 912 Atque
730 842 836 897 sia
858 843 1235 898 conditionali
1261 845 1581 916 composita
1602 842 1867 914 proposi-

198 932 377 986 tione
396 930 640 999 suscipit
670 931 927 997 initium,
960 949 1084 1001 qum
1108 938 1195 987 est
1217 952 1287 987 an
1318 934 1364 988 si
1399 932 1609 987 cmlum
1643 937 1731 987 est
1763 948 1863 985 ro-

196 1021 491 1085 tundum,
514 1019 765 1075 volubile
797 1022 1036 1089 est,erit
1060 1022 1469 1077 conditionalis
1503 1029 1675 1092 atque
1708 1038 1864 1075 com-

194 1110 403 1177 posita
426 1109 533 1163 hoc
568 1109 773 1175 modo;
807 1109 928 1163 haec
953 1111 1107 1164 enim
1135 1127 1167 1164 a
1194 1110 1571 1165 conditionali
1598 1110 1862 1181 preposi—

193 1198 369 1251 tione
389 1196 736 1269 principium
759 1198 942 1253 sumit
964 1217 1090 1269 qua:
1116 1206 1223 1265 est,
1241 1200 1288 1254 si
1308 1199 1515 1254 cmlum
1538 1199 1857 1253 rotundum

192 1291 319 1354 est,
348 1285 601 1341 volubile
624 1291 742 1341 est:
771 1289 1013 1357 quaestio
1044 1304 1177 1357 ergo
1210 1288 1353 1342 alias
1387 1288 1623 1359 quidem
1652 1286 1857 1357 prmdi-

198 1376 406 1431 cativa
435 1380 543 1441 est,
587 1375 734 1431 alias
790 1376 1221 1432 conditionalis.
1274 1379 1395 1441 Quo
1430 1378 1494 1430 ﬁt
1526 1383 1589 1431 ut
1638 1377 1855 1430 eaedem

200 1471 408 1537 partes
426 1466 770 1537 quaestionis
793 1467 911 1521 sint
941 1484 1066 1538 qua
1100 1468 1325 1523 dudum
1356 1483 1484 1523 esse
1516 1467 1683 1521 dictae
1715 1469 1854 1521 sunt

200 1555 1152 1627 propositiones.Praedicativaeigi
1165 1561 1257 1611 tur
1270 1556 1622 1628 quaastiones
1637 1555 1855 1609 habent

196 1645 589 1717 praedicatum
614 1650 791 1717 atque
809 1647 1161 1717 subjectum,
1180 1646 1317 1701 utin
1336 1663 1402 1701 ea
1421 1646 1855 1717 quadubitatur

192 1752 276 1788 an
312 1735 525 1789 ccelum
560 1735 635 1789 sit
685 1734 958 1790 volubile.
982 1736 1127 1790 Nam
1164 1735 1418 1790 volubile
1452 1736 1852 1807 praedicatum,

1972 574 2132 628 bitur
2160 595 2173 643 ;
2198 576 2360 630 autei
2379 577 2747 647 eritaequale,
2767 581 2823 631 et
2842 578 2897 631 in
2916 579 3115 631 substa
3130 580 3249 632 ntia
3282 578 3627 649 przedicabi-

1972 669 2067 718 tur
2090 685 2102 731 ;
2125 670 2225 719 aut
2245 666 2293 718 ei
2313 666 2421 719 erit
2440 665 2790 733 requale,sed
2820 667 3057 719 minime
3074 670 3200 734 ejus
3221 668 3614 723 substantiam

1970 753 2598 809 continebit.Namutid
2617 756 2767 824 quod
2786 754 2895 807 min
2911 772 2977 808 us
2992 755 3160 808 estde
3175 772 3239 809 eo
3256 756 3407 823 quod
3428 758 3621 825 majus

1968 847 2058 896 est
2083 843 2489 913 prmdicemus,
2516 843 2571 895 in
2602 842 2756 896 nulla
2790 842 3184 913 propositione
3205 845 3411 897 evenit.
3431 848 3540 898 Sed
3566 846 3614 900 si

1968 932 2080 987 tale
2103 934 2358 1003 estquod
2376 934 2430 986 in
2451 934 2776 1003 quaestione
2798 934 3236 1003 proponitur,ut
3255 934 3523 1003 subjecto
3544 936 3621 991 sit

1968 1022 2247 1089 majus,et
2264 1023 2334 1076 de
2353 1023 2601 1092 subjecti
2624 1024 2957 1077 substantia
2985 1022 3353 1092 praedicetur,
3379 1024 3489 1077 erit
3519 1040 3617 1094 ge-

1966 1128 2078 1165 nus
2107 1129 2118 1166 :
2148 1128 2320 1166 omne
2342 1112 2497 1167 enim
2514 1129 2700 1181 genus
2716 1115 3091 1181 estinajuseo
3107 1113 3176 1166 de
3196 1131 3311 1183 quo
3338 1115 3615 1183 pradica-

1964 1204 2143 1267 tur,et
2165 1202 2233 1254 de
2254 1202 2586 1256 substantia
2604 1203 2732 1270 ejus
2755 1202 3060 1269 dicitur,ut
3085 1203 3299 1257 animal
3339 1203 3612 1259 hominis.

1964 1290 2098 1345 Atsi
2117 1291 2307 1360 majus
2326 1291 2563 1360 quidem
2587 1291 2885 1356 fuerit,sed
2908 1292 2975 1344 de
2998 1293 3328 1347 substantia
3352 1294 3478 1363 ejus
3497 1310 3612 1347 non

1964 1379 2329 1448 prmdicetur,
2355 1378 2457 1433 erit
2485 1380 2849 1443 aceidens,ut
2872 1380 3071 1434 album
3098 1381 3342 1436 homini.
3365 1382 3525 1444 Quod
3563 1383 3611 1436 si

1962 1469 2183 1537 aequale
2202 1468 2435 1539 quidem
2458 1468 2659 1533 sit,sed
2685 1469 3351 1539 substantiale,subjecti
3374 1471 3484 1525 erit
3508 1470 3616 1525 dif-

1961 1556 2243 1622 ﬁnitio,ut
2264 1556 2479 1611 animal
2494 1557 2779 1611 rationale
2802 1558 3040 1612 mortale
3064 1558 3425 1613 homini:boe
3446 1577 3611 1614 nam-
3670 1620 3683 1629 ,

1960 1661 2075 1716 que
2100 1646 2477 1713 convertitur,
2504 1651 2559 1699 et
2579 1646 2823 1715 subjecti
2849 1648 3219 1711 rationem,id
3246 1653 3333 1702 est
3354 1648 3608 1703 hominis

1959 1734 2380 1797 substantiam,
2409 1741 2712 1789 monstrat.
2734 1737 2893 1800 Quod
2918 1736 2963 1790 si
2991 1736 3213 1805 aequale
3239 1737 3477 1806 quidem
3511 1737 3607 1803 sit,

188 1823 415 1879 caelum
442 1840 573 1879 vero
602 1824 933 1894 subjectum
957 1830 1063 1880 est.
1088 1825 1271 1895 Major
1288 1825 1442 1879 enim
1462 1826 1745 1879 terminus
1763 1828 1853 1877 est
1885 1850 1930 1914 Β
1962 1823 2061 1877 sed
2083 1841 2114 1876 a
2138 1826 2358 1877 ratione
2381 1825 2721 1878 substantiae
2744 1826 3100 1893 sejunctum,
3129 1825 3237 1879 erit
3268 1827 3609 1897 pr0prium:

194 1910 461 1966 volubile
485 1929 655 1981 quam
677 1911 911 1966 omium.
930 1912 1125 1982 Neque
1145 1914 1299 1967 enim
1316 1914 1519 1967 cmlum
1545 1912 1735 1967 solum
1760 1927 1855 1965 vo-

197 1999 390 2055 lubile
408 2000 518 2055 dici
538 2001 884 2072 potest.Qute
898 2018 1028 2055 vero
1043 2002 1358 2071 conjuncta
1371 2000 1850 2072 estquzestio,ha-

196 2089 368 2144 bebit
382 2099 571 2161 partes
585 2090 738 2160 quod
760 2090 1173 2161 praedicaturet
1186 2091 1335 2161 quod
1354 2090 1485 2160 subj
1498 2089 1851 2161 icitur,quod

197 2179 495 2235 antecedit
513 2184 568 2233 et
588 2180 741 2250 quod
762 2178 1159 2248 consequitur,
1190 2184 1251 2233 ut
1272 2180 1325 2233 in
1355 2196 1421 2234 ea
1445 2196 1572 2251 quae
1592 2179 1754 2244 dicit,
1778 2195 1852 2234 an

194 2268 250 2323 si
272 2267 482 2323 cmlum
501 2268 820 2321 rotundum
835 2267 1850 2333 est,volubileest.Anteceditrotun-

194 2359 343 2413 dum
368 2373 516 2422 esse,
542 2357 811 2428 sequitur
832 2356 1085 2411 volubile
1106 2374 1252 2412 esse.
1274 2358 1406 2421 Quae
1443 2373 1574 2412 cum
1610 2359 1687 2411 ita
1710 2356 1849 2423 sint,

193 2446 258 2501 in
286 2446 655 2516 prmdicativa
676 2446 1317 2516 quaestionedubitatur
1349 2464 1421 2501 an
1446 2447 1710 2516 subjecto
1734 2451 1852 2499 ter-

196 2536 363 2591 mino
384 2536 731 2605 praadicatus
755 2535 1121 2591 inhaereatJn
1140 2536 1530 2608 hypotheticis
1543 2552 1678 2591 vero
1700 2552 1853 2606 quaa-

196 2624 516 2693 stionibus,
542 2624 685 2678 iilud
723 2629 952 2679 tantum
978 2624 1253 2695 quaeritur
1277 2642 1348 2679 an
1377 2625 1535 2679 illam
1566 2642 1687 2679 rem
1726 2641 1850 2693 quae

198 2714 473 2786 precedit
487 2713 794 2769 comitetur
810 2715 858 2767 id
878 2715 1031 2784 quod
1050 2731 1150 2785 seq
1161 2721 1329 2769 uents
1344 2731 1473 2769 esse
1488 2713 1850 2785 proponitur.

198 2802 413 2859 Omnia
443 2819 578 2857 vero
611 2819 735 2872 quze
780 2803 850 2856 de
896 2802 1284 2873 praadicativis
1351 2803 1852 2874 propositionibus

203 2893 363 2947 dicta
419 2896 581 2959 sunt,
616 2892 668 2945 id
704 2896 814 2957 est,
835 2892 986 2962 quod
1014 2891 1140 2945 alia?
1164 2891 1547 2959 universales,
1571 2892 1695 2947 aliis
1722 2908 1853 2962 par-

204 2981 505 3049 ticulares,
539 2981 666 3036 aliae
713 2980 1055 3048 indefinite,
1088 2980 1214 3035 aliae
1266 2982 1615 3053 singulares,
1648 2981 1853 3036 eadem

205 3070 577 3143 possuntdici
607 3070 723 3124 fere
745 3070 801 3124 in
829 3070 1200 3140 praedicativa
1223 3072 1567 3141 quastione.
1598 3072 1710 3125 Hoc
1733 3074 1853 3124 ete-

204 3160 329 3215 nim
351 3164 580 3214 tantum
605 3159 848 3229 quaastio
869 3176 901 3213 a
924 3159 1321 3230 propositione
1337 3160 1849 3231 diversaest,quod

200 3248 524 3321 propositio
539 3247 774 3320 quidem
794 3248 874 3303 vel
898 3248 1201 3303 enuntiata
1215 3249 1673 3320 simpliciter,vel
1691 3249 1849 3304 aliud

202 3341 481 3411 probans,
515 3338 698 3391 oratio
732 3340 821 3391 est
869 3353 1071 3391 verum
1134 3336 1422 3392 falsunwe
1480 3336 1845 3409 signiﬁcans.

200 3426 455 3494 Quaestio
485 3441 618 3481 vero
650 3442 781 3481 cum
816 3426 893 3480 sit
933 3426 1061 3496 ipsa
1105 3427 1343 3497 quidem
1377 3426 1582 3491 oratio,
1610 3426 1847 3480 dubita-

197 3517 336 3573 bilis
359 3522 553 3572 tamen
573 3521 660 3571 est
684 3514 1434 3587 propositio.Additaigitur
1457 3514 1846 3585 dubitatione,

200 3624 325 3677 qua:
357 3605 416 3660 in
476 3604 873 3676 propositione
922 3605 1387 3667 considerantur,
1421 3604 1619 3659 eadem
1670 3605 1849 3659 etiam

201 3694 472 3753 convenit
503 3693 561 3747 in
597 3694 921 3764 quaestione
969 3694 1228 3747 tractari.
1268 3694 1622 3758 Quaestionis
1653 3698 1849 3749 autem

202 3786 327 3841 dum
350 3783 725 3853 suntspecies
750 3798 761 3837 :
785 3800 898 3837 una
916 3782 1271 3853 quaadicitur
1293 3801 1323 3837 a
1343 3782 1702 3849 dialecticis;
1730 3784 1851 3838 the-

204 3872 287 3927 sis
316 3888 331 3939 ;
356 3870 477 3924 haec
501 3868 840 3939 bujusmodi
861 3874 949 3922 est
979 3886 1106 3940 quae
1134 3870 1205 3924 de
1239 3887 1297 3923 re
1320 3870 1543 3924 caeteris
1567 3870 1849 3924 circums-

201 3960 401 4016 tantiis
434 3960 593 4013 nuda
626 3958 832 4029 quaerit
862 3974 927 4012 ac
958 3958 1212 4026 disserit,
1250 3958 1454 4029 quales
1476 3976 1507 4013 a
1528 3959 1849 4014 dialecticis

201 4048 453 4105 maxime
475 4048 545 4101 ad
572 4045 1038 4118 disputationem
1065 4053 1406 4114 sumuntur,
1430 4047 1849 4118 utvoluptasne

199 4155 501 4196 summum
543 4138 764 4193 bonum
804 4136 931 4191 sit?
985 4136 1332 4191 Ducendane
1384 4136 1575 4191 uxor?
1630 4136 1749 4191 haac
1817 4154 1851 4191 a

198 4230 365 4286 nobis
389 4226 712 4299 propositio
736 4225 821 4279 vel
850 4226 1216 4297 propositum
1240 4226 1474 4281 dicitur.
1500 4226 1695 4280 Altera
1714 4242 1848 4280 vero

195 4336 319 4391 quae
356 4336 389 4374 a
430 4317 644 4373 Gracia
688 4319 925 4371 vocatur
975 4315 1339 4387 hypothesis,
1374 4332 1407 4370 a
1436 4316 1603 4369 nobis
1634 4315 1851 4370 dicitur

193 4425 366 4465 causa
384 4426 397 4471 ;
427 4406 546 4460 haec
564 4406 811 4477 quaestio
832 4408 921 4458 est
944 4404 1814 4475 personis,temporibus,factis
1829 4447 1843 4471 ,

200 4495 540 4565 ceterisque
570 4493 1031 4549 circumstantiis
1066 4492 1350 4563 implicita
1378 4518 1391 4559 ;
1424 4509 1491 4548 ea
1520 4498 1609 4547 est
1639 4492 1847 4563 hujus-

1968 1916 2030 1965 ut
2053 1911 2251 1966 risible
2275 1913 2520 1967 homini.
2549 1914 2748 1983 Itaque
2766 1914 3079 1968 dialecticze
3102 1915 3418 1985 simplices,
3455 1933 3615 1986 qua:-

1968 2001 2747 2068 stiones,autdegenere,aut
2765 2003 2835 2056 de
2858 2003 3279 2067 accidenti,aut
3301 2005 3369 2059 de
3391 2004 3614 2058 difﬁni-

1966 2089 2253 2157 tione,aut
2270 2091 2339 2145 de
2360 2090 2591 2161 proprio
2615 2092 2781 2145 ﬁunt.
2798 2092 3191 2147 Possuntvero
3214 2094 3332 2147 fieri
3358 2094 3527 2148 etiam
3545 2095 3616 2148 de

1967 2178 2292 2233 differentia
2309 2178 2659 2249 qumstiones
2674 2181 3094 2251 cumqureritur
3110 2181 3360 2236 cmlestia
3375 2198 3617 2252 corpora

1967 2268 2275 2323 rationalia
2290 2270 2408 2323 sint
2423 2268 2713 2334 necne,vel
2732 2286 2853 2322 cum
2868 2270 3320 2325 dubitatureane
3335 2270 3615 2342 sittyran-

1967 2356 2025 2412 ni
2050 2373 2113 2410 ac
2140 2358 2423 2428 principis
2447 2357 2793 2426 differentia,
2819 2360 2965 2428 quod
2990 2358 3082 2413 hic
3107 2360 3333 2429 legibus
3360 2359 3616 2430 sumpsit

1965 2446 2421 2517 imperium,ille
2453 2446 2705 2501 violenta
2732 2446 3131 2502 dominatione
3164 2448 3445 2519 populum
3481 2464 3611 2518 pre-

1968 2535 2208 2590 mit.Sed
2227 2537 2594 2590 tantumdem
2615 2540 2703 2591 est
2719 2536 3127 2592 dedifi'erentia
3145 2555 3615 2609 quaarere,quan-

1966 2628 2091 2679 tum
2117 2624 2165 2679 si
2187 2624 2479 2695 degenere
2495 2625 2569 2678 du
2584 2626 2933 2680 bitetur.Aut
2949 2628 3103 2680 enim
3121 2628 3614 2682 constitutivaerit

1964 2713 2421 2780 differentia,aut
2454 2713 2740 2768 divisiva:
2776 2716 2875 2768 sed
2901 2714 2948 2768 si
2989 2716 3369 2770 constitutiva
3409 2716 3612 2784 fuerit,

1966 2802 2135 2874 quasi
2157 2803 2388 2873 generis
2411 2802 2635 2856 obtinet
2661 2803 2945 2869 locum,ut
2970 2803 3396 2859 rationabilitas
3420 2804 3609 2859 homi-

1967 2893 2059 2959 ni;
2092 2893 2179 2945 vel
2208 2891 2255 2945 si
2291 2891 2517 2947 ratione
2550 2892 2771 2961 degunt
2804 2893 3062 2948 ccetestia
3108 2909 3372 2964 corpora,
3407 2894 3612 2949 caeles-

1964 2980 2123 3035 tibus
2150 2996 2387 3051 quoque
2410 2981 2771 3050 corporibus.
2791 2982 2857 3034 At
2892 2980 2937 3033 si
2969 2982 3213 3036 divisiva
3236 2982 3426 3051 fuerit,
3452 2982 3611 3038 velut

1967 3070 2193 3141 species
2225 3069 2650 3139 consideratur,
2687 3070 2878 3125 omnis
2909 3071 3063 3124 enim
3096 3070 3318 3139 species
3350 3088 3482 3126 cum
3513 3072 3605 3126 di—

1968 3158 2183 3212 visibili
2216 3158 2548 3213 differentia
2599 3165 2707 3213 est.
2764 3158 2920 3221 Quod
2984 3160 3029 3213 si
3075 3160 3396 3214 differentia
3457 3177 3609 3215 nunc

1968 3247 2204 3319 quidem
2240 3248 2364 3302 loco
2386 3248 2803 3319 generis,nunc
2819 3264 2951 3303 vero
2974 3249 3188 3320 speciei
3213 3249 3338 3304 loco
3368 3250 3609 3316 utimur,

1966 3336 2183 3407 ambigi
2217 3353 2331 3391 non
2367 3342 2575 3405 potest,
2610 3354 2741 3391 cum
2776 3338 2845 3393 de
2877 3353 2943 3393 ea
2974 3338 3257 3409 qumritur
3286 3339 3355 3393 de
3403 3355 3611 3408 genere

1966 3426 2224 3480 dubitari
2255 3444 2267 3493 ;
2305 3425 2425 3480 ﬁeri
2459 3443 2590 3481 vero
2623 3431 2845 3497 postest
2876 3432 2939 3481 ut
2971 3427 3187 3499 aliquid
3227 3428 3282 3481 in
3317 3432 3610 3482 certamen

1965 3516 2398 3585 comparatione
2430 3516 2701 3581 ducatur,
2748 3515 2904 3570 velut
2962 3532 3094 3570 cum
3158 3516 3479 3587 ambigitur
3535 3533 3607 3571 an

1966 3603 2173 3659 melior
2204 3606 2281 3658 sit
2313 3604 2859 3674 fortitudojustitia.
2886 3605 2993 3660 Sed
3021 3604 3139 3660 haec
3158 3606 3402 3675 quaestio
3434 3605 3490 3659 in
3516 3621 3610 3659 ac-

1965 3693 2212 3749 cidentis
2247 3710 2483 3749 necesse
2512 3699 2603 3749 est
2631 3694 2995 3748 dubitatione
3042 3700 3307 3765 ponatur.
3346 3698 3606 3761 Namque

1964 3783 2033 3837 ad
2088 3784 2584 3853 comparationem
2638 3782 2781 3837 nihil
2830 3782 2942 3837 nisi
2990 3783 3261 3837 accidens
3291 3783 3469 3843 venit,
3505 3782 3611 3838 hoc

1963 3871 2119 3926 enim
2155 3878 2345 3927 solum
2384 3871 2589 3942 recipit
2621 3872 2809 3939 magis
2841 3876 2897 3925 et
2929 3871 3143 3925 minus.
3182 3872 3406 3925 Rursus
3438 3873 3508 3926 de
3541 3888 3606 3926 eo

1964 3960 2115 4030 quod
2151 3969 2233 4015 est
2268 3960 2416 4015 idem
2456 3965 2644 4031 potest
2677 3960 2797 4014 ﬁeri
2833 3968 3148 4026 certamen,
3178 3966 3238 4013 ut
3266 3978 3336 4014 an
3362 3960 3510 4014 idem
3538 3961 3614 4015 sit

1964 4049 2102 4104 utile
2147 4050 2300 4119 quod
2358 4049 2694 4104 honestum.
2727 4050 2834 4103 Sed
2870 4049 2963 4104 hic
2996 4049 3238 4119 quaestio
3271 4049 3610 4104 dii‘ﬁnitioni

1962 4139 2335 4210 aggreganda
2365 4143 2491 4193 est:
2527 4154 2775 4208 quarum
2835 4140 2991 4192 enim
3043 4155 3236 4193 rerum
3289 4138 3489 4191 eadem
3524 4142 3611 4192 est

1961 4228 2257 4293 difﬁnitio,
2284 4228 2423 4296 ipsas
2452 4244 2684 4297 quoque
2712 4231 2850 4281 sunt
2874 4228 3088 4281 easdem
3118 4244 3131 4292 ;
3162 4243 3410 4297 quarum
3473 4243 3605 4282 vero

1960 4317 2188 4370 diversa
2220 4316 2561 4371 substantiae
2592 4315 2736 4369 ratio
2768 4320 2877 4379 est,
2912 4316 3049 4385 ipsae
3089 4332 3322 4386 quoque
3355 4320 3494 4368 sunt
3515 4314 3606 4368 di-

1960 4421 2157 4459 versas.
2187 4404 2370 4474 Igitur
2402 4403 2690 4473 simplicis
2722 4404 3031 4457 dialecticas
3067 4403 3420 4473 quastiones
3454 4407 3606 4459 recte

1960 4499 2213 4565 quatuor
2235 4491 2459 4563 species
2494 4507 2619 4545 esse
2651 4492 2944 4561 dicuntur,
2978 4492 3049 4545 de
3069 4492 3281 4561 quibus
3306 4491 3609 4547 sufficien-

203 4586 355 4641 modi
382 4602 394 4638 :
420 4584 637 4639 Jurene
662 4582 859 4636 Cicero
890 4580 947 4635 in
999 4582 1269 4637 exsilium
1303 4581 1482 4636 dubio
1517 4580 1849 4652 reipublicae
1884 4571 1927 4635 Ι)
1959 4587 2046 4637 ter
2076 4582 2299 4636 dictum
2360 4586 2468 4636 est.
2520 4580 2687 4634 Nunc
2746 4580 2926 4652 igitur
2977 4582 3046 4635 de
3106 4580 3608 4635 conditionalibus

200 4680 459 4744 tempore
486 4671 856 4737 detrudatur,
891 4670 1029 4741 quia
1052 4670 1284 4739 injussu
1322 4669 1521 4742 populi
1556 4671 1708 4724 cives
1741 4670 1847 4725 Ro-

203 4779 402 4819 manos
430 4758 738 4816 necaverit.
767 4759 954 4829 Hujus
987 4766 1181 4813 autem
1210 4759 1466 4829 duplicis
1502 4759 1845 4831 quaestionis

201 4850 627 4908 subdivisiones
647 4849 789 4903 alias
807 4864 934 4903 esse
958 4864 1192 4903 necesse
1216 4854 1386 4915 est,et
1404 4848 1586 4903 thesis
1604 4848 1843 4918 quidem

202 4938 587 5014 philosophis,
619 4936 958 5009 hypothesis
990 4953 1122 4991 vero
1167 4937 1501 4992 oratoribus
1560 4938 1845 4992 attributa

199 5034 305 5085 est.
336 5028 443 5083 Sed
479 5028 605 5097 ejus
638 5025 870 5097 quidem
904 5025 1245 5097 quaestionis
1277 5041 1404 5096 quae
1436 5029 1523 5080 est
1556 5025 1839 5097 hypothe-

197 5120 278 5177 sis
309 5116 621 5189 posterius,
663 5113 984 5170 divisiones
1016 5115 1202 5181 dabo;
1230 5131 1387 5169 nunc
1410 5116 1481 5169 de
1502 5114 1736 5170 theseos
1761 5116 1843 5169 di-

194 5209 411 5264 visione
444 5204 829 5278 pertractabo,
855 5222 981 5276 qua
1011 5205 1065 5258 in
1099 5210 1352 5275 quatuor
1386 5204 1669 5258 dividitur
1706 5222 1838 5275 spe-

193 5296 400 5355 cies.ln
416 5295 748 5350 omnienim
770 5294 1076 5349 dialectica
1120 5294 1441 5365 quastione
1476 5293 1842 5362 praedicativa

196 5388 498 5442 dubitatur
527 5402 599 5438 an
630 5385 681 5438 ei
703 5385 854 5452 quod
880 5384 1207 5453 subjectum
1235 5389 1323 5437 est
1346 5383 1401 5436 id
1431 5383 1583 5453 quod
1622 5383 1837 5452 praedi-

195 5481 357 5533 catur
378 5474 654 5528 inhazreat
681 5492 694 5539 ;
721 5488 853 5526 cum
874 5488 1004 5526 Vero
1026 5472 1246 5542 aliquid
1282 5471 1455 5525 alicui
1491 5472 1683 5526 inesse
1710 5488 1837 5541 pro-

197 5564 449 5638 ponitur,
472 5562 529 5616 id
560 5566 657 5615 aut
692 5561 881 5629 majus
906 5561 1017 5615 erit
1046 5576 1111 5615 eo
1140 5562 1210 5615 de
1245 5576 1361 5632 quo
1382 5561 1737 5631 praedicatur
1756 5561 1841 5614 ei-

203 5668 311 5724 que
341 5648 809 5707 substantialiter
839 5648 1029 5704 inesse
1070 5648 1480 5715 contenditur;
1515 5652 1615 5703 aut
1647 5650 1840 5719 majus

1956 4671 2375 4739 quaestionibus
2410 4670 2779 4724 tractandum
2814 4676 2925 4733 est,
2951 4686 3202 4741 quarum
3228 4670 3461 4741 quidem
3490 4669 3607 4725 alia

1956 4763 2181 4814 constat
2214 4776 2280 4812 ex
2312 4758 2679 4812 at'firmativis
2712 4758 2964 4827 duabus,
3000 4760 3113 4813 alia
3141 4774 3207 4812 ex
3241 4760 3470 4813 duabus
3502 4776 3601 4813 ne-

1954 4849 2183 4922 gativis,
2219 4850 2332 4904 alia
2362 4865 2431 4903 ex
2490 4848 2877 4903 affirmatione
2926 4855 2981 4902 et
3034 4852 3361 4920 negatione,
3388 4849 3503 4904 alia
3534 4866 3602 4904 ex

1954 4938 2261 5011 negatione
2290 4945 2348 4993 et
2378 4938 2786 4991 affirmatione.
2811 4938 2864 4990 Si
2900 4937 3077 5008 igitur
3098 4955 3165 4993 ex
3193 4939 3421 4993 duabus
3444 4938 3601 4992 afﬁr-

1956 5028 2317 5083 mationibus
2340 5026 2751 5081 conditionalis
2776 5033 3007 5081 constat
3025 5028 3426 5098 propositio,id
3450 5044 3605 5096 quae-

1952 5117 2103 5172 ritur
2135 5134 2205 5171 an
2242 5115 2553 5171 afﬁrmatio
2583 5115 3033 5170 afﬁrmationem
3090 5122 3411 5187 sequatur;
3448 5116 3603 5185 quod

1952 5208 2000 5261 si
2034 5224 2101 5261 ex
2131 5207 2359 5261 duabus
2396 5204 2806 5274 negationibus
2842 5205 3162 5277 propositio
3186 5207 3396 5274 juncta
3420 5204 3515 5267 sit,
3544 5203 3600 5257 id

1952 5300 2010 5352 in
2044 5294 2440 5349 decertatione
2467 5298 2556 5348 est
2587 5312 2656 5347 an
2695 5295 2921 5365 negatio
2955 5294 3321 5365 negationem
3356 5293 3598 5347 comite-

1952 5391 2088 5441 tur:
2123 5385 2273 5454 quod
2312 5382 2355 5435 si
2387 5399 2451 5437 ex
2487 5382 2881 5436 afﬁrmatione
2914 5390 2970 5435 et
3016 5382 3341 5453 negatione,
3375 5379 3457 5432 vel
3496 5397 3597 5433 ne-

1950 5475 2181 5547 gatione
2212 5478 2268 5529 et
2298 5472 2691 5527 afﬁrmatione
2722 5472 3048 5540 cepuletur,
3083 5471 3134 5523 id
3169 5470 3490 5539 ambigitur
3522 5486 3593 5523 an

1951 5564 2400 5619 affirmationem
2437 5561 2693 5630 negatio,
2725 5578 2798 5614 an
2851 5560 3163 5614 affirmatio
3224 5559 3595 5627 negationem

1950 5653 2361 5710 comitetur.Ac
2386 5649 2546 5722 prius
2565 5649 2801 5720 quidem
2819 5648 2945 5717 ejus
2967 5646 3307 5718 quaestionis
3331 5646 3597 5703 facienda
