4024 6184
401 296 541 352 1179

1668 307 1789 360 AN.
1829 305 2052 361 MANL.
2094 305 2256 361 BEV.
2296 304 2532 359 BOETII

3665 296 3809 351 1180

401 427 490 479 est
510 423 799 494 divisio,in
824 424 1313 496 quadisceptatur
1334 443 1407 482 an
1432 427 1879 484 afﬁrmationem
1897 429 2051 483 afﬁr-
2083 431 2136 497 Α
2166 431 2359 483 terum
2383 444 2499 482 non
2523 426 2616 481 sit.
2634 430 2721 481 Ita
2741 429 2805 481 ut
2821 429 3183 498 propomtam
3224 422 3682 479 afﬁrmationem
3710 437 3812 476 ne-

403 513 578 568 malio
592 517 1137 585 consequatur,quaa
1156 515 1655 584 pradicativarum
1670 520 2056 588 quaestionum

405 619 518 657 non
550 603 754 673 effugit
786 603 1154 658 divisionem.
1176 609 1320 659 Nam
1346 610 1407 659 ut
1432 607 1717 677 praecedat
1738 606 1963 677 aliquid
1998 613 2055 662 et

406 692 561 746 aliud
597 698 1013 763 consequatur,
1051 692 1107 748 in
1138 694 1229 749 bis
1272 695 1388 749 fere
1420 695 1596 750 rebus
1645 696 1875 751 evenire
1909 696 2056 751 solet

406 797 552 851 quas
573 782 745 852 paulo
768 782 1039 852 superius
1060 784 1809 853 cominemoravi.Speciem
1837 786 2052 856 quippe

404 872 669 940 sequitur
691 888 901 940 genus,
928 872 1011 926 vel
1034 872 1474 940 differentia,vel
1497 874 1888 941 diffinitio,vel
1919 891 2050 945 pro-

404 961 623 1033 prium,
652 961 733 1015 vel
760 961 1152 1031 inseparabile
1175 962 1466 1019 accidens.
1490 963 1629 1016 Item
1663 963 1962 1034 proprium
1987 980 2052 1019 ac

402 1050 815 1105 difﬁnitiouem
846 1050 1107 1121 sequitur
1128 1050 1684 1121 species,proprium
1706 1069 1834 1107 vero
1858 1052 2051 1124 sequi-

403 1144 501 1194 tur
518 1139 847 1194 differentia
864 1145 920 1193 et
942 1139 1239 1203 dil‘finitio,
1261 1146 1318 1195 et
1340 1141 1757 1195 diffinitionem
1783 1147 2054 1212 sequitur

406 1228 710 1300 proprium
737 1228 821 1283 vel
849 1228 1323 1297 differentia,hoc
1353 1231 1557 1284 modo:
1596 1247 1729 1284 nam
1778 1231 1826 1285 si
1880 1230 2053 1286 homo

407 1322 519 1379 est,
541 1315 760 1370 animal
785 1321 908 1385 est;
945 1322 1001 1372 et
1023 1318 1072 1371 si
1097 1317 1271 1372 homo
1291 1324 1402 1384 est,
1428 1318 1711 1373 rationale
1764 1324 1853 1374 est
1878 1337 1890 1386 ;
1917 1325 1973 1374 et
2005 1320 2052 1375 si

407 1406 582 1461 homo
605 1412 713 1471 est,
739 1406 956 1461 animal
1002 1405 1286 1461 rationale
1307 1407 1551 1462 mortale
1569 1413 1655 1462 est
1678 1425 1699 1470 ;
1722 1414 1778 1462 et
1801 1409 1848 1463 si
1881 1409 2056 1463 homo

408 1504 515 1562 est,
534 1494 755 1550 risibile
778 1499 905 1561 est;
932 1494 979 1548 si
1002 1494 1264 1565 {Ethiops
1287 1500 1395 1561 est,
1424 1496 1586 1567 niger
1606 1503 1713 1551 est.
1748 1497 1804 1551 Si
1834 1496 2056 1552 risibile

408 1584 699 1647 est,bomo
722 1589 810 1638 est
833 1601 845 1651 ;
868 1584 914 1637 si
937 1583 1156 1639 animal
1184 1584 1468 1639 rationale
1493 1586 1734 1640 mortale
1755 1586 2055 1652 est,homo

409 1672 832 1739 est.Sirisible,
876 1674 1158 1727 rationale
1208 1674 1407 1741 est;si
1442 1673 1643 1729 risible
1692 1674 2048 1740 est,animal

2166 518 2321 590 gatio
2336 518 2611 571 comitetu
2622 520 2777 582 r,aut
2789 514 3019 571 diversa
3030 519 3204 569 erunt
3216 514 3604 585 genera,autd
3616 512 3818 567 iverse

2162 607 2407 678 species,
2443 612 2544 660 aut
2573 605 2885 671 contraria,
2922 609 3023 659 aut
3074 602 3381 674 privantia,
3417 608 3521 657 aut
3551 601 3824 670 quolibet

2163 695 2277 751 alio
2311 696 2478 749 modo
2525 694 2635 749 sibi
2698 693 2943 748 invicem
3004 690 3487 747 inconvenientia.
3517 691 3585 747 Ut
3617 695 3817 745 autem

2161 786 2532 857 negationem
2557 783 2870 838 afﬁrmatio
2893 788 3439 854 consequatur,quaa
3457 787 3583 835 erat
3600 787 3817 851 quarta

2161 872 2575 930 conditionalis
2598 871 3017 942 propositionis
3041 870 3390 933 differentia,
3417 869 3542 924 ﬁeri
3569 885 3693 923 non
3720 884 3817 939 po-

2156 968 2292 1033 test,
2319 963 2429 1018 nisi
2455 962 2512 1018 in
2537 961 2629 1016 his
2652 962 2961 1016 contrariis
2980 978 3107 1031 quis
3131 959 3323 1015 medio
3344 964 3568 1024 carent,
3593 963 3656 1013 et
3675 974 3821 1028 quo-

2157 1068 2283 1109 rum
2311 1052 2557 1107 alterum
2583 1067 2815 1121 semper
2838 1051 3027 1104 inesse
3065 1064 3300 1103 necesse
3322 1053 3429 1113 est,
3456 1047 3569 1102 hoc
3601 1050 3779 1101 modo
3805 1063 3818 1099 :

2158 1142 2206 1195 si
2232 1141 2355 1195 dies
2401 1157 2513 1194 non
2566 1145 2675 1206 est,
2700 1156 2809 1192 nox
2855 1144 2943 1193 est
2971 1156 2984 1205 ;
3011 1138 3058 1193 si
3091 1138 3335 1192 tenebras
3369 1153 3482 1191 non
3517 1140 3687 1204 sunt,
3721 1135 3822 1189 lux

2160 1230 2453 1285 est.Facta
2471 1229 2650 1298 igitur
2662 1227 3164 1298 praedicativarum
3179 1226 3576 1296 quaestionum
3591 1240 3813 1279 accou-

2161 1317 2533 1374 ditionalium
2567 1316 2871 1375 divisione.
2898 1316 3039 1370 illud
3076 1315 3316 1386 insuper
3347 1313 3819 1368 videturadden-

2163 1409 2328 1473 dum,
2350 1408 2502 1478 quod
2529 1406 2722 1461 omnis
2746 1404 2993 1476 quaestio
3010 1403 3097 1459 vel
3114 1421 3181 1459 ex
3211 1404 3437 1458 ratione
3459 1402 3820 1467 disserendi,

2162 1496 2251 1552 vel
2273 1513 2342 1552 ex
2368 1494 2643 1564 naturali,
2670 1494 2754 1549 vel
2775 1511 2843 1549 ex
2864 1492 3068 1548 morali
3089 1493 3346 1547 trahitur
3366 1491 3816 1563 speculatione:

2163 1603 2231 1641 ex
2257 1583 2587 1640 disserendi
2608 1584 2831 1638 ratione
2850 1583 2957 1637 hoc
2979 1583 3171 1651 modo,
3188 1598 3259 1635 an
3289 1580 3608 1635 afﬁrmatio
3633 1585 3695 1635 et
3718 1598 3817 1635 ne-

2164 1676 2321 1748 gatio
2346 1674 2571 1747 species
2596 1674 2714 1728 sint
2740 1672 3202 1738 enuntiatiouis;
3236 1688 3305 1726 ex
3336 1670 3595 1726 naturali
3630 1672 3822 1738 ita,an

408 1762 691 1817 rationale
724 1761 968 1817 mortale
999 1767 1086 1817 est
1110 1780 1123 1829 ;
1148 1763 1193 1817 si
1222 1763 1437 1817 animal
1489 1763 1773 1819 rationale
1807 1764 2051 1819 mortale
2086 1784 2132 1848 Β
2163 1764 2373 1820 οωιυω
2407 1764 2728 1818 rotundum
2762 1762 2879 1828 sit;
2911 1778 2981 1816 ex
3013 1760 3219 1816 morali
3273 1761 3381 1825 sic,
3414 1777 3489 1814 an
3522 1760 3721 1815 virtus
3753 1754 3821 1815 ad

408 1857 521 1917 est,
555 1850 778 1906 risibile
822 1851 905 1905 vel
935 1851 1099 1922 bipes
1134 1858 1243 1907 est.
1279 1856 1493 1907 Praeter
1536 1853 1655 1907 hinc
1686 1859 1882 1907 autem
1912 1852 2057 1907 alias

410 1940 648 2012 quidem
665 1940 1579 2011 elTectuscausam,aliasquidem
1596 1942 1866 1996 effectum
1883 1960 2059 1997 causa

410 2031 700 2100 sequitur.
720 2030 972 2085 Effectus
996 2046 1234 2085 causam
1261 2031 1372 2085 ita:
1402 2032 1451 2084 si
1474 2030 1559 2086 sol
1587 2036 1815 2101 praesto,
1841 2036 1948 2100 est,
1968 2031 2059 2086 lu-

408 2124 518 2175 cet.
538 2119 817 2175 Effectum
841 2135 1021 2173 causa
1042 2119 1150 2174 hoc
1168 2120 1374 2174 modo:
1400 2120 1448 2174 si
1473 2119 1613 2189 quid
1651 2125 1923 2175 exustum
1948 2128 2056 2186 est,

409 2208 562 2278 ignis
586 2208 814 2275 adfuit;
845 2207 929 2263 vel
955 2208 1040 2263 sic
1066 2227 1084 2261 :
1110 2207 1157 2262 si
1208 2208 1293 2263 sol
1320 2209 1574 2273 videtur,
1594 2208 1767 2264 lucet.
1793 2209 1934 2264 item
1970 2215 2057 2264 to-

406 2303 532 2353 tum
560 2304 755 2367 partes
779 2302 1203 2367 sequuntur,ut
1224 2297 1271 2351 si
1295 2298 1522 2369 integra
1540 2298 1751 2352 domus
1773 2303 1881 2364 est,
1899 2304 1954 2352 et
1976 2303 2058 2353 te-

409 2391 571 2441 ctum
592 2390 649 2440 et
672 2386 920 2457 parietes
969 2390 1026 2439 et
1053 2386 1436 2440 fundamenta
1466 2386 1818 2442 consistunt.
1856 2387 2060 2443 Modus

410 2475 583 2529 etiam
607 2474 872 2545 sequitur
896 2490 1104 2529 nomen
1123 2473 1463 2545 principale,
1486 2475 1888 2544 utsitjustitia
1909 2476 2062 2531 bona

415 2568 526 2627 est,
561 2566 619 2618 et
650 2564 805 2634 quod
830 2564 993 2634 juste
1024 2567 1130 2629 est,
1167 2564 1385 2618 bonum
1448 2569 1555 2620 est.
1596 2563 1820 2619 Nomen
1879 2565 2059 2621 etiam

413 2651 737 2723 principale
768 2653 1037 2724 sequitur
1068 2653 1329 2723 modum,
1366 2658 1429 2707 ut
1458 2652 1504 2707 si
1538 2654 1691 2723 quod
1735 2655 1897 2723 juste
1948 2658 2058 2720 est,

413 2742 633 2797 bonum
667 2751 773 2809 est,
797 2741 1107 2811 etjustitia
1129 2741 1282 2796 bona
1328 2746 1435 2797 est.
1460 2742 1797 2798 Accidentia
1828 2759 2062 2815 quoque

417 2832 733 2886 comitatur
763 2832 819 2885 id
853 2832 1008 2903 quod
1044 2831 1374 2902 subjectum
1407 2838 1516 2898 est,
1550 2842 1605 2886 ut
1638 2832 1685 2886 si
1718 2832 1916 2887 album
1951 2837 2060 2901 est,

420 2937 629 2992 corpus
660 2926 770 2976 est.
804 2922 938 2985 Quas
968 2937 1099 2976 cum
1135 2922 1213 2975 ita
1235 2924 1374 2989 sint,
1396 2920 1809 2976 conditionalis
1832 2938 2062 2991 quoque

417 3008 669 3079 simplex
690 3026 758 3063 ex
813 3010 1045 3064 duabus
1098 3010 1588 3065 allirmatiouibus
1640 3010 1932 3081 copulata,
1966 3010 2064 3065 illa

416 3098 535 3153 fere
556 3097 762 3152 divisio
785 3098 1048 3153 facienda
1079 3104 1168 3152 est
1196 3098 1555 3169 quaestionis,
1582 3100 1733 3169 quod
1771 3100 1827 3152 in
1878 3115 1945 3153 ea
1975 3098 2061 3151 vel

417 3189 488 3242 de
519 3203 751 3258 genere,
793 3187 879 3241 vel
934 3188 1006 3242 de
1061 3187 1409 3257 differentia,
1460 3188 1546 3243 vel
1596 3190 1667 3242 dc
1718 3188 1929 3259 specie,
1974 3189 2058 3244 vel

418 3276 486 3331 de
521 3276 775 3346 proprio,
797 3274 883 3329 vel
908 3276 978 3330 de
1008 3275 1378 3343 difﬁnitione,
1420 3276 1507 3332 vel
1531 3278 1600 3333 de
1634 3278 1942 3343 accidenti,
1973 3280 2061 3333 vel

418 3364 488 3417 de
518 3380 691 3418 causa
719 3367 892 3434 atque
912 3362 1145 3433 effectu,
1168 3364 1253 3419 vel
1274 3370 1390 3419 toto
1413 3382 1478 3420 ac
1541 3367 1828 3437 partibus,
1850 3366 1938 3421 vel
1991 3369 2062 3421 de

421 3451 591 3506 modo
618 3468 682 3506 ac
707 3452 1012 3523 principali
1042 3454 1279 3507 nomine
1301 3454 1625 3509 dubitetur.
1646 3461 1826 3526 Atque
1849 3456 1969 3511 haec
1993 3457 2063 3512 de

418 3556 485 3596 ea
516 3541 837 3611 quaestione
861 3541 1242 3614 intelligenda
1272 3549 1430 3610 sunt,
1455 3561 1581 3615 qua:
1602 3562 1735 3600 cum
1761 3545 1835 3600 sit
1881 3546 2061 3617 hypo-

420 3630 637 3686 thetica
667 3630 935 3701 simplex,
956 3648 1022 3685 ex
1041 3632 1271 3687 duabus
1302 3638 1495 3687 tamen
1517 3634 2061 3705 jungituralfirma-

420 3721 572 3775 tivis.
610 3720 668 3773 In
717 3718 945 3774 hisdem
1004 3720 1182 3775 etiam
1238 3722 1584 3777 differentiis
1645 3723 1778 3777 illas
1829 3739 2064 3794 quoque

420 3808 739 3863 consistere
772 3824 1009 3863 necesse
1040 3813 1129 3863 est
1169 3810 1546 3878 quaestiones,
1588 3828 1710 3879 quae
1743 3812 1812 3864 ab
1846 3811 1939 3866 his
1966 3828 2062 3866 ve-

422 3897 595 3951 niunt
618 3897 1111 3966 propositionibus
1144 3915 1271 3968 quae
1302 3915 1368 3952 ex
1400 3903 1647 3968 utraque
1670 3904 1943 3954 constant
1966 3917 2062 3954 ne-

421 3984 675 4056 gatione.
701 3984 847 4039 Nam
869 3986 914 4040 si
939 4001 1126 4055 genus
1150 4003 1263 4041 non
1286 3992 1395 4057 est,
1412 3987 1638 4057 species
1665 4003 1778 4041 non
1801 3990 2062 4043 est.Item

422 4074 472 4128 si
496 4074 939 4141 differentia,vel
957 4076 1345 4143 dil'ﬁnitio,vel
1364 4076 1665 4146 praprium
1689 4093 1800 4131 non
1827 4077 2066 4148 sit,spe-

422 4164 540 4217 cies
583 4180 695 4217 non
730 4165 859 4217 erit.
896 4165 963 4218 Et
992 4165 1064 4218 de
1092 4165 1320 4220 caateris
1364 4166 1601 4235 quidem
1634 4183 1761 4236 quae
1792 4167 2065 4236 snpcrius

425 4254 581 4307 dicta
604 4258 766 4319 sunt,
801 4254 1000 4308 eodem
1033 4255 1204 4308 modo
1235 4255 1729 4309 considerandum
1762 4260 1867 4309 est.
1893 4255 2065 4320 Quid-

425 4342 565 4413 quid
591 4344 746 4395 enim
768 4343 1056 4397 antecedit
1076 4348 1138 4397 ut
1160 4342 1322 4398 aliud
1346 4345 1809 4413 consequatur,si
1826 4345 1882 4397 id
1910 4344 2064 4415 quod

424 4431 692 4500 sequitur
724 4448 837 4485 non
871 4432 1067 4498 fuerit,
1102 4449 1206 4487 nec
1260 4432 1403 4487 illud
1446 4438 1534 4487 est
1563 4434 1718 4503 quod
1750 4434 2062 4487 antecedit.

423 4519 638 4573 Earum
658 4534 790 4573 vero
815 4520 1204 4590 quaestionum
1231 4538 1357 4592 quae
1382 4538 1448 4575 ex
1474 4522 1863 4577 affirmatione
1886 4526 1942 4576 et
1969 4538 2065 4576 ne-
2101 4504 2142 4568 ί)

423 4608 658 4677 gatione
679 4610 1031 4675 consistunt,
1058 4610 1158 4665 illa
1190 4612 1306 4665 fere
1332 4611 1538 4665 divisio
1568 4615 1677 4679 est,
1702 4611 1855 4682 quod
1889 4610 1974 4665 vel
2006 4611 2064 4664 in

423 4696 671 4751 diversis
697 4698 1034 4768 generibus,
1056 4699 1142 4754 vel
1168 4699 1227 4753 in
1254 4700 1499 4755 diversis
1533 4701 1862 4771 speciebus,
1887 4700 1973 4756 vel
2007 4701 2065 4754 in

425 4787 754 4853 contrariis,
788 4786 879 4842 vel
912 4788 968 4842 in
992 4788 1313 4858 privatione
1334 4794 1508 4860 atque
1531 4789 1736 4845 habitu
1761 4791 2066 4845 continen-

425 4880 523 4930 tur
546 4892 561 4943 ;
579 4880 641 4929 ut
659 4877 813 4931 enim
831 4877 1283 4932 affirmationem
1304 4879 1532 4949 negatio
1549 4884 2070 4948 consequatur,aut

426 4965 721 5020 diversum
748 4966 983 5036 ponitur
1005 4968 1453 5039 genus,utquod
1478 4967 1550 5021 ab
1570 4984 1634 5022 eo
1657 4968 1954 5022 diversum
1980 4973 2070 5023 est

428 5054 725 5109 abnuatur
748 5053 854 5108 hoc
874 5056 1046 5109 modo
1069 5072 1081 5111 :
1104 5055 1151 5110 si
1170 5056 1338 5111 homo
1355 5055 1675 5121 est,albedo
1696 5072 1807 5110 non
1837 5060 1955 5125 est;
1978 5056 2069 5112 vel

430 5145 479 5199 si
503 5143 838 5198 substantia
859 5148 970 5213 est,
994 5143 1248 5214 qualitas
1271 5162 1386 5200 non
1410 5149 1530 5211 est;
1555 5143 1639 5198 vel
1662 5144 1710 5199 si
1734 5144 1843 5197 sub
1866 5145 2068 5199 eodem

427 5249 635 5303 genere
685 5232 923 5288 diversaa
951 5235 1175 5303 species
1223 5239 1623 5305 proponantur
1657 5232 1760 5286 hoc
1781 5234 1954 5286 modo
1982 5250 1995 5288 :
2021 5234 2071 5289 si

428 5321 601 5376 homo
630 5326 735 5388 est,
761 5337 947 5393 equus
972 5339 1085 5377 non
1108 5327 1234 5387 est;
1260 5322 1345 5376 vel
1384 5321 1432 5375 si
1484 5320 1791 5387 contraria,
1820 5322 1950 5374 utsi
1984 5322 2037 5376 al
2057 5351 2069 5361 -

430 5409 570 5463 bum
600 5411 962 5482 est,nigrum
1015 5428 1126 5465 non
1161 5417 1251 5467 est
1276 5429 1287 5475 ;
1314 5410 1399 5464 vel
1432 5409 1481 5463 si
1515 5408 1894 5478 privationes,
1930 5414 1993 5464 ut
2023 5409 2071 5465 si

426 5514 616 5553 caicus
638 5503 745 5565 est,
772 5516 887 5554 non
908 5501 1064 5555 videt
1091 5518 1104 5566 ;
1125 5504 1181 5554 et
1202 5504 1497 5569 postremo
1521 5499 1579 5552 in
1602 5498 1897 5566 omnibus,
1924 5517 2074 5571 quae-

429 5602 657 5655 cunque
673 5588 874 5642 eadem
903 5606 1014 5644 non
1038 5592 1197 5657 sunt,
1225 5586 1439 5653 evenit,
1473 5592 1558 5655 ut,
1580 5587 1629 5642 si
1654 5604 1836 5641 unum
1858 5593 1968 5655 est,
1991 5590 2073 5645 al-

2165 1852 2587 1909 beatitudinem
2612 1851 2736 1907 sola
2761 1851 3037 1906 sufficiat.
3054 1850 3339 1905 Praeterea
3359 1850 3609 1920 quaestio
3635 1850 3825 1905 omnis

2164 1942 2253 1997 vel
2277 1947 2365 1997 est
2386 1940 2635 2013 simplex
2658 1939 2744 1995 vel
2772 1939 3118 2010 composita:
3145 1939 3391 2011 simplex
3415 1940 3655 2010 quoties
3668 1939 3823 1993 afﬁr-

2169 2032 2426 2087 matione
2450 2036 2506 2085 et
2538 2029 2845 2101 negatione
2875 2028 3175 2096 dividitur,
3212 2028 3292 2083 ita
3322 2034 3387 2082 ut
3417 2034 3610 2083 totum
3658 2028 3828 2083 alteri

2167 2122 2482 2189 affirmare,
2503 2118 2669 2174 alteri
2705 2135 2917 2189 negare
2950 2134 3186 2173 necesse
3230 2118 3306 2173 sit
3339 2117 3449 2172 hoc
3492 2118 3675 2172 modo
3711 2133 3724 2171 ε
3759 2134 3825 2171 an

2166 2208 2377 2265 cmlum
2413 2196 2733 2264 rotundum
2778 2207 2854 2262 sit
2912 2222 3117 2272 necne,
3164 2206 3285 2260 hinc
3315 2206 3473 2261 enim
3535 2222 3661 2261 una
3693 2223 3823 2277 pars

2165 2297 2507 2370 questionis
2540 2294 2994 2352 affirmationem
3041 2298 3223 2363 tenet,
3261 2293 3374 2349 alia
3428 2294 3823 2365 negationem.

2165 2387 2310 2442 Nam
2343 2403 2477 2441 cum
2510 2385 2654 2440 alter
2685 2399 2815 2440 esse
2862 2382 3149 2449 defendit,
3187 2382 3465 2445 afﬁrmat,
3500 2381 3654 2437 alter
3686 2398 3820 2437 vero

2167 2480 2361 2548 negat,
2394 2492 2527 2530 cum
2562 2491 2675 2529 non
2709 2488 2837 2528 esse
2867 2471 3188 2527 contendit.
3213 2470 3551 2542 Composita
3577 2471 3823 2542 quaestio

2165 2572 2392 2638 estquae
2408 2565 2465 2619 in
2484 2564 2678 2637 plures
2692 2563 3044 2619 distrahitur
3058 2561 3621 2629 afﬁrmationes,hoc
3633 2561 3821 2629 modo,

2169 2660 2369 2711 utrum
2388 2655 2597 2710 ccslum
2630 2653 2948 2709 rotundum
2971 2651 3066 2717 sit,
3092 2668 3165 2707 an
3193 2650 3576 2723 quadratum,
3599 2668 3679 2705 an
3702 2650 3819 2705 lon-

2168 2761 2327 2817 gum,
2352 2749 2455 2799 aut
2477 2742 2795 2813 cujuslibet
2816 2741 3297 2797 alteriusf‘ormaa:
3323 2739 3418 2795 hic
3436 2740 3594 2795 enim
3622 2739 3821 2811 plures

2166 2834 2588 2889 affirmationes
2622 2832 2866 2903 probare
2899 2846 3137 2887 necesse
3162 2834 3271 2897 est,
3306 2846 3433 2901 quin
3456 2829 3699 2884 diversa
3727 2831 3821 2884 de-

2170 2924 2434 2979 fendunt.
2463 2924 2529 2977 Et
2550 2922 2619 2975 de
2639 2921 2960 2992 quaestione
2981 2919 3242 2991 quidem,
3267 2923 3560 2989 quantum
3584 2919 3657 2972 ad
3680 2936 3819 2990 pre-

2170 3030 2307 3069 sens
2339 3012 2635 3083 negotium
2671 3009 3012 3079 pertinebat,
3057 3007 3417 3063 sufficienter
3448 3007 3679 3062 dictum
3712 3012 3817 3061 est.

2174 3100 2484 3157 Conclusio
2498 3115 2630 3154 vero
2649 3104 2738 3153 est
2758 3098 3121 3168 argumentis
3144 3096 3465 3167 approbata
3477 3097 3819 3168 propositio,

2176 3192 2246 3246 de
2268 3208 2385 3262 qua
2405 3190 2605 3245 eadem
2625 3189 2743 3243 fere
2765 3187 2877 3241 dici
2894 3190 3143 3258 possunt
3165 3203 3293 3257 quin
3310 3187 3380 3241 de
3396 3186 3819 3258 propositione.

2168 3281 2302 3345 Quae
2326 3278 2602 3350 quoniam
2627 3277 2939 3349 diligenter
2960 3275 3232 3346 superius
3249 3274 3539 3346 explicata
3560 3280 3727 3342 sunt,
3750 3276 3816 3331 de

2169 3370 2514 3435 argumento
2538 3364 2811 3435 deinceps
2834 3362 3206 3418 tractandum
3230 3362 3817 3433 videtur.Argumeu-

2170 3462 2295 3512 tum
2328 3461 2414 3511 est
2444 3454 2590 3510 ratio
2614 3453 2693 3509 rei
2718 3453 2910 3507 dubia:
2933 3452 3153 3507 faciens
3176 3450 3369 3505 fidem.
3392 3451 3554 3505 Hanc
3587 3468 3819 3523 semper

2172 3546 2457 3601 notiorem
2486 3544 2807 3614 quaestione
2828 3557 2958 3597 esse
2980 3544 3347 3596 necesseest:
3370 3556 3498 3594 nam
3540 3541 3587 3592 si
3624 3543 3822 3612 ignota

2171 3633 2326 3690 notis
2351 3633 3118 3704 probantur,argumentum
3137 3645 3271 3684 vero
3286 3644 3407 3683 rem
3422 3629 3668 3684 dubiam
3690 3646 3815 3700 pro-

2171 3724 2295 3790 bat,
2324 3738 2560 3777 necesse
2590 3726 2680 3776 est
2700 3719 2855 3791 quod
2889 3720 2960 3773 ad
2987 3719 3161 3773 fidem
3184 3717 3528 3789 quaestionis
3554 3718 3814 3783 affertur,

2169 3813 2296 3883 ipsa
2318 3815 2392 3866 sit
2425 3812 2619 3865 notius
2652 3810 2993 3881 quaestione.
3016 3811 3513 3880 Argumeutorum
3536 3825 3675 3863 vero
3698 3825 3817 3864 om-

2170 3903 2334 3958 nium
2359 3900 2469 3956 alia
2496 3904 2636 3956 sunt
2657 3898 2982 3970 probabilia
3006 3904 3064 3953 et
3088 3898 3441 3967 necessaria,
3467 3897 3583 3952 alia
3606 3900 3814 3968 proba-

2171 3990 2316 4045 bilia
2337 3995 2393 4044 et
2410 4006 2521 4043 non
2544 3988 2893 4050 necessaria,
2917 3986 3033 4041 alia
3052 3992 3193 4041 sunt
3216 3986 3679 4054 necessaria,sed
3708 4004 3813 4043 non

2173 4078 2515 4150 probabilia,
2538 4077 2655 4132 alia
2678 4093 2780 4131 nec
2806 4074 3132 4146 probabilia
3163 4091 3270 4131 nec
3296 4076 3655 4130 necessaria.
3690 4077 3820 4131 Pro-

2172 4167 2365 4223 babile
2396 4182 2531 4222 vero
2553 4170 2641 4221 est
2664 4166 2817 4236 quod
2849 4165 3079 4220 videtur
3103 4162 3190 4218 vel
3213 4164 3609 4230 omnibus,vel
3634 4165 3820 4235 pluri-

2172 4254 2396 4324 bus,vel
2414 4254 2867 4327 sapientibus,et
2885 4253 3075 4308 hisvel
3090 4252 3387 4318 omnibus,
3419 4253 3507 4309 vel
3533 4253 3822 4325 pluribus,

2171 4344 2258 4401 vel
2285 4344 2536 4399 maxime
2566 4344 2718 4398 notis
2741 4348 2916 4415 atque
2943 4341 3274 4413 praecipuis,
3294 4340 3383 4396 vel
3406 4343 3564 4413 quod
3592 4344 3822 4398 unicui-

2173 4450 2285 4504 que
2314 4432 2523 4487 artifici
2555 4433 2884 4487 secundum
2919 4430 3215 4501 propriam
3250 4431 3621 4495 facultatem,
3656 4437 3726 4486 ut
3754 4432 3822 4486 de

2175 4521 2465 4576 medicina
2488 4519 3113 4590 medico,gubernatori
3132 4519 3203 4573 de
3220 4519 3469 4574 navibus
3489 4521 3827 4590 gubernan-

2175 4610 2289 4675 dis,
2321 4610 2375 4664 id
2413 4616 2687 4680 praeterea
2714 4610 2868 4680 quod
2901 4609 3134 4664 videtur
3174 4608 3225 4662 ei
3274 4623 3411 4663 cum
3458 4625 3579 4679 quo
3633 4624 3825 4664 sermo

2175 4698 2522 4765 conseritur,
2555 4698 2643 4753 vel
2677 4699 2785 4767 ipsi
2818 4698 2916 4769 qui
2942 4697 3198 4767 judicat,
3224 4697 3282 4751 in
3305 4713 3423 4768 quo
3450 4696 3600 4752 nihil
3619 4699 3829 4754 attinet

2174 4804 2375 4843 verum
2410 4788 2692 4842 t'alsumve
2723 4787 2800 4842 sit
2821 4791 3257 4857 argumentum,
3285 4786 3334 4841 si
3361 4791 3595 4841 tantum
3623 4787 3826 4842 verisi-

2178 4876 2572 4931 militudinem
2604 4879 2817 4931 teneat.
2847 4874 3251 4929 Necessarium
3285 4890 3420 4929 vero
3456 4880 3547 4929 est
3578 4877 3734 4947 quod
3769 4880 3831 4931 ut

2178 4966 2413 5029 dicitur,
2431 4965 2513 5020 ita
2538 4970 2645 5034 est,
2670 4969 2843 5034 atque
2864 4962 3034 5019 aliter
3055 4979 3186 5019 esse
3209 4980 3323 5018 non
3358 4967 3588 5034 potest;
3614 4966 3826 5035 proba-

2176 5054 2294 5110 bile
2316 5054 2553 5125 quidem
2578 5070 2644 5108 ac
2667 5052 3065 5108 necessarium
3086 5056 3197 5119 est,
3218 5057 3281 5107 ut
3300 5051 3429 5119 hoc,
3464 5054 3676 5124 siquid
3699 5054 3825 5109 cui-

2178 5144 2321 5200 libet
2351 5142 2433 5198 rei
2455 5142 2530 5198 sit
2561 5141 2851 5207 additum,
2888 5146 3073 5196 totum
3102 5141 3297 5212 majus
3319 5141 3600 5199 efﬁcitur.
3635 5143 3828 5215 Neque

2180 5234 2337 5288 enim
2362 5232 2679 5303 quisquam
2699 5230 2770 5285 ab
2791 5230 2901 5285 hac
2924 5230 3324 5301 propositione
3344 5229 3828 5295 dissentiet,elita

2181 5338 2310 5377 sese
2332 5322 2543 5376 habere
2565 5336 2805 5377 necesse
2827 5325 2934 5375 est.
2963 5318 3295 5374 Probabilia
3313 5334 3446 5374 vero
3481 5335 3549 5373 ac
3580 5336 3698 5375 non
3732 5336 3824 5374 ne-

2183 5410 2439 5467 cessaria
2468 5416 2633 5475 sunt,
2667 5410 2885 5482 quibus
2905 5408 3069 5464 facile
3099 5425 3261 5463 mens
3285 5408 3576 5464 auditoris
3597 5410 3822 5480 acquie-

2184 5499 2313 5564 scit,
2348 5501 2444 5555 sed
2477 5500 2737 5554 veritatis
2770 5515 2882 5552 non
2916 5501 3115 5552 tenent
3144 5496 3510 5563 firmitatem,
3570 5504 3632 5551 ut
3680 5499 3814 5551 hoc:

2183 5586 2232 5642 si
2267 5592 2451 5641 mater
2479 5591 2587 5655 est,
2621 5584 2813 5657 diligit
2846 5583 3055 5640 ﬁlium.
3089 5584 3433 5641 Necessaria
3465 5601 3599 5640 vero
3620 5602 3685 5640 ac
3707 5598 3806 5639 non
