4024 6184
1371 363 1464 417 ΟΒ
1498 364 2012 425 DIFFERENTIIB
2049 372 2340 451 TOPICIS.
2383 378 2515 431 LIB.
2558 379 2631 432 II.

280 472 613 541 probabilia
635 478 775 573 sunt
802 494 929 549 quae
961 480 1039 535 ita
1065 486 1127 536 ut
1158 482 1435 538 dicuntur
1453 502 1580 541 sese
1595 487 1808 545 habere
1832 508 1936 547 ne-
1967 495 2021 561 Α
2050 495 2293 565 sarium,
2317 498 2614 569 probabile
2638 516 2703 555 ac
2727 517 2841 555 non
2862 500 3276 557 necessarium.
3304 502 3695 573 Philosophus

282 576 452 617 cesse
474 570 581 630 est,
608 564 707 619 sed
734 565 825 621 his
852 567 1016 624 facile
1041 587 1152 626 non
1181 576 1474 628 consentit
1496 577 1749 645 auditor,
1772 585 1833 634 ut
1856 587 1942 636 est

285 649 421 715 hoc,
441 652 673 719 obiectu
700 653 926 711 lunaris
945 660 1198 728 corporis
1216 662 1357 715 solis
1380 665 1607 719 evenire
1626 666 1938 723 defectum.

290 738 496 810 Neque
530 746 860 798 necessaria
892 762 1020 799 vero
1054 764 1239 819 neque
1268 751 1593 816 probabilia
1624 762 1763 810 sunt
1814 776 1940 828 quas

290 844 484 899 neque
514 828 571 885 in
594 832 867 902 opinione
902 834 1205 891 hominum
1244 856 1430 910 neque
1453 842 1509 896 in
1543 844 1781 899 veritate
1801 864 1941 901 con-

281 917 524 985 sistunt,
559 926 625 974 ut
656 920 785 989 hoc,
817 924 1025 979 habere
1059 925 1372 997 Diogenem
1397 945 1635 998 cornua;
1661 936 1939 1004 quoniam

283 1009 702 1080 unusquisque
718 1010 929 1066 habeat
951 1015 1104 1084 quod
1128 1033 1429 1088 nunquam
1456 1022 1938 1089 perdiderit.Quae

278 1096 522 1166 quidem
541 1115 644 1153 nec
660 1108 1009 1170 argumenta
1025 1103 1136 1159 dici
1155 1115 1417 1175 possunt,
1436 1117 1780 1180 argumenta
1794 1113 1941 1168 enim

277 1184 474 1241 dubia:
499 1187 576 1240 rei
604 1187 828 1244 faciunt
851 1191 1046 1246 fidem.
1076 1193 1152 1247 Ex
1172 1194 1263 1249 his
1287 1202 1485 1251 autem
1502 1198 1661 1253 nulla
1686 1201 1828 1257 ﬁdes
1854 1208 1941 1257 est

277 1290 413 1344 qua:
446 1273 794 1346 inopinione
818 1278 1127 1336 hominum
1177 1300 1363 1354 neque
1422 1286 1477 1339 in
1512 1288 1750 1344 veritate
1801 1299 1940 1347 sunt

275 1363 622 1419 constituta.
664 1366 784 1421 Diei
807 1372 1001 1424 tamen
1034 1376 1226 1441 potest
1262 1389 1365 1428 nec
1403 1375 1500 1430 illa
1531 1377 1763 1448 quidem
1813 1397 1939 1436 esse

280 1459 636 1524 argumenta
658 1474 787 1527 quae
811 1474 940 1513 cum
964 1462 1081 1515 sint
1110 1463 1457 1534 necessaria,
1481 1467 1717 1522 minime
1743 1478 1935 1525 tamen

280 1541 664 1599 audientibus
690 1548 1108 1616 approbantur.
1136 1550 1273 1606 Nam
1289 1552 1337 1605 si
1369 1554 1446 1608 rei
1472 1555 1661 1611 dubiae
1683 1559 1934 1631 sitfides,

274 1633 578 1702 cogendus
611 1639 699 1688 est
726 1636 964 1691 animus
988 1640 1272 1695 auditoris
1300 1658 1398 1713 per
1437 1660 1504 1697 ea
1535 1645 1751 1714 quibus
1812 1648 1937 1719 ipse

275 1722 622 1791 acquiescit,
666 1728 727 1778 ut
758 1725 1117 1781 conclusioni
1170 1747 1401 1802 quoque
1447 1751 1621 1804 quam
1674 1738 1932 1793 nondum

2054 600 2187 639 vero
2220 602 2283 640 ac
2315 588 2747 643 demonstrator
2778 590 2847 643 de
2880 588 3005 644 sola
3040 595 3265 644 tantum
3303 591 3538 646 veritate
3571 608 3697 660 per-

2052 679 2284 740 tractat,
2321 681 2489 746 atque
2525 678 2642 731 sint
2679 678 2997 746 probabilia
3033 679 3151 733 sive
3178 695 3289 732 non
3353 681 3495 746 sint,
3554 680 3699 734 nihil

2052 763 2245 830 refert,
2277 764 2596 819 dummodo
2629 766 2747 820 sint
2779 768 3129 821 necessaria.
3190 767 3290 821 Hic
3324 785 3553 838 quoque
3609 769 3697 823 his

2048 850 2273 904 duabus
2299 854 2604 922 speciebus
2622 853 2799 907 utitur
2820 855 3309 925 argumentique:
3327 861 3464 910 sunt
3490 856 3696 925 proha-

2049 938 2163 993 bile
2194 956 2259 993 ac
2294 942 2713 1007 necessarium,
2742 945 3131 997 necessarium
3168 961 3356 998 acnon
3377 945 3694 1013 probabile.

2049 1026 2209 1082 Patet
2242 1029 2418 1100 igitur
2450 1030 2504 1083 in
2532 1048 2645 1101 quo
2671 1031 3053 1102 philosophus
3084 1034 3154 1087 ab
3182 1038 3408 1087 oratore
3432 1050 3497 1087 ac
3517 1033 3697 1087 diale-

2046 1116 2192 1170 ctico
2217 1116 2272 1170 in
2311 1118 2542 1188 propria
2567 1120 3033 1174 consideratione
3058 1121 3359 1186 dissideat,
3392 1121 3449 1175 in
3484 1140 3547 1175 eo
3577 1122 3693 1175 sci-

2046 1204 2343 1276 licetfquod
2369 1207 2484 1261 illis
2505 1208 3138 1278 prohabilitatem,huic
3156 1209 3453 1265 veritatem
3473 1216 3701 1265 constat

2045 1310 2173 1349 esse
2207 1296 2583 1366 propositam.
2621 1298 2837 1361 Quarta
2882 1314 3013 1353 vero
3059 1298 3280 1366 Species
3339 1300 3696 1369 argumenti,

2045 1400 2217 1454 quam
2256 1401 2441 1455 neque
2475 1390 2887 1456 argumentum
2923 1387 3155 1456 quidem
3196 1392 3346 1441 recte
3380 1388 3490 1441 dici
3515 1406 3695 1460 supra

2046 1474 2380 1538 docuimus,
2414 1474 2755 1545 sophisticis
2789 1475 2935 1529 solet
2966 1492 3091 1530 esse
3116 1477 3415 1533 attributa.
3446 1478 3688 1549 Tepico-

2045 1578 2172 1615 rum
2190 1563 2433 1617 intentio
2447 1563 2953 1619 estverisimilium
2970 1572 3444 1634 argumentorum
3464 1567 3688 1638 copiam

2044 1651 2465 1707 demonstrare.
2502 1651 2835 1723 Designatis
2859 1654 3015 1706 enim
3044 1652 3185 1707 locis
3217 1671 3283 1707 ex
3314 1656 3531 1724 quibus
3564 1673 3691 1726 pro-

2040 1739 2260 1795 babilia
2292 1747 2637 1811 argumenta
2669 1743 2986 1809 ducuntur,
3022 1742 3331 1798 abundans
3362 1750 3419 1797 et
3452 1746 3687 1815 copiosa

275 1810 490 1910 probat
516 1812 702 1881 possit
722 1816 1016 1871 accedere.
1046 1819 1205 1883 Quod
1242 1820 1288 1875 si
1313 1838 1439 1891 quae
1466 1828 1688 1879 tantum
1727 1843 1927 1883 neces-
1961 1847 2009 1911 Β
2044 1845 2278 1884 necesse
2310 1810 2400 1884 est
2430 1832 2531 1883 ﬁat
2552 1832 2793 1885 materia
2816 1831 3284 1886 disserendi.Sed
3309 1810 3585 1902 quoniam
3607 1835 3693 1904 (ut

270 1901 432 1955 saria
455 1906 591 1956 sunt
622 1919 687 1958 ac
720 1921 833 1960 non
867 1908 1210 1975 probabilia,
1246 1928 1358 1965 non
1412 1915 1616 1983 probat
1678 1916 1771 1971 ille
1830 1919 1931 1991 qui

262 1987 515 2059 judical,
554 2006 792 2049 necesse
822 2000 912 2049 est
946 2005 1004 2050 ul
1028 2014 1098 2051 ne
1120 1998 1261 2053 illud
1283 2001 1513 2072 quidem
1553 2006 1754 2075 probet
1775 1987 1928 2079 qu—od

270 2092 344 2131 ex
379 2078 715 2150 bujusmodi
753 2083 976 2140 ratione
1014 2088 1340 2144 conficitur.
1396 2094 1594 2162 Itaque
1643 2078 1833 2152 evenit
1863 2114 1927 2153 ex

270 2165 620 2237 bujusmodi
654 2172 898 2239 ratione,
933 2191 1060 2245 quae
1092 2181 1321 2233 tantum
1346 2186 1676 2238 necessaria
1706 2195 1840 2241 sunt
1861 2204 1927 2242 ac

270 2271 388 2310 non
424 2257 775 2328 probabilia,
801 2278 916 2317 non
948 2279 1077 2319 esse
1109 2275 1474 2337 argumenta.
1523 2272 1630 2327 Sed
1685 2290 1796 2329 non
1839 2282 1926 2332 est

268 2342 377 2412 ita,
413 2350 588 2419 atque
616 2348 736 2404 hazc
763 2351 1164 2424 interpretatio
1190 2373 1299 2411 non
1328 2363 1476 2414 recte
1503 2362 1925 2431 probabilitatis

270 2432 725 2506 intelligentiam
744 2443 919 2496 tenet.
938 2447 1012 2498 Ea
1030 2449 1168 2499 sunt
1186 2446 1340 2502 enim
1361 2450 1925 2524 probabilia,quibus

264 2528 479 2593 sponte
510 2530 685 2597 atque
715 2528 865 2585 ultro
897 2548 1213 2590 consensus
1246 2537 1614 2610 adjungitur,
1639 2542 1830 2598 cilicet
1860 2548 1925 2599 ut

264 2627 405 2667 mox
423 2628 487 2668 ac
504 2615 706 2671 audita
728 2624 870 2673 sunt
895 2622 1311 2692 approbantur.
1338 2628 1475 2692 Quae
1497 2645 1626 2684 vero
1652 2648 1921 2688 necessa-

262 2701 355 2755 ria
387 2706 526 2757 sunt
559 2721 623 2759 ac
647 2722 759 2761 non
788 2709 1130 2779 probabilia,
1156 2713 1287 2769 aliis
1310 2717 1710 2785 probabilibus
1737 2737 1801 2774 ac
1824 2738 1945 2781 ne-.

262 2792 539 2847 cessariis
562 2798 930 2865 argumentis
953 2805 1126 2855 antea
1147 2802 1919 2879 demonstrantur,cognita-

257 2895 377 2950 que
406 2884 463 2934 et
485 2883 701 2938 credita
732 2885 799 2938 ad
832 2885 1069 2943 alterius
1089 2890 1163 2944 rei
1189 2891 1258 2947 de
1282 2910 1397 2963 qua
1423 2894 1722 2951 dubitatur
1742 2898 1913 2953 ﬁdem

256 2966 603 3037 trahuntur,
634 2976 697 3025 ut
720 2980 859 3029 sunt
882 2977 1335 3046 speculationes,
1360 2983 1413 3036 id
1434 2988 1523 3038 est
1551 2983 1914 3042 theoremata

254 3072 388 3126 qua:
415 3056 471 3111 in
491 3062 805 3128 geometria
829 3066 1297 3124 considerantur.
1321 3070 1463 3125 Nam
1497 3090 1622 3144 quae
1647 3074 1762 3129 illic
1781 3092 1913 3147 pro-

2040 1934 2221 1988 supra
2251 1918 2471 1972 dictum
2506 1919 2619 1988 est)
2643 1920 3027 1988 probabilium
3061 1927 3543 1991 argumentorum
3573 1923 3687 1977 alia

2034 2010 2174 2059 sunt
2207 2008 2555 2069 necessaria,
2589 2006 2701 2061 alia
2726 2024 2836 2061 non
2866 2010 3217 2077 necessaria,
3252 2026 3384 2063 cum
3406 2009 3513 2065 loci
3551 2028 3680 2082 pro-

2033 2094 2315 2149 babilium
2350 2101 2825 2166 argumentorum
2862 2097 3178 2163 ducuntur,
3200 2099 3466 2153 evenitut
3484 2115 3685 2156 neces-

2032 2183 2319 2238 sariorum
2354 2201 2585 2255 quoque
2621 2185 2956 2240 doceantur.
2993 2186 3115 2249 Quo
3151 2187 3216 2240 fit
3251 2192 3313 2241 ut
3354 2189 3684 2243 ora‘oribus

2030 2272 2263 2342 quidem
2297 2290 2362 2328 ac
2386 2273 2705 2328 dialecticis
2738 2274 2853 2327 haec
2886 2275 3290 2346 principaliter
3312 2276 3555 2332 facultas
3581 2296 3685 2349 pa-

2031 2368 2212 2430 retur,
2247 2364 2504 2417 secundo
2532 2379 2662 2417 vero
2692 2363 2814 2418 loco
2849 2363 3230 2435 philosophis.
3262 2369 3405 2419 Nam
3448 2365 3506 2419 in
3568 2383 3685 2437 quo

2031 2450 2359 2520 probabilia
2409 2452 2641 2523 quidem
2675 2452 2871 2506 omnia
2893 2454 3355 2523 conquiruntur,
3389 2454 3679 2509 dialectici

2031 2544 2207 2609 atque
2238 2545 2500 2594 oratores
2521 2541 2830 2609 juvantur;
2864 2541 2921 2595 in
2950 2541 3164 2612 quibus
3195 2559 3328 2598 vero
3354 2544 3681 2615 probabilia

2027 2647 2092 2683 ac
2114 2628 2441 2684 necessaria
2464 2629 3160 2701 docentur,philosophi:e
3184 2633 3673 2688 demonstrationi

2027 2717 2398 2772 ministratur
2418 2718 2810 2774 ubertas.Non
2836 2719 3007 2773 modo
3034 2719 3212 2790 igitur
3234 2720 3674 2777 dialecticusat-

2024 2822 2137 2876 que
2168 2810 2383 2875 orator,
2410 2822 2607 2861 verum
2638 2806 2810 2861 etiam
2846 2807 3281 2863 demonstrator
3302 2825 3366 2863 ac
3396 2826 3543 2864 verae
3576 2827 3673 2864 ar~

2022 2895 2481 2967 gumentationis
2514 2895 2748 2951 effector
2780 2895 2955 2950 habet
2987 2897 3139 2967 quod
3172 2914 3238 2951 ex
3293 2899 3499 2968 positis
3532 2898 3675 2954 locis

2023 2987 2204 3057 possit
2231 3003 2548 3054 assumere,
2575 3003 2706 3041 cum
2735 2986 2887 3040 intra
2903 2994 3381 3058 argumentorum
3412 2990 3681 3060 probabi-

2022 3075 2166 3130 lium
2194 3074 2845 3141 locos,necessariorum
2872 3093 3104 3147 quoque
3128 3078 3415 3147 principia
3438 3077 3678 3133 traditio

254 3152 561 3216 ponuntur
592 3148 733 3204 talia
757 3167 869 3207 non
905 3158 1063 3224 sunt,
1096 3162 1159 3211 ut
1190 3156 1282 3211 his
1316 3165 1521 3230 sponte
1547 3162 1780 3218 animus
1816 3164 1902 3218 di-
1934 3202 1979 3266 Ο
2020 3167 2131 3220 ista
2161 3166 2475 3221 contineat.
2514 3165 2617 3220 Illa
2650 3182 2779 3220 vero
2813 3174 3158 3235 argumenla
3188 3182 3317 3237 quas
3351 3167 3673 3221 necessaria

254 3236 477 3266 nnan|:n
515 3239 743 3266 -υυυυιηι
801 3242 897 3266 -..Δ
939 3244 1205 3266 _._.._.:-__
1251 3246 1365 3266 J_,,,
1438 3265 1443 3266 ,
1499 3255 1508 3266 ι
1635 3257 1643 3266 .
1811 3252 1867 3266 ι..
2106 3256 2113 3264 .
2142 3256 2152 3266 .
2394 3262 2401 3266 .
2523 3255 2536 3266 .
2801 3254 2812 3266 .
2877 3254 2887 3266 .
2920 3253 2974 3266 ο..
3086 3259 3095 3266 .
3238 3254 3291 3266 ...
3360 3256 3375 3266 .
3437 3254 3497 3266 ...

252 3236 478 3290 scentis
511 3239 766 3311 accedat,
800 3242 898 3295 sed
934 3244 1209 3313 quoniam
1244 3246 1728 3306 demonstrantur
1773 3252 1903 3308 aliis

253 3324 642 3395 argumentis,
675 3325 775 3382 illa
794 3346 1029 3401 quoque
1049 3334 1193 3387 scita
1209 3340 1263 3390 et
1280 3340 1531 3409 cognita,
1566 3341 1634 3394 ad
1662 3340 1908 3397 aliarum

255 3410 731 3501 speculationum
750 3417 921 3474 {idem
939 3421 1255 3479 ducuntur.
1279 3427 1477 3497 itaque
1493 3445 1619 3500 qua!
1644 3431 1909 3501 probabi-

253 3498 337 3554 lia
370 3516 471 3571 per
501 3518 560 3558 se
592 3520 704 3559 non
739 3515 899 3577 sunt,
934 3511 1032 3564 sed
1070 3498 1526 3584 necessaria,his
1550 3498 1786 3588 quidem
1811 3537 1909 3575 au-

250 3588 546 3646 ditoribus
560 3594 775 3665 quibus
792 3599 1051 3652 nondum
1070 3600 1469 3658 demonstrata
1486 3610 1641 3671 sunt,
1660 3607 1728 3661 ad
1747 3607 1907 3664 aliud

252 3678 477 3749 aliquid
499 3682 947 3752 approbandum
976 3696 1327 3759 argumenta
1354 3709 1483 3748 esse
1501 3711 1613 3749 non
1637 3702 1903 3765 possunt;

242 3764 341 3821 his
378 3775 569 3824 autem
605 3772 703 3842 qui
731 3772 1023 3842 prioribus
1058 3778 1384 3835 rationibus
1429 3764 1645 3838 eorum,
1690 3764 1903 3855 quibus

245 3871 367 3909 non
399 3858 874 3931 acquiescebant,
907 3864 1079 3920 fidem
1106 3874 1408 3939 ceperunt,
1462 3881 1709 3941 possunt
1741 3890 1805 3928 ea
1853 3875 1901 3929 si

243 3945 389 4014 quid
404 3948 709 4035 ambigunt
728 3951 797 4005 ad
821 3961 1236 4023 argumentum
1257 3959 1451 4016 vocari
1466 4003 1476 4016 .
1491 3963 1597 4015 Sed
1615 3964 1905 4035 quiaque.-

244 4037 381 4087 tuor
394 4034 769 4095 facultatibus
786 4041 1109 4099 disserendi
1127 4062 1295 4102 omne
1310 4050 1416 4103 arti
1430 4050 1557 4103 ﬁeiu
1571 4067 1622 4104 m
1641 4034 1900 4109 contine-

242 4123 690 4188 tur,dicendum
708 4134 817 4192 est,
844 4146 974 4201 quae
992 4133 1210 4204 quibus
1229 4136 1311 4190 uti
1340 4141 1562 4193 noverit
1580 4156 1899 4212 argumen-

249 4212 349 4277 tis,
383 4217 447 4265 ut
478 4215 571 4268 cui
605 4217 977 4286 potissimum
1004 4222 1325 4295 disciplinae
1354 4225 1613 4283 locorum
1664 4236 1898 4301 paretur

243 4302 485 4357 ubertas
504 4305 797 4362 evidenter
810 4316 1106 4380 appareat.
1133 4316 1390 4377 Quatuor
1411 4317 1591 4387 igitur
1612 4318 1897 4375 facultati-

240 4390 690 4464 bus,earumque
705 4396 859 4451 velut
872 4398 1181 4468 opiﬁcibus
1198 4402 1520 4459 disserendi
1538 4407 1732 4461 omnis
1747 4407 1893 4462 ratio

238 4478 509 4549 subjecta
527 4489 639 4547 est,
672 4483 728 4539 id
760 4490 849 4540 est
876 4487 1199 4561 dialectico,
1230 4493 1463 4562 oratori,
1518 4494 1888 4567 philosopho,

240 4568 540 4639 sophistas.
575 4573 834 4637 Quorum
869 4576 1104 4646 quidem
1141 4579 1481 4637 dialecticus
1503 4590 1676 4654 atque
1695 4591 1892 4641 orator

242 4656 298 4710 in
325 4662 627 4714 communi
650 4669 1133 4733 argumentorum
1172 4674 1380 4725 natura
1410 4679 1692 4727 versatur.
1721 4674 1888 4729 Uter-

236 4762 350 4816 que
380 4747 536 4802 enim
570 4750 685 4804 sive
717 4755 1066 4818 necessaria,
1103 4756 1221 4811 sive
1265 4759 1524 4828 minime,
1563 4764 1889 4832 probabilia

232 4838 432 4889 tamen
450 4845 792 4909 argumenta
805 4857 905 4912 seq
916 4842 1035 4897 uitu
1046 4847 1199 4899 r.His
1215 4848 1394 4918 igitur
1407 4850 1516 4904 ille
1530 4851 1655 4905 duas
1668 4852 1889 4922 species

236 4930 583 4995 argumenta
602 4928 1113 5004 famulantur,quas
1130 4942 1267 4990 sunt
1292 4938 1587 5007 probabile
1608 4956 1673 4995 ac
1693 4957 1888 4996 neces-

2017 3256 2250 3326 quidem
2271 3255 2536 3319 sunt,sed
2558 3271 2668 3308 non
2693 3253 3375 3326 probabilia,atqueillud
3396 3254 3668 3310 ultimum

2017 3343 2449 3415 genus,scilicet
2476 3360 2579 3397 nec
2596 3343 2894 3414 probabile
2922 3359 3026 3398 nec
3056 3344 3513 3409 necessarium,a
3538 3362 3671 3414 pro—

2017 3432 2187 3503 positi
2207 3434 2398 3502 operis
2425 3431 2892 3487 consideratione
2915 3432 3249 3502 sejunctum
3266 3432 3493 3495 est,nisi
3514 3434 3669 3503 quod

2016 3519 2311 3575 interdum
2349 3521 2585 3591 quidam
2613 3518 2916 3589 sephistici
2947 3520 3055 3575 loci
3116 3521 3417 3575 exercendi
3477 3522 3665 3592 gratia

2012 3609 2246 3665 lectoris
2266 3610 2639 3664 adhibentur.
2666 3610 2946 3673 Quocirca
2968 3610 3295 3679 topicorum
3319 3610 3535 3681 pariter
3560 3610 3667 3663 uti-

2014 3698 2146 3754 litas
2182 3700 2542 3770 intentioque
2576 3700 2857 3769 patefacta
2892 3704 2993 3754 est
3032 3699 3132 3753 His
3163 3699 3317 3753 enim
3344 3704 3398 3753 et
3429 3700 3662 3753 dicendi

2012 3788 2260 3843 facultas
2291 3794 2347 3843 et
2374 3787 2746 3859 investigatio
2768 3787 3029 3843 veritatis
3052 3794 3315 3857 augetur.
3341 3788 3481 3844 Nam
3504 3789 3659 3859 quod

2010 3877 2346 3933 dialecticos
2374 3883 2547 3948 atque
2577 3882 2835 3932 oratores
2877 3877 3135 3931 locorum
3191 3878 3361 3947 juvat
3418 3876 3657 3948 agnitio,

2008 3967 2257 4021 orationi
2284 3984 2383 4036 per
2405 3966 2799 4021 inventionem
2824 3967 3051 4037 copiam
3076 3970 3330 4037 przestat;
3355 3968 3498 4033 quod
3525 3983 3657 4021 vero

2008 4055 2469 4112 necessariorum
2502 4055 2828 4110 doctrinam
2855 4054 3113 4109 locorum
3138 4055 3505 4125 philosophis
3540 4061 3653 4111 tra-

2006 4143 2265 4210 dit,viam
2283 4143 2717 4213 quodammodo
2742 4142 3004 4196 veritatis
3028 4142 3299 4197 illustrat.
3320 4145 3441 4207 Quo
3465 4144 3656 4212 magis

2004 4232 2449 4303 pervestiganda
2478 4236 2564 4285 est
2599 4231 2981 4301 rimandaque
3016 4231 3259 4285 ulterius
3317 4231 3654 4301 disciplina,

2001 4336 2184 4392 eaque
2210 4337 2343 4374 cum
2376 4320 2671 4391 agnitione
2696 4325 2963 4391 percepta
2988 4319 3084 4386 sit,
3104 4337 3212 4374 usu
3239 4328 3410 4391 atque
3433 4320 3654 4375 exerci-

2000 4410 2218 4464 tatione
2251 4409 2559 4463 firmanda.
2583 4412 2850 4475 Magnum
2887 4408 3041 4463 enim
3103 4408 3325 4479 aliquid
3387 4409 3649 4465 locorum

2003 4497 2388 4553 consideratio
2408 4497 2967 4568 pollicetur,scilicet
2984 4496 3316 4552 inveniendi
3334 4498 3647 4562 vias.Quod

2000 4587 2235 4656 quidem
2253 4586 2424 4657 hiqui
2448 4597 2580 4641 sunt
2608 4587 2787 4655 hujus
2812 4586 3055 4641 rationis
3074 4592 3338 4657 expertes
3354 4586 3458 4640 soli
3486 4604 3650 4657 pror-

2000 4692 2102 4730 sus
2135 4676 2695 4747 deputantingenio,
2742 4692 2928 4747 neque
2972 4675 3311 4746 intelligunt
3361 4680 3646 4746 quantum

2002 4765 2107 4820 hac
2138 4765 2609 4820 consideratione
2641 4772 2936 4835 qureratur
2964 4781 3090 4835 quae
3123 4765 3179 4818 in
3213 4771 3397 4819 artem
3438 4764 3652 4835 redigit

1997 4855 2110 4908 vim
2145 4860 2203 4908 et
2230 4860 2572 4924 potestatem
2616 4860 2855 4909 naturae.
2909 4855 3019 4909 Sed
3075 4854 3147 4908 de
3198 4853 3292 4909 his
3342 4854 3648 4909 hactenus.

1999 4942 2163 4999 Nunc
2194 4942 2265 4997 de
2297 4942 2530 5011 reliquis
2560 4941 2940 5013 explicemus.

660 5054 3639 5080 Μ

1426 5148 1741 5236 LIBER
1809 5147 2009 5238 SEC
2031 5153 2093 5237 U
2114 5150 2447 5238 NDUS.

297 5381 506 5439 Omnia
536 5385 768 5454 quidem
794 5403 920 5458 quae
935 5392 1252 5462 superioris
1274 5396 1421 5451 serie
1436 5396 1751 5452 voluminis
1774 5414 1873 5453 ex-

232 5471 423 5541 pedita
454 5479 612 5542 sunt,
641 5476 840 5530 minus
864 5478 1217 5547 quibusdam
1241 5484 1482 5539 forsitan
1507 5486 1755 5541 eruditis
1778 5504 1873 5542 su-

228 5575 580 5630 pervacanea
610 5565 1047 5633 quodammodo
1070 5574 1127 5623 et
1156 5572 1320 5641 quasi
1382 5575 1767 5645 dependentia
1786 5576 1871 5630 vi-

228 5648 536 5705 debuntur.
567 5650 709 5708 Nam
730 5668 863 5709 cum
891 5655 960 5709 de
984 5655 1328 5716 differentiis
1346 5661 1555 5734 topicis
1585 5661 1865 5719 librorum

1984 5399 2219 5455 titulum
2256 5399 2524 5471 legerint,
2558 5400 2797 5455 omissis
2822 5400 3099 5455 doctrinas
3125 5397 3406 5469 gradibus
3439 5396 3639 5451 statim

1986 5489 2160 5543 finem
2182 5490 2375 5560 operis
2391 5490 2723 5543 attendunt.
2750 5488 2888 5543 Mihi
2910 5495 3103 5543 autem
3135 5485 3530 5541 necessarium
3552 5485 3633 5539 vi-

1988 5578 2158 5632 detur
2188 5579 2366 5649 quod,
2402 5577 2510 5632 nisi
2532 5577 2609 5631 sit
2633 5578 3075 5648 praeeognilum,
3109 5576 3177 5629 ad
3206 5574 3479 5629 ulteriora
3507 5573 3637 5627 dis-

1978 5666 2163 5722 centis
2194 5667 2432 5722 animus
2469 5666 2768 5736 pervenire
2792 5682 2905 5721 non
2940 5664 3144 5737 possit,
3178 5663 3501 5735 hiquoque
3534 5660 3637 5733 qui
