4022 6174
457 269 598 328 1215

1736 275 1855 327 AN.
1897 274 2103 328 MANL

2210 276 2318 331 BV.
2357 282 2598 340 BOETII
3660 299 3761 355 1216

458 396 652 468 posita
683 395 751 451 ad
783 396 1116 495 opinionem
1151 394 1598 495 magis-tendere
1621 414 1797 495 quam
1817 399 1888 453 ad
1913 398 2099 495 ipsam
2135 398 2188 465 Α
2218 406 3198 471 contractionediscretisunt.Nam
3218 416 3611 475 dialecticorum
3628 425 3768 495 major

459 503 651 541 rerum
676 489 1179 557 naturamJtaque
1212 486 1265 539 in
1302 486 1391 541 his
1425 492 1677 558 quatuor
1702 486 1836 543 licet
1864 488 2113 559 negotiis

459 578 744 633 attributa
776 576 1054 642 dividere,
1092 583 1155 629 ut
1187 575 1307 630 sint
1340 579 1551 648 partim
1585 580 1951 635 continentia
1980 594 2114 631 cum

458 668 586 739 ipso
603 667 988 737 negotio,quae
1008 669 1155 721 facta
1170 669 1819 739 essesuperiusdictum
1841 672 1929 722 est
1952 687 2113 739 ;par-

456 759 562 813 tim
588 759 646 813 in
669 758 930 828 gestione
956 759 1332 828 negotii,quze
1358 777 1469 813 non
1497 777 1625 815 esse
1646 760 1921 828 lacla,sed
1947 758 2113 814 lactis

456 850 815 904 adhaarentia
834 850 1057 903 dudum
1084 852 1545 905 monstravimus
1569 869 1581 916 ;
1604 852 1814 921 partim
1833 852 2116 921 adjuncta

463 940 714 1011 negotio.
741 940 870 994 Haec
890 941 977 1010 (ut
999 940 1218 994 dictum
1244 947 1352 1005 est)
1378 943 1587 1011 partim
1614 944 1670 995 in
1698 942 1977 996 relatione
2011 958 2111 1012 po-

468 1030 931 1101 nuntur,partim
959 1036 1192 1101 gestum
1220 1033 1518 1103 negotium
1542 1032 2115 1103 consequuntur,ho-

455 1139 587 1179 rum
616 1122 761 1177 fides
779 1122 1145 1177 extrinsecus
1170 1124 1536 1178 sumitur.Ac
1558 1125 1628 1178 de
1652 1124 1956 1179 rhetoricis
1981 1125 2112 1196 qui-

454 1214 586 1267 dem
614 1211 759 1266 locis
778 1212 926 1266 satis
948 1211 1172 1266 dictum
1200 1217 1319 1266 est:
1353 1229 1509 1266 nunc
1532 1212 1675 1266 illud
1703 1222 1787 1268 est
1812 1213 2109 1285 explican-

454 1303 751 1372 dum,quaa
780 1301 853 1356 sit
889 1301 981 1356 his
1014 1302 1346 1356 similitudo
1376 1319 1507 1357 cum
1544 1302 1889 1369 dialecticis,
1913 1320 2110 1374 quaeve

455 1390 785 1457 diversitas,
811 1392 966 1462 quod
1001 1408 1134 1445 cum
1160 1390 1367 1445 idonee
1399 1392 1920 1462 convenienterque
1946 1410 2109 1449 mon-

455 1481 1027 1553 stravero,propositi
1052 1480 1245 1551 operis
1269 1481 1597 1550 explebitur
1617 1480 1885 1537 intentio.
1916 1484 2110 1538 Primo

453 1574 595 1627 adeo
627 1578 691 1626 ut
723 1573 781 1626 in
815 1572 1139 1626 dialecticis
1174 1573 1316 1626 locis
1346 1571 1520 1639 (sicut
1551 1572 1868 1628 Themistio
1898 1574 2110 1645 placet)

456 1660 556 1716 alii
588 1666 727 1715 sunt
757 1661 857 1732 qui
876 1662 934 1714 in
958 1660 1103 1731 ipsis
1125 1660 1435 1715 hmrentde
1454 1661 1669 1731 quibus
1694 1662 2107 1733 quaeritur,alii

2222 496 2667 564 estumbitus,et
2688 503 2966 570 quoniam
2988 511 3195 576 praeter
3208 507 3635 565 circumstantias
3651 520 3771 578 sunt,

2224 598 2348 653 quae
2381 585 2709 655 singulares
2742 590 2964 647 faciunt
2994 610 3221 662 causas,
3247 612 3356 651 non
3379 599 3534 654 modo
3552 601 3611 654 ad
3632 601 3775 658 theses

2224 672 2400 760 utiles
2423 680 2584 741 sunt,
2612 694 2806 733 verum
2831 681 3004 736 etiam
3028 685 3098 737 ad
3123 690 3779 760 argumentaquaainbypo-

2222 759 2490 817 thesibus
2510 766 2697 835 posita
2722 774 3213 843 sunt,eorumque
3231 773 3383 829 locos
3404 778 3493 846 qui
3516 792 3574 831 ex
3591 759 3778 834 circuiu-

2223 850 2456 906 stantiis
2474 860 2745 909 constant
2767 856 3049 914 claudunt
3070 871 3243 925 atque
3265 865 3535 919 ambiunt.
3554 867 3714 936 Itaque
3737 868 3783 922 lit

2223 946 2287 992 ut
2318 956 2550 1012 semper
2580 951 2745 999 exeat
2779 947 2976 1003 rhetor
2996 950 3319 1007 dialecticis
3342 952 3497 1020 locis,
3518 955 3785 1012 dialecticus

2221 1031 2347 1085 suis
2380 1032 2563 1100 possit
2622 1051 2751 1090 esse
2793 1042 3130 1095 contentus.
3159 1042 3370 1099 Rhetor
3400 1046 3542 1099 enim
3573 1046 3786 1116 quoniam

2221 1135 2430 1175 causas
2454 1138 2519 1176 ex
2541 1123 2999 1181 circumstantiis
3018 1132 3249 1198 tractat,
3270 1148 3339 1186 ex
3376 1133 3578 1189 eisdem
3602 1135 3788 1190 circum-

2221 1210 2457 1263 stantiis
2489 1220 2834 1281 argumenta
2863 1224 3189 1287 persumet,
3218 1237 3345 1291 quae
3380 1239 3597 1279 necesse
3628 1230 3699 1279 est
3737 1225 3786 1279 ab

2221 1296 2653 1354 universalibus
2688 1308 2743 1357 et
2775 1305 3159 1376 simplicibus
3181 1310 3526 1378 confirmari,
3566 1313 3651 1383 qui
3688 1315 3787 1367 sunt

2220 1384 2531 1441 dialectici.
2566 1389 2916 1447 Dialecticus
2938 1410 3070 1449 vero
3096 1397 3195 1467 qui
3227 1399 3388 1468 prior
3406 1406 3510 1463 est,
3544 1402 3791 1471 posteriore

2221 1492 2335 1529 non
2357 1480 2506 1547 eget,
2537 1478 2647 1532 nisi
2667 1478 2984 1550 aliquando
3007 1483 3280 1539 inciderit
3302 1488 3539 1557 quaestio
3575 1506 3791 1559 persona,

2220 1568 2284 1616 ut
2314 1579 2449 1618 cum
2482 1564 2558 1619 sit
2590 1566 2856 1624 incidens
2883 1570 3186 1628 dialectico
3217 1576 3285 1628 ad
3322 1578 3657 1645 probandam
3674 1595 3794 1633 suam

2220 1652 2432 1708 thesim
2466 1671 2643 1711 causa
2673 1658 3142 1727 circumstantiis
3196 1664 3447 1731 inclusa,
3480 1671 3591 1720 tum
3618 1669 3795 1722 demum

454 1757 843 1807 assumuntur
873 1750 1365 1817 extrinsecug’alii
1389 1767 1523 1807 νει-ο
1548 1752 1722 1807 medii
1742 1753 1893 1808 inter
1915 1759 2187 1833 “tl-03-3
2220 1741 2527 1833 rhetoricis
2553 1749 2751 1802 utatur
2774 1749 2935 1804 locis.
2966 1750 3164 1823 Itaque
3195 1752 3254 1808 in
3283 1755 3792 1825 dialecticislocis,si

460 1839 759 1909 quelocati
779 1844 918 1894 sunt
943 1856 956 1894 :
983 1839 1144 1893 sicin
1169 1839 1477 1895 rhetoricis
1496 1840 2015 1911 quoquelocis,alii
2043 1843 2099 1898 in

453 1929 720 2000 personis
745 1933 920 1997 atque
946 1928 1176 1998 negotio
1199 1929 1554 1997 consistunt,
1580 1930 1650 1984 de
1673 1930 1888 2000 quibus
1910 1947 1978 1985 ex
2000 1932 2102 1985 ad-

451 2034 619 2073 versa
654 2023 820 2090 parte
850 2017 1232 2084 certatur,alii
1265 2035 1395 2073 vero
1427 2021 1883 2085 extrinsecus,ut
1914 2020 1972 2074 hi
2004 2021 2103 2091 qui

453 2114 683 2181 gestum
700 2110 1000 2179 negotium
1015 2112 1583 2181 consequuntur,alii
1601 2128 1731 2167 vero
1748 2112 2103 2177 medii.Quo-

453 2216 581 2255 rum
607 2200 855 2270 proximi
877 2200 1113 2271 quidem
1139 2202 1369 2270 negotio
1393 2206 1533 2255 sunt
1550 2201 1607 2254 hi
1632 2201 1731 2271 qui
1763 2218 1830 2255 ex
1851 2202 2103 2257 circum-

457 2289 690 2344 stantiis
714 2288 918 2359 reliqui
946 2292 1003 2342 in
1029 2288 1288 2360 gestione
1306 2290 1521 2359 negotii
1540 2290 2103 2347 considerantur.llli

451 2393 586 2432 vero
600 2378 695 2448 qui
711 2378 768 2431 in
791 2377 1089 2447 adjunctis
1104 2376 1338 2448 negotio
1356 2376 1857 2450 collocantur,ipsi
1872 2396 2105 2451 quoque

455 2466 609 2520 inter
642 2465 865 2520 medios
897 2464 1054 2520 locos
1087 2465 1257 2536 positi
1291 2470 1451 2533 sunt,
1485 2466 1759 2536 quoniam
1806 2467 2103 2537 negotium

452 2555 524 2609 de
554 2571 670 2625 quo
695 2553 893 2624 agitur
923 2554 1177 2623 quadam
1212 2553 1514 2609 ail'ectione
1546 2555 1904 2624 respiciunt;
1939 2555 2026 2611 vel
2054 2556 2102 2612 si

452 2642 587 2713 quis
606 2658 673 2697 ea
696 2641 933 2714 quidem
960 2657 1087 2713 quae
1116 2642 1381 2712 personis
1403 2643 1687 2698 attributa
1709 2643 2104 2715 sunt,velqum

452 2731 819 2787 continentia
850 2735 990 2785 sunt
1019 2747 1151 2785 cum
1182 2731 1308 2802 ipso
1340 2732 1590 2801 negotio,
1621 2732 1708 2787 vel
1741 2748 1866 2803 quis
1916 2732 1972 2787 in
2007 2749 2103 2805 ge—

451 2820 644 2876 stione
677 2819 894 2890 negotii
925 2819 1494 2886 considerantur,his
1525 2821 1746 2876 similia
1770 2821 1916 2877 locis
1948 2822 2105 2877 dicat

456 2910 556 2980 qui
589 2910 659 2965 ab
690 2909 838 2980 ipsis
869 2908 928 2963 in
960 2908 1268 2964 dialectica
1299 2908 1616 2965 trahuntur
1644 2911 1715 2965 de
1770 2912 1987 2982 quibus
2042 2911 2101 2965 in

455 2999 779 3070 quastione
810 2997 1134 3065 dubitatur,
1163 3000 1580 3069 consequentia
1608 3015 1742 3055 vero
1798 3000 2101 3072 negotium

448 3096 624 3161 ponat
658 3089 1041 3154 extrinsecus,
1075 3089 1383 3159 adjunctaj
1409 3104 1541 3143 vero
1575 3088 1727 3144 inter
1777 3092 2095 3160 utrumque
2126 3126 2169 3194 Ο

449 3177 792 3233 constituat.
847 3177 1137 3232 Ciceronis
1194 3192 1329 3231 vero
1362 3175 1633 3232 divisioni
1683 3178 1791 3232 hoc
1825 3179 1999 3234 modo
2032 3179 2097 3234 fit

448 3265 830 3321 similis.Nam
865 3282 932 3319 ea
955 3282 1083 3336 quae
1111 3266 1473 3321 continentia
1503 3271 1644 3321 sunt
1672 3282 1807 3321 cum
1839 3266 1967 3337 ipso
1998 3284 2097 3323 ne-

447 3352 721 3424 gotio,vel
756 3368 824 3407 ea
845 3369 977 3423 quae
1007 3353 1066 3407 in
1098 3354 1362 3424 gestione
1394 3354 1607 3424 negotii
1628 3355 2097 3419 considerantur,

446 3442 505 3497 in
535 3442 682 3512 ipsis
712 3442 933 3496 haerent
964 3442 1035 3497 de
1083 3442 1301 3512 quibus
1331 3444 1653 3513 quaeritur;
1689 3460 1757 3499 ea
1806 3459 1939 3499 vero
1971 3461 2099 3515 quis

449 3532 731 3601 adjuncta
760 3534 923 3597 sunt,
950 3534 1100 3585 inter
1130 3531 1336 3586 affecta
1372 3537 1708 3601 ponuntur;
1742 3533 1841 3587 sed
1877 3549 1941 3588 ea
1973 3550 2101 3605 quae

445 3627 683 3694 gestum
717 3622 1017 3693 negotium
1051 3626 1518 3693 consequuntur,
1539 3623 1901 3678 extrinsecus
1927 3623 2103 3678 collo-

446 3716 575 3767 cata
606 3716 763 3767 sunt.
799 3709 898 3765 Vel
926 3710 974 3765 si
1008 3710 1139 3781 quis
1171 3727 1239 3765 ea
1298 3710 1534 3781 quidem
1569 3727 1695 3781 quae
1742 3713 2103 3768 continentia

448 3804 746 3855 suntcum
799 3800 928 3870 ipso
978 3798 1211 3870 negotio
1242 3798 1301 3853 in
1334 3798 1479 3870 ipsis
1513 3798 1731 3853 haerere
1762 3800 2099 3866 arbitretur,

443 3889 653 3946 affecta
678 3904 811 3943 vero
835 3904 964 3943 esse
986 3905 1053 3943 ea
1079 3904 1210 3958 quae
1230 3888 1447 3943 suntin
1477 3887 1742 3959 gestione
1775 3890 1989 3960 negotii
2014 3890 2099 3946 vel

446 3978 725 4048 adjuncta
748 3976 997 4049 negotio,
1019 3976 1386 4031 extrinsecus
1409 3983 1604 4031 autem
1627 3993 1694 4031 ea
1717 3993 1848 4048 qua:
1866 3983 2099 4048 gestum

449 4068 751 4139 negotium
785 4072 1249 4137 consequuntur.
1283 4066 1414 4123 Jam
1450 4066 1562 4123 illae
1592 4068 1911 4138 perspicuae
1966 4074 2102 4124 sunt

445 4157 926 4225 communitates,
962 4157 1116 4226 quod
1144 4155 1383 4227 quidem
1417 4156 1529 4228 ipsi
1565 4172 1709 4228 pene
1744 4157 1801 4211 in
1835 4156 2100 4228 utrisque

445 4246 818 4302 facultatibus
832 4248 1142 4301 versantur
1158 4244 1291 4311 loci,
1309 4249 1592 4317 utgenus,
1618 4250 1681 4299 ut
1696 4246 2099 4316 pars,utsimi-

440 4334 647 4402 Iitudo,
678 4340 742 4390 ut
772 4333 1158 4401 contrarium,
1182 4337 1246 4388 ut
1277 4336 1470 4403 majus
1500 4351 1565 4389 ac
1601 4334 1909 4390 minus.De
1940 4351 2096 4390 com-

443 4423 831 4479 munitatibus
863 4424 1007 4478 satis
1039 4423 1261 4477 dictum
1296 4428 1403 4478 est.
1431 4422 1780 4478 Diﬂ'erentiaa
1813 4424 1923 4478 illae
1954 4429 2096 4479 sunt

2215 1828 2298 1885 ita
2327 1832 2654 1904 contingat,
2685 1853 2713 1890 a
2738 1852 2949 1907 genere
2973 1847 3320 1911 argumenta
3338 1850 3659 1909 sumuntur,
3676 1845 3795 1899 idest

2210 1919 2339 1989 ipsa
2359 1922 2591 1991 generis
2611 1930 2835 1981 natura.
2860 1930 2967 1982 Sed
2994 1928 3050 1982 in
3090 1929 3399 1987 rhetoricis
3421 1933 3490 1987 ab
3524 1949 3584 1988 eo
3614 1950 3790 2004 genere,

2211 2010 2363 2078 quod
2393 2009 2513 2065 illic
2536 2026 2723 2081 genus
2746 2020 2833 2069 est
2865 2016 2933 2071 de
2959 2034 3073 2088 quo
3093 2020 3307 2090 agitur,
3332 2038 3437 2077 nec
3464 2039 3496 2077 a
3522 2030 3703 2077 natura
3728 2038 3792 2093 εε-

2211 2098 2390 2165 neris,
2414 2100 2512 2153 sed
2532 2117 2564 2155 a
2585 2118 2644 2156 re
2667 2105 2921 2172 generis,
2944 2106 3162 2162 scilicet
3199 2108 3328 2181 ipsa
3367 2128 3490 2181 quae
3531 2128 3695 2183 genus
3716 2117 3793 2167 est.

2211 2186 2321 2242 Sed
2350 2191 2413 2243 ut
2435 2192 2860 2261 progrediatur,
2880 2195 3025 2250 ratio
3048 2211 3115 2250 ex
3129 2213 3194 2251 ea
3217 2199 3456 2268 pendet,
3477 2201 3619 2270 quod
3640 2207 3796 2254 natura

2209 2276 2442 2347 generis
2459 2286 2591 2334 ante
2616 2284 2966 2353 praecognita
2985 2291 3075 2339 est
3107 2286 3232 2339 utsi
3258 2288 3558 2343 rlubitetur
3594 2289 3798 2343 anluerit

2211 2365 2425 2436 aliquis
2458 2368 2677 2436 ebrius,
2740 2370 2974 2439 dicitur,
3004 2377 3051 2428 si
3098 2375 3363 2431 refellere
3423 2378 3669 2447 velimus,
3717 2393 3797 2432 non

2212 2454 2415 2522 fuisse,
2447 2457 2725 2527 quoniam
2762 2459 3004 2516 nullain
3045 2479 3111 2518 eo
3152 2464 3418 2521 luxuries
3465 2466 3795 2522 antecesserit.

2213 2542 2432 2599 Idcirco
2458 2544 2760 2618 nimirum,
2777 2550 2917 2619 quia
2938 2567 3068 2606 cum
3086 2552 3349 2610 luxuries
3372 2556 3657 2611 ebrietatis
3674 2555 3798 2626 quasi

2213 2636 2508 2703 quoddam
2533 2651 2718 2706 genus
2742 2638 2841 2703 sit,
2863 2655 2997 2694 cum
3021 2640 3282 2698 luxuries
3299 2644 3466 2700 nulla
3504 2646 3677 2713 fuerit,
3724 2658 3797 2698 nec

2210 2720 2463 2777 ebrietas
2486 2724 2724 2793 quidem
2751 2726 2881 2782 fuit.
2907 2727 3017 2783 Sed
3042 2728 3150 2785 hoc
3171 2732 3390 2802 pendet
3405 2749 3475 2789 ex
3494 2733 3675 2789 sltem.
3690 2736 3797 2788 Cum

2210 2810 2364 2865 enim
2392 2810 2655 2868 luxuries
2680 2830 2792 2869 non
2819 2815 2947 2879 fuit.
2971 2817 3222 2875 ebrietas
3243 2836 3377 2877 esse
3399 2839 3513 2877 non
3544 2822 3724 2894 potuit.
3743 2821 3798 2875 Ex

2212 2903 2422 2954 natura
2453 2902 2684 2971 generis
2715 2903 3343 2978 demonstratur,quod
3364 2911 3657 2967 dialectica
3690 2910 3797 2965 ratio

2211 2988 2646 3045 subministrat.
2673 2990 2837 3047 Unde
2870 2993 3024 3049 enim
3057 3011 3244 3067 genus
3276 2998 3468 3065 abest,
3501 3001 3627 3056 inde
3665 2999 3796 3054 etiam

2212 3077 2437 3148 species
2467 3078 2673 3135 abesse
2707 3097 2943 3138 necesse
2974 3087 3087 3152 est,
3117 3087 3402 3157 quoniam
3432 3105 3613 3161 genus
3633 3088 3801 3155 species

2209 3183 2323 3221 non
2348 3165 2627 3239 relinquit
2652 3187 2665 3235 ;
2689 3174 2746 3224 et
2766 3171 2838 3226 de
2860 3171 3153 3230 similibus
3174 3175 3442 3246 quidem,
3460 3179 3601 3235 etde
3623 3182 3799 3234 contn-

2204 3254 2307 3310 riis
2320 3256 2520 3312 eodem
2540 3259 2735 3325 modo,
2760 3262 2815 3315 in
2831 3261 3049 3331 quibus
3063 3264 3799 3323 maxima'estdissimilitudo

2204 3343 2356 3399 inter
2379 3345 2698 3402 rhetoricos
2720 3365 2785 3403 ac
2808 3350 3146 3407 dialecticos
3168 3352 3343 3409 locos.
3361 3356 3661 3412 Dialectica
3685 3356 3799 3410 enim

2204 3448 2273 3487 ex
2304 3433 2449 3503 ipsis
2481 3434 2888 3506 qualitatibus,
2932 3439 3219 3495 rhetorica
3267 3458 3337 3497 ex
3361 3445 3634 3516 qualitate
3668 3441 3801 3499 susci-

2204 3521 2504 3592 pientibus
2534 3525 2708 3579 rebus
2740 3532 3085 3597 argumenta
3119 3530 3390 3602 vestigat.
3422 3532 3493 3589 Ut
3522 3532 3800 3588 dialecticus

2204 3626 2272 3665 ex
2303 3626 2536 3682 genere,
2560 3612 2619 3667 id
2651 3618 2740 3667 est
2767 3630 2837 3668 ex
2866 3615 2993 3685 ipsa
3023 3618 3255 3687 generis
3294 3626 3532 3690 natura,
3565 3623 3734 3676 rhetor
3754 3634 3801 3673 ex

2203 3715 2271 3754 ea
2303 3715 2362 3754 re
2394 3716 2524 3771 quae
2551 3717 2738 3772 genus
2768 3707 2857 3758 est
2881 3721 2896 3772 ;
2922 3704 3266 3762 dialecticus
3322 3725 3396 3763 ex
3454 3709 3799 3766 similitudine.

2162 3835 2167 3839 .
2204 3790 2400 3845 rhetor
2422 3807 2491 3845 ex
2520 3792 2722 3856 simili,
2746 3793 2802 3847 id
2836 3799 2923 3849 est
2953 3811 3020 3849 ex
3051 3811 3120 3849 ea
3151 3812 3211 3850 re
3242 3815 3375 3869 quae
3407 3800 3797 3855 similitudinem

2205 3880 2377 3951 cepit.
2404 3880 2617 3935 Eodem
2644 3883 2816 3938 modo
2841 3882 2937 3939 ille
2961 3900 3028 3939 ex
3051 3888 3487 3957 contrarietate,
3512 3890 3599 3944 hic
3617 3895 3797 3945 contra-

2206 3968 2311 4025 rio.
2335 3968 2622 4025 Omnibus
2637 3971 2949 4043 igiturquaa
2966 3975 3243 4046 superius
3258 3980 3658 4047 praposuimus
3675 3990 3799 4046 expe‘

2204 4057 2366 4121 ditis,
2398 4058 2543 4113 illud
2576 4060 2827 4115 arbitror
2856 4064 3269 4132 apponendum
3304 4068 3466 4135 quod
3512 4068 3581 4123 Μ.
3622 4066 3800 4121 Tullius

2204 4147 2423 4217 Topica
2443 4164 2569 4218 quae
2594 4150 2659 4203 ad
2687 4152 2749 4205 C.
2783 4150 3125 4205 Trebatium
3162 4153 3419 4224 peritum
3474 4158 3616 4226 juris
3641 4152 3797 4214 edidit,

2206 4252 2320 4290 non
2341 4251 2408 4291 eo
2433 4237 2606 4291 modo
2629 4253 2740 4307 quo
2763 4237 2833 4292 de
2860 4237 3005 4308 ipsis
3030 4240 3319 4309 disputari
3342 4245 3529 4314 possit
3560 4240 3799 4302 disseruit,

2204 4327 2302 4382 sed
2331 4328 2829 4397 quemadmodum
2862 4329 3161 4385 rhetoricas
3188 4333 3486 4391 facultatis
3508 4336 3798 4408 argumenta

2205 4416 2575 4487 ducerentur,
2593 4419 2747 4488 quod
2764 4418 2822 4472 in
2841 4418 2934 4473 his
2949 4424 3394 4479 commentariis
3407 4423 3799 4497 diligentiusex-

443 4514 598 4584 quod
627 4511 917 4567 dialectici
951 4511 1218 4567 thesibus
1249 4511 1421 4566 etiam
1453 4512 1573 4583 apti
1605 4517 1780 4579 sunt;
1823 4512 2094 4568 rhetorici

2210 4505 2534 4577 pedivimus
2566 4505 2666 4577 qui
2698 4524 2731 4561 a
2761 4508 2928 4563 nobis
2961 4509 3017 4564 in
3044 4510 3308 4580 ejusdem
3323 4491 3611 4570 Ciceronis
3630 4510 3795 4581 Topica

442 4605 675 4656 tantum
709 4600 780 4654 ad
814 4599 1255 4671 hypotheses,id
1286 4604 1398 4668 est,
1431 4600 1502 4654 ad
1534 4602 1889 4671 quaestiones
1922 4602 2096 4656 inl‘or-

447 4694 638 4744 matas
670 4688 1126 4744 circumstantiis
1156 4693 1578 4757 assumuntur;
1615 4705 1748 4744 nam
1783 4690 2097 4761 sicutipsae

444 4776 754 4832 facultates
784 4794 817 4832 a
849 4776 1183 4848 semetipsis
1217 4777 1658 4834 universalitate
1689 4783 1743 4834 et
1775 4778 2096 4849 particula-

443 4865 613 4921 ritate
633 4864 922 4920 distincta:
948 4882 1014 4921 su
1026 4866 1194 4933 nt,ita
1217 4865 1391 4920 etiam
1419 4882 1620 4922 eorum
1646 4866 1756 4922 loci
1780 4867 2005 4922 ambitu
2028 4884 2096 4921 ex

2205 4593 2522 4666 conscripti
2551 4599 2711 4650 sunt.
2737 4596 2858 4661 Quo
2890 4601 3085 4653 autem
3121 4600 3293 4655 modo
3320 4601 3391 4657 de
3420 4603 3514 4659 his
3534 4596 3794 4658 dialecticis

2205 4682 2533 4738 rationibus
2565 4682 2918 4755 disputetur,
2952 4685 3010 4740 in
3046 4686 3137 4741 his
3158 4692 3593 4747 commentariis
3614 4704 3733 4761 quos
3750 4684 3791 4739 in

2203 4773 2530 4830 Aristotelis
2559 4773 2775 4846 Topica
2800 4792 2834 4830 a
2864 4775 3036 4831 nobis
3067 4778 3359 4835 translata
3378 4778 3789 4853 ;conscripsimus

2204 4863 2535 4934 expeditum
2563 4869 2672 4919 est.

1168 5098 1290 5170 DE
1353 5096 1675 5172 BOETII
1733 5098 2245 5173 OPUSCULIS
2302 5098 2663 5171 DUOBUS
2719 5098 3134 5173 INEDITIS

980 5242 1077 5300 ET
1106 5240 1207 5299 DE
1239 5238 1326 5320 (α)
1357 5240 1945 5303 COMMENTARIO
1975 5242 2083 5300 AD
2112 5241 2275 5301 NON
2286 5242 2337 5301 Ν
2346 5241 2553 5302 ULLA
2583 5241 2847 5301 BOETII
2879 5241 3274 5305 CARMINA.

511 5373 710 5429 Manlii
742 5372 998 5428 Severini
1035 5371 1239 5440 Boetii,
1260 5372 1431 5441 cujus
1460 5387 1596 5443 erga
1624 5372 1852 5428 litteras
1884 5374 2095 5430 merita

437 5463 561 5520 sole
595 5462 917 5517 meridiano
948 5460 1274 5517 illustriora
1322 5465 1481 5529 sunt,
1516 5462 1821 5533 complura
1873 5463 2091 5534 scripta

2207 5375 2467 5428 nondum
2500 5390 2636 5429 cum
2670 5374 2893 5430 caeteris
2916 5373 3207 5447 impressa
3234 5377 3385 5449 typis
3416 5377 3651 5440 fuerunt,
3680 5372 3780 5443 quia

2203 5463 2291 5518 vel
2320 5465 2600 5535 temporis
2634 5463 2917 5521 edacitate
2947 5465 3219 5520 videntur
3248 5470 3600 5537 consumpta,
3623 5463 3691 5519 vel
3717 5462 3779 5514 in-

507 5589 584 5661 (a)
620 5589 784 5645 Hunc
811 5586 1301 5646 commentarium
1335 5588 1489 5646 infra
1518 5587 1577 5644 in
1609 5589 1930 5661 appendice
1961 5589 2256 5647 dabimus.
2291 5594 2449 5647 Enn.
