4022 6174
305 364 442 419 1217

1467 367 1565 417 DE
1602 365 2031 418 RHETORICB
2070 364 2557 418 COGNATIONE.

3584 376 3720 436 1218

297 489 506 560 gratiis
531 489 586 542 in
618 487 1104 543 bibliothecarum
1122 488 1324 543 forulis
1357 505 1534 543 manu
1561 489 1778 559 scripta
1799 488 1943 542 deli-
1977 491 2022 552 Α
2060 504 2186 557 qua:
2219 492 2306 542 est
2327 493 2562 560 propter
2588 489 2806 545 codicis
2826 492 3118 548 defectum
3146 496 3447 565 acephala:
3470 500 3719 558 ibidem-

299 583 554 633 tescunt.
591 578 670 631 De
702 577 791 631 his
822 584 1014 631 tamen
1052 579 1408 632 mentionem
1444 579 1703 633 fecerunt
1738 578 1951 632 biblio-

300 667 534 738 graphi,
560 683 808 737 quorum
837 665 1200 736 diligentiam
1241 671 1444 721 Petrus
1478 668 1705 722 Bertius
1730 668 1787 721 in
1817 684 1953 737 pro-

302 755 618 828 legomenis
634 756 702 810 ad
722 756 1059 809 Boetianum
1079 756 1146 809 de
1165 755 1541 826 Philosophia:
1557 757 1954 811 consolatione

305 863 456 917 opus
479 845 632 900 haud
665 844 784 899 scio
817 861 887 899 an
949 846 1330 914 superaverit,
1379 847 1486 900 etsi
1530 863 1600 899 ne
1633 847 1681 900 is
1714 846 1953 916 quidem

301 941 515 992 cuncta
534 933 979 1003 annotavit.Ego
1002 949 1137 986 vero
1156 934 1427 1004 antiquos
1449 934 1954 988 codiceslustrans

301 1025 452 1080 nihil
472 1024 570 1077 diu
586 1022 926 1076 Boetianum
952 1022 1235 1076 inetlitum
1265 1022 1797 1092 deprehendebam:
1820 1039 1954 1076 nam

299 1111 568 1169 Vaticani
602 1111 851 1178 codices,
884 1111 983 1182 qui
1020 1111 1295 1182 permulti
1335 1112 1598 1166 Boetium
1631 1111 1954 1178 continent,

301 1220 378 1258 ne
401 1201 562 1256 illam
589 1199 824 1271 quidem
860 1200 1132 1255 lacunam
1166 1200 1420 1272 explent,
1458 1200 1820 1271 qualaborat
1837 1201 1956 1254 edi-

301 1297 402 1346 tus
419 1289 594 1345 Boetii
608 1289 974 1344 adCiceronis
989 1289 1203 1360 Topica
1215 1290 1597 1344 commentari
1610 1290 1957 1344 us.Tandem

297 1397 439 1436 vero
471 1379 785 1450 aliquando
807 1382 1162 1449 perveterem
1182 1379 1438 1432 codicem
1460 1383 1669 1434 nactus
1697 1377 1959 1450 sum,qul

301 1471 421 1525 duo
453 1468 674 1523 inedita
707 1472 826 1522 tam
851 1466 1112 1538 praclari
1146 1467 1449 1538 scriptoris
1500 1467 1782 1538 opuscula
1817 1466 1956 1522 mihi

305 1557 561 1630 largitus
593 1560 705 1611 est.

388 1647 561 1700 Porro
584 1647 653 1698 de
691 1643 899 1698 horum
953 1643 1286 1699 sinceritate
1319 1661 1389 1698 ne
1419 1645 1772 1712 dubitarem,
1798 1643 1962 1698 testis

303 1735 495 1790 adfuit
532 1733 768 1804 utrique
792 1731 1188 1787 lucubrationi
1215 1733 1554 1803 Sigebertus
1582 1732 1960 1787 Gemblacen-

306 1823 418 1889 sis,
450 1823 622 1892 cujus
645 1839 770 1892 cap.
795 1821 884 1887 37,
909 1820 1027 1874 haec
1059 1821 1511 1892 verbalegebam
1533 1824 1960 1892 :Boetiustprae-
1995 1854 2038 1917 B

303 1919 395 1967 ter
425 1916 632 1966 caetera
657 1921 673 1981 )
703 1909 768 1964 de
792 1912 1112 1980 cognatione
1144 1909 1451 1965 dialectica
1491 1917 1541 1966 et
1598 1913 1884 1967 rhetoricae
1912 1914 1962 1965 et

301 2002 664 2056 distmctzone
688 2001 1088 2054 rhetoricorum
1112 2000 1359 2054 locorum
1377 2002 1693 2070 scripsilﬁt
1711 2000 1962 2055 vocabu«

304 2091 434 2145 lum
467 2089 699 2159 quidem
723 2088 1019 2142 dialecticae
1051 2106 1081 2142 a
1113 2088 1415 2159 Sigeberto
1465 2090 1550 2143 vel
1589 2089 1791 2160 quovis
1850 2088 1962 2143 alio

306 2183 624 2235 obtrusum
649 2183 773 2245 est;
800 2177 1013 2232 etenim
1041 2176 1249 2231 titulus
1276 2178 1384 2232 mei
1405 2178 1620 2232 codicis
1644 2183 1700 2233 et
1721 2195 1814 2233 res
1839 2179 1966 2250 ipsa

306 2269 370 2322 id
407 2271 732 2339 respuunt;
766 2267 836 2320 de
867 2273 1071 2320 caetero
1104 2267 1384 2337 Sigeberti
1437 2267 1750 2322 afﬁrmatio
1781 2267 1967 2321 veris-

311 2359 464 2410 sima
495 2361 604 2410 est.
637 2359 766 2408 Jam
800 2371 934 2408 cum
983 2354 1265 2424 Sigeberti
1302 2355 1703 2410 testimonium
1736 2356 1968 2410 adeosit

313 2446 579 2511 evidens,
616 2443 795 2497 miror
827 2460 966 2498 sane
998 2443 1391 2498 Trithemium
1418 2461 1544 2515 cap.
1573 2445 1697 2511 201,
1721 2446 1966 2514 ejusque

312 2532 600 2588 asseclam
629 2532 886 2586 Bertium
911 2533 1065 2602 praef.
1101 2531 1224 2601 cit.,
1245 2550 1277 2586 a
1308 2533 1687 2604 quibusliber
1708 2537 1967 2586 tanturn-

311 2623 488 2676 modo
504 2622 570 2675 de
585 2623 734 2676 Locis
749 2622 1035 2675 rhetorici:
1059 2627 1577 2676 commemoratur.
1596 2623 1661 2675 Et
1689 2623 1966 2692 quoniam

312 2711 574 2765 Bertium
608 2726 924 2780 coarguere
954 2711 1324 2780 cmpi,dicam
1354 2711 1769 2779 insuper,falso
1799 2711 1868 2763 ab
1901 2726 1966 2764 eo

313 2799 378 2852 in
413 2797 728 2867 deperditis
765 2797 932 2852 Boetii
970 2798 1203 2868 scriptis
1228 2799 1494 2853 collocari
1519 2799 1732 2852 librum
1764 2798 1828 2851 de
1845 2798 1965 2852 Cir-

313 2889 434 2942 culi
463 2889 836 2956 Quadratum:
865 2887 1119 2941 estenim
1139 2888 1230 2943 hic
1251 2889 1588 2952 Franconis,
1622 2888 1720 2958 qui
1759 2887 1968 2943 szsculo

316 2994 379 3032 x1
402 2978 558 3045 vixit,
596 2976 873 3046 fetus,qui
906 2977 1183 3046 quoniam
1221 2978 1275 3030 in
1301 2977 1602 3032 codicibus
1636 2983 1764 3048 post
1790 2978 1966 3031 Boetii

318 3069 708 3124 Geometriaiu
747 3067 881 3138 poni
915 3067 1082 3135 solet,
1135 3072 1198 3121 ut
1252 3083 1319 3122 ex
1376 3069 1654 3123 Vaticano
1716 3069 1967 3138 quodam

321 3157 638 3228 exemplari
673 3173 978 3227 cognosco,
1016 3156 1229 3211 idcirco
1255 3174 1555 3227 perperam
1582 3176 1613 3210 a
1637 3157 1831 3212 nescio
1854 3173 1968 3227 quo

2063 593 2174 646 que
2189 577 2480 647 incipiunt
2497 582 2527 632 Α
2543 579 2819 634 ristotelis
2836 583 3151 646 cietegoria:
3169 585 3365 639 Boetio
3384 589 3719 661 interprete.

2064 665 2121 719 P.
2147 667 2235 730 59,
2263 667 2593 722 Aristoteles
2622 667 2750 737 ΙΙερί
2789 668 3078 740 ἑρμηνείας
3106 675 3300 728 Boetio
3354 676 3489 730 item
3535 679 3718 735 inter-

2066 760 2312 824 pretc.P.
2337 756 2728 817 88,Cicerouis
2762 759 3000 828 Topica.
3035 767 3092 814 P.
3127 764 3247 828 181,
3313 766 3488 818 Boetii
3550 769 3720 839 Tepi-

2065 861 2286 898 carum.
2328 846 2803 902 [)iﬁ‘erentiarum
2837 849 2967 903 libri
3004 856 3272 920 quatuor.
3309 858 3368 908 P.
3393 855 3720 922 223,1ntro-

2065 932 2354 986 ductionis
2382 935 2436 986 in
2469 936 2832 1007 Calegoricos
2885 937 3270 1008 Syllogismos
3321 940 3450 995 libri
3485 944 3619 999 duo.
3655 946 3720 1004 P.

2065 1021 2191 1083 300,
2223 1027 2302 1076 De
2337 1022 2738 1093 Hypotheticis
2771 1025 3138 1097 Syllogismis
3161 1028 3289 1082 libri
3329 1034 3467 1083 tres.
3507 1031 3566 1086 Ρ.
3593 1033 3716 1099 401,

2069 1110 2235 1163 Liber
2270 1111 2654 1167 Divisionum.
2694 1118 2752 1165 P.
2787 1115 2911 1181 431,
2948 1116 3115 1170 Liber
3147 1117 3564 1174 Definitionum
3588 1120 3721 1176 Vic-

2069 1201 2472 1266 torini.P.501,
2497 1219 2563 1255 na
2598 1219 2924 1260 RHETORICJE
2948 1223 3318 1262 COGNATIONE.
3372 1208 3430 1262 P.
3463 1210 3589 1276 509,
3623 1228 3721 1264 L0-

2068 1305 2264 1344 CORUM
2299 1307 2735 1348 RHBTORICORUM
2771 1310 3098 1350 DXSTI‘NC‘I‘IO.
3138 1295 3197 1349 P.
3229 1297 3358 1364 512,
3390 1297 3557 1354 Liber
3588 1304 3722 1355 ante

2069 1378 2546 1448 prmdicameuta.

2141 1470 2689 1540 Insuperscrutanti
2720 1471 2862 1524 mihi
2888 1470 3218 1538 Boetianos,
3241 1474 3460 1545 utdixi,
3494 1477 3723 1533 codices

2072 1561 2322 1610 mentem
2350 1573 2462 1626 prae
2496 1557 2720 1612 caeteris
2763 1564 3134 1629 pervetustus
3199 1563 3437 1631 quidam
3500 1564 3720 1632 defixit,

2072 1644 2281 1698 saeculo
2307 1645 2485 1700 ferme
2506 1663 2538 1699 x
2563 1646 2839 1717 scriptus,
2870 1649 3049 1702 codex
3073 1648 3143 1702 de
3167 1647 3552 1722 Philosophiae
3576 1655 3726 1709 Con-

2072 1731 2380 1799 solatione,
2414 1751 2525 1789 non
2565 1740 2678 1789 tam
2717 1738 2786 1790 ob
2819 1739 3054 1807 egregia
3077 1742 3134 1792 et
3156 1743 3351 1793 vetera
3383 1743 3450 1794 ad
3487 1741 3539 1794 id
3576 1760 3724 1813 opus

2072 1821 2293 1876 scholia
2327 1823 2599 1878 notabilis
2634 1826 2787 1892 (nam
2812 1826 2929 1879 hmo
2958 1843 3359 1897 smpenumero
3385 1830 3438 1882 in
3460 1846 3601 1885 mss.
3627 1848 3724 1885 oc-

2071 1913 2333 1980 currunt)
2366 1928 2541 1981 quam
2560 1913 2631 1966 ob
2661 1913 2949 1983 prolixum
2975 1917 3287 1984 quemdam
3315 1923 3371 1971 et
3395 1919 3629 1973 doctum
3654 1922 3724 1974 ad

2069 1999 2294 2070 aliquot
2313 2000 2571 2055 Boetiani
2590 2001 2780 2072 operis
2804 2003 3063 2056 carmina
3086 2007 3600 2074 commentarium,
3621 2009 3727 2064 Bo-

2070 2089 2466 2144 voniantistiti
2487 2089 2757 2153 missum,
2787 2095 3183 2163 typorumque
3206 2093 3357 2162 luce,
3394 2100 3732 2151 utmeal‘ert

2071 2177 2290 2248 Opinio,
2319 2178 2486 2248 plane
2510 2180 2776 2249 dignum.
2813 2180 2954 2235 Tres
2986 2188 3181 2235 autem
3218 2184 3455 2238 fuerunt
3507 2186 3722 2240 smeulo

2073 2267 2298 2322 decimo
2324 2268 2584 2322 Bovones
2609 2270 2850 2322 abbates
2884 2271 3221 2324 monasterii
3259 2289 3413 2325 novas
3472 2272 3726 2328 Corbeize

2075 2357 2145 2410 ad
2181 2357 2473 2423 Visurgim
2509 2358 2719 2410 ﬁumen
2755 2358 2812 2411 in
2849 2358 3115 2425 Saxiona,
3153 2364 3215 2414 ut
3248 2360 3618 2416 Mabillonius
3669 2363 3728 2418 in

2076 2447 2226 2499 Actis
2259 2452 2594 2500 sanctorum
2629 2446 3204 2503 Benedictinorumt.
3231 2449 3564 2520 Vll,p.706,
3596 2452 3727 2506 dili-

2074 2538 2276 2604 genter
2303 2540 2518 2588 narrat.
2546 2535 2674 2590 Jam
2708 2537 2950 2590 secundi
2981 2538 3221 2592 Bovonis
3241 2543 3499 2608 tempore
3533 2540 3730 2596 floruit

2076 2621 2306 2675 Brunus
2338 2623 2394 2675 in
2426 2639 2570 2676 nova
2597 2625 2838 2677 Corbeia
2873 2627 3218 2680 monachus.
3246 2628 3392 2690 Quia
3414 2645 3546 2683 vero
3580 2646 3733 2683 com-

2079 2711 2422 2776 mentarius,
2451 2712 2520 2765 de
2551 2728 2666 2782 quo
2701 2712 3021 2782 loquimur,
3054 2714 3267 2768 Bovoni
3306 2717 3377 2770 ab
3403 2724 3639 2771 auctore
3666 2718 3729 2774 B.

2076 2798 2608 2864 inscribitur,valde
2636 2801 2898 2870 suspicor
2926 2803 3184 2856 Brunum
3206 2820 3332 2858 esse
3381 2812 3736 2861 commenta-

2078 2888 2144 2940 rii
2182 2894 2500 2958 parentem,
2539 2888 2826 2942 Bovonem
2857 2896 3050 2944 autem
3075 2892 3328 2946 evasisse
3352 2895 3562 2948 deinde
3609 2895 3732 2966 epi-

2076 2993 2336 3046 scopum.
2376 2977 2675 3044 Prmterea,
2710 2979 2864 3046 quod
2901 2979 2954 3030 in
2973 2982 3392 3036 commentario
3426 2983 3646 3036 mentio
3668 2984 3734 3039 ﬁt

2077 3065 2516 3120 barbaricarum
2553 3065 2985 3132 incursionum,
3019 3068 3074 3121 id
3129 3069 3393 3138 apprime
3451 3073 3606 3126 aetati
3648 3071 3734 3125 illi

2085 3156 2371 3209 convenit.
2407 3155 2672 3226 Namque
2714 3157 2864 3225 apud
2927 3158 3268 3227 praedictum
3325 3159 3732 3214 Mabillonium

322 3206 693 3318 properrantis
724 3206 876 3300 oiuli
899 3206 1113 3300 lectore
1136 3245 1205 3298 ad
1229 3206 1492 3300 Broetrium
1517 3251 1606 3300 est
1629 3206 1967 3300 translatjus:
2004 3206 2046 3271 Ε
2087 3250 2126 3298 t.
2155 3243 2244 3310 VI,
2266 3261 2320 3314 p.
2343 3243 2464 3312 489,
2491 3206 3105 3300 AdamusrBremrensis
3131 3252 3382 3301 tractum
3417 3249 3734 3318 quemdam

324 3336 496 3406 isque
519 3351 679 3389 error
712 3334 768 3388 in
801 3334 1050 3389 aliorum
1069 3333 1455 3400 narrationes,
1479 3341 1544 3388 ut
1577 3334 1660 3400 ﬁt,
1685 3333 1974 3402 migravit.

398 3426 515 3496 Age
544 3441 680 3478 vero
713 3423 1023 3488 nobilis,et
1057 3423 1303 3477 fortasse
1321 3425 1550 3487 unicus,
1586 3424 1682 3494 qui
1721 3424 1836 3477 haec
1860 3424 1976 3478 duo

324 3514 608 3584 opuscula
636 3519 938 3569 conservat
960 3514 1513 3585 codex,paginarum
1538 3516 1644 3567 562
1679 3520 1973 3582 est,mem-

322 3603 819 3669 braneus,saeculo
852 3603 1082 3657 circiter
1109 3619 1164 3656 x1
1200 3603 1668 3673 scriptus,cujus
1695 3604 1813 3658 haec
1845 3620 1975 3658 con-

325 3692 577 3748 tiuentia
603 3697 708 3746 est.
738 3695 874 3762 Pag.
907 3691 1204 3761 8,explicit
1226 3692 1282 3743 in
1313 3691 1973 3762 Porphyriumisagoge,

2089 3332 2344 3387 historiae
2379 3336 2525 3404 (quas
2550 3334 2672 3402 jam
2691 3333 3006 3404 intercidit)
3033 3335 3483 3391 recitatauctore
3508 3337 3736 3392 Bovone

2087 3421 2419 3476 Corbeiensi
2455 3423 2686 3487 abbate,
2718 3423 2816 3494 qui
2853 3423 2922 3476 de
2951 3424 3126 3478 rebus
3158 3425 3248 3479 sui
3285 3426 3568 3496 temporis
3601 3426 3740 3480 scri-

2089 3511 2255 3574 bens,
2285 3511 2364 3564 sic
2391 3511 2618 3565 aiebat:
2656 3511 2787 3565 Cum
2832 3513 3111 3566 modernis
3169 3516 3502 3584 temporibus
3549 3518 3737 3585 gravis

2090 3600 2453 3654 barbarorum
2487 3603 2720 3670 irruptio
2751 3602 2808 3654 in
2840 3605 2997 3656 omni
3036 3619 3173 3664 pene
3203 3609 3548 3659 Francorum
3579 3620 3741 3675 regno

2087 3691 2532 3745 debaccharetur.

995 3936 1248 4042 ΛΝ.
1335 3934 1864 4039 l‘lAlVL.
1953 3941 1968 4032 ε

2075 3933 2339 4036 Ε’ῖῖ.
2430 3933 3073 4041 ΞῊΡΕΤΙΙ

761 4133 1460 4219 ΞΡΕΟΠΙΛΤΙΟ
1546 4135 1681 4216 DE

408 4313 454 4364 1,
488 4310 714 4372 Quanta
733 4307 970 4363 sibimet
992 4325 1086 4362 ars
1111 4307 1395 4362 rhetorica
1415 4306 1984 4376 cognationejunga-

332 4403 449 4463 tur,
485 4414 596 4451 non
627 4397 792 4451 facile
819 4397 1170 4451 considerari
1202 4400 1392 4468 potest
1417 4413 1430 4462 ;
1452 4395 1657 4464 vixque
1689 4400 1776 4448 est
1805 4395 1981 4448 etiam

329 4491 397 4540 ut
430 4486 634 4540 auditu
668 4486 1050 4540 animadverti
1084 4491 1283 4556 queat,
1319 4485 1532 4539 nedum
1567 4482 1642 4537 sit
1670 4482 1837 4537 facile
1890 4498 1978 4536 re-

1773 4133 2454 4218 ltHETOltItl/E
2514 4134 3303 4218 GOGNATIONE.

2097 4305 2330 4376 Species
2355 4313 2550 4361 autem
2579 4307 2794 4362 idcirco
2815 4313 2955 4361 sunt
2978 4325 3125 4378 quas
3148 4309 3420 4378 superius
3444 4325 3750 4366 enumera-

2093 4395 2284 4449 vimus
2305 4397 2584 4465 quoniam
2621 4396 2678 4449 in
2712 4396 2802 4450 his
2836 4402 2955 4451 tota
3012 4397 3301 4451 rhetorica
3340 4403 3448 4452 est.
3512 4399 3746 4470 Integra

2089 4485 2245 4538 enim
2265 4484 2350 4538 vis
2375 4490 2462 4540 est
2480 4486 2777 4540 rhetoricae
2803 4485 3137 4556 injudiciali
3156 4503 3367 4557 genere
3393 4503 3744 4558 causarum;

330 4581 519 4646 pertu.
553 4574 734 4645 Cujus
767 4575 1003 4645 quidem
1038 4575 1116 4630 rei
1139 4591 1392 4629 errorem
1413 4573 1599 4628 divisa
1629 4573 1698 4625 de
1730 4570 1979 4640 singulis
2015 4580 2057 4644 υ
2091 4572 2316 4642 integra
2348 4574 2403 4626 in
2441 4575 2904 4628 demonstrativo
2937 4576 3022 4628 vel
3055 4573 3453 4631 deliberativo.
3481 4577 3591 4632 Sed
3626 4576 3747 4631 hazc

332 4663 654 4734 disputatio
689 4669 1109 4733 praaceptorum
1142 4667 1319 4718 creat:
1345 4664 1416 4717 de
1440 4676 1792 4732 unoquoque
1823 4660 1977 4714 enim

333 4752 701 4823 praecipiunt,
738 4752 882 4806 nihil
933 4753 1002 4806 de
1035 4752 1328 4806 communi
1392 4751 1745 4806 laborantes.
1798 4751 1981 4814 Quam

334 4847 558 4912 partem
592 4840 868 4896 doctrinas
895 4858 1162 4908 vacuam,
1199 4847 1262 4894 ut
1295 4857 1633 4912 possumus,
1679 4839 1983 4910 aggredia-

338 4946 492 4984 mur.
526 4930 800 4985 Dicemus
835 4929 1011 5002 igitur
1045 4931 1113 4985 de
1146 4946 1356 5001 genere
1387 4930 1553 4997 artis,
1584 4934 1639 4982 et
1663 4928 1731 4982 de
1763 4927 1984 4998 specie-

338 5018 1696 5090 bus,partibus,inslrumento,instrumentique
1719 5017 1985 5087 partibus

340 5125 512 5179 opere
536 5109 737 5175 etiam,
769 5109 1078 5180 ofﬁcioque
1109 5109 1387 5175 auctoris,
1421 5113 1476 5162 et
1518 5109 1649 5162 ﬁne.
1707 5107 1988 5170 Quocirca

340 5197 480 5267 quid
514 5197 572 5250 in
606 5213 915 5252 commune
947 5198 1370 5269 speculandum
1394 5203 1502 5267 est,
1528 5197 1660 5250 hinc
1693 5198 1986 5251 disseren-

337 5286 394 5339 di
430 5302 740 5341 sumamus
772 5287 1099 5340 exordium.

407 5375 460 5428 2.
499 5375 818 5429 Rhetoricaz
852 5377 1030 5447 igitur
1060 5392 1243 5447 genus
1302 5381 1391 5431 est
1425 5375 1705 5442 facultas;
1763 5374 1988 5445 species

337 5479 470 5518 vero
488 5468 626 5531 tres,
647 5464 927 5534 judiciale
951 5466 1052 5533 (a),
1071 5465 1618 5528 demonstrativum,
1650 5463 1990 5518 deliberatio

342 5570 502 5609 vum.
533 5554 596 5607 Et
627 5569 814 5625 genus
846 5555 1082 5625 quidem
1115 5555 1170 5609 id
1204 5572 1334 5610 esse
1351 5557 1505 5626 quod
1523 5555 1984 5624 diximus,patet.

418 5679 496 5749 (a)
528 5679 614 5735 Ita
645 5680 907 5752 loquitur
938 5685 1141 5736 auctor
1171 5682 1349 5738 etiam
1380 5685 1426 5750 §.
1463 5681 1551 5738 11.

2092 4678 2304 4733 genera
2336 4672 2470 4717 sunt
2494 4679 2805 4718 causarum
2837 4684 2850 4731 ;
2879 4681 3083 4719 omnes
3106 4665 3258 4719 enim
3291 4683 3480 4720 causa:
3509 4665 3596 4720 vel
3620 4682 3748 4738 spe-

2093 4751 2267 4806 ciales
2299 4751 2384 4807 vel
2416 4752 2730 4806 individuis
2759 4753 2867 4808 sub
2901 4753 3114 4808 horum
3143 4771 3324 4808 unum
3367 4756 3545 4810 trium
3579 4771 3749 4826 gene-

2095 4856 2224 4893 rum
2257 4840 2511 4894 cadunt:
2550 4844 2612 4894 ut
2643 4841 2752 4894 sub
2776 4840 3058 4910 judiciale
3085 4842 3318 4911 quidem
3356 4842 3658 4913 speciales,
3685 4846 3751 4897 ut

2097 4928 2422 4994 maiestatis
2457 4928 2537 4983 vel
2571 4931 3049 4997 repetundarum,
3112 4931 3424 4985 individuae
3478 4949 3634 4996 vero,
3686 4939 3749 4986 ut

2095 5018 2342 5073 Cornelii
2370 5018 2711 5086 majestatis,
2749 5019 2835 5072 vel
2871 5019 3069 5074 Verris
3126 5022 3606 5088 repetundarum.
3639 5024 3752 5076 Ca-

2098 5108 2245 5161 dunt
2270 5109 2376 5162 sub
2408 5107 2852 5161 deliberativum
2884 5124 3014 5161 vero
3045 5123 3411 5178 quaecunque
3443 5125 3632 5162 causas
3655 5125 3749 5164 co-

2098 5195 2472 5250 sultationem
2509 5197 2740 5261 habent,
2775 5201 2838 5250 ut
2898 5196 2946 5250 si
3000 5197 3338 5267 specialiter
3389 5197 3647 5266 accipias
3679 5197 3750 5250 de

2100 5284 2248 5338 bello
2297 5287 2380 5339 vel
2439 5285 2704 5355 pace;si
2763 5302 2895 5339 vero
2959 5285 3296 5348 individuis,
3359 5292 3422 5339 ut
3481 5286 3548 5338 de
3598 5284 3749 5338 bello

2100 5374 2302 5442 Pyrrhi
2323 5375 2406 5428 vel
2430 5390 2585 5444 pace.
2613 5375 2826 5428 Eodem
2854 5375 3025 5429 modo
3051 5374 3222 5427 etiam
3251 5374 3306 5427 in
3344 5371 3753 5428 demonstrati-

2100 5465 2184 5518 vis
2215 5480 2574 5533 quaecunque
2616 5463 2856 5517 veniunt
2890 5463 2945 5516 in
2991 5463 3224 5516 laudem
3267 5467 3322 5516 et
3363 5462 3751 5532 vituperatio-

2100 5569 2233 5606 nem
2253 5571 2264 5620 ;
2287 5557 2349 5606 ut
2371 5553 2416 5606 si
2443 5551 2793 5623 specialiter,
2813 5558 2875 5606 ut
2908 5551 3036 5606 laus
3062 5550 3169 5606 viri
3201 5552 3404 5620 fortis;
3436 5550 3751 5605 individua:
