4022 6174
353 339 489 393 1219

1624 343 1741 395 ΔΝ.
1786 340 2009 393 MANL.
2048 340 2207 393 δεῖν.
2248 340 2481 392 BOETII

3622 338 3766 391 12⁵20

351 484 509 533 vero,
545 468 673 523 laus
701 465 1010 538 Scipionis,
1045 466 1154 520 sub
1194 466 1718 521 demonstrativum
1751 466 1987 520 cadunt.
2019 465 2071 531 Α
2103 464 2279 534 prior,
2310 464 2632 531 rhetorica;
2658 464 2936 529 secunda,
2980 462 3288 519 dialectica
3336 469 3764 535 nuncupatur:

424 558 473 611 3.
510 558 752 612 Materia
774 573 906 609 vero
937 554 1117 624 hujus
1156 553 1451 609 facultatis
1473 560 1560 609 est
1606 555 1798 609 omnis
1858 554 1995 624 qui-

350 646 481 701 dem
518 664 606 701 res
642 645 937 717 preposita
966 644 1034 698 ad
1070 644 1409 709 dictionem;
1440 645 1554 697 fere
1586 647 1781 697 autem
1805 641 1995 696 civilis

350 735 613 806 quaastio.
644 736 700 788 In
736 736 882 788 hanc
901 733 1123 803 Species
1149 751 1179 785 a
1204 732 1484 787 rhetorica
1511 733 1808 786 venientes
1829 729 1997 801 quasi

347 826 610 892 qumdam
649 824 841 878 formae
865 823 1105 892 capiunt
1130 821 1239 875 sibi
1268 822 1595 889 materiam,
1616 826 1672 875 et
1690 819 1998 890 tripliciter

342 912 717 967 informatam
753 916 951 966 tenent
979 912 1185 980 ﬁgura,
1220 912 1367 979 quod
1400 910 1692 980 posterius
1729 908 1993 979 liquebit:

344 1005 408 1054 ut
435 1000 619 1055 civilis
654 1001 894 1071 quaestio
941 1016 1066 1070 qua:
1116 998 1307 1053 adhuc
1339 998 1608 1052 informis
1667 998 1990 1052 secundum

345 1092 569 1160 species
592 1096 736 1155 erat,
774 1090 871 1143 fiat
904 1094 1139 1159 accepto
1175 1088 1286 1141 line
1315 1087 1629 1158 unicuique
1662 1086 1991 1157 specierum

343 1180 645 1234 rhetorica:
679 1180 967 1248 subjecta.
1003 1177 1076 1231 Ut
1110 1176 1309 1231 formis
1342 1177 1533 1229 adhuc
1595 1174 1783 1229 civilis
1833 1190 1995 1245 quae-

344 1270 477 1334 stio,
504 1285 633 1323 cum
661 1266 945 1337 acceperit
968 1264 1316 1335 exjudiciali
1341 1266 1509 1319 finem
1538 1265 1706 1333 justi,
1741 1263 1843 1316 ﬁat
1866 1264 1991 1333 ipsa

342 1356 528 1413 civilis
560 1357 802 1429 quaestio
833 1355 892 1409 in
918 1353 1183 1425 judiciali
1219 1370 1428 1425 genere
1459 1355 1796 1407 constituta.
1848 1354 1988 1404 Cum

338 1463 473 1501 vero
496 1463 563 1501 ea
594 1445 970 1500 deliberativo
1002 1442 1324 1513 sumpserit
1358 1441 1495 1497 utile
1519 1441 1603 1496 vel
1652 1441 1986 1505 honestum,

340 1538 479 1589 tunc
515 1536 615 1588 fiat
643 1536 768 1605 ipsa
801 1532 988 1586 civilis
1017 1531 1258 1602 quaestio
1289 1529 1346 1584 in
1373 1529 1749 1585 deliberativo
1780 1546 1988 1583 causa-

344 1641 469 1679 rum
504 1640 714 1694 genere
748 1622 1089 1677 constituta.
1125 1619 1182 1674 Si
1212 1636 1342 1673 vero
1374 1636 1440 1673 ex
1490 1617 1989 1674 demonstratione

340 1711 1062 1782 sumpseritbonum,tunc
1078 1708 1533 1763 demonstrativa
1550 1705 1815 1761 fitcivilis
1838 1723 1987 1777 qua:-

339 1800 939 1857 stio.Veniuntautem
957 1797 1012 1851 in
1036 1797 1339 1851 materiam
1361 1796 1584 1867 species
1599 1812 1665 1850 ex
1682 1794 1986 1850 rhetorica:

340 1890 493 1961 quod
520 1887 686 1942 aliter
710 1887 768 1940 in
804 1885 1048 1940 materia
1076 1902 1183 1940 sua
1198 1883 1733 1956 quaelibetfacultas
1757 1900 1869 1939 non
1886 1900 1991 1954 po-

337 1983 455 2033 test
484 1977 732 2048 operari,
756 1992 933 2046 quam
960 1976 1009 2029 si
1032 1991 1167 2029 suas
1192 1974 1471 2028 adhibeat
1493 1978 1704 2044 partes;
1732 1973 1989 2028 absenti-

336 2068 449 2123 bus
481 2067 633 2122 enim
669 2065 892 2120 cunctis
924 2064 1049 2120 suis
1080 2061 1670 2135 partibus,rhetorica
1699 2062 1827 2133 ipsa
1844 2077 1986 2132 quo-

333 2173 442 2226 quo
475 2160 563 2210 est
594 2156 826 2209 absens.

402 2245 454 2301 4.
491 2245 601 2299 Sed
635 2244 909 2316 quoniam
946 2244 1017 2296 de
1049 2242 1356 2312 speciebus
1375 2242 1593 2295 dictum
1628 2246 1717 2296 est
1743 2240 1985 2295 rhetori-

334 2350 436 2401 σω,
472 2333 765 2403 quomodo
799 2336 937 2386 sunt
968 2348 1181 2400 genera
1213 2346 1543 2393 causarum,
1603 2329 1686 2384 ita
1734 2334 1871 2384 sunt
1920 2333 1982 2383 ut

336 2423 599 2478 omnium
636 2422 1004 2493 negotiorum
1038 2437 1163 2491 quae
1193 2420 1249 2473 in
1284 2418 1433 2472 civili
1469 2418 1702 2490 negotio
1762 2417 1979 2473 consti-

332 2516 459 2567 tuta
486 2516 626 2565 sunt
645 2510 975 2564 informata.
1004 2511 1047 2563 A
1067 2509 1360 2578 finejusto
1377 2507 1655 2576 judiciale
1674 2507 1749 2561 sit
1774 2522 1976 2578 genus.

329 2601 604 2657 Omnium
630 2616 762 2654 vero
784 2617 910 2670 quae
934 2599 1253 2653 constituta
1274 2597 1332 2651 in
1366 2597 1517 2652 civili
1539 2597 1857 2666 quastione
1880 2595 1981 2650 ho-

327 2697 561 2747 nestum
582 2688 668 2743 vel
695 2688 893 2743 utilem
913 2689 1085 2742 ﬁnem
1114 2691 1412 2757 ceperunt,
1437 2686 1880 2741 deliberativum
1904 2686 1980 2739 sit

321 2796 531 2850 genus:
567 2779 948 2848 omniumque
981 2794 1105 2847 qua:
1139 2776 1193 2829 in
1230 2775 1379 2830 civili
1440 2775 1628 2846 posita
1660 2773 1977 2845 quaestione

320 2867 495 2923 finem
522 2866 775 2933 honesti,
794 2865 963 2935 justi,
990 2864 1197 2921 bonive
1216 2862 1710 2935 sumpserunt,sit
1733 2864 1972 2917 demon-

320 2957 624 3012 strativum
659 2972 864 3027 genus.
889 2955 995 3009 Sed
1017 2955 1087 3008 de
1120 2954 1213 3009 his
1246 2953 1553 3008 hactenus.

387 3047 440 3101 5.
476 3046 641 3103 Nunc
675 3045 745 3100 de
771 3044 1031 3115 partibus
1066 3042 1367 3097 rhetoricae
1402 3040 1823 3113 providendum
1859 3044 1968 3096 est.

315 3139 519 3189 Partes
549 3133 701 3188 enim
737 3133 1036 3187 rhetoricas
1073 3136 1209 3185 sunt
1231 3130 1512 3201 quinque;
1543 3130 1824 3197 inventio,
1851 3128 1969 3183 dis-

2108 569 2233 624 quzs
2268 554 2375 609 hoc
2403 553 2704 624 superiore
2737 553 2947 619 dili'ert,
2974 554 3228 624 primum
3254 554 3407 624 quod
3432 552 3536 607 illa
3561 552 3770 608 civiles

2109 642 2407 709 ὑποθέσεις,
2434 642 2555 698 haec
2576 643 2653 712 (a)
2678 641 2849 704 θὲσεις
2865 643 3224 710 considerat;
3246 642 3461 697 dehinc
3483 642 3769 713 quodilla

2104 736 2379 788 continua
2392 733 2672 798 oratione,
2692 733 2811 787 haec
2827 734 2901 803 (ὸ)
2926 733 3198 789 intercisa
3218 734 3545 804 peragitur;
3564 739 3623 787 et
3650 748 3777 803 quo

2105 821 2393 877 rhetorica
2414 823 2597 877 oratio
2617 822 2791 877 habet
2818 826 3023 892 praeter
3048 823 3446 877 adversarium
3465 824 3778 893 judicern,

2103 912 2409 967 dialectica
2423 929 2557 967 vero
2575 910 2977 981 eodemjudice
2993 928 3107 982 quo
3123 911 3453 966 adversario
3468 912 3777 981 nititur(r)

2172 1002 2225 1054 7.
2265 1003 2389 1055 Haec
2420 1001 2602 1072 igitur
2631 1000 2921 1057 rhetorica
2951 1001 3136 1056 oratio
3169 1001 3342 1055 habet
3375 1007 3567 1071 partes
3600 1016 3723 1055 sex
3763 1017 3778 1055 :

2103 1091 2475 1161 prommium,
2517 1092 2667 1160 quod
2729 1091 3033 1145 exordium
3077 1098 3211 1159 est,
3266 1089 3571 1159 rationem,
3625 1106 3785 1161 par-

2100 1180 2387 1251 titionem,
2422 1181 2954 1249 conﬁrmationem,
2994 1180 3525 1251 reprehensionem,
3584 1197 3786 1250 pero-

2101 1269 2384 1324 rationem
2412 1288 2424 1336 ;
2461 1287 2587 1342 quae
2623 1276 2813 1342 partes
2838 1269 3216 1325 instrumenti
3244 1270 3539 1325 rhetoricae
3569 1270 3784 1324 facul-

2098 1358 2256 1424 tatis,
2284 1359 2560 1430 quoniam
2595 1360 2881 1414 rhetorica
2913 1359 2971 1413 in
2993 1359 3269 1414 omnibus
3293 1359 3418 1414 suis
3443 1358 3785 1430 speciebus

2099 1448 2270 1515 inest,
2296 1448 2515 1503 eisdem
2540 1448 2615 1519 (d)
2640 1448 2873 1502 inerunt
2899 1468 2912 1515 ;
2940 1463 3043 1502 nec
3068 1448 3264 1518 potius
3288 1447 3542 1513 inerunt,
3568 1464 3783 1519 quam

2098 1536 2327 1591 hisdem
2363 1555 2490 1609 quae
2525 1542 2813 1609 peragunt
2844 1537 3365 1593 administrabunt.
3393 1540 3590 1608 Itaque
3616 1539 3784 1594 etin

2089 1627 2356 1696 judiciali
2371 1642 2582 1698 genere
2600 1643 2909 1682 causarum
2929 1626 3294 1681 necessarius
3307 1627 3545 1681 estordo
3560 1643 3779 1697 procn-

2099 1715 2200 1769 mii
2224 1721 2279 1770 et
2313 1715 2661 1771 narrationis
2696 1720 2871 1786 atque
2901 1719 3275 1781 ceterorum,
3307 1732 3431 1787 qua:
3453 1718 3521 1785 (ε)
3550 1716 3611 1769 in
3643 1718 3777 1771 de-

2099 1806 2484 1859 monstrativo
2517 1805 3012 1875 deliberativoque
3044 1805 3373 1860 necessaria
3405 1810 3561 1860 sunt.
3582 1804 3775 1877 Opus

2096 1895 2294 1945 autem
2328 1890 2625 1946 rhetoricae
2652 1890 2943 1946 facultatis
2975 1891 3179 1947 docere
3212 1896 3267 1946 et
3290 1908 3519 1947 movere
3546 1909 3559 1947 :
3583 1895 3768 1963 quod

2096 1978 2475 2034 nihilominus
2508 1979 2735 2033 hisdem
2770 1981 2884 2034 fere
2912 1996 3011 2035 sex
3048 1979 3479 2045 instrumentis,
3538 1981 3593 2035 id
3666 1986 3774 2037 est

2094 2069 2375 2123 orationis
2392 2070 2678 2140 partibus,
2696 2068 3166 2124 administratur.
3183 2068 3383 2124 Partes
3398 2074 3590 2125 autem
3606 2070 3767 2126 rhe-

2092 2156 2307 2225 toricae,
2348 2158 2626 2229 quoniam
2662 2160 2856 2229 partes
2887 2163 3027 2212 sunt
3059 2158 3373 2226 facultatis,
3422 2159 3562 2231 ipse
3594 2175 3766 2231 quo-

2091 2262 2203 2315 que
2230 2256 2364 2301 sunt
2387 2246 2714 2301 facultates.
2746 2247 3027 2312 Quocirca
3052 2248 3443 2319 ipsaequoque
3460 2249 3767 2305 orationis

2089 2336 2355 2407 partibus
2387 2336 2555 2407 quasi
2608 2335 3022 2391 instrumentis
3078 2341 3320 2391 utentur
3375 2337 3432 2392 in
3489 2342 3763 2409 partem,

2089 2421 2265 2487 atque
2290 2422 2351 2471 ut
2374 2417 2466 2471 his
2497 2422 2836 2488 operentur,
2869 2417 3091 2473 eisdem
3125 2419 3383 2473 inerunt.
3418 2418 3562 2473 Nam
3623 2420 3760 2474 nisi

2089 2504 2284 2559 adsint
2304 2504 2369 2575 (f)
2407 2505 2693 2576 praedictae
2727 2505 3027 2560 rhetorica:
3061 2512 3279 2577 partes,
3340 2510 3401 2560 ut
3448 2506 3754 2575 inveniat,

2088 2592 2416 2664 eloquetur,
2450 2596 2747 2666 disponat,
2809 2596 3167 2661 meminerit,
3230 2596 3590 2666 pronuntiet,
3660 2596 3753 2650 nil

2088 2689 2221 2753 agat
2244 2688 2456 2737 orator.
2482 2684 2811 2754 Eodemque
2833 2684 3003 2738 modo
3028 2701 3104 2739 ea;
3123 2684 3201 2753 (ο)
3225 2701 3354 2755 quae
3378 2684 3493 2739 fere
3539 2692 3753 2756 partes

2084 2771 2480 2838 instrumenti,
2530 2772 2645 2826 nisi
2706 2772 2919 2827 habent
2973 2788 3177 2827 omnes
3236 2773 3482 2828 rationis
3513 2780 3749 2844 partes,

2081 2862 2299 2916 frustra
2312 2862 2667 2932 sunt.Hujus
2682 2867 2873 2917 autem
2890 2861 3181 2916 facultatis
3194 2863 3431 2918 effector
3442 2870 3751 2920 oratorest

2080 2952 2250 3021 cujus
2283 2956 2369 3007 est
2399 2952 2654 3007 ofﬁcium
2690 2952 3156 3023 dicereapposite
3177 2953 3248 3006 ad
3266 2954 3739 3022 persuasionem.

2150 3040 2203 3095 8.
2228 3040 2383 3095 Finis
2402 3045 2524 3095 tum
2546 3040 2603 3095 in
2622 3041 2911 3111 ipso,tum
2930 3043 2984 3095 in
3002 3041 3200 3096 altero.
3231 3043 3293 3095 In
3316 3041 3442 3113 ipso
3471 3043 3741 3111 quidem,

2081 3133 2145 3183 ut
2176 3130 2321 3183 bene
2352 3130 2592 3195 dixisse,
2628 3130 2685 3183 id
2719 3135 2807 3185 est
2839 3130 3057 3185 dixisse
3087 3130 3353 3201 apposite
3373 3131 3442 3185 ad
3487 3148 3740 3201 persua-

317 3224 552 3296 positio,
577 3222 847 3287 elocutio,
875 3222 1178 3287 memoria,
1199 3219 1619 3290 pronuntiatio.
1645 3222 1844 3272 Partes
1868 3234 1968 3272 au-
2002 3200 2046 3268 α
2083 3218 2304 3273 sionem
2336 3236 2347 3273 :
2383 3219 2442 3273 ln
2477 3220 2656 3274 altero
2688 3235 2839 3285 vero,
2868 3220 3251 3290 persuasisse.
3278 3220 3477 3291 Neque
3497 3222 3653 3276 enim
3682 3224 3738 3277 si

314 3318 433 3367 tem
466 3317 746 3366 vocantur
774 3310 1009 3373 idcirco,
1044 3308 1180 3380 quia
1214 3309 1258 3363 si
1289 3309 1425 3379 quid
1470 3308 1678 3362 harum
1722 3307 1969 3362 defuerit

315 3401 549 3468 oratori,
576 3401 651 3453 im
664 3400 915 3469 perfecta
940 3397 1186 3451 facultas
1216 3402 1323 3451 est.
1340 3400 1527 3468 Atque
1550 3397 1677 3452 ideo
1691 3412 1819 3467 quae
1834 3394 1967 3450 uni-

312 3507 482 3545 versa
506 3490 753 3543 formant
777 3487 1087 3543 oratoriam
1118 3486 1552 3553 facultatem,ea
1575 3496 1767 3559 partes
1791 3487 1967 3541 facul-

313 3578 456 3633 tatis
492 3578 619 3647 ejus
652 3577 861 3630 dicere.
888 3576 1031 3629 nihil
1057 3576 1379 3630 absurdum
1405 3576 1632 3631 est.8ed
1666 3576 1751 3630 hae
1769 3580 1962 3646 partes

316 3666 595 3737 quoniam
631 3664 926 3719 rhetoricae
945 3664 1237 3718 facultatis
1260 3669 1419 3732 sunt,
1441 3669 1743 3736 totamque
1768 3664 1963 3718 rheto-

316 3755 496 3809 ricam
533 3753 869 3807 facultatem
902 3758 1281 3822 componunt,
1307 3770 1542 3808 necesse
1563 3760 1651 3808 est
1674 3753 1771 3807 ubi
1794 3753 1965 3807 fuerit

316 3842 624 3905 rhetorica,
657 3843 795 3911 ipsae
819 3858 1051 3911 quoque
1082 3842 1542 3911 subsequantur.
1573 3847 1749 3896 Atest
1772 3841 1962 3896 rheto-

315 3933 437 3987 rica
466 3931 522 3984 in
558 3930 806 4002 prepriis
854 3930 1159 3998 speciebus
1219 3930 1475 3995 integra:
1529 3946 1733 3984 omnes
1785 3929 1965 3999 igitur

312 4020 614 4075 rhetorica:
645 4023 836 4090 partes
861 4018 1098 4073 inerunt
1128 4018 1426 4073 rhetorica)
1458 4018 1782 4089 speciebus.
1810 4019 1960 4082 Quo-

311 4110 465 4166 circa
488 4110 664 4165 etiam
692 4108 781 4163 his
805 4108 1074 4164 civilibus
1101 4108 1349 4179 negotiis
1368 4108 1689 4163 tractandis
1721 4107 1962 4162 adhibe-

310 4200 555 4268 buntur,
576 4216 703 4271 quas
728 4216 760 4253 a
776 4199 1133 4269 supradictis
1149 4198 1446 4253 rhetoricae
1461 4199 1766 4267 speciebus
1783 4196 1962 4251 infor-

311 4292 564 4343 mantur.
586 4292 762 4358 Eque
779 4286 961 4356 igitur
980 4288 1037 4341 in
1056 4286 1325 4357 judiciali
1344 4286 1573 4357 negotio
1588 4291 1642 4341 et
1664 4286 1719 4339 in
1739 4284 1962 4341 delibe-

310 4379 491 4434 rativo
524 4383 580 4432 et
607 4378 663 4431 in
689 4378 1165 4440 demonstrativo,
1192 4376 1471 4441 inventio,
1491 4374 1819 4445 dispositio,
1843 4374 1963 4429 elo-

311 4466 488 4535 cutio,
524 4465 831 4529 memoria,
866 4464 1407 4535 pronuntiatioque,
1438 4464 1814 4518 conveniunt.

2078 3325 2192 3378 qua
2206 3308 2530 3379 impediant
2546 3312 2841 3363 oratorum
2860 3309 3178 3378 quominus
3194 3311 3561 3380 persuadeat,
3580 3312 3737 3367 facto

2078 3396 2291 3463 ofﬁcio,
2326 3397 2463 3451 finis
2488 3413 2600 3452 non
2635 3403 2725 3453 est
2756 3402 3130 3453 consecutus.
3162 3398 3272 3454 Sed
3307 3399 3357 3454 is
3387 3400 3484 3469 qui
3536 3399 3736 3456 ofﬁcio

2077 3484 2311 3555 quidem
2329 3486 2439 3539 luit
2454 3486 2760 3557 contiguus
2774 3491 3150 3558 etcognatus,
3166 3486 3727 3558 consequitur,facto

2075 3574 2307 3641 officio;
2344 3574 2392 3629 is
2427 3592 2556 3629 vero
2589 3574 2687 3645 qui
2713 3580 2873 3629 extra
2919 3579 3030 3639 est,
3077 3592 3229 3646 saepe
3265 3592 3381 3630 non
3412 3578 3725 3647 consequi-

2076 3667 2192 3717 tur.
2221 3663 2417 3734 Neque
2450 3670 2642 3718 tamen
2703 3663 3047 3719 rhetoricam
3074 3682 3178 3719 suo
3212 3666 3325 3719 ﬁne
3384 3671 3718 3721 contentam

2076 3751 2293 3807 honore
2326 3752 2612 3806 vacuabit.
2649 3752 2776 3807 Haec
2810 3752 3048 3823 quidem
3094 3754 3173 3808 ita
3218 3757 3358 3809 sunt
3406 3754 3612 3819 mixta,
3667 3764 3731 3812 ut

2075 3840 2365 3895 rhetorica
2389 3840 2529 3895 insit
2561 3842 2889 3911 speciebus,
2923 3842 3149 3913 species
3179 3858 3310 3898 vero
3357 3842 3543 3897 insint
3592 3844 3728 3897 rhe-

2074 3929 2369 4001 torica:(h).
2385 3930 2707 3985 Causarum
2727 3940 2923 3985 autem
2942 3936 3133 4002 partes
3153 3936 3344 3987 status
3366 3948 3494 3987 esse
3518 3932 3723 3987 dicun-

2074 4023 2189 4084 tur,
2215 4019 2285 4073 de
2316 4020 2528 4089 quibus
2559 4018 2667 4073 hoc
2701 4020 2870 4075 modo
2904 4020 3337 4091 dispiciendum
3394 4025 3507 4075 est.
3563 4021 3718 4084 Quo-

2076 4108 2246 4162 modo
2280 4107 2434 4162 enim
2460 4112 2653 4178 partes
2684 4123 2811 4163 esse
2843 4110 3209 4179 putabuntur
3266 4125 3478 4176 causae,
3531 4109 3580 4163 si
3640 4108 3721 4163 ita

2076 4200 2268 4266 partes
2301 4201 2362 4249 ut
2389 4196 2612 4268 species
2634 4196 2662 4250 ?
2685 4199 2979 4268 quomodo
3014 4198 3137 4253 fieri
3174 4204 3381 4270 potest,
3417 4210 3479 4254 ut
3513 4200 3569 4253 in
3602 4215 3718 4253 una

2075 4301 2253 4340 causa
2284 4286 2479 4355 plures
2510 4285 2962 4342 constitutiones
2992 4286 3142 4342 sint?
3174 4304 3309 4343 nam
3334 4289 3558 4359 species
3582 4288 3720 4342 sibi-

2073 4379 2188 4428 met
2211 4373 2593 4445 impermixtaa
2630 4380 2788 4429 sunt.
2823 4380 2897 4430 At
2926 4376 3166 4431 veniunt
3187 4377 3246 4432 in
3274 4393 3515 4433 causam
3539 4376 3717 4449 pluri-

2076 4479 2180 4517 mas
2211 4463 2703 4532 constitutiones;
2738 4481 2852 4520 non
2887 4470 3024 4521 sunt
3053 4465 3236 4538 igitur
3267 4471 3463 4538 partes
3512 4482 3717 4521 causa-

380 4556 433 4610 6.
463 4554 747 4617 Quoniam
782 4570 911 4608 vero
930 4554 1118 4607 omnis
1139 4553 1255 4607 fere
1284 4552 1533 4607 facultas
1566 4553 1960 4609 instrumento
1990 4568 2039 4634 D
2074 4570 2227 4620 rum,
2262 4552 2418 4607 velut
2445 4552 2668 4624 species
2702 4559 2912 4610 status.
2942 4554 3087 4610 Illud
3110 4573 3347 4627 quoque
3370 4556 3527 4626 quod
3563 4554 3719 4610 nulla

310 4644 495 4698 utitur
526 4644 592 4698 ad
624 4642 949 4698 faciendum
986 4643 1137 4713 quod
1169 4647 1379 4712 potest,
1404 4642 1515 4697 erit
1537 4643 1717 4712 igitur
1734 4642 1956 4713 aliquid

306 4732 792 4787 instrumentum.
828 4730 939 4784 Hoc
971 4747 1104 4785 vero
1136 4736 1225 4786 est
1248 4732 1453 4800 oratio,
1488 4747 1614 4801 qua:
1645 4732 1852 4803 partim
1896 4732 1953 4785 in

306 4820 458 4876 civili
491 4836 700 4890 genere
733 4824 1018 4887 versatur,
1044 4820 1259 4891 partim
1285 4818 1546 4874 minime.
1576 4824 1649 4875 De
1672 4838 1737 4875 ea
1760 4826 1958 4876 autem

305 4912 564 4967 oratione
588 4909 904 4980 loquimur,
923 4925 1052 4979 quze
1077 4909 1248 4963 habet
1271 4908 1528 4981 aliquam
1553 4911 1957 4979 quaestionem,

303 4999 391 5054 vel
421 5016 546 5070 quae
580 4999 648 5053 ad
698 4999 869 5051 finem
928 4998 1297 5066 expediendae
1355 4998 1696 5068 quaestionis
1727 5016 1959 5055 accom-

306 5089 599 5144 modatur.
639 5088 714 5140 Ea
736 5102 872 5157 ergo
897 5086 1101 5145 oratio,
1124 5103 1249 5157 quae
1276 5088 1330 5141 in
1354 5086 1503 5141 civili
1533 5102 1742 5157 genere
1764 5105 1958 5143 versa-

309 5185 425 5245 tur,
460 5178 734 5231 continue
766 5174 1059 5241 decurrit;
1093 5192 1160 5228 ea
1193 5192 1319 5245 quas
1352 5192 1464 5230 non
1491 5185 1575 5229 est
1600 5175 1655 5229 in
1692 5176 1959 5233 civilibus

310 5266 527 5331 causis,
552 5263 1006 5336 interrogatione
1028 5268 1083 5316 et
1099 5264 1474 5333 responsione
1489 5262 1829 5335 explicatur.
1848 5266 1954 5320 Sed

401 5392 453 5461 α)
487 5390 653 5459 Cod.,
681 5390 812 5445 illa.

402 5463 453 5532 ὁ)
486 5464 648 5525 Cod.,
680 5463 800 5517 illa.

398 5531 443 5602 ε)
480 5539 628 5588 Num
662 5551 762 5604 pro
794 5531 1023 5587 utitur?

376 5608 450 5673 (ά)
482 5608 569 5659 Ita
597 5602 725 5660 cod.
756 5610 830 5658 At
863 5604 1037 5669 infra,
1069 5602 1298 5660 hisdem.

380 5676 451 5747 (e)
474 5677 642 5745 Cod.,
665 5679 722 5732 et
753 5691 856 5747 pro
886 5689 1038 5746 quae-

2072 4643 2296 4714 species
2328 4642 2503 4697 aliam
2536 4644 2646 4698 sibi
2680 4646 3007 4717 oppositam
3041 4646 3292 4717 speciem
3325 4648 3394 4701 ad
3444 4648 3719 4702 substan-

2070 4732 2209 4787 tiam
2240 4732 2422 4800 juvat.
2456 4734 2804 4788 Constitutio
2834 4751 2970 4789 vero
2992 4734 3473 4791 constitutionem
3507 4735 3716 4791 conﬁr-

2070 4825 2193 4876 mat
2225 4822 2295 4875 ad
2330 4820 2659 4876 fidem.Nec
2686 4838 2820 4878 vero
2850 4824 2972 4879 fieri
3007 4828 3196 4893 potest
3230 4830 3292 4879 ut
3322 4825 3402 4879 ita
3434 4825 3551 4879 sint
3582 4841 3713 4879 caua

2070 4927 2263 4965 sarum
2284 4911 2449 4978 quasi
2474 4911 2655 4965 totius
2682 4912 3144 4982 partes.Nullum
3162 4914 3316 4968 enim
3333 4914 3713 4985 compositum

2071 5017 2138 5055 ex
2170 5018 2287 5054 una
2318 5005 2481 5071 parte
2516 5006 2706 5055 totum
2735 5007 2913 5074 atque
2943 5003 3235 5071 integrum
3270 5020 3398 5059 esse
3433 5006 3715 5074 potesLAt

2070 5090 2128 5144 in
2159 5106 2338 5144 causa
2362 5089 2428 5160 (ἱ)
2466 5090 2805 5147 constitutio
2838 5108 2953 5147 una
2984 5092 3192 5148 idonea
3222 5099 3313 5148 est
3364 5094 3718 5148 constituere

2070 5196 2327 5234 causam.

2140 5269 2192 5322 9.
2226 5268 2373 5331 Quid
2405 5268 2586 5340 igitur
2614 5274 2704 5323 est
2734 5270 3046 5327 dicendum
3071 5271 3099 5326 ?
3142 5271 3303 5327 Patet
3361 5271 3453 5327 via
3485 5270 3715 5327 rationi.

2142 5391 2211 5460 (Γ)
2243 5388 2408 5458 Cod.,
2442 5406 2575 5445 nam
2606 5391 2665 5444 in
2697 5391 2941 5447 exordii:
2971 5391 3105 5449 sint.

2200 5469 2210 5527 )
2244 5461 2403 5527 Cod.,
2437 5477 2651 5516 earum.

2141 5462 2223 5601 ᾖ)
2252 5532 2423 5587 Deest
2454 5533 2511 5587 in
2544 5534 2648 5588 cod

2164 5533 2223 5598 [ιλ
2252 5532 2423 5587 Deest
2454 5533 2511 5587 in
2544 5534 2673 5589 cod.
2703 5532 3005 5590 rhetorica.

2140 5605 2205 5673 (ί)
2238 5603 2400 5670 Cod.,
2427 5619 2677 5659 causam.
