  <div class='ocr_page' id='page_1' title='image "/cluster/home/n/w/nwhite01/storage/ocr_20150623/64/hvd.32044073505125/616.png"; bbox 0 0 4022 6174; ppageno 0'>
   <div class='ocr_carea' id='block_1_1' title="bbox 257 335 394 391">
    <p class='ocr_par' dir='ltr' id='par_1_1' title="bbox 257 335 394 391">
     <span class='ocr_line' id='line_1_1' title="bbox 257 335 394 391; baseline 0.007 -2"><span class='ocrx_word' id='word_1_1' title='bbox 257 335 394 391; x_wconf 83' lang='grc'>1221</span> 
     </span>
    </p>
   </div>
   <div class='ocr_carea' id='block_1_2' title="bbox 1132 339 2773 399">
    <p class='ocr_par' dir='ltr' id='par_1_2' title="bbox 1132 339 2773 399">
     <span class='ocr_line' id='line_1_2' title="bbox 1132 339 2773 399; baseline 0.002 -3"><span class='ocrx_word' id='word_1_2' title='bbox 1132 344 1228 396; x_wconf 82' lang='lat' dir='ltr'><strong>DE</strong></span> <span class='ocrx_word' id='word_1_3' title='bbox 1268 342 1600 397; x_wconf 80' lang='lat' dir='ltr'>LOCORUM</span> <span class='ocrx_word' id='word_1_4' title='bbox 1641 339 2211 395; x_wconf 76' lang='lat' dir='ltr'>RHETORICORUM</span> <span class='ocrx_word' id='word_1_5' title='bbox 2249 344 2773 399; x_wconf 77' lang='lat' dir='ltr'>DISTINCTIONE.</span> 
     </span>
    </p>
   </div>
   <div class='ocr_carea' id='block_1_3' title="bbox 3524 352 3665 407">
    <p class='ocr_par' dir='ltr' id='par_1_3' title="bbox 3524 352 3665 407">
     <span class='ocr_line' id='line_1_3' title="bbox 3524 352 3665 407; baseline 0.007 -1"><span class='ocrx_word' id='word_1_6' title='bbox 3524 352 3665 407; x_wconf 82' lang='grc'>1222</span> 
     </span>
    </p>
   </div>
   <div class='ocr_carea' id='block_1_4' title="bbox 254 459 3667 539">
    <p class='ocr_par' dir='ltr' id='par_1_4' title="bbox 254 459 3667 539">
     <span class='ocr_line' id='line_1_4' title="bbox 254 459 3667 539; baseline 0.005 -23"><span class='ocrx_word' id='word_1_7' title='bbox 254 459 450 531; x_wconf 76' lang='lat' dir='ltr'>Neque</span> <span class='ocrx_word' id='word_1_8' title='bbox 482 461 638 516; x_wconf 89' lang='lat' dir='ltr'>enim</span> <span class='ocrx_word' id='word_1_9' title='bbox 699 478 885 517; x_wconf 81' lang='lat' dir='ltr'>causae</span> <span class='ocrx_word' id='word_1_10' title='bbox 917 464 1044 533; x_wconf 85' lang='lat' dir='ltr'>ejus</span> <span class='ocrx_word' id='word_1_11' title='bbox 1085 481 1218 534; x_wconf 90' lang='lat' dir='ltr'>pars</span> <span class='ocrx_word' id='word_1_12' title='bbox 1276 481 1404 520; x_wconf 90' lang='lat' dir='ltr'>esse</span> <span class='ocrx_word' id='word_1_13' title='bbox 1435 465 1648 520; x_wconf 90' lang='lat' dir='ltr'>dicitur</span> <span class='ocrx_word' id='word_1_14' title='bbox 1680 461 1903 518; x_wconf 88' lang='lat' dir='ltr'>consti-</span> <span class='ocrx_word' id='word_1_15' title='bbox 1937 464 1991 528; x_wconf 77' lang='grc' dir='ltr'><strong>Α</strong></span> <span class='ocrx_word' id='word_1_16' title='bbox 2021 466 2234 519; x_wconf 91' lang='lat' dir='ltr'>orator.</span> <span class='ocrx_word' id='word_1_17' title='bbox 2270 465 2539 521; x_wconf 84' lang='lat' dir='ltr'>Ofﬁcium</span> <span class='ocrx_word' id='word_1_18' title='bbox 2572 466 2927 537; x_wconf 90' lang='lat' dir='ltr'>bujus,bene</span> <span class='ocrx_word' id='word_1_19' title='bbox 2949 469 3480 539; x_wconf 84' lang='lat' dir='ltr'>dicere.Finis,tum</span> <span class='ocrx_word' id='word_1_20' title='bbox 3519 475 3667 532; x_wconf 83' lang='lat' dir='ltr'>bene</span> 
     </span>
    </p>
   </div>
   <div class='ocr_carea' id='block_1_5' title="bbox 248 552 1910 626">
    <p class='ocr_par' dir='ltr' id='par_1_5' title="bbox 248 552 1910 626">
     <span class='ocr_line' id='line_1_5' title="bbox 248 552 1910 626; baseline 0.002 -22"><span class='ocrx_word' id='word_1_21' title='bbox 248 552 427 615; x_wconf 88' lang='lat' dir='ltr'>tutio,</span> <span class='ocrx_word' id='word_1_22' title='bbox 462 569 589 622; x_wconf 67' lang='lat' dir='ltr'>quis</span> <span class='ocrx_word' id='word_1_23' title='bbox 622 552 678 606; x_wconf 93' lang='lat' dir='ltr'>in</span> <span class='ocrx_word' id='word_1_24' title='bbox 712 554 1171 609; x_wconf 88' lang='lat' dir='ltr'>controversiam</span> <span class='ocrx_word' id='word_1_25' title='bbox 1203 556 1380 620; x_wconf 84' lang='lat' dir='ltr'>venit,</span> <span class='ocrx_word' id='word_1_26' title='bbox 1415 560 1470 609; x_wconf 89' lang='lat' dir='ltr'>et</span> <span class='ocrx_word' id='word_1_27' title='bbox 1509 571 1686 626; x_wconf 90' lang='lat' dir='ltr'>quam</span> <span class='ocrx_word' id='word_1_28' title='bbox 1721 559 1910 609; x_wconf 85' lang='lat' dir='ltr'>status</span> 
     </span>
    </p>
   </div>
   <div class='ocr_carea' id='block_1_6' title="bbox 249 641 1908 714">
    <p class='ocr_par' dir='ltr' id='par_1_6' title="bbox 249 641 1908 714">
     <span class='ocr_line' id='line_1_6' title="bbox 249 641 1908 714; baseline 0 -18"><span class='ocrx_word' id='word_1_29' title='bbox 249 641 594 696; x_wconf 76' lang='lat' dir='ltr'>constituit:</span> <span class='ocrx_word' id='word_1_30' title='bbox 617 658 750 696; x_wconf 91' lang='lat' dir='ltr'>cum</span> <span class='ocrx_word' id='word_1_31' title='bbox 789 645 1109 713; x_wconf 70' lang='lat' dir='ltr'>praesertim</span> <span class='ocrx_word' id='word_1_32' title='bbox 1143 644 1241 714; x_wconf 89' lang='lat' dir='ltr'>qui</span> <span class='ocrx_word' id='word_1_33' title='bbox 1292 645 1531 699; x_wconf 82' lang='lat' dir='ltr'>additur</span> <span class='ocrx_word' id='word_1_34' title='bbox 1563 647 1633 699; x_wconf 91' lang='lat' dir='ltr'>ad</span> <span class='ocrx_word' id='word_1_35' title='bbox 1668 659 1908 697; x_wconf 83' lang='lat' dir='ltr'>causam</span> 
     </span>
    </p>
   </div>
   <div class='ocr_carea' id='block_1_7' title="bbox 251 731 1908 802">
    <p class='ocr_par' dir='ltr' id='par_1_7' title="bbox 251 731 1908 802">
     <span class='ocr_line' id='line_1_7' title="bbox 251 731 1908 802; baseline 0.002 -19"><span class='ocrx_word' id='word_1_36' title='bbox 251 731 613 799; x_wconf 88' lang='lat' dir='ltr'>status,jam</span> <span class='ocrx_word' id='word_1_37' title='bbox 635 748 750 785; x_wconf 91' lang='lat' dir='ltr'>una</span> <span class='ocrx_word' id='word_1_38' title='bbox 780 733 1200 788; x_wconf 76' lang='lat' dir='ltr'>constitutione</span> <span class='ocrx_word' id='word_1_39' title='bbox 1233 734 1486 799; x_wconf 83' lang='lat' dir='ltr'>ﬁrmata,</span> <span class='ocrx_word' id='word_1_40' title='bbox 1515 751 1626 788; x_wconf 92' lang='lat' dir='ltr'>non</span> <span class='ocrx_word' id='word_1_41' title='bbox 1644 734 1720 788; x_wconf 85' lang='lat' dir='ltr'>sit</span> <span class='ocrx_word' id='word_1_42' title='bbox 1747 733 1908 802; x_wconf 86' lang='lat' dir='ltr'>prin-</span> 
     </span>
    </p>
   </div>
   <div class='ocr_carea' id='block_1_8' title="bbox 257 818 1907 894">
    <p class='ocr_par' dir='ltr' id='par_1_8' title="bbox 257 818 1907 894">
     <span class='ocr_line' id='line_1_8' title="bbox 257 818 1907 894; baseline 0.001 -21"><span class='ocrx_word' id='word_1_43' title='bbox 257 818 467 890; x_wconf 87' lang='lat' dir='ltr'>cipalis</span> <span class='ocrx_word' id='word_1_44' title='bbox 500 821 598 874; x_wconf 89' lang='lat' dir='ltr'>sed</span> <span class='ocrx_word' id='word_1_45' title='bbox 634 821 906 877; x_wconf 88' lang='lat' dir='ltr'>accidens</span> <span class='ocrx_word' id='word_1_46' title='bbox 936 839 948 888; x_wconf 91' lang='lat'><strong>;</strong></span> <span class='ocrx_word' id='word_1_47' title='bbox 983 828 1158 894; x_wconf 90' lang='lat' dir='ltr'>atque</span> <span class='ocrx_word' id='word_1_48' title='bbox 1192 826 1246 878; x_wconf 91' lang='lat' dir='ltr'>in</span> <span class='ocrx_word' id='word_1_49' title='bbox 1283 841 1394 878; x_wconf 92' lang='lat' dir='ltr'>uno</span> <span class='ocrx_word' id='word_1_50' title='bbox 1437 825 1666 893; x_wconf 86' lang='lat' dir='ltr'>negotio</span> <span class='ocrx_word' id='word_1_51' title='bbox 1701 828 1779 878; x_wconf 89' lang='lat' dir='ltr'>tot</span> <span class='ocrx_word' id='word_1_52' title='bbox 1808 837 1907 875; x_wconf 92' lang='lat' dir='ltr'>ve-</span> 
     </span>
    </p>
   </div>
   <div class='ocr_carea' id='block_1_9' title="bbox 254 908 1906 981">
    <p class='ocr_par' dir='ltr' id='par_1_9' title="bbox 254 908 1906 981">
     <span class='ocr_line' id='line_1_9' title="bbox 254 908 1906 981; baseline 0.002 -19"><span class='ocrx_word' id='word_1_53' title='bbox 254 908 424 963; x_wconf 89' lang='lat' dir='ltr'>niant</span> <span class='ocrx_word' id='word_1_54' title='bbox 457 911 866 965; x_wconf 70' lang='lat' dir='ltr'>controversiae</span> <span class='ocrx_word' id='word_1_55' title='bbox 923 918 1070 981; x_wconf 91' lang='lat' dir='ltr'>quot</span> <span class='ocrx_word' id='word_1_56' title='bbox 1125 919 1261 967; x_wconf 89' lang='lat' dir='ltr'>sunt</span> <span class='ocrx_word' id='word_1_57' title='bbox 1290 913 1760 968; x_wconf 86' lang='lat' dir='ltr'>constitutiones.</span> <span class='ocrx_word' id='word_1_58' title='bbox 1796 911 1906 966; x_wconf 88' lang='lat' dir='ltr'>Sed</span> 
     </span>
    </p>
   </div>
   <div class='ocr_carea' id='block_1_10' title="bbox 256 999 1907 1069">
    <p class='ocr_par' dir='ltr' id='par_1_10' title="bbox 256 999 1907 1069">
     <span class='ocr_line' id='line_1_10' title="bbox 256 999 1907 1069; baseline 0.002 -17"><span class='ocrx_word' id='word_1_59' title='bbox 256 1002 404 1069; x_wconf 92' lang='lat' dir='ltr'>quot</span> <span class='ocrx_word' id='word_1_60' title='bbox 434 999 860 1063; x_wconf 70' lang='lat' dir='ltr'>controversiae,</span> <span class='ocrx_word' id='word_1_61' title='bbox 903 1006 986 1055; x_wconf 90' lang='lat' dir='ltr'>tot</span> <span class='ocrx_word' id='word_1_62' title='bbox 1017 1018 1245 1056; x_wconf 74' lang='lat' dir='ltr'>causae:</span> <span class='ocrx_word' id='word_1_63' title='bbox 1307 1007 1365 1055; x_wconf 91' lang='lat' dir='ltr'>et</span> <span class='ocrx_word' id='word_1_64' title='bbox 1398 1001 1526 1056; x_wconf 88' lang='lat' dir='ltr'>licet</span> <span class='ocrx_word' id='word_1_65' title='bbox 1583 1019 1676 1055; x_wconf 87' lang='lat' dir='ltr'>eas</span> <span class='ocrx_word' id='word_1_66' title='bbox 1723 1016 1907 1055; x_wconf 92' lang='lat' dir='ltr'>unum</span> 
     </span>
    </p>
   </div>
   <div class='ocr_carea' id='block_1_11' title="bbox 256 1088 1906 1162">
    <p class='ocr_par' dir='ltr' id='par_1_11' title="bbox 256 1088 1906 1162">
     <span class='ocr_line' id='line_1_11' title="bbox 256 1088 1906 1162; baseline 0 -21"><span class='ocrx_word' id='word_1_67' title='bbox 256 1088 559 1142; x_wconf 86' lang='lat' dir='ltr'>contineat</span> <span class='ocrx_word' id='word_1_68' title='bbox 580 1089 902 1157; x_wconf 83' lang='lat' dir='ltr'>negotium,</span> <span class='ocrx_word' id='word_1_69' title='bbox 934 1106 1116 1145; x_wconf 76' lang='lat' dir='ltr'>causaa</span> <span class='ocrx_word' id='word_1_70' title='bbox 1145 1096 1341 1146; x_wconf 85' lang='lat' dir='ltr'>tamen</span> <span class='ocrx_word' id='word_1_71' title='bbox 1384 1090 1762 1162; x_wconf 68' lang='lat' dir='ltr'>impermixtai</span> <span class='ocrx_word' id='word_1_72' title='bbox 1797 1089 1906 1144; x_wconf 92' lang='lat' dir='ltr'>sibi</span> 
     </span>
    </p>
   </div>
   <div class='ocr_carea' id='block_1_12' title="bbox 259 1176 1909 1250">
    <p class='ocr_par' dir='ltr' id='par_1_12' title="bbox 259 1176 1909 1250">
     <span class='ocr_line' id='line_1_12' title="bbox 259 1176 1909 1250; baseline 0.002 -19"><span class='ocrx_word' id='word_1_73' title='bbox 259 1176 582 1231; x_wconf 79' lang='lat' dir='ltr'>variantur.</span> <span class='ocrx_word' id='word_1_74' title='bbox 620 1176 692 1231; x_wconf 93' lang='lat' dir='ltr'>Ut</span> <span class='ocrx_word' id='word_1_75' title='bbox 722 1177 823 1248; x_wconf 93' lang='lat' dir='ltr'>qui</span> <span class='ocrx_word' id='word_1_76' title='bbox 847 1178 1128 1248; x_wconf 87' lang='lat' dir='ltr'>juvenem</span> <span class='ocrx_word' id='word_1_77' title='bbox 1163 1179 1233 1234; x_wconf 92' lang='lat' dir='ltr'>de</span> <span class='ocrx_word' id='word_1_78' title='bbox 1277 1179 1548 1250; x_wconf 87' lang='lat' dir='ltr'>lupanari</span> <span class='ocrx_word' id='word_1_79' title='bbox 1599 1184 1909 1234; x_wconf 87' lang='lat' dir='ltr'>exeuntem</span> 
     </span>
    </p>
   </div>
   <div class='ocr_carea' id='block_1_13' title="bbox 255 1265 1910 1336">
    <p class='ocr_par' dir='ltr' id='par_1_13' title="bbox 255 1265 1910 1336">
     <span class='ocr_line' id='line_1_13' title="bbox 255 1265 1910 1336; baseline 0.002 -17"><span class='ocrx_word' id='word_1_80' title='bbox 255 1266 425 1330; x_wconf 86' lang='lat' dir='ltr'>vidit,</span> <span class='ocrx_word' id='word_1_81' title='bbox 448 1265 619 1336; x_wconf 90' lang='lat' dir='ltr'>paulo</span> <span class='ocrx_word' id='word_1_82' title='bbox 644 1271 774 1336; x_wconf 89' lang='lat' dir='ltr'>post</span> <span class='ocrx_word' id='word_1_83' title='bbox 800 1267 870 1320; x_wconf 91' lang='lat' dir='ltr'>de</span> <span class='ocrx_word' id='word_1_84' title='bbox 894 1269 1096 1322; x_wconf 88' lang='lat' dir='ltr'>eodem</span> <span class='ocrx_word' id='word_1_85' title='bbox 1129 1267 1255 1322; x_wconf 90' lang='lat' dir='ltr'>loco</span> <span class='ocrx_word' id='word_1_86' title='bbox 1294 1285 1528 1323; x_wconf 90' lang='lat' dir='ltr'>uxorem</span> <span class='ocrx_word' id='word_1_87' title='bbox 1563 1285 1732 1322; x_wconf 91' lang='lat' dir='ltr'>suam</span> <span class='ocrx_word' id='word_1_88' title='bbox 1765 1268 1910 1322; x_wconf 89' lang='lat' dir='ltr'>vidit</span> 
     </span>
    </p>
   </div>
   <div class='ocr_carea' id='block_1_14' title="bbox 257 1355 1910 1424">
    <p class='ocr_par' dir='ltr' id='par_1_14' title="bbox 257 1355 1910 1424">
     <span class='ocr_line' id='line_1_14' title="bbox 257 1355 1910 1424; baseline 0 -14"><span class='ocrx_word' id='word_1_89' title='bbox 257 1357 1112 1424; x_wconf 86' lang='lat' dir='ltr'>egressam,accusatjuvenem</span> <span class='ocrx_word' id='word_1_90' title='bbox 1136 1355 1433 1411; x_wconf 81' lang='lat' dir='ltr'>adulterii.</span> <span class='ocrx_word' id='word_1_91' title='bbox 1463 1357 1563 1410; x_wconf 90' lang='lat' dir='ltr'>Hic</span> <span class='ocrx_word' id='word_1_92' title='bbox 1597 1372 1780 1410; x_wconf 91' lang='lat' dir='ltr'>unum</span> <span class='ocrx_word' id='word_1_93' title='bbox 1815 1372 1910 1411; x_wconf 85' lang='lat' dir='ltr'>ne-</span> 
     </span>
    </p>
   </div>
   <div class='ocr_carea' id='block_1_15' title="bbox 257 1444 1909 1514">
    <p class='ocr_par' dir='ltr' id='par_1_15' title="bbox 257 1444 1909 1514">
     <span class='ocr_line' id='line_1_15' title="bbox 257 1444 1909 1514; baseline 0.001 -16"><span class='ocrx_word' id='word_1_94' title='bbox 257 1444 487 1514; x_wconf 89' lang='lat' dir='ltr'>gotium</span> <span class='ocrx_word' id='word_1_95' title='bbox 520 1444 674 1513; x_wconf 92' lang='lat' dir='ltr'>quod</span> <span class='ocrx_word' id='word_1_96' title='bbox 712 1445 956 1499; x_wconf 86' lang='lat' dir='ltr'>vertitur</span> <span class='ocrx_word' id='word_1_97' title='bbox 978 1451 1098 1513; x_wconf 87' lang='lat' dir='ltr'>est;</span> <span class='ocrx_word' id='word_1_98' title='bbox 1132 1461 1326 1500; x_wconf 62' lang='lat' dir='ltr'>causa;</span> <span class='ocrx_word' id='word_1_99' title='bbox 1358 1449 1554 1500; x_wconf 91' lang='lat' dir='ltr'>autem</span> <span class='ocrx_word' id='word_1_100' title='bbox 1587 1446 1714 1500; x_wconf 68' lang='lat' dir='ltr'>duas</span> <span class='ocrx_word' id='word_1_101' title='bbox 1742 1462 1754 1500; x_wconf 90' lang='lat'><strong>:</strong></span> <span class='ocrx_word' id='word_1_102' title='bbox 1791 1461 1909 1500; x_wconf 90' lang='lat' dir='ltr'>una</span> 
     </span>
    </p>
   </div>
   <div class='ocr_carea' id='block_1_16' title="bbox 257 1533 1905 1605">
    <p class='ocr_par' dir='ltr' id='par_1_16' title="bbox 257 1533 1905 1605">
     <span class='ocr_line' id='line_1_16' title="bbox 257 1533 1905 1605; baseline 0.001 -18"><span class='ocrx_word' id='word_1_103' title='bbox 257 1533 696 1602; x_wconf 85' lang='lat' dir='ltr'>conjecturalis,</span> <span class='ocrx_word' id='word_1_104' title='bbox 718 1536 766 1587; x_wconf 88' lang='lat' dir='ltr'>si</span> <span class='ocrx_word' id='word_1_105' title='bbox 797 1539 966 1605; x_wconf 89' lang='lat' dir='ltr'>neget</span> <span class='ocrx_word' id='word_1_106' title='bbox 996 1549 1056 1588; x_wconf 89' lang='lat' dir='ltr'>se</span> <span class='ocrx_word' id='word_1_107' title='bbox 1095 1535 1334 1599; x_wconf 81' lang='lat' dir='ltr'>fecisse;</span> <span class='ocrx_word' id='word_1_108' title='bbox 1369 1533 1549 1590; x_wconf 85' lang='lat' dir='ltr'>altera</span> <span class='ocrx_word' id='word_1_109' title='bbox 1582 1535 1823 1599; x_wconf 84' lang='lat' dir='ltr'>finitiva,</span> <span class='ocrx_word' id='word_1_110' title='bbox 1857 1535 1905 1588; x_wconf 88' lang='lat' dir='ltr'>si</span> 
     </span>
    </p>
   </div>
   <div class='ocr_carea' id='block_1_17' title="bbox 258 1620 1908 1693">
    <p class='ocr_par' dir='ltr' id='par_1_17' title="bbox 258 1620 1908 1693">
     <span class='ocr_line' id='line_1_17' title="bbox 258 1620 1908 1693; baseline 0.002 -19"><span class='ocrx_word' id='word_1_111' title='bbox 258 1621 322 1675; x_wconf 88' lang='lat' dir='ltr'>in</span> <span class='ocrx_word' id='word_1_112' title='bbox 347 1620 620 1692; x_wconf 88' lang='lat' dir='ltr'>lupanari</span> <span class='ocrx_word' id='word_1_113' title='bbox 643 1622 1016 1677; x_wconf 88' lang='lat' dir='ltr'>concubitum</span> <span class='ocrx_word' id='word_1_114' title='bbox 1038 1639 1153 1677; x_wconf 94' lang='lat' dir='ltr'>non</span> <span class='ocrx_word' id='word_1_115' title='bbox 1179 1623 1331 1677; x_wconf 79' lang='lat' dir='ltr'>diCat</span> <span class='ocrx_word' id='word_1_116' title='bbox 1357 1640 1529 1693; x_wconf 75' lang='lat' dir='ltr'>posse</span> <span class='ocrx_word' id='word_1_117' title='bbox 1556 1623 1908 1677; x_wconf 84' lang='lat' dir='ltr'>adulterium</span> 
     </span>
    </p>
   </div>
   <div class='ocr_carea' id='block_1_18' title="bbox 259 1710 1905 1782">
    <p class='ocr_par' dir='ltr' id='par_1_18' title="bbox 259 1710 1905 1782">
     <span class='ocr_line' id='line_1_18' title="bbox 259 1710 1905 1782; baseline 0 -18"><span class='ocrx_word' id='word_1_118' title='bbox 259 1710 596 1780; x_wconf 89' lang='lat' dir='ltr'>putari.Sed</span> <span class='ocrx_word' id='word_1_119' title='bbox 630 1727 817 1780; x_wconf 90' lang='lat' dir='ltr'>neque</span> <span class='ocrx_word' id='word_1_120' title='bbox 850 1711 1082 1781; x_wconf 84' lang='lat' dir='ltr'>neganti</span> <span class='ocrx_word' id='word_1_121' title='bbox 1113 1728 1246 1782; x_wconf 91' lang='lat' dir='ltr'>pars</span> <span class='ocrx_word' id='word_1_122' title='bbox 1273 1721 1352 1766; x_wconf 87' lang='lat' dir='ltr'>est</span> <span class='ocrx_word' id='word_1_123' title='bbox 1385 1713 1647 1782; x_wconf 87' lang='lat' dir='ltr'>ejusdem</span> <span class='ocrx_word' id='word_1_124' title='bbox 1675 1715 1905 1766; x_wconf 89' lang='lat' dir='ltr'>contro-</span> 
     </span>
    </p>
   </div>
   <div class='ocr_carea' id='block_1_19' title="bbox 2013 552 2924 625">
    <p class='ocr_par' dir='ltr' id='par_1_19' title="bbox 2013 552 2924 625">
     <span class='ocr_line' id='line_1_19' title="bbox 2013 552 2924 625; baseline 0.008 -21"><span class='ocrx_word' id='word_1_125' title='bbox 2013 552 2231 608; x_wconf 86' lang='lat' dir='ltr'>dixisse</span> <span class='ocrx_word' id='word_1_126' title='bbox 2271 560 2393 608; x_wconf 88' lang='lat' dir='ltr'>tum</span> <span class='ocrx_word' id='word_1_127' title='bbox 2427 559 2780 625; x_wconf 89' lang='lat' dir='ltr'>persuadere</span> <span class='ocrx_word' id='word_1_128' title='bbox 2815 563 2924 611; x_wconf 84' lang='lat' dir='ltr'>est.</span> 
     </span>
    </p>
   </div>
   <div class='ocr_carea' id='block_1_20' title="bbox 2088 643 3672 719">
    <p class='ocr_par' dir='ltr' id='par_1_20' title="bbox 2088 643 3672 719">
     <span class='ocr_line' id='line_1_20' title="bbox 2088 643 3672 719; baseline 0.009 -25"><span class='ocrx_word' id='word_1_129' title='bbox 2088 643 2171 694; x_wconf 80' lang='grc'>12.</span> <span class='ocrx_word' id='word_1_130' title='bbox 2197 647 2335 697; x_wconf 88' lang='lat' dir='ltr'>Tota</span> <span class='ocrx_word' id='word_1_131' title='bbox 2359 645 2649 700; x_wconf 84' lang='lat' dir='ltr'>rhetorica</span> <span class='ocrx_word' id='word_1_132' title='bbox 2683 647 2740 699; x_wconf 93' lang='lat' dir='ltr'>in</span> <span class='ocrx_word' id='word_1_133' title='bbox 2794 647 3100 716; x_wconf 89' lang='lat' dir='ltr'>speciebus</span> <span class='ocrx_word' id='word_1_134' title='bbox 3129 667 3141 714; x_wconf 89' lang='lat'><strong>;</strong></span> <span class='ocrx_word' id='word_1_135' title='bbox 3169 649 3393 719; x_wconf 89' lang='lat' dir='ltr'>species</span> <span class='ocrx_word' id='word_1_136' title='bbox 3422 667 3558 706; x_wconf 91' lang='lat' dir='ltr'>vero</span> <span class='ocrx_word' id='word_1_137' title='bbox 3590 654 3672 709; x_wconf 89' lang='lat' dir='ltr'>ita</span> 
     </span>
    </p>
   </div>
   <div class='ocr_carea' id='block_1_21' title="bbox 2014 733 3665 804">
    <p class='ocr_par' dir='ltr' id='par_1_21' title="bbox 2014 733 3665 804">
     <span class='ocr_line' id='line_1_21' title="bbox 2014 733 3665 804; baseline 0.007 -20"><span class='ocrx_word' id='word_1_138' title='bbox 2014 735 2192 786; x_wconf 83' lang='lat' dir='ltr'>totam</span> <span class='ocrx_word' id='word_1_139' title='bbox 2232 733 2958 804; x_wconf 78' lang='lat' dir='ltr'>materiaminformant,ut</span> <span class='ocrx_word' id='word_1_140' title='bbox 2983 745 3171 792; x_wconf 89' lang='lat' dir='ltr'>tamen</span> <span class='ocrx_word' id='word_1_141' title='bbox 3211 739 3465 794; x_wconf 84' lang='lat' dir='ltr'>vicissim</span> <span class='ocrx_word' id='word_1_142' title='bbox 3488 748 3665 796; x_wconf 87' lang='lat' dir='ltr'>totam</span> 
     </span>
    </p>
   </div>
   <div class='ocr_carea' id='block_1_22' title="bbox 2015 820 3667 898">
    <p class='ocr_par' dir='ltr' id='par_1_22' title="bbox 2015 820 3667 898">
     <span class='ocr_line' id='line_1_22' title="bbox 2015 820 3667 898; baseline 0.007 -26"><span class='ocrx_word' id='word_1_143' title='bbox 2015 820 2124 874; x_wconf 90' lang='lat' dir='ltr'>sibi</span> <span class='ocrx_word' id='word_1_144' title='bbox 2149 821 2656 892; x_wconf 80' lang='lat' dir='ltr'>vindicentzquod</span> <span class='ocrx_word' id='word_1_145' title='bbox 2701 840 2767 878; x_wconf 81' lang='lat' dir='ltr'>ex</span> <span class='ocrx_word' id='word_1_146' title='bbox 2799 826 2906 878; x_wconf 90' lang='lat' dir='ltr'>hoc</span> <span class='ocrx_word' id='word_1_147' title='bbox 2967 825 3214 896; x_wconf 84' lang='lat' dir='ltr'>intelligi</span> <span class='ocrx_word' id='word_1_148' title='bbox 3273 834 3482 896; x_wconf 89' lang='lat' dir='ltr'>potest,</span> <span class='ocrx_word' id='word_1_149' title='bbox 3517 847 3667 898; x_wconf 88' lang='lat' dir='ltr'>quo-</span> 
     </span>
    </p>
   </div>
   <div class='ocr_carea' id='block_1_23' title="bbox 2015 910 3665 987">
    <p class='ocr_par' dir='ltr' id='par_1_23' title="bbox 2015 910 3665 987">
     <span class='ocr_line' id='line_1_23' title="bbox 2015 910 3665 987; baseline 0.008 -27"><span class='ocrx_word' id='word_1_150' title='bbox 2015 910 2171 962; x_wconf 86' lang='lat' dir='ltr'>niam</span> <span class='ocrx_word' id='word_1_151' title='bbox 2204 927 2404 964; x_wconf 88' lang='lat' dir='ltr'>omnes</span> <span class='ocrx_word' id='word_1_152' title='bbox 2438 912 2550 965; x_wconf 88' lang='lat' dir='ltr'>sibi</span> <span class='ocrx_word' id='word_1_153' title='bbox 2597 914 2847 966; x_wconf 63' lang='lat' dir='ltr'>materiae</span> <span class='ocrx_word' id='word_1_154' title='bbox 2903 921 3094 983; x_wconf 86' lang='lat' dir='ltr'>partes</span> <span class='ocrx_word' id='word_1_155' title='bbox 3142 916 3387 984; x_wconf 78' lang='lat' dir='ltr'>singulae</span> <span class='ocrx_word' id='word_1_156' title='bbox 3440 918 3665 987; x_wconf 86' lang='lat' dir='ltr'>species</span> 
     </span>
    </p>
   </div>
   <div class='ocr_carea' id='block_1_24' title="bbox 2014 999 3667 1071">
    <p class='ocr_par' dir='ltr' id='par_1_24' title="bbox 2014 999 3667 1071">
     <span class='ocr_line' id='line_1_24' title="bbox 2014 999 3667 1071; baseline 0.006 -21"><span class='ocrx_word' id='word_1_157' title='bbox 2014 1001 2232 1051; x_wconf 89' lang='lat' dir='ltr'>tenent.</span> <span class='ocrx_word' id='word_1_158' title='bbox 2267 999 2411 1052; x_wconf 83' lang='lat' dir='ltr'>Nam</span> <span class='ocrx_word' id='word_1_159' title='bbox 2443 999 2498 1052; x_wconf 94' lang='lat' dir='ltr'>in</span> <span class='ocrx_word' id='word_1_160' title='bbox 2527 1000 2793 1064; x_wconf 86' lang='lat' dir='ltr'>judiciali</span> <span class='ocrx_word' id='word_1_161' title='bbox 2821 1008 3072 1071; x_wconf 88' lang='lat' dir='ltr'>quatuor</span> <span class='ocrx_word' id='word_1_162' title='bbox 3103 1004 3556 1058; x_wconf 89' lang='lat' dir='ltr'>constitutiones</span> <span class='ocrx_word' id='word_1_163' title='bbox 3580 1004 3667 1060; x_wconf 89' lang='lat' dir='ltr'>in-</span> 
     </span>
    </p>
   </div>
   <div class='ocr_carea' id='block_1_25' title="bbox 2016 1087 3666 1162">
    <p class='ocr_par' dir='ltr' id='par_1_25' title="bbox 2016 1087 3666 1162">
     <span class='ocr_line' id='line_1_25' title="bbox 2016 1087 3666 1162; baseline 0.006 -25"><span class='ocrx_word' id='word_1_164' title='bbox 2016 1087 2294 1148; x_wconf 87' lang='lat' dir='ltr'>venies,et</span> <span class='ocrx_word' id='word_1_165' title='bbox 2326 1087 2382 1140; x_wconf 91' lang='lat' dir='ltr'>in</span> <span class='ocrx_word' id='word_1_166' title='bbox 2418 1087 2797 1142; x_wconf 75' lang='lat' dir='ltr'>deliberativa</span> <span class='ocrx_word' id='word_1_167' title='bbox 2829 1091 3408 1162; x_wconf 87' lang='lat' dir='ltr'>demonstrativaque</span> <span class='ocrx_word' id='word_1_168' title='bbox 3431 1094 3666 1147; x_wconf 88' lang='lat' dir='ltr'>easdem</span> 
     </span>
    </p>
   </div>
   <div class='ocr_carea' id='block_1_26' title="bbox 2014 1177 3669 1249">
    <p class='ocr_par' dir='ltr' id='par_1_26' title="bbox 2014 1177 3669 1249">
     <span class='ocr_line' id='line_1_26' title="bbox 2014 1177 3669 1249; baseline 0.006 -22"><span class='ocrx_word' id='word_1_169' title='bbox 2014 1179 2269 1244; x_wconf 86' lang='lat' dir='ltr'>quatuor</span> <span class='ocrx_word' id='word_1_170' title='bbox 2315 1177 2572 1231; x_wconf 90' lang='lat' dir='ltr'>invenire</span> <span class='ocrx_word' id='word_1_171' title='bbox 2604 1195 2801 1248; x_wconf 89' lang='lat' dir='ltr'>queas.</span> <span class='ocrx_word' id='word_1_172' title='bbox 2829 1178 2992 1233; x_wconf 91' lang='lat' dir='ltr'>Unde</span> <span class='ocrx_word' id='word_1_173' title='bbox 3019 1181 3431 1249; x_wconf 85' lang='lat' dir='ltr'>ostenditur,si</span> <span class='ocrx_word' id='word_1_174' title='bbox 3464 1198 3669 1237; x_wconf 81' lang='lat' dir='ltr'>omnes</span> 
     </span>
    </p>
   </div>
   <div class='ocr_carea' id='block_1_27' title="bbox 2015 1267 3670 1340">
    <p class='ocr_par' dir='ltr' id='par_1_27' title="bbox 2015 1267 3670 1340">
     <span class='ocr_line' id='line_1_27' title="bbox 2015 1267 3670 1340; baseline 0.005 -25"><span class='ocrx_word' id='word_1_175' title='bbox 2015 1269 2207 1332; x_wconf 90' lang='lat' dir='ltr'>partes</span> <span class='ocrx_word' id='word_1_176' title='bbox 2231 1281 2422 1319; x_wconf 48' lang='lat' dir='ltr'>causa.</span> <span class='ocrx_word' id='word_1_177' title='bbox 2443 1267 2892 1338; x_wconf 73' lang='lat' dir='ltr'>generalis,quze</span> <span class='ocrx_word' id='word_1_178' title='bbox 2921 1274 3013 1322; x_wconf 92' lang='lat' dir='ltr'>est</span> <span class='ocrx_word' id='word_1_179' title='bbox 3045 1268 3233 1324; x_wconf 91' lang='lat' dir='ltr'>civilis</span> <span class='ocrx_word' id='word_1_180' title='bbox 3259 1270 3528 1340; x_wconf 70' lang='lat' dir='ltr'>quaestio,</span> <span class='ocrx_word' id='word_1_181' title='bbox 3552 1271 3670 1325; x_wconf 88' lang='lat' dir='ltr'>sin-</span> 
     </span>
    </p>
   </div>
   <div class='ocr_carea' id='block_1_28' title="bbox 2013 1352 3666 1428">
    <p class='ocr_par' dir='ltr' id='par_1_28' title="bbox 2013 1352 3666 1428">
     <span class='ocr_line' id='line_1_28' title="bbox 2013 1352 3666 1428; baseline 0.007 -25"><span class='ocrx_word' id='word_1_182' title='bbox 2013 1352 2162 1422; x_wconf 81' lang='lat' dir='ltr'>gulae</span> <span class='ocrx_word' id='word_1_183' title='bbox 2191 1353 2416 1422; x_wconf 90' lang='lat' dir='ltr'>species</span> <span class='ocrx_word' id='word_1_184' title='bbox 2449 1354 2688 1424; x_wconf 87' lang='lat' dir='ltr'>habent,</span> <span class='ocrx_word' id='word_1_185' title='bbox 2722 1373 2924 1410; x_wconf 92' lang='lat' dir='ltr'>omnes</span> <span class='ocrx_word' id='word_1_186' title='bbox 2987 1374 3116 1412; x_wconf 89' lang='lat' dir='ltr'>vero</span> <span class='ocrx_word' id='word_1_187' title='bbox 3178 1363 3375 1428; x_wconf 88' lang='lat' dir='ltr'>partes</span> <span class='ocrx_word' id='word_1_188' title='bbox 3426 1375 3666 1414; x_wconf 89' lang='lat' dir='ltr'>causam</span> 
     </span>
    </p>
   </div>
   <div class='ocr_carea' id='block_1_29' title="bbox 2013 1441 3661 1515">
    <p class='ocr_par' dir='ltr' id='par_1_29' title="bbox 2013 1441 3661 1515">
     <span class='ocr_line' id='line_1_29' title="bbox 2013 1441 3661 1515; baseline 0.005 -23"><span class='ocrx_word' id='word_1_189' title='bbox 2013 1457 2172 1504; x_wconf 88' lang='lat' dir='ltr'>esse;</span> <span class='ocrx_word' id='word_1_190' title='bbox 2203 1441 2386 1510; x_wconf 87' lang='lat' dir='ltr'>ipsam</span> <span class='ocrx_word' id='word_1_191' title='bbox 2420 1444 2741 1508; x_wconf 84' lang='lat' dir='ltr'>causam,id</span> <span class='ocrx_word' id='word_1_192' title='bbox 2773 1450 2859 1498; x_wconf 89' lang='lat' dir='ltr'>est</span> <span class='ocrx_word' id='word_1_193' title='bbox 2892 1446 3119 1499; x_wconf 87' lang='lat' dir='ltr'>civilem</span> <span class='ocrx_word' id='word_1_194' title='bbox 3148 1449 3554 1515; x_wconf 70' lang='lat' dir='ltr'>quaestionem,</span> <span class='ocrx_word' id='word_1_195' title='bbox 3589 1447 3661 1500; x_wconf 88' lang='lat' dir='ltr'>ab</span> 
     </span>
    </p>
   </div>
   <div class='ocr_carea' id='block_1_30' title="bbox 2013 1530 3661 1604">
    <p class='ocr_par' dir='ltr' id='par_1_30' title="bbox 2013 1530 3661 1604">
     <span class='ocr_line' id='line_1_30' title="bbox 2013 1530 3661 1604; baseline 0.004 -22"><span class='ocrx_word' id='word_1_196' title='bbox 2013 1530 2320 1598; x_wconf 78' lang='lat' dir='ltr'>Speciebus</span> <span class='ocrx_word' id='word_1_197' title='bbox 2348 1531 2604 1585; x_wconf 88' lang='lat' dir='ltr'>vicissim</span> <span class='ocrx_word' id='word_1_198' title='bbox 2663 1532 2940 1587; x_wconf 88' lang='lat' dir='ltr'>vindicari</span> <span class='ocrx_word' id='word_1_199' title='bbox 2977 1538 3203 1588; x_wconf 88' lang='lat' dir='ltr'>totam:</span> <span class='ocrx_word' id='word_1_200' title='bbox 3239 1551 3305 1588; x_wconf 92' lang='lat' dir='ltr'>eo</span> <span class='ocrx_word' id='word_1_201' title='bbox 3341 1538 3513 1590; x_wconf 89' lang='lat' dir='ltr'>modo</span> <span class='ocrx_word' id='word_1_202' title='bbox 3545 1551 3661 1604; x_wconf 91' lang='lat' dir='ltr'>quo</span> 
     </span>
    </p>
   </div>
   <div class='ocr_carea' id='block_1_31' title="bbox 2013 1620 3668 1693">
    <p class='ocr_par' dir='ltr' id='par_1_31' title="bbox 2013 1620 3668 1693">
     <span class='ocr_line' id='line_1_31' title="bbox 2013 1620 3668 1693; baseline 0.005 -23"><span class='ocrx_word' id='word_1_203' title='bbox 2013 1634 2119 1671; x_wconf 81' lang='lat' dir='ltr'>vox</span> <span class='ocrx_word' id='word_1_204' title='bbox 2153 1635 2268 1673; x_wconf 92' lang='lat' dir='ltr'>uno</span> <span class='ocrx_word' id='word_1_205' title='bbox 2300 1626 2560 1690; x_wconf 86' lang='lat' dir='ltr'>tempore</span> <span class='ocrx_word' id='word_1_206' title='bbox 2618 1622 2687 1675; x_wconf 91' lang='lat' dir='ltr'>ad</span> <span class='ocrx_word' id='word_1_207' title='bbox 2725 1620 3110 1692; x_wconf 88' lang='lat' dir='ltr'>plurimorum</span> <span class='ocrx_word' id='word_1_208' title='bbox 3169 1640 3339 1677; x_wconf 90' lang='lat' dir='ltr'>aures</span> <span class='ocrx_word' id='word_1_209' title='bbox 3402 1623 3668 1693; x_wconf 84' lang='lat' dir='ltr'>pervenit</span> 
     </span>
    </p>
   </div>
   <div class='ocr_carea' id='block_1_32' title="bbox 2015 1708 3665 1780">
    <p class='ocr_par' dir='ltr' id='par_1_32' title="bbox 2015 1708 3665 1780">
     <span class='ocr_line' id='line_1_32' title="bbox 2015 1708 3665 1780; baseline 0.002 -20"><span class='ocrx_word' id='word_1_210' title='bbox 2015 1722 2146 1760; x_wconf 90' lang='lat' dir='ltr'>cum</span> <span class='ocrx_word' id='word_1_211' title='bbox 2182 1708 2304 1761; x_wconf 92' lang='lat' dir='ltr'>suis</span> <span class='ocrx_word' id='word_1_212' title='bbox 2336 1709 2562 1780; x_wconf 89' lang='lat' dir='ltr'>integra</span> <span class='ocrx_word' id='word_1_213' title='bbox 2608 1711 2896 1780; x_wconf 92' lang='lat' dir='ltr'>partibus,</span> <span class='ocrx_word' id='word_1_214' title='bbox 2930 1710 2985 1764; x_wconf 93' lang='lat' dir='ltr'>id</span> <span class='ocrx_word' id='word_1_215' title='bbox 3048 1716 3134 1765; x_wconf 90' lang='lat' dir='ltr'>est</span> <span class='ocrx_word' id='word_1_216' title='bbox 3167 1712 3491 1766; x_wconf 89' lang='lat' dir='ltr'>elementis.</span> <span class='ocrx_word' id='word_1_217' title='bbox 3520 1711 3665 1765; x_wconf 90' lang='lat' dir='ltr'>Nam</span> 
     </span>
    </p>
   </div>
   <div class='ocr_carea' id='block_1_33' title="bbox 257 1797 3667 1879">
    <p class='ocr_par' dir='ltr' id='par_1_33' title="bbox 257 1797 3667 1879">
     <span class='ocr_line' id='line_1_33' title="bbox 257 1797 3667 1879; baseline 0.001 -28"><span class='ocrx_word' id='word_1_218' title='bbox 257 1797 463 1852; x_wconf 71' lang='lat' dir='ltr'>versiae</span> <span class='ocrx_word' id='word_1_219' title='bbox 491 1798 900 1868; x_wconf 78' lang='lat' dir='ltr'>conjecturalis</span> <span class='ocrx_word' id='word_1_220' title='bbox 924 1804 1116 1854; x_wconf 89' lang='lat' dir='ltr'>status</span> <span class='ocrx_word' id='word_1_221' title='bbox 1139 1819 1153 1866; x_wconf 86' lang='lat'><strong>;</strong></span> <span class='ocrx_word' id='word_1_222' title='bbox 1176 1816 1366 1870; x_wconf 89' lang='lat' dir='ltr'>neque</span> <span class='ocrx_word' id='word_1_223' title='bbox 1389 1799 1686 1854; x_wconf 82' lang='lat' dir='ltr'>definienti</span> <span class='ocrx_word' id='word_1_224' title='bbox 1707 1799 1907 1854; x_wconf 83' lang='lat' dir='ltr'>deﬁni-</span> <span class='ocrx_word' id='word_1_225' title='bbox 1940 1816 1985 1879; x_wconf 79' lang='grc' dir='ltr'>Β</span> <span class='ocrx_word' id='word_1_226' title='bbox 2020 1799 2219 1852; x_wconf 87' lang='lat' dir='ltr'>eodem</span> <span class='ocrx_word' id='word_1_227' title='bbox 2250 1803 2510 1870; x_wconf 84' lang='lat' dir='ltr'>tempore</span> <span class='ocrx_word' id='word_1_228' title='bbox 2545 1805 2661 1856; x_wconf 88' lang='lat' dir='ltr'>tota</span> <span class='ocrx_word' id='word_1_229' title='bbox 2691 1818 2867 1857; x_wconf 90' lang='lat' dir='ltr'>causa</span> <span class='ocrx_word' id='word_1_230' title='bbox 2891 1804 2957 1856; x_wconf 91' lang='lat' dir='ltr'>ad</span> <span class='ocrx_word' id='word_1_231' title='bbox 2994 1803 3254 1857; x_wconf 89' lang='lat' dir='ltr'>diversas</span> <span class='ocrx_word' id='word_1_232' title='bbox 3287 1801 3512 1873; x_wconf 86' lang='lat' dir='ltr'>species</span> <span class='ocrx_word' id='word_1_233' title='bbox 3535 1818 3667 1857; x_wconf 92' lang='lat' dir='ltr'>cum</span> 
     </span>
    </p>
   </div>
   <div class='ocr_carea' id='block_1_34' title="bbox 259 1887 1906 1944">
    <p class='ocr_par' dir='ltr' id='par_1_34' title="bbox 259 1887 1906 1944">
     <span class='ocr_line' id='line_1_34' title="bbox 259 1887 1906 1944; baseline 0.001 -2"><span class='ocrx_word' id='word_1_234' title='bbox 259 1887 347 1942; x_wconf 89' lang='lat' dir='ltr'>tio</span> <span class='ocrx_word' id='word_1_235' title='bbox 377 1904 390 1942; x_wconf 89' lang='lat'><strong>:</strong></span> <span class='ocrx_word' id='word_1_236' title='bbox 426 1891 603 1943; x_wconf 86' lang='lat' dir='ltr'>totam</span> <span class='ocrx_word' id='word_1_237' title='bbox 637 1888 792 1942; x_wconf 91' lang='lat' dir='ltr'>enim</span> <span class='ocrx_word' id='word_1_238' title='bbox 826 1888 1085 1942; x_wconf 89' lang='lat' dir='ltr'>continet</span> <span class='ocrx_word' id='word_1_239' title='bbox 1132 1904 1392 1944; x_wconf 88' lang='lat' dir='ltr'>causam.</span> <span class='ocrx_word' id='word_1_240' title='bbox 1428 1890 1676 1943; x_wconf 88' lang='lat' dir='ltr'>Causam</span> <span class='ocrx_word' id='word_1_241' title='bbox 1710 1894 1906 1943; x_wconf 90' lang='lat' dir='ltr'>autem</span> 
     </span>
    </p>
   </div>
   <div class='ocr_carea' id='block_1_35' title="bbox 259 1976 1910 2047">
    <p class='ocr_par' dir='ltr' id='par_1_35' title="bbox 259 1976 1910 2047">
     <span class='ocr_line' id='line_1_35' title="bbox 259 1976 1910 2047; baseline 0 -16"><span class='ocrx_word' id='word_1_242' title='bbox 259 1993 407 2031; x_wconf 85' lang='lat' dir='ltr'>voco</span> <span class='ocrx_word' id='word_1_243' title='bbox 439 1993 552 2031; x_wconf 90' lang='lat' dir='ltr'>non</span> <span class='ocrx_word' id='word_1_244' title='bbox 586 1976 949 2047; x_wconf 77' lang='lat' dir='ltr'>generaliter,</span> <span class='ocrx_word' id='word_1_245' title='bbox 982 1977 1080 2032; x_wconf 91' lang='lat' dir='ltr'>sed</span> <span class='ocrx_word' id='word_1_246' title='bbox 1130 1977 1586 2032; x_wconf 90' lang='lat' dir='ltr'>controversiam</span> <span class='ocrx_word' id='word_1_247' title='bbox 1621 1977 1910 2032; x_wconf 90' lang='lat' dir='ltr'>constitu-</span> 
     </span>
    </p>
   </div>
   <div class='ocr_carea' id='block_1_36' title="bbox 261 2064 1003 2136">
    <p class='ocr_par' dir='ltr' id='par_1_36' title="bbox 261 2064 1003 2136">
     <span class='ocr_line' id='line_1_36' title="bbox 261 2064 1003 2136; baseline 0.001 -17"><span class='ocrx_word' id='word_1_248' title='bbox 261 2067 423 2121; x_wconf 89' lang='lat' dir='ltr'>tione</span> <span class='ocrx_word' id='word_1_249' title='bbox 455 2064 655 2136; x_wconf 87' lang='lat' dir='ltr'>aliqua</span> <span class='ocrx_word' id='word_1_250' title='bbox 686 2065 1003 2120; x_wconf 81' lang='lat' dir='ltr'>firmatam.</span> 
     </span>
    </p>
   </div>
   <div class='ocr_carea' id='block_1_37' title="bbox 343 2155 1908 2226">
    <p class='ocr_par' dir='ltr' id='par_1_37' title="bbox 343 2155 1908 2226">
     <span class='ocr_line' id='line_1_37' title="bbox 343 2155 1908 2226; baseline 0.002 -19"><span class='ocrx_word' id='word_1_251' title='bbox 343 2155 583 2210; x_wconf 72' lang='lat' dir='ltr'>iO.Sunt</span> <span class='ocrx_word' id='word_1_252' title='bbox 605 2160 796 2210; x_wconf 85' lang='lat' dir='ltr'>autem</span> <span class='ocrx_word' id='word_1_253' title='bbox 827 2160 1017 2226; x_wconf 87' lang='lat' dir='ltr'>partes</span> <span class='ocrx_word' id='word_1_254' title='bbox 1041 2155 1496 2211; x_wconf 85' lang='lat' dir='ltr'>constitutiones</span> <span class='ocrx_word' id='word_1_255' title='bbox 1529 2171 1713 2210; x_wconf 69' lang='lat' dir='ltr'>causae</span> <span class='ocrx_word' id='word_1_256' title='bbox 1731 2171 1908 2226; x_wconf 90' lang='lat' dir='ltr'>gene-</span> 
     </span>
    </p>
   </div>
   <div class='ocr_carea' id='block_1_38' title="bbox 260 2243 1910 2314">
    <p class='ocr_par' dir='ltr' id='par_1_38' title="bbox 260 2243 1910 2314">
     <span class='ocr_line' id='line_1_38' title="bbox 260 2243 1910 2314; baseline -0.001 -15"><span class='ocrx_word' id='word_1_257' title='bbox 260 2244 407 2300; x_wconf 80' lang='lat' dir='ltr'>ralis</span> <span class='ocrx_word' id='word_1_258' title='bbox 438 2243 546 2300; x_wconf 92' lang='lat' dir='ltr'>boc</span> <span class='ocrx_word' id='word_1_259' title='bbox 571 2245 764 2299; x_wconf 91' lang='lat' dir='ltr'>modo.</span> <span class='ocrx_word' id='word_1_260' title='bbox 790 2245 846 2298; x_wconf 90' lang='lat' dir='ltr'>Si</span> <span class='ocrx_word' id='word_1_261' title='bbox 875 2244 1030 2298; x_wconf 91' lang='lat' dir='ltr'>enim</span> <span class='ocrx_word' id='word_1_262' title='bbox 1063 2247 1256 2299; x_wconf 89' lang='lat' dir='ltr'>omnis</span> <span class='ocrx_word' id='word_1_263' title='bbox 1290 2261 1468 2299; x_wconf 86' lang='lat' dir='ltr'>causa</span> <span class='ocrx_word' id='word_1_264' title='bbox 1499 2244 1910 2314; x_wconf 89' lang='lat' dir='ltr'>conjecturalis</span> 
     </span>
    </p>
   </div>
   <div class='ocr_carea' id='block_1_39' title="bbox 257 2333 1911 2403">
    <p class='ocr_par' dir='ltr' id='par_1_39' title="bbox 257 2333 1911 2403">
     <span class='ocr_line' id='line_1_39' title="bbox 257 2333 1911 2403; baseline -0.002 -12"><span class='ocrx_word' id='word_1_265' title='bbox 257 2341 436 2403; x_wconf 87' lang='lat' dir='ltr'>esset,</span> <span class='ocrx_word' id='word_1_266' title='bbox 459 2351 562 2390; x_wconf 91' lang='lat' dir='ltr'>nec</span> <span class='ocrx_word' id='word_1_267' title='bbox 583 2333 732 2388; x_wconf 86' lang='lat' dir='ltr'>alius</span> <span class='ocrx_word' id='word_1_268' title='bbox 759 2337 948 2388; x_wconf 89' lang='lat' dir='ltr'>status</span> <span class='ocrx_word' id='word_1_269' title='bbox 972 2333 1346 2401; x_wconf 90' lang='lat' dir='ltr'>inveniretur,</span> <span class='ocrx_word' id='word_1_270' title='bbox 1383 2351 1500 2388; x_wconf 92' lang='lat' dir='ltr'>non</span> <span class='ocrx_word' id='word_1_271' title='bbox 1535 2338 1690 2388; x_wconf 91' lang='lat' dir='ltr'>esset</span> <span class='ocrx_word' id='word_1_272' title='bbox 1721 2339 1911 2389; x_wconf 87' lang='lat' dir='ltr'>status</span> 
     </span>
    </p>
   </div>
   <div class='ocr_carea' id='block_1_40' title="bbox 259 2422 1910 2494">
    <p class='ocr_par' dir='ltr' id='par_1_40' title="bbox 259 2422 1910 2494">
     <span class='ocr_line' id='line_1_40' title="bbox 259 2422 1910 2494; baseline -0.001 -13"><span class='ocrx_word' id='word_1_273' title='bbox 259 2424 673 2494; x_wconf 80' lang='lat' dir='ltr'>conjecturalis</span> <span class='ocrx_word' id='word_1_274' title='bbox 705 2439 892 2477; x_wconf 71' lang='lat' dir='ltr'>causae</span> <span class='ocrx_word' id='word_1_275' title='bbox 926 2423 1189 2493; x_wconf 89' lang='lat' dir='ltr'>pars,sed</span> <span class='ocrx_word' id='word_1_276' title='bbox 1225 2422 1356 2492; x_wconf 90' lang='lat' dir='ltr'>ipsa</span> <span class='ocrx_word' id='word_1_277' title='bbox 1388 2440 1566 2478; x_wconf 87' lang='lat' dir='ltr'>causa</span> <span class='ocrx_word' id='word_1_278' title='bbox 1598 2428 1753 2478; x_wconf 90' lang='lat' dir='ltr'>esset</span> <span class='ocrx_word' id='word_1_279' title='bbox 1786 2423 1910 2479; x_wconf 91' lang='lat' dir='ltr'>sine</span> 
     </span>
    </p>
   </div>
   <div class='ocr_carea' id='block_1_41' title="bbox 258 2512 1911 2583">
    <p class='ocr_par' dir='ltr' id='par_1_41' title="bbox 258 2512 1911 2583">
     <span class='ocr_line' id='line_1_41' title="bbox 258 2512 1911 2583; baseline -0.001 -14"><span class='ocrx_word' id='word_1_280' title='bbox 258 2515 438 2569; x_wconf 91' lang='lat' dir='ltr'>dubio</span> <span class='ocrx_word' id='word_1_281' title='bbox 471 2515 822 2583; x_wconf 84' lang='lat' dir='ltr'>conjectura.</span> <span class='ocrx_word' id='word_1_282' title='bbox 855 2513 961 2568; x_wconf 91' lang='lat' dir='ltr'>Sed</span> <span class='ocrx_word' id='word_1_283' title='bbox 996 2512 1270 2581; x_wconf 90' lang='lat' dir='ltr'>quoniam</span> <span class='ocrx_word' id='word_1_284' title='bbox 1306 2512 1516 2582; x_wconf 86' lang='lat' dir='ltr'>partim</span> <span class='ocrx_word' id='word_1_285' title='bbox 1552 2513 1911 2582; x_wconf 86' lang='lat' dir='ltr'>conjectura,</span> 
     </span>
    </p>
   </div>
   <div class='ocr_carea' id='block_1_42' title="bbox 261 2600 1911 2676">
    <p class='ocr_par' dir='ltr' id='par_1_42' title="bbox 261 2600 1911 2676">
     <span class='ocr_line' id='line_1_42' title="bbox 261 2600 1911 2676; baseline -0.002 -18"><span class='ocrx_word' id='word_1_286' title='bbox 261 2604 478 2676; x_wconf 89' lang='lat' dir='ltr'>partim</span> <span class='ocrx_word' id='word_1_287' title='bbox 511 2603 659 2670; x_wconf 89' lang='lat' dir='ltr'>sine,</span> <span class='ocrx_word' id='word_1_288' title='bbox 695 2601 900 2672; x_wconf 89' lang='lat' dir='ltr'>partim</span> <span class='ocrx_word' id='word_1_289' title='bbox 934 2600 1228 2671; x_wconf 88' lang='lat' dir='ltr'>qualitate,</span> <span class='ocrx_word' id='word_1_290' title='bbox 1258 2603 1471 2672; x_wconf 88' lang='lat' dir='ltr'>partim</span> <span class='ocrx_word' id='word_1_291' title='bbox 1506 2603 1911 2666; x_wconf 84' lang='lat' dir='ltr'>translatione,</span> 
     </span>
    </p>
   </div>
   <div class='ocr_carea' id='block_1_43' title="bbox 259 2690 1910 2759">
    <p class='ocr_par' dir='ltr' id='par_1_43' title="bbox 259 2690 1910 2759">
     <span class='ocr_line' id='line_1_43' title="bbox 259 2690 1910 2759; baseline -0.002 -11"><span class='ocrx_word' id='word_1_292' title='bbox 259 2709 457 2748; x_wconf 70' lang='lat' dir='ltr'>causa:</span> <span class='ocrx_word' id='word_1_293' title='bbox 488 2707 692 2745; x_wconf 81' lang='lat' dir='ltr'>omnes</span> <span class='ocrx_word' id='word_1_294' title='bbox 723 2695 1015 2758; x_wconf 87' lang='lat' dir='ltr'>tenentur,</span> <span class='ocrx_word' id='word_1_295' title='bbox 1040 2706 1172 2759; x_wconf 89' lang='lat' dir='ltr'>pars</span> <span class='ocrx_word' id='word_1_296' title='bbox 1208 2695 1295 2744; x_wconf 91' lang='lat' dir='ltr'>est</span> <span class='ocrx_word' id='word_1_297' title='bbox 1325 2690 1670 2744; x_wconf 89' lang='lat' dir='ltr'>constitutio</span> <span class='ocrx_word' id='word_1_298' title='bbox 1699 2707 1910 2758; x_wconf 70' lang='lat' dir='ltr'>causae,</span> 
     </span>
    </p>
   </div>
   <div class='ocr_carea' id='block_1_44' title="bbox 263 2778 1913 2852">
    <p class='ocr_par' dir='ltr' id='par_1_44' title="bbox 263 2778 1913 2852">
     <span class='ocr_line' id='line_1_44' title="bbox 263 2778 1913 2852; baseline -0.002 -16"><span class='ocrx_word' id='word_1_299' title='bbox 263 2799 384 2836; x_wconf 91' lang='lat' dir='ltr'>non</span> <span class='ocrx_word' id='word_1_300' title='bbox 419 2782 546 2850; x_wconf 92' lang='lat' dir='ltr'>ejus</span> <span class='ocrx_word' id='word_1_301' title='bbox 606 2796 782 2852; x_wconf 87' lang='lat' dir='ltr'>quam</span> <span class='ocrx_word' id='word_1_302' title='bbox 844 2779 1094 2833; x_wconf 90' lang='lat' dir='ltr'>tenendo</span> <span class='ocrx_word' id='word_1_303' title='bbox 1120 2778 1415 2844; x_wconf 85' lang='lat' dir='ltr'>informat,</span> <span class='ocrx_word' id='word_1_304' title='bbox 1445 2779 1544 2832; x_wconf 87' lang='lat' dir='ltr'>sed</span> <span class='ocrx_word' id='word_1_305' title='bbox 1579 2780 1703 2847; x_wconf 89' lang='lat' dir='ltr'>ejus</span> <span class='ocrx_word' id='word_1_306' title='bbox 1736 2795 1913 2849; x_wconf 90' lang='lat' dir='ltr'>quam</span> 
     </span>
    </p>
   </div>
   <div class='ocr_carea' id='block_1_45' title="bbox 263 2866 1911 2940">
    <p class='ocr_par' dir='ltr' id='par_1_45' title="bbox 263 2866 1911 2940">
     <span class='ocr_line' id='line_1_45' title="bbox 263 2866 1911 2940; baseline -0.001 -17"><span class='ocrx_word' id='word_1_307' title='bbox 263 2869 473 2924; x_wconf 89' lang='lat' dir='ltr'>dividit</span> <span class='ocrx_word' id='word_1_308' title='bbox 502 2868 827 2940; x_wconf 87' lang='lat' dir='ltr'>generalis:</span> <span class='ocrx_word' id='word_1_309' title='bbox 889 2868 1058 2937; x_wconf 91' lang='lat' dir='ltr'>cujus</span> <span class='ocrx_word' id='word_1_310' title='bbox 1092 2866 1315 2922; x_wconf 91' lang='lat' dir='ltr'>scilicet</span> <span class='ocrx_word' id='word_1_311' title='bbox 1375 2867 1536 2938; x_wconf 88' lang='lat' dir='ltr'>quasi</span> <span class='ocrx_word' id='word_1_312' title='bbox 1581 2869 1911 2922; x_wconf 91' lang='lat' dir='ltr'>membrum</span> 
     </span>
    </p>
   </div>
   <div class='ocr_carea' id='block_1_46' title="bbox 266 2956 1912 3030">
    <p class='ocr_par' dir='ltr' id='par_1_46' title="bbox 266 2956 1912 3030">
     <span class='ocr_line' id='line_1_46' title="bbox 266 2956 1912 3030; baseline -0.002 -17"><span class='ocrx_word' id='word_1_313' title='bbox 266 2959 504 3030; x_wconf 87' lang='lat' dir='ltr'>aliquod</span> <span class='ocrx_word' id='word_1_314' title='bbox 530 2959 839 3014; x_wconf 87' lang='lat' dir='ltr'>abscidens</span> <span class='ocrx_word' id='word_1_315' title='bbox 872 2973 1041 3011; x_wconf 89' lang='lat' dir='ltr'>suum</span> <span class='ocrx_word' id='word_1_316' title='bbox 1078 2956 1211 3011; x_wconf 86' lang='lat' dir='ltr'>facit</span> <span class='ocrx_word' id='word_1_317' title='bbox 1243 2973 1606 3026; x_wconf 66' lang='lat' dir='ltr'>unaquaeque</span> <span class='ocrx_word' id='word_1_318' title='bbox 1629 2957 1912 3011; x_wconf 86' lang='lat' dir='ltr'>constitu-</span> 
     </span>
    </p>
   </div>
   <div class='ocr_carea' id='block_1_47' title="bbox 263 3045 1913 3118">
    <p class='ocr_par' dir='ltr' id='par_1_47' title="bbox 263 3045 1913 3118">
     <span class='ocr_line' id='line_1_47' title="bbox 263 3045 1913 3118; baseline -0.002 -15"><span class='ocrx_word' id='word_1_319' title='bbox 263 3049 369 3104; x_wconf 92' lang='lat' dir='ltr'>tio.</span> <span class='ocrx_word' id='word_1_320' title='bbox 403 3049 545 3102; x_wconf 90' lang='lat' dir='ltr'>Sunt</span> <span class='ocrx_word' id='word_1_321' title='bbox 577 3047 754 3117; x_wconf 85' lang='lat' dir='ltr'>igitur</span> <span class='ocrx_word' id='word_1_322' title='bbox 811 3053 1007 3118; x_wconf 87' lang='lat' dir='ltr'>partes</span> <span class='ocrx_word' id='word_1_323' title='bbox 1039 3053 1100 3099; x_wconf 88' lang='lat' dir='ltr'>ut</span> <span class='ocrx_word' id='word_1_324' title='bbox 1131 3045 1355 3116; x_wconf 90' lang='lat' dir='ltr'>species</span> <span class='ocrx_word' id='word_1_325' title='bbox 1404 3062 1594 3100; x_wconf 67' lang='lat' dir='ltr'>causae.</span> <span class='ocrx_word' id='word_1_326' title='bbox 1627 3047 1913 3100; x_wconf 88' lang='lat' dir='ltr'>constitu-</span> 
     </span>
    </p>
   </div>
   <div class='ocr_carea' id='block_1_48' title="bbox 259 3135 1911 3208">
    <p class='ocr_par' dir='ltr' id='par_1_48' title="bbox 259 3135 1911 3208">
     <span class='ocr_line' id='line_1_48' title="bbox 259 3135 1911 3208; baseline 0 -17"><span class='ocrx_word' id='word_1_327' title='bbox 259 3139 456 3193; x_wconf 89' lang='lat' dir='ltr'>tiones</span> <span class='ocrx_word' id='word_1_328' title='bbox 488 3135 800 3208; x_wconf 84' lang='lat' dir='ltr'>generalis,</span> <span class='ocrx_word' id='word_1_329' title='bbox 835 3152 950 3190; x_wconf 94' lang='lat' dir='ltr'>non</span> <span class='ocrx_word' id='word_1_330' title='bbox 1008 3136 1135 3206; x_wconf 90' lang='lat' dir='ltr'>ejus</span> <span class='ocrx_word' id='word_1_331' title='bbox 1189 3150 1368 3204; x_wconf 89' lang='lat' dir='ltr'>quam</span> <span class='ocrx_word' id='word_1_332' title='bbox 1416 3152 1780 3206; x_wconf 77' lang='lat' dir='ltr'>unaquaeque</span> <span class='ocrx_word' id='word_1_333' title='bbox 1829 3138 1911 3190; x_wconf 88' lang='lat' dir='ltr'>te-</span> 
     </span>
    </p>
   </div>
   <div class='ocr_carea' id='block_1_49' title="bbox 259 3226 860 3282">
    <p class='ocr_par' dir='ltr' id='par_1_49' title="bbox 259 3226 860 3282">
     <span class='ocr_line' id='line_1_49' title="bbox 259 3226 860 3282; baseline -0.007 -1"><span class='ocrx_word' id='word_1_334' title='bbox 259 3242 413 3282; x_wconf 85' lang='lat' dir='ltr'>nens</span> <span class='ocrx_word' id='word_1_335' title='bbox 445 3226 860 3280; x_wconf 87' lang='lat' dir='ltr'>informaverit.</span> 
     </span>
    </p>
   </div>
   <div class='ocr_carea' id='block_1_50' title="bbox 347 3311 1911 3383">
    <p class='ocr_par' dir='ltr' id='par_1_50' title="bbox 347 3311 1911 3383">
     <span class='ocr_line' id='line_1_50' title="bbox 347 3311 1911 3383; baseline 0.003 -19"><span class='ocrx_word' id='word_1_336' title='bbox 347 3318 426 3370; x_wconf 75' lang='lat'>11.</span> <span class='ocrx_word' id='word_1_337' title='bbox 453 3315 640 3379; x_wconf 81' lang='lat' dir='ltr'>Quare</span> <span class='ocrx_word' id='word_1_338' title='bbox 662 3319 746 3369; x_wconf 92' lang='lat' dir='ltr'>est</span> <span class='ocrx_word' id='word_1_339' title='bbox 770 3329 954 3383; x_wconf 87' lang='lat' dir='ltr'>genus</span> <span class='ocrx_word' id='word_1_340' title='bbox 980 3311 1280 3367; x_wconf 66' lang='lat' dir='ltr'>rhetoricae</span> <span class='ocrx_word' id='word_1_341' title='bbox 1315 3312 1911 3368; x_wconf 57' lang='lat' dir='ltr'>tacultasﬁbetoricze</span> 
     </span>
    </p>
   </div>
   <div class='ocr_carea' id='block_1_51' title="bbox 253 3401 1914 3475">
    <p class='ocr_par' dir='ltr' id='par_1_51' title="bbox 253 3401 1914 3475">
     <span class='ocr_line' id='line_1_51' title="bbox 253 3401 1914 3475; baseline -0.003 -15"><span class='ocrx_word' id='word_1_342' title='bbox 253 3422 397 3460; x_wconf 85' lang='lat' dir='ltr'>vero</span> <span class='ocrx_word' id='word_1_343' title='bbox 420 3405 644 3475; x_wconf 90' lang='lat' dir='ltr'>species</span> <span class='ocrx_word' id='word_1_344' title='bbox 670 3408 787 3457; x_wconf 89' lang='lat' dir='ltr'>tres</span> <span class='ocrx_word' id='word_1_345' title='bbox 812 3401 1234 3472; x_wconf 82' lang='lat' dir='ltr'>(a),judicialis,</span> <span class='ocrx_word' id='word_1_346' title='bbox 1268 3401 1750 3464; x_wconf 88' lang='lat' dir='ltr'>demonstrativa,</span> <span class='ocrx_word' id='word_1_347' title='bbox 1774 3402 1914 3455; x_wconf 88' lang='lat' dir='ltr'>deli-</span> 
     </span>
    </p>
   </div>
   <div class='ocr_carea' id='block_1_52' title="bbox 255 3489 1912 3560">
    <p class='ocr_par' dir='ltr' id='par_1_52' title="bbox 255 3489 1912 3560">
     <span class='ocr_line' id='line_1_52' title="bbox 255 3489 1912 3560; baseline -0.002 -11"><span class='ocrx_word' id='word_1_348' title='bbox 255 3491 788 3550; x_wconf 86' lang='lat' dir='ltr'>berativa.Materia</span> <span class='ocrx_word' id='word_1_349' title='bbox 813 3497 1007 3546; x_wconf 90' lang='lat' dir='ltr'>autem</span> <span class='ocrx_word' id='word_1_350' title='bbox 1042 3489 1231 3544; x_wconf 90' lang='lat' dir='ltr'>civilis</span> <span class='ocrx_word' id='word_1_351' title='bbox 1264 3489 1665 3560; x_wconf 68' lang='lat' dir='ltr'>qurestio,quae</span> <span class='ocrx_word' id='word_1_352' title='bbox 1698 3491 1912 3545; x_wconf 88' lang='lat' dir='ltr'>dicitur</span> 
     </span>
    </p>
   </div>
   <div class='ocr_carea' id='block_1_53' title="bbox 258 3578 1908 3650">
    <p class='ocr_par' dir='ltr' id='par_1_53' title="bbox 258 3578 1908 3650">
     <span class='ocr_line' id='line_1_53' title="bbox 258 3578 1908 3650; baseline -0.002 -12"><span class='ocrx_word' id='word_1_353' title='bbox 258 3583 665 3640; x_wconf 85' lang='lat' dir='ltr'>causa.Partes</span> <span class='ocrx_word' id='word_1_354' title='bbox 697 3582 876 3650; x_wconf 89' lang='lat' dir='ltr'>hujus</span> <span class='ocrx_word' id='word_1_355' title='bbox 912 3578 1166 3633; x_wconf 66' lang='lat' dir='ltr'>materiae</span> <span class='ocrx_word' id='word_1_356' title='bbox 1201 3579 1663 3633; x_wconf 89' lang='lat' dir='ltr'>constitutiones.</span> <span class='ocrx_word' id='word_1_357' title='bbox 1688 3579 1908 3634; x_wconf 78' lang='lat' dir='ltr'>Rheto-</span> 
     </span>
    </p>
   </div>
   <div class='ocr_carea' id='block_1_54' title="bbox 259 3667 1907 3743">
    <p class='ocr_par' dir='ltr' id='par_1_54' title="bbox 259 3667 1907 3743">
     <span class='ocr_line' id='line_1_54' title="bbox 259 3667 1907 3743; baseline -0.002 -15"><span class='ocrx_word' id='word_1_358' title='bbox 259 3675 396 3728; x_wconf 67' lang='lat' dir='ltr'>rica:</span> <span class='ocrx_word' id='word_1_359' title='bbox 429 3669 1262 3743; x_wconf 84' lang='lat' dir='ltr'>partes,inventio,dispositio,</span> <span class='ocrx_word' id='word_1_360' title='bbox 1296 3667 1566 3735; x_wconf 89' lang='lat' dir='ltr'>elocutio,</span> <span class='ocrx_word' id='word_1_361' title='bbox 1604 3672 1907 3737; x_wconf 88' lang='lat' dir='ltr'>memoria,</span> 
     </span>
    </p>
   </div>
   <div class='ocr_carea' id='block_1_55' title="bbox 261 3758 1907 3829">
    <p class='ocr_par' dir='ltr' id='par_1_55' title="bbox 261 3758 1907 3829">
     <span class='ocr_line' id='line_1_55' title="bbox 261 3758 1907 3829; baseline -0.003 -11"><span class='ocrx_word' id='word_1_362' title='bbox 261 3763 435 3818; x_wconf 83' lang='lat' dir='ltr'>actio.</span> <span class='ocrx_word' id='word_1_363' title='bbox 490 3763 977 3823; x_wconf 88' lang='lat' dir='ltr'>Instrumentum,</span> <span class='ocrx_word' id='word_1_364' title='bbox 1011 3758 1215 3812; x_wconf 86' lang='lat' dir='ltr'>oratio.</span> <span class='ocrx_word' id='word_1_365' title='bbox 1279 3758 1657 3812; x_wconf 88' lang='lat' dir='ltr'>Instrumenti</span> <span class='ocrx_word' id='word_1_366' title='bbox 1693 3763 1907 3829; x_wconf 88' lang='lat' dir='ltr'>partes,</span> 
     </span>
    </p>
   </div>
   <div class='ocr_carea' id='block_1_56' title="bbox 260 3840 1908 3919">
    <p class='ocr_par' dir='ltr' id='par_1_56' title="bbox 260 3840 1908 3919">
     <span class='ocr_line' id='line_1_56' title="bbox 260 3840 1908 3919; baseline -0.002 -13"><span class='ocrx_word' id='word_1_367' title='bbox 260 3850 588 3916; x_wconf 83' lang='lat' dir='ltr'>exordium,</span> <span class='ocrx_word' id='word_1_368' title='bbox 650 3848 926 3913; x_wconf 81' lang='lat' dir='ltr'>narratio,</span> <span class='ocrx_word' id='word_1_369' title='bbox 966 3840 1220 3918; x_wconf 76' lang='lat' dir='ltr'>partitio,</span> <span class='ocrx_word' id='word_1_370' title='bbox 1268 3847 1652 3912; x_wconf 82' lang='lat' dir='ltr'>confirmatio,</span> <span class='ocrx_word' id='word_1_371' title='bbox 1713 3865 1908 3919; x_wconf 89' lang='lat' dir='ltr'>repre-</span> 
     </span>
    </p>
   </div>
   <div class='ocr_carea' id='block_1_57' title="bbox 250 3936 1905 4010">
    <p class='ocr_par' dir='ltr' id='par_1_57' title="bbox 250 3936 1905 4010">
     <span class='ocr_line' id='line_1_57' title="bbox 250 3936 1905 4010; baseline -0.001 -16"><span class='ocrx_word' id='word_1_372' title='bbox 250 3939 484 4006; x_wconf 90' lang='lat' dir='ltr'>hensio,</span> <span class='ocrx_word' id='word_1_373' title='bbox 520 3937 829 4010; x_wconf 91' lang='lat' dir='ltr'>peroratio.</span> <span class='ocrx_word' id='word_1_374' title='bbox 866 3953 1072 4008; x_wconf 83' lang='lat' dir='ltr'>Qpera,</span> <span class='ocrx_word' id='word_1_375' title='bbox 1106 3936 1311 3991; x_wconf 89' lang='lat' dir='ltr'>docere</span> <span class='ocrx_word' id='word_1_376' title='bbox 1341 3942 1397 3990; x_wconf 92' lang='lat' dir='ltr'>et</span> <span class='ocrx_word' id='word_1_377' title='bbox 1431 3952 1678 3991; x_wconf 90' lang='lat' dir='ltr'>movere.</span> <span class='ocrx_word' id='word_1_378' title='bbox 1714 3939 1905 4008; x_wconf 83' lang='lat' dir='ltr'>Actor,</span> 
     </span>
    </p>
   </div>
   <div class='ocr_carea' id='block_1_58' title="bbox 327 4051 1448 4125">
    <p class='ocr_par' dir='ltr' id='par_1_58' title="bbox 327 4051 1448 4125">
     <span class='ocr_line' id='line_1_58' title="bbox 327 4051 1448 4125; baseline 0.001 -17"><span class='ocrx_word' id='word_1_379' title='bbox 327 4055 402 4125; x_wconf 87' lang='lat' dir='ltr'>(a)</span> <span class='ocrx_word' id='word_1_380' title='bbox 437 4054 522 4108; x_wconf 87' lang='lat' dir='ltr'>Fit</span> <span class='ocrx_word' id='word_1_381' title='bbox 549 4053 834 4125; x_wconf 88' lang='lat' dir='ltr'>epilogus.</span> <span class='ocrx_word' id='word_1_382' title='bbox 872 4051 1079 4107; x_wconf 82' lang='lat' dir='ltr'>Recole</span> <span class='ocrx_word' id='word_1_383' title='bbox 1111 4056 1307 4106; x_wconf 87' lang='lat' dir='ltr'>autem</span> <span class='ocrx_word' id='word_1_384' title='bbox 1336 4051 1365 4124; x_wconf 87' lang='lat'>§</span> <span class='ocrx_word' id='word_1_385' title='bbox 1394 4055 1448 4109; x_wconf 88' lang='lat'>2.</span> 
     </span>
    </p>
   </div>
   <div class='ocr_carea' id='block_1_59' title="bbox 2022 1887 2709 1958">
    <p class='ocr_par' dir='ltr' id='par_1_59' title="bbox 2022 1887 2709 1958">
     <span class='ocr_line' id='line_1_59' title="bbox 2022 1887 2709 1958; baseline 0.003 -16"><span class='ocrx_word' id='word_1_386' title='bbox 2022 1887 2147 1942; x_wconf 89' lang='lat' dir='ltr'>suis</span> <span class='ocrx_word' id='word_1_387' title='bbox 2183 1890 2444 1958; x_wconf 80' lang='lat' dir='ltr'>partibus</span> <span class='ocrx_word' id='word_1_388' title='bbox 2477 1891 2709 1945; x_wconf 89' lang='lat' dir='ltr'>transit.</span> 
     </span>
    </p>
   </div>
   <div class='ocr_carea' id='block_1_60' title="bbox 2093 1977 3671 2048">
    <p class='ocr_par' dir='ltr' id='par_1_60' title="bbox 2093 1977 3671 2048">
     <span class='ocr_line' id='line_1_60' title="bbox 2093 1977 3671 2048; baseline 0.003 -18"><span class='ocrx_word' id='word_1_389' title='bbox 2093 1977 2171 2030; x_wconf 88' lang='grc'>13.</span> <span class='ocrx_word' id='word_1_390' title='bbox 2204 1978 2312 2031; x_wconf 92' lang='lat' dir='ltr'>Sed</span> <span class='ocrx_word' id='word_1_391' title='bbox 2337 1994 2466 2031; x_wconf 90' lang='lat' dir='ltr'>cum</span> <span class='ocrx_word' id='word_1_392' title='bbox 2490 1979 2712 2048; x_wconf 91' lang='lat' dir='ltr'>species</span> <span class='ocrx_word' id='word_1_393' title='bbox 2747 1980 2803 2033; x_wconf 93' lang='lat' dir='ltr'>in</span> <span class='ocrx_word' id='word_1_394' title='bbox 2833 1980 3142 2034; x_wconf 89' lang='lat' dir='ltr'>materiam</span> <span class='ocrx_word' id='word_1_395' title='bbox 3167 1980 3456 2046; x_wconf 90' lang='lat' dir='ltr'>venerint,</span> <span class='ocrx_word' id='word_1_396' title='bbox 3492 1980 3547 2033; x_wconf 92' lang='lat' dir='ltr'>id</span> <span class='ocrx_word' id='word_1_397' title='bbox 3581 1984 3671 2035; x_wconf 91' lang='lat' dir='ltr'>est</span> 
     </span>
    </p>
   </div>
   <div class='ocr_carea' id='block_1_61' title="bbox 2022 2064 3671 2137">
    <p class='ocr_par' dir='ltr' id='par_1_61' title="bbox 2022 2064 3671 2137">
     <span class='ocr_line' id='line_1_61' title="bbox 2022 2064 3671 2137; baseline 0.002 -19"><span class='ocrx_word' id='word_1_398' title='bbox 2022 2064 2080 2118; x_wconf 92' lang='lat' dir='ltr'>in</span> <span class='ocrx_word' id='word_1_399' title='bbox 2114 2065 2336 2121; x_wconf 90' lang='lat' dir='ltr'>civilem</span> <span class='ocrx_word' id='word_1_400' title='bbox 2370 2067 2774 2137; x_wconf 67' lang='lat' dir='ltr'>quaestionem,</span> <span class='ocrx_word' id='word_1_401' title='bbox 2808 2072 2863 2122; x_wconf 93' lang='lat' dir='ltr'>et</span> <span class='ocrx_word' id='word_1_402' title='bbox 2895 2084 3021 2122; x_wconf 90' lang='lat' dir='ltr'>eam</span> <span class='ocrx_word' id='word_1_403' title='bbox 3078 2085 3210 2122; x_wconf 91' lang='lat' dir='ltr'>cum</span> <span class='ocrx_word' id='word_1_404' title='bbox 3246 2068 3370 2123; x_wconf 91' lang='lat' dir='ltr'>suis</span> <span class='ocrx_word' id='word_1_405' title='bbox 3398 2068 3671 2122; x_wconf 86' lang='lat' dir='ltr'>obtinue-</span> 
     </span>
    </p>
   </div>
   <div class='ocr_carea' id='block_1_62' title="bbox 2022 2153 3666 2226">
    <p class='ocr_par' dir='ltr' id='par_1_62' title="bbox 2022 2153 3666 2226">
     <span class='ocr_line' id='line_1_62' title="bbox 2022 2153 3666 2226; baseline 0.002 -21"><span class='ocrx_word' id='word_1_406' title='bbox 2022 2153 2701 2224; x_wconf 86' lang='lat' dir='ltr'>rintpartibus,inferunt</span> <span class='ocrx_word' id='word_1_407' title='bbox 2728 2173 2924 2212; x_wconf 90' lang='lat' dir='ltr'>secum</span> <span class='ocrx_word' id='word_1_408' title='bbox 2942 2157 3118 2210; x_wconf 90' lang='lat' dir='ltr'>etiam</span> <span class='ocrx_word' id='word_1_409' title='bbox 3145 2156 3334 2226; x_wconf 91' lang='lat' dir='ltr'>ipsam</span> <span class='ocrx_word' id='word_1_410' title='bbox 3362 2155 3666 2210; x_wconf 77' lang='lat' dir='ltr'>rhetoricae</span> 
     </span>
    </p>
   </div>
   <div class='ocr_carea' id='block_1_63' title="bbox 2023 2241 3665 2314">
    <p class='ocr_par' dir='ltr' id='par_1_63' title="bbox 2023 2241 3665 2314">
     <span class='ocr_line' id='line_1_63' title="bbox 2023 2241 3665 2314; baseline 0.001 -19"><span class='ocrx_word' id='word_1_411' title='bbox 2023 2241 2356 2297; x_wconf 87' lang='lat' dir='ltr'>facultatem</span> <span class='ocrx_word' id='word_1_412' title='bbox 2389 2260 2606 2313; x_wconf 89' lang='lat' dir='ltr'>:quare</span> <span class='ocrx_word' id='word_1_413' title='bbox 2635 2244 2811 2300; x_wconf 90' lang='lat' dir='ltr'>etiam</span> <span class='ocrx_word' id='word_1_414' title='bbox 2847 2245 3145 2298; x_wconf 68' lang='lat' dir='ltr'>rhetoricae</span> <span class='ocrx_word' id='word_1_415' title='bbox 3198 2249 3413 2314; x_wconf 89' lang='lat' dir='ltr'>partes.</span> <span class='ocrx_word' id='word_1_416' title='bbox 3447 2246 3506 2297; x_wconf 92' lang='lat' dir='ltr'><strong>In</strong></span> <span class='ocrx_word' id='word_1_417' title='bbox 3540 2243 3665 2299; x_wconf 86' lang='lat' dir='ltr'>sin-</span> 
     </span>
    </p>
   </div>
   <div class='ocr_carea' id='block_1_64' title="bbox 2023 2331 3666 2403">
    <p class='ocr_par' dir='ltr' id='par_1_64' title="bbox 2023 2331 3666 2403">
     <span class='ocr_line' id='line_1_64' title="bbox 2023 2331 3666 2403; baseline 0.002 -20"><span class='ocrx_word' id='word_1_418' title='bbox 2023 2331 2176 2402; x_wconf 85' lang='lat' dir='ltr'>gulis</span> <span class='ocrx_word' id='word_1_419' title='bbox 2207 2348 2342 2403; x_wconf 89' lang='lat' dir='ltr'>ergo</span> <span class='ocrx_word' id='word_1_420' title='bbox 2374 2333 2893 2388; x_wconf 84' lang='lat' dir='ltr'>constitutionibus</span> <span class='ocrx_word' id='word_1_421' title='bbox 2918 2338 3090 2387; x_wconf 91' lang='lat' dir='ltr'>erunt</span> <span class='ocrx_word' id='word_1_422' title='bbox 3125 2333 3426 2387; x_wconf 62' lang='lat' dir='ltr'>rhetorica;</span> <span class='ocrx_word' id='word_1_423' title='bbox 3447 2337 3666 2403; x_wconf 89' lang='lat' dir='ltr'>partes.</span> 
     </span>
    </p>
   </div>
   <div class='ocr_carea' id='block_1_65' title="bbox 2023 2421 3670 2477">
    <p class='ocr_par' dir='ltr' id='par_1_65' title="bbox 2023 2421 3670 2477">
     <span class='ocr_line' id='line_1_65' title="bbox 2023 2421 3670 2477; baseline -0.001 -2"><span class='ocrx_word' id='word_1_424' title='bbox 2023 2421 2130 2475; x_wconf 91' lang='lat' dir='ltr'>Sed</span> <span class='ocrx_word' id='word_1_425' title='bbox 2149 2421 2309 2476; x_wconf 89' lang='lat' dir='ltr'>illata</span> <span class='ocrx_word' id='word_1_426' title='bbox 2333 2422 2578 2476; x_wconf 90' lang='lat' dir='ltr'>materia</span> <span class='ocrx_word' id='word_1_427' title='bbox 2594 2422 2879 2477; x_wconf 78' lang='lat' dir='ltr'>rhetorica</span> <span class='ocrx_word' id='word_1_428' title='bbox 2904 2423 2958 2476; x_wconf 88' lang='lat' dir='ltr'>in</span> <span class='ocrx_word' id='word_1_429' title='bbox 2971 2425 3076 2477; x_wconf 91' lang='lat' dir='ltr'>fert</span> <span class='ocrx_word' id='word_1_430' title='bbox 3090 2438 3288 2476; x_wconf 93' lang='lat' dir='ltr'>secum</span> <span class='ocrx_word' id='word_1_431' title='bbox 3310 2422 3670 2476; x_wconf 89' lang='lat' dir='ltr'>instrumen-</span> 
     </span>
    </p>
   </div>
   <div class='ocr_carea' id='block_1_66' title="bbox 2023 2509 3668 2581">
    <p class='ocr_par' dir='ltr' id='par_1_66' title="bbox 2023 2509 3668 2581">
     <span class='ocr_line' id='line_1_66' title="bbox 2023 2509 3668 2581; baseline 0.001 -19"><span class='ocrx_word' id='word_1_432' title='bbox 2023 2513 2147 2563; x_wconf 92' lang='lat' dir='ltr'>tum</span> <span class='ocrx_word' id='word_1_433' title='bbox 2182 2527 2379 2564; x_wconf 91' lang='lat' dir='ltr'>suum.</span> <span class='ocrx_word' id='word_1_434' title='bbox 2406 2512 2584 2566; x_wconf 80' lang='lat' dir='ltr'>Infert</span> <span class='ocrx_word' id='word_1_435' title='bbox 2615 2512 2794 2581; x_wconf 80' lang='lat' dir='ltr'>igitur</span> <span class='ocrx_word' id='word_1_436' title='bbox 2826 2528 3027 2566; x_wconf 92' lang='lat' dir='ltr'>secum</span> <span class='ocrx_word' id='word_1_437' title='bbox 3062 2511 3411 2576; x_wconf 89' lang='lat' dir='ltr'>orationem,</span> <span class='ocrx_word' id='word_1_438' title='bbox 3449 2515 3506 2564; x_wconf 91' lang='lat' dir='ltr'>et</span> <span class='ocrx_word' id='word_1_439' title='bbox 3545 2509 3668 2564; x_wconf 68' lang='lat' dir='ltr'>haec</span> 
     </span>
    </p>
   </div>
   <div class='ocr_carea' id='block_1_67' title="bbox 2024 2598 3667 2670">
    <p class='ocr_par' dir='ltr' id='par_1_67' title="bbox 2024 2598 3667 2670">
     <span class='ocr_line' id='line_1_67' title="bbox 2024 2598 3667 2670; baseline -0.001 -18"><span class='ocrx_word' id='word_1_440' title='bbox 2024 2599 2290 2669; x_wconf 89' lang='lat' dir='ltr'>pr0prias</span> <span class='ocrx_word' id='word_1_441' title='bbox 2318 2605 2510 2669; x_wconf 87' lang='lat' dir='ltr'>partes</span> <span class='ocrx_word' id='word_1_442' title='bbox 2536 2616 2547 2653; x_wconf 94' lang='lat'>:</span> <span class='ocrx_word' id='word_1_443' title='bbox 2582 2600 2808 2670; x_wconf 88' lang='lat' dir='ltr'>eritque</span> <span class='ocrx_word' id='word_1_444' title='bbox 2839 2601 2895 2654; x_wconf 93' lang='lat' dir='ltr'>in</span> <span class='ocrx_word' id='word_1_445' title='bbox 2944 2598 3469 2655; x_wconf 84' lang='lat' dir='ltr'>constitutionibus</span> <span class='ocrx_word' id='word_1_446' title='bbox 3499 2615 3667 2652; x_wconf 84' lang='lat' dir='ltr'>exor-</span> 
     </span>
    </p>
   </div>
   <div class='ocr_carea' id='block_1_68' title="bbox 2025 2688 3661 2743">
    <p class='ocr_par' dir='ltr' id='par_1_68' title="bbox 2025 2688 3661 2743">
     <span class='ocr_line' id='line_1_68' title="bbox 2025 2688 3661 2743; baseline -0.001 -3"><span class='ocrx_word' id='word_1_447' title='bbox 2025 2688 2185 2740; x_wconf 86' lang='lat' dir='ltr'>dium</span> <span class='ocrx_word' id='word_1_448' title='bbox 2216 2692 2271 2740; x_wconf 86' lang='lat' dir='ltr'>et</span> <span class='ocrx_word' id='word_1_449' title='bbox 2294 2689 2546 2742; x_wconf 72' lang='lat' dir='ltr'>narratio</span> <span class='ocrx_word' id='word_1_450' title='bbox 2568 2694 2626 2743; x_wconf 92' lang='lat' dir='ltr'>et</span> <span class='ocrx_word' id='word_1_451' title='bbox 2648 2693 2872 2742; x_wconf 73' lang='lat' dir='ltr'>caetera.</span> <span class='ocrx_word' id='word_1_452' title='bbox 2898 2689 3007 2743; x_wconf 89' lang='lat' dir='ltr'>Sed</span> <span class='ocrx_word' id='word_1_453' title='bbox 3035 2705 3167 2742; x_wconf 92' lang='lat' dir='ltr'>cum</span> <span class='ocrx_word' id='word_1_454' title='bbox 3198 2689 3661 2741; x_wconf 89' lang='lat' dir='ltr'>instrumentum</span> 
     </span>
    </p>
   </div>
   <div class='ocr_carea' id='block_1_69' title="bbox 2021 2777 3664 2850">
    <p class='ocr_par' dir='ltr' id='par_1_69' title="bbox 2021 2777 3664 2850">
     <span class='ocr_line' id='line_1_69' title="bbox 2021 2777 3664 2850; baseline 0 -20"><span class='ocrx_word' id='word_1_455' title='bbox 2021 2777 2241 2832; x_wconf 91' lang='lat' dir='ltr'>venerit</span> <span class='ocrx_word' id='word_1_456' title='bbox 2264 2777 2320 2830; x_wconf 93' lang='lat' dir='ltr'>in</span> <span class='ocrx_word' id='word_1_457' title='bbox 2338 2777 2560 2832; x_wconf 90' lang='lat' dir='ltr'>civilem</span> <span class='ocrx_word' id='word_1_458' title='bbox 2581 2779 2958 2850; x_wconf 65' lang='lat' dir='ltr'>quaestionem</span> <span class='ocrx_word' id='word_1_459' title='bbox 2974 2795 3226 2849; x_wconf 83' lang='lat' dir='ltr'>,Operam</span> <span class='ocrx_word' id='word_1_460' title='bbox 3253 2793 3482 2847; x_wconf 80' lang='lat' dir='ltr'>quoque</span> <span class='ocrx_word' id='word_1_461' title='bbox 3497 2793 3664 2831; x_wconf 91' lang='lat' dir='ltr'>suam</span> 
     </span>
    </p>
   </div>
   <div class='ocr_carea' id='block_1_70' title="bbox 2024 2864 3663 2937">
    <p class='ocr_par' dir='ltr' id='par_1_70' title="bbox 2024 2864 3663 2937">
     <span class='ocr_line' id='line_1_70' title="bbox 2024 2864 3663 2937; baseline 0 -18"><span class='ocrx_word' id='word_1_462' title='bbox 2024 2864 2197 2920; x_wconf 87' lang='lat' dir='ltr'>simul</span> <span class='ocrx_word' id='word_1_463' title='bbox 2231 2866 2420 2920; x_wconf 79' lang='lat' dir='ltr'>infert.</span> <span class='ocrx_word' id='word_1_464' title='bbox 2457 2867 2520 2920; x_wconf 87' lang='lat' dir='ltr'>Et</span> <span class='ocrx_word' id='word_1_465' title='bbox 2581 2866 2812 2922; x_wconf 90' lang='lat' dir='ltr'>docebit</span> <span class='ocrx_word' id='word_1_466' title='bbox 2856 2867 3035 2937; x_wconf 84' lang='lat' dir='ltr'>igitur</span> <span class='ocrx_word' id='word_1_467' title='bbox 3086 2883 3150 2919; x_wconf 83' lang='lat' dir='ltr'>uc</span> <span class='ocrx_word' id='word_1_468' title='bbox 3202 2865 3576 2936; x_wconf 88' lang='lat' dir='ltr'>persuadebit</span> <span class='ocrx_word' id='word_1_469' title='bbox 3605 2865 3663 2919; x_wconf 92' lang='lat' dir='ltr'>in</span> 
     </span>
    </p>
   </div>
   <div class='ocr_carea' id='block_1_71' title="bbox 2024 2955 3666 3025">
    <p class='ocr_par' dir='ltr' id='par_1_71' title="bbox 2024 2955 3666 3025">
     <span class='ocr_line' id='line_1_71' title="bbox 2024 2955 3666 3025; baseline -0.001 -17"><span class='ocrx_word' id='word_1_470' title='bbox 2024 2955 2184 3009; x_wconf 89' lang='lat' dir='ltr'>omni</span> <span class='ocrx_word' id='word_1_471' title='bbox 2216 2956 2654 3010; x_wconf 83' lang='lat' dir='ltr'>constitutione.</span> <span class='ocrx_word' id='word_1_472' title='bbox 2715 2956 2824 3010; x_wconf 89' lang='lat' dir='ltr'>Sed</span> <span class='ocrx_word' id='word_1_473' title='bbox 2879 2955 2998 3009; x_wconf 66' lang='lat' dir='ltr'>haec</span> <span class='ocrx_word' id='word_1_474' title='bbox 3053 2971 3153 3025; x_wconf 89' lang='lat' dir='ltr'>per</span> <span class='ocrx_word' id='word_1_475' title='bbox 3206 2971 3268 3008; x_wconf 92' lang='lat' dir='ltr'>se</span> <span class='ocrx_word' id='word_1_476' title='bbox 3325 2955 3519 3008; x_wconf 87' lang='lat' dir='ltr'>venire</span> <span class='ocrx_word' id='word_1_477' title='bbox 3551 2969 3666 3007; x_wconf 90' lang='lat' dir='ltr'>non</span> 
     </span>
    </p>
   </div>
   <div class='ocr_carea' id='block_1_72' title="bbox 2026 3042 3669 3115">
    <p class='ocr_par' dir='ltr' id='par_1_72' title="bbox 2026 3042 3669 3115">
     <span class='ocr_line' id='line_1_72' title="bbox 2026 3042 3669 3115; baseline -0.002 -16"><span class='ocrx_word' id='word_1_478' title='bbox 2026 3051 2322 3114; x_wconf 90' lang='lat' dir='ltr'>poterunt,</span> <span class='ocrx_word' id='word_1_479' title='bbox 2357 3045 2470 3100; x_wconf 92' lang='lat' dir='ltr'>nisi</span> <span class='ocrx_word' id='word_1_480' title='bbox 2501 3046 2576 3100; x_wconf 88' lang='lat' dir='ltr'>sit</span> <span class='ocrx_word' id='word_1_481' title='bbox 2608 3047 2656 3100; x_wconf 92' lang='lat' dir='ltr'>is</span> <span class='ocrx_word' id='word_1_482' title='bbox 2691 3047 2786 3115; x_wconf 92' lang='lat' dir='ltr'>qui</span> <span class='ocrx_word' id='word_1_483' title='bbox 2818 3047 2937 3098; x_wconf 65' lang='lat' dir='ltr'>hinc</span> <span class='ocrx_word' id='word_1_484' title='bbox 2987 3049 3238 3112; x_wconf 88' lang='lat' dir='ltr'>moveat,</span> <span class='ocrx_word' id='word_1_485' title='bbox 3271 3042 3430 3098; x_wconf 87' lang='lat' dir='ltr'>velut</span> <span class='ocrx_word' id='word_1_486' title='bbox 3460 3043 3669 3096; x_wconf 83' lang='lat' dir='ltr'>artifex</span> 
     </span>
    </p>
   </div>
   <div class='ocr_carea' id='block_1_73' title="bbox 2025 3130 3672 3205">
    <p class='ocr_par' dir='ltr' id='par_1_73' title="bbox 2025 3130 3672 3205">
     <span class='ocr_line' id='line_1_73' title="bbox 2025 3130 3672 3205; baseline -0.003 -16"><span class='ocrx_word' id='word_1_487' title='bbox 2025 3142 2197 3205; x_wconf 87' lang='lat' dir='ltr'>atque</span> <span class='ocrx_word' id='word_1_488' title='bbox 2230 3133 2611 3190; x_wconf 87' lang='lat' dir='ltr'>architectus.</span> <span class='ocrx_word' id='word_1_489' title='bbox 2654 3134 2756 3189; x_wconf 87' lang='lat' dir='ltr'>Hic</span> <span class='ocrx_word' id='word_1_490' title='bbox 2809 3143 3000 3188; x_wconf 90' lang='lat' dir='ltr'>autem</span> <span class='ocrx_word' id='word_1_491' title='bbox 3037 3138 3125 3187; x_wconf 90' lang='lat' dir='ltr'>est</span> <span class='ocrx_word' id='word_1_492' title='bbox 3156 3137 3371 3199; x_wconf 90' lang='lat' dir='ltr'>orator,</span> <span class='ocrx_word' id='word_1_493' title='bbox 3406 3130 3504 3202; x_wconf 92' lang='lat' dir='ltr'>qui</span> <span class='ocrx_word' id='word_1_494' title='bbox 3539 3146 3672 3185; x_wconf 90' lang='lat' dir='ltr'>cum</span> 
     </span>
    </p>
   </div>
   <div class='ocr_carea' id='block_1_74' title="bbox 2025 3220 3670 3285">
    <p class='ocr_par' dir='ltr' id='par_1_74' title="bbox 2025 3220 3670 3285">
     <span class='ocr_line' id='line_1_74' title="bbox 2025 3220 3670 3285; baseline -0.002 -8"><span class='ocrx_word' id='word_1_495' title='bbox 2025 3225 2092 3277; x_wconf 89' lang='lat' dir='ltr'>ad</span> <span class='ocrx_word' id='word_1_496' title='bbox 2130 3239 2365 3277; x_wconf 87' lang='lat' dir='ltr'>causam</span> <span class='ocrx_word' id='word_1_497' title='bbox 2403 3223 2732 3285; x_wconf 88' lang='lat' dir='ltr'>accesserit,</span> <span class='ocrx_word' id='word_1_498' title='bbox 2770 3221 2939 3276; x_wconf 89' lang='lat' dir='ltr'>faciet</span> <span class='ocrx_word' id='word_1_499' title='bbox 2995 3220 3251 3276; x_wconf 84' lang='lat' dir='ltr'>officium</span> <span class='ocrx_word' id='word_1_500' title='bbox 3285 3237 3481 3274; x_wconf 90' lang='lat' dir='ltr'>suum.</span> <span class='ocrx_word' id='word_1_501' title='bbox 3518 3220 3670 3274; x_wconf 88' lang='lat' dir='ltr'>Bene</span> 
     </span>
    </p>
   </div>
   <div class='ocr_carea' id='block_1_75' title="bbox 2024 3307 3661 3382">
    <p class='ocr_par' dir='ltr' id='par_1_75' title="bbox 2024 3307 3661 3382">
     <span class='ocr_line' id='line_1_75' title="bbox 2024 3307 3661 3382; baseline -0.003 -17"><span class='ocrx_word' id='word_1_502' title='bbox 2024 3312 2202 3382; x_wconf 89' lang='lat' dir='ltr'>igitur</span> <span class='ocrx_word' id='word_1_503' title='bbox 2231 3313 2385 3366; x_wconf 90' lang='lat' dir='ltr'>dicet</span> <span class='ocrx_word' id='word_1_504' title='bbox 2417 3312 2472 3364; x_wconf 90' lang='lat' dir='ltr'>in</span> <span class='ocrx_word' id='word_1_505' title='bbox 2508 3311 2665 3365; x_wconf 91' lang='lat' dir='ltr'>omni</span> <span class='ocrx_word' id='word_1_506' title='bbox 2699 3326 2907 3380; x_wconf 85' lang='lat' dir='ltr'>genere</span> <span class='ocrx_word' id='word_1_507' title='bbox 2936 3326 3273 3372; x_wconf 87' lang='lat' dir='ltr'>causarum,</span> <span class='ocrx_word' id='word_1_508' title='bbox 3319 3316 3376 3364; x_wconf 93' lang='lat' dir='ltr'>et</span> <span class='ocrx_word' id='word_1_509' title='bbox 3409 3309 3465 3362; x_wconf 91' lang='lat' dir='ltr'>in</span> <span class='ocrx_word' id='word_1_510' title='bbox 3499 3307 3661 3362; x_wconf 82' lang='lat' dir='ltr'>omni</span> 
     </span>
    </p>
   </div>
   <div class='ocr_carea' id='block_1_76' title="bbox 2022 3398 3667 3466">
    <p class='ocr_par' dir='ltr' id='par_1_76' title="bbox 2022 3398 3667 3466">
     <span class='ocr_line' id='line_1_76' title="bbox 2022 3398 3667 3466; baseline -0.001 -12"><span class='ocrx_word' id='word_1_511' title='bbox 2022 3401 2674 3456; x_wconf 87' lang='lat' dir='ltr'>constitutione.0ratur</span> <span class='ocrx_word' id='word_1_512' title='bbox 2706 3399 2878 3454; x_wconf 90' lang='lat' dir='ltr'>faciet</span> <span class='ocrx_word' id='word_1_513' title='bbox 2900 3400 3074 3452; x_wconf 89' lang='lat' dir='ltr'>etiam</span> <span class='ocrx_word' id='word_1_514' title='bbox 3096 3398 3423 3466; x_wconf 83' lang='lat' dir='ltr'>ﬁnem,tum</span> <span class='ocrx_word' id='word_1_515' title='bbox 3446 3404 3509 3452; x_wconf 90' lang='lat' dir='ltr'>ut</span> <span class='ocrx_word' id='word_1_516' title='bbox 3525 3398 3667 3452; x_wconf 92' lang='lat' dir='ltr'>bene</span> 
     </span>
    </p>
   </div>
   <div class='ocr_carea' id='block_1_77' title="bbox 2021 3487 3663 3557">
    <p class='ocr_par' dir='ltr' id='par_1_77' title="bbox 2021 3487 3663 3557">
     <span class='ocr_line' id='line_1_77' title="bbox 2021 3487 3663 3557; baseline -0.004 -12"><span class='ocrx_word' id='word_1_517' title='bbox 2021 3491 2232 3545; x_wconf 84' lang='lat' dir='ltr'>dixerit</span> <span class='ocrx_word' id='word_1_518' title='bbox 2260 3491 2320 3544; x_wconf 93' lang='lat' dir='ltr'>in</span> <span class='ocrx_word' id='word_1_519' title='bbox 2353 3490 2511 3544; x_wconf 91' lang='lat' dir='ltr'>omni</span> <span class='ocrx_word' id='word_1_520' title='bbox 2541 3487 2982 3555; x_wconf 86' lang='lat' dir='ltr'>constitutione,</span> <span class='ocrx_word' id='word_1_521' title='bbox 3015 3493 3140 3541; x_wconf 92' lang='lat' dir='ltr'>tum</span> <span class='ocrx_word' id='word_1_522' title='bbox 3176 3493 3239 3541; x_wconf 91' lang='lat' dir='ltr'>ut</span> <span class='ocrx_word' id='word_1_523' title='bbox 3284 3487 3663 3557; x_wconf 88' lang='lat' dir='ltr'>persuaserit.</span> 
     </span>
    </p>
   </div>
   <div class='ocr_carea' id='block_1_78' title="bbox 2091 3577 3666 3650">
    <p class='ocr_par' dir='ltr' id='par_1_78' title="bbox 2091 3577 3666 3650">
     <span class='ocr_line' id='line_1_78' title="bbox 2091 3577 3666 3650; baseline -0.002 -17"><span class='ocrx_word' id='word_1_524' title='bbox 2091 3579 2169 3633; x_wconf 88' lang='lat' dir='ltr'>De</span> <span class='ocrx_word' id='word_1_525' title='bbox 2201 3579 2451 3650; x_wconf 89' lang='lat' dir='ltr'>singulis</span> <span class='ocrx_word' id='word_1_526' title='bbox 2476 3578 2652 3650; x_wconf 91' lang='lat' dir='ltr'>igitur</span> <span class='ocrx_word' id='word_1_527' title='bbox 2683 3594 2836 3632; x_wconf 91' lang='lat' dir='ltr'>nunc</span> <span class='ocrx_word' id='word_1_528' title='bbox 2869 3577 3108 3647; x_wconf 90' lang='lat' dir='ltr'>quidem</span> <span class='ocrx_word' id='word_1_529' title='bbox 3143 3578 3199 3631; x_wconf 90' lang='lat' dir='ltr'>in</span> <span class='ocrx_word' id='word_1_530' title='bbox 3232 3581 3666 3633; x_wconf 84' lang='lat' dir='ltr'>communetra-</span> 
     </span>
    </p>
   </div>
   <div class='ocr_carea' id='block_1_79' title="bbox 2019 3666 3669 3738">
    <p class='ocr_par' dir='ltr' id='par_1_79' title="bbox 2019 3666 3669 3738">
     <span class='ocr_line' id='line_1_79' title="bbox 2019 3666 3669 3738; baseline -0.002 -14"><span class='ocrx_word' id='word_1_531' title='bbox 2019 3670 2304 3725; x_wconf 85' lang='lat' dir='ltr'>ctavimus</span> <span class='ocrx_word' id='word_1_532' title='bbox 2333 3671 2436 3723; x_wconf 90' lang='lat' dir='ltr'>:de</span> <span class='ocrx_word' id='word_1_533' title='bbox 2457 3683 2807 3738; x_wconf 88' lang='lat' dir='ltr'>unoquoque</span> <span class='ocrx_word' id='word_1_534' title='bbox 2837 3683 2968 3722; x_wconf 91' lang='lat' dir='ltr'>vero</span> <span class='ocrx_word' id='word_1_535' title='bbox 2987 3666 3300 3737; x_wconf 88' lang='lat' dir='ltr'>separatim</span> <span class='ocrx_word' id='word_1_536' title='bbox 3328 3666 3532 3737; x_wconf 88' lang='lat' dir='ltr'>post,si</span> <span class='ocrx_word' id='word_1_537' title='bbox 3557 3666 3669 3721; x_wconf 92' lang='lat' dir='ltr'>erit</span> 
     </span>
    </p>
   </div>
   <div class='ocr_carea' id='block_1_80' title="bbox 2019 3759 2820 3824">
    <p class='ocr_par' dir='ltr' id='par_1_80' title="bbox 2019 3759 2820 3824">
     <span class='ocr_line' id='line_1_80' title="bbox 2019 3759 2820 3824; baseline -0.001 -12"><span class='ocrx_word' id='word_1_538' title='bbox 2019 3759 2403 3824; x_wconf 89' lang='lat' dir='ltr'>commodum,</span> <span class='ocrx_word' id='word_1_539' title='bbox 2437 3759 2820 3812; x_wconf 90' lang='lat' dir='ltr'>disseremus.</span> 
     </span>
    </p>
   </div>
   <div class='ocr_carea' id='block_1_81' title="bbox 2017 3860 3663 3903">
    <p class='ocr_par' dir='ltr' id='par_1_81' title="bbox 2017 3860 3663 3903">
     <span class='ocr_line' id='line_1_81' title="bbox 2017 3860 3663 3903; baseline -0.002 -1"><span class='ocrx_word' id='word_1_540' title='bbox 2017 3865 2269 3902; x_wconf 78' lang='lat' dir='ltr'>EXPLICI&#39;I‘</span> <span class='ocrx_word' id='word_1_541' title='bbox 2326 3863 2668 3903; x_wconf 75' lang='lat' dir='ltr'>SPECULATIO</span> <span class='ocrx_word' id='word_1_542' title='bbox 2727 3863 3030 3902; x_wconf 78' lang='lat' dir='ltr'>COMMUNIS</span> <span class='ocrx_word' id='word_1_543' title='bbox 3093 3863 3161 3901; x_wconf 79' lang='lat' dir='ltr'>DE</span> <span class='ocrx_word' id='word_1_544' title='bbox 3201 3861 3534 3901; x_wconf 66' lang='lat' dir='ltr'>RHETORICE</span> <span class='ocrx_word' id='word_1_545' title='bbox 3565 3860 3663 3899; x_wconf 80' lang='lat' dir='ltr'><strong>CO-</strong></span> 
     </span>
    </p>
   </div>
   <div class='ocr_carea' id='block_1_82' title="bbox 2692 3953 2993 3992">
    <p class='ocr_par' dir='ltr' id='par_1_82' title="bbox 2692 3953 2993 3992">
     <span class='ocr_line' id='line_1_82' title="bbox 2692 3953 2993 3992; baseline -0.003 0"><span class='ocrx_word' id='word_1_546' title='bbox 2692 3953 2993 3992; x_wconf 77' lang='lat' dir='ltr'>GNATIONE.</span> 
     </span>
    </p>
   </div>
   <div class='ocr_carea' id='block_1_83' title="bbox 252 4208 3659 4231">
    <p class='ocr_par' dir='ltr' id='par_1_83' title="bbox 252 4208 3659 4231">
     <span class='ocr_line' id='line_1_83' title="bbox 252 4208 3659 4231; baseline -0.002 -1"><span class='ocrx_word' id='word_1_547' title='bbox 252 4208 3659 4231; x_wconf 55' lang='grc' dir='ltr'><em>Μ</em></span> 
     </span>
    </p>
   </div>
   <div class='ocr_carea' id='block_1_84' title="bbox 889 4323 1927 4434">
    <p class='ocr_par' dir='ltr' id='par_1_84' title="bbox 889 4323 1927 4434">
     <span class='ocr_line' id='line_1_84' title="bbox 889 4323 1927 4434; baseline 0.004 -5"><span class='ocrx_word' id='word_1_548' title='bbox 889 4324 1141 4429; x_wconf 75' lang='lat' dir='ltr'>AN.</span> <span class='ocrx_word' id='word_1_549' title='bbox 1231 4323 1764 4429; x_wconf 67' lang='lat' dir='ltr'>NIANL.</span> <span class='ocrx_word' id='word_1_550' title='bbox 1847 4325 1927 4434; x_wconf 69' lang='grc' dir='ltr'>ε</span> 
     </span>
    </p>
   </div>
   <div class='ocr_carea' id='block_1_85' title="bbox 2023 4323 3019 4434">
    <p class='ocr_par' dir='ltr' id='par_1_85' title="bbox 2023 4324 3019 4433">
     <span class='ocr_line' id='line_1_85' title="bbox 2023 4324 3019 4433; baseline 0 -3"><span class='ocrx_word' id='word_1_551' title='bbox 2023 4327 2233 4430; x_wconf 71' lang='grc' dir='ltr'>Ν.</span> <span class='ocrx_word' id='word_1_552' title='bbox 2319 4324 2953 4433; x_wconf 74' lang='grc' dir='ltr'>ΒθΕΤΙΙ</span> <span class='ocrx_word' id='word_1_553' title='bbox 2988 4332 3019 4365; x_wconf 76' lang='grc'>⁸</span> 
     </span>
    </p>
   </div>
   <div class='ocr_carea' id='block_1_86' title="bbox 1810 4541 2103 4602">
    <p class='ocr_par' dir='ltr' id='par_1_86' title="bbox 1810 4541 2103 4602">
     <span class='ocr_line' id='line_1_86' title="bbox 1810 4541 2103 4602; baseline 0 0"><span class='ocrx_word' id='word_1_554' title='bbox 1810 4541 2103 4602; x_wconf 86' lang='lat' dir='ltr'>INCIPIT</span> 
     </span>
    </p>
   </div>
   <div class='ocr_carea' id='block_1_87' title="bbox 708 4715 3208 4814">
    <p class='ocr_par' dir='ltr' id='par_1_87' title="bbox 708 4715 3208 4814">
     <span class='ocr_line' id='line_1_87' title="bbox 708 4715 3208 4814; baseline 0 -3"><span class='ocrx_word' id='word_1_555' title='bbox 708 4717 1314 4812; x_wconf 80' lang='lat' dir='ltr'>LOCORUM</span> <span class='ocrx_word' id='word_1_556' title='bbox 1380 4716 2401 4814; x_wconf 81' lang='lat' dir='ltr'>RHETORICORUM</span> <span class='ocrx_word' id='word_1_557' title='bbox 2478 4715 3208 4813; x_wconf 80' lang='lat' dir='ltr'><strong>DISTINCTIO.</strong></span> 
     </span>
    </p>
   </div>
   <div class='ocr_carea' id='block_1_88' title="bbox 327 4908 3662 5002">
    <p class='ocr_par' dir='ltr' id='par_1_88' title="bbox 327 4908 3662 5002">
     <span class='ocr_line' id='line_1_88' title="bbox 327 4908 3662 5002; baseline -0.003 -33"><span class='ocrx_word' id='word_1_558' title='bbox 327 4914 641 4970; x_wconf 80' lang='lat' dir='ltr'>1.Persona</span> <span class='ocrx_word' id='word_1_559' title='bbox 660 4918 748 4968; x_wconf 91' lang='lat' dir='ltr'>est</span> <span class='ocrx_word' id='word_1_560' title='bbox 771 4930 894 4984; x_wconf 78' lang='lat' dir='ltr'>quae</span> <span class='ocrx_word' id='word_1_561' title='bbox 917 4911 1282 4983; x_wconf 90' lang='lat' dir='ltr'>injudicium</span> <span class='ocrx_word' id='word_1_562' title='bbox 1306 4911 1899 4983; x_wconf 87' lang='lat' dir='ltr'>vocatur;negotium,</span> <span class='ocrx_word' id='word_1_563' title='bbox 1938 4939 1980 5002; x_wconf 65' lang='grc' dir='ltr'><strong>Β</strong></span> <span class='ocrx_word' id='word_1_564' title='bbox 2015 4912 2315 4967; x_wconf 85' lang='lat' dir='ltr'>attributis</span> <span class='ocrx_word' id='word_1_565' title='bbox 2349 4929 2605 4984; x_wconf 67' lang='lat' dir='ltr'>personae</span> <span class='ocrx_word' id='word_1_566' title='bbox 2655 4913 2973 4983; x_wconf 89' lang='lat' dir='ltr'>quamdam</span> <span class='ocrx_word' id='word_1_567' title='bbox 3023 4908 3268 4980; x_wconf 91' lang='lat' dir='ltr'>suscipit</span> <span class='ocrx_word' id='word_1_568' title='bbox 3299 4908 3662 4978; x_wconf 87' lang='lat' dir='ltr'>qualitatem.</span> 
     </span>
    </p>
   </div>
   <div class='ocr_carea' id='block_1_89' title="bbox 251 5000 1901 5074">
    <p class='ocr_par' dir='ltr' id='par_1_89' title="bbox 251 5000 1901 5074">
     <span class='ocr_line' id='line_1_89' title="bbox 251 5000 1901 5074; baseline -0.004 -14"><span class='ocrx_word' id='word_1_569' title='bbox 251 5005 472 5060; x_wconf 86' lang='lat' dir='ltr'>factum</span> <span class='ocrx_word' id='word_1_570' title='bbox 501 5003 794 5058; x_wconf 91' lang='lat' dir='ltr'>dictumve</span> <span class='ocrx_word' id='word_1_571' title='bbox 819 5001 1511 5074; x_wconf 61' lang='lat' dir='ltr'>personaemropterquod</span> <span class='ocrx_word' id='word_1_572' title='bbox 1536 5000 1901 5070; x_wconf 90' lang='lat' dir='ltr'>injudicium</span> 
     </span>
    </p>
   </div>
   <div class='ocr_carea' id='block_1_90' title="bbox 249 5090 1903 5163">
    <p class='ocr_par' dir='ltr' id='par_1_90' title="bbox 249 5090 1903 5163">
     <span class='ocr_line' id='line_1_90' title="bbox 249 5090 1903 5163; baseline -0.002 -15"><span class='ocrx_word' id='word_1_573' title='bbox 249 5098 494 5148; x_wconf 87' lang='lat' dir='ltr'>vocatur</span> <span class='ocrx_word' id='word_1_574' title='bbox 518 5109 766 5163; x_wconf 90' lang='lat' dir='ltr'>persona</span> <span class='ocrx_word' id='word_1_575' title='bbox 792 5109 808 5145; x_wconf 86' lang='lat'><strong><em>:</em></strong></span> <span class='ocrx_word' id='word_1_576' title='bbox 831 5097 887 5146; x_wconf 91' lang='lat' dir='ltr'>et</span> <span class='ocrx_word' id='word_1_577' title='bbox 909 5090 1206 5162; x_wconf 88' lang='lat' dir='ltr'>negotium</span> <span class='ocrx_word' id='word_1_578' title='bbox 1230 5105 1539 5158; x_wconf 75' lang='lat' dir='ltr'>suggerere</span> <span class='ocrx_word' id='word_1_579' title='bbox 1555 5095 1903 5159; x_wconf 86' lang='lat' dir='ltr'>argumenta</span> 
     </span>
    </p>
   </div>
   <div class='ocr_carea' id='block_1_91' title="bbox 253 5179 1902 5253">
    <p class='ocr_par' dir='ltr' id='par_1_91' title="bbox 253 5179 1902 5253">
     <span class='ocr_line' id='line_1_91' title="bbox 253 5179 1902 5253; baseline -0.002 -16"><span class='ocrx_word' id='word_1_580' title='bbox 253 5200 371 5237; x_wconf 89' lang='lat' dir='ltr'>non</span> <span class='ocrx_word' id='word_1_581' title='bbox 410 5187 702 5253; x_wconf 85' lang='lat' dir='ltr'>possunt;</span> <span class='ocrx_word' id='word_1_582' title='bbox 733 5182 800 5235; x_wconf 90' lang='lat' dir='ltr'>de</span> <span class='ocrx_word' id='word_1_583' title='bbox 836 5180 979 5250; x_wconf 91' lang='lat' dir='ltr'>ipsis</span> <span class='ocrx_word' id='word_1_584' title='bbox 1011 5179 1167 5234; x_wconf 90' lang='lat' dir='ltr'>enim</span> <span class='ocrx_word' id='word_1_585' title='bbox 1229 5179 1470 5249; x_wconf 62' lang='lat' dir='ltr'>quaestio</span> <span class='ocrx_word' id='word_1_586' title='bbox 1515 5182 1620 5232; x_wconf 75' lang='lat' dir='ltr'>est.</span> <span class='ocrx_word' id='word_1_587' title='bbox 1659 5179 1902 5233; x_wconf 90' lang='lat' dir='ltr'>Faciunt</span> 
     </span>
    </p>
   </div>
   <div class='ocr_carea' id='block_1_92' title="bbox 255 5267 1902 5342">
    <p class='ocr_par' dir='ltr' id='par_1_92' title="bbox 255 5267 1902 5342">
     <span class='ocr_line' id='line_1_92' title="bbox 255 5267 1902 5342; baseline -0.004 -14"><span class='ocrx_word' id='word_1_588' title='bbox 255 5276 454 5328; x_wconf 90' lang='lat' dir='ltr'>autem</span> <span class='ocrx_word' id='word_1_589' title='bbox 481 5272 653 5327; x_wconf 85' lang='lat' dir='ltr'>fidem</span> <span class='ocrx_word' id='word_1_590' title='bbox 683 5271 911 5342; x_wconf 88' lang='lat' dir='ltr'>negotio</span> <span class='ocrx_word' id='word_1_591' title='bbox 935 5285 1001 5323; x_wconf 87' lang='lat' dir='ltr'>ea</span> <span class='ocrx_word' id='word_1_592' title='bbox 1025 5285 1154 5340; x_wconf 68' lang='lat' dir='ltr'>quae</span> <span class='ocrx_word' id='word_1_593' title='bbox 1186 5273 1324 5322; x_wconf 87' lang='lat' dir='ltr'>sunt</span> <span class='ocrx_word' id='word_1_594' title='bbox 1348 5267 1611 5337; x_wconf 87' lang='lat' dir='ltr'>personis</span> <span class='ocrx_word' id='word_1_595' title='bbox 1638 5282 1703 5321; x_wconf 90' lang='lat' dir='ltr'>ac</span> <span class='ocrx_word' id='word_1_596' title='bbox 1727 5285 1902 5336; x_wconf 79' lang='lat' dir='ltr'>nego-</span> 
     </span>
    </p>
   </div>
   <div class='ocr_carea' id='block_1_93' title="bbox 253 5355 1901 5429">
    <p class='ocr_par' dir='ltr' id='par_1_93' title="bbox 253 5355 1901 5429">
     <span class='ocr_line' id='line_1_93' title="bbox 253 5355 1901 5429; baseline -0.003 -14"><span class='ocrx_word' id='word_1_597' title='bbox 253 5361 356 5416; x_wconf 86' lang='lat' dir='ltr'>tiis</span> <span class='ocrx_word' id='word_1_598' title='bbox 388 5360 952 5415; x_wconf 89' lang='lat' dir='ltr'>attributa.Persona</span> <span class='ocrx_word' id='word_1_599' title='bbox 979 5375 1214 5429; x_wconf 89' lang='lat' dir='ltr'>quoque</span> <span class='ocrx_word' id='word_1_600' title='bbox 1245 5356 1384 5411; x_wconf 84' lang='lat' dir='ltr'>facit</span> <span class='ocrx_word' id='word_1_601' title='bbox 1416 5355 1646 5425; x_wconf 87' lang='lat' dir='ltr'>negotio</span> <span class='ocrx_word' id='word_1_602' title='bbox 1681 5356 1855 5410; x_wconf 81' lang='lat' dir='ltr'>ﬁdem</span> <span class='ocrx_word' id='word_1_603' title='bbox 1888 5400 1901 5422; x_wconf 94' lang='lat'>,</span> 
     </span>
    </p>
   </div>
   <div class='ocr_carea' id='block_1_94' title="bbox 254 5443 1906 5520">
    <p class='ocr_par' dir='ltr' id='par_1_94' title="bbox 254 5443 1906 5520">
     <span class='ocr_line' id='line_1_94' title="bbox 254 5443 1906 5520; baseline -0.004 -14"><span class='ocrx_word' id='word_1_604' title='bbox 254 5451 358 5506; x_wconf 83' lang='lat' dir='ltr'>sed</span> <span class='ocrx_word' id='word_1_605' title='bbox 392 5467 507 5506; x_wconf 93' lang='lat' dir='ltr'>non</span> <span class='ocrx_word' id='word_1_606' title='bbox 540 5450 596 5503; x_wconf 92' lang='lat' dir='ltr'>in</span> <span class='ocrx_word' id='word_1_607' title='bbox 632 5466 697 5504; x_wconf 93' lang='lat' dir='ltr'>eo</span> <span class='ocrx_word' id='word_1_608' title='bbox 728 5450 883 5519; x_wconf 91' lang='lat' dir='ltr'>quod</span> <span class='ocrx_word' id='word_1_609' title='bbox 912 5465 1159 5520; x_wconf 84' lang='lat' dir='ltr'>persona</span> <span class='ocrx_word' id='word_1_610' title='bbox 1187 5451 1296 5512; x_wconf 89' lang='lat' dir='ltr'>est,</span> <span class='ocrx_word' id='word_1_611' title='bbox 1330 5444 1428 5500; x_wconf 87' lang='lat' dir='ltr'>sed</span> <span class='ocrx_word' id='word_1_612' title='bbox 1475 5443 1534 5498; x_wconf 92' lang='lat' dir='ltr'>in</span> <span class='ocrx_word' id='word_1_613' title='bbox 1567 5461 1633 5499; x_wconf 92' lang='lat' dir='ltr'>eo</span> <span class='ocrx_word' id='word_1_614' title='bbox 1656 5446 1806 5514; x_wconf 92' lang='lat' dir='ltr'>quod</span> <span class='ocrx_word' id='word_1_615' title='bbox 1838 5461 1906 5500; x_wconf 82' lang='lat' dir='ltr'>ex</span> 
     </span>
    </p>
   </div>
   <div class='ocr_carea' id='block_1_95' title="bbox 329 5589 1905 5665">
    <p class='ocr_par' dir='ltr' id='par_1_95' title="bbox 329 5589 1905 5665">
     <span class='ocr_line' id='line_1_95' title="bbox 329 5589 1905 5665; baseline -0.001 -16"><span class='ocrx_word' id='word_1_616' title='bbox 329 5595 408 5665; x_wconf 86' lang='lat' dir='ltr'>(a)</span> <span class='ocrx_word' id='word_1_617' title='bbox 441 5595 498 5649; x_wconf 89' lang='lat' dir='ltr'>in</span> <span class='ocrx_word' id='word_1_618' title='bbox 532 5594 659 5650; x_wconf 89' lang='lat' dir='ltr'>cod.</span> <span class='ocrx_word' id='word_1_619' title='bbox 713 5594 891 5648; x_wconf 79' lang='lat' dir='ltr'>Mallii</span> <span class='ocrx_word' id='word_1_620' title='bbox 934 5597 992 5648; x_wconf 90' lang='lat' dir='ltr'>et</span> <span class='ocrx_word' id='word_1_621' title='bbox 1049 5609 1182 5648; x_wconf 87' lang='lat' dir='ltr'>mox</span> <span class='ocrx_word' id='word_1_622' title='bbox 1210 5594 1412 5648; x_wconf 77' lang='lat' dir='ltr'>Boecz&#39;i.</span> <span class='ocrx_word' id='word_1_623' title='bbox 1462 5591 1570 5645; x_wconf 83' lang='lat' dir='ltr'>Sed</span> <span class='ocrx_word' id='word_1_624' title='bbox 1601 5589 1905 5665; x_wconf 80' lang='lat' dir='ltr'>rectiorem</span> 
     </span>
    </p>
   </div>
   <div class='ocr_carea' id='block_1_96' title="bbox 258 5662 1905 5737">
    <p class='ocr_par' dir='ltr' id='par_1_96' title="bbox 258 5662 1905 5737">
     <span class='ocr_line' id='line_1_96' title="bbox 258 5662 1905 5737; baseline -0.001 -16"><span class='ocrx_word' id='word_1_625' title='bbox 258 5662 471 5722; x_wconf 84' lang='lat' dir='ltr'>borum</span> <span class='ocrx_word' id='word_1_626' title='bbox 504 5666 814 5723; x_wconf 90' lang='lat' dir='ltr'>nominum</span> <span class='ocrx_word' id='word_1_627' title='bbox 847 5665 1200 5737; x_wconf 86' lang='lat' dir='ltr'>scripturam</span> <span class='ocrx_word' id='word_1_628' title='bbox 1225 5681 1373 5736; x_wconf 90' lang='lat' dir='ltr'>pono</span> <span class='ocrx_word' id='word_1_629' title='bbox 1393 5680 1462 5720; x_wconf 83' lang='lat' dir='ltr'>ex</span> <span class='ocrx_word' id='word_1_630' title='bbox 1491 5662 1905 5733; x_wconf 88' lang='lat' dir='ltr'>antiquissimo</span> 
     </span>
    </p>
   </div>
   <div class='ocr_carea' id='block_1_97' title="bbox 2014 4998 3664 5071">
    <p class='ocr_par' dir='ltr' id='par_1_97' title="bbox 2014 4998 3664 5071">
     <span class='ocr_line' id='line_1_97' title="bbox 2014 4998 3664 5071; baseline -0.004 -15"><span class='ocrx_word' id='word_1_631' title='bbox 2014 5002 2481 5056; x_wconf 78' lang='lat' dir='ltr'>Circumstantiae</span> <span class='ocrx_word' id='word_1_632' title='bbox 2503 5006 2797 5071; x_wconf 70' lang='lat' dir='ltr'>sunt,quae</span> <span class='ocrx_word' id='word_1_633' title='bbox 2821 5001 3232 5056; x_wconf 87' lang='lat' dir='ltr'>convenientes</span> <span class='ocrx_word' id='word_1_634' title='bbox 3266 4998 3664 5052; x_wconf 83' lang='lat' dir='ltr'>substantiam</span> 
     </span>
    </p>
   </div>
   <div class='ocr_carea' id='block_1_98' title="bbox 2013 5086 3665 5162">
    <p class='ocr_par' dir='ltr' id='par_1_98' title="bbox 2013 5086 3665 5162">
     <span class='ocr_line' id='line_1_98' title="bbox 2013 5086 3665 5162; baseline -0.004 -16"><span class='ocrx_word' id='word_1_635' title='bbox 2013 5092 2354 5162; x_wconf 62' lang='lat' dir='ltr'>quaestionis</span> <span class='ocrx_word' id='word_1_636' title='bbox 2413 5091 2694 5147; x_wconf 80' lang='lat' dir='ltr'>efﬁciunt.</span> <span class='ocrx_word' id='word_1_637' title='bbox 2730 5091 2849 5144; x_wconf 91' lang='lat' dir='ltr'>Nisi</span> <span class='ocrx_word' id='word_1_638' title='bbox 2885 5091 3039 5144; x_wconf 90' lang='lat' dir='ltr'>enim</span> <span class='ocrx_word' id='word_1_639' title='bbox 3101 5088 3178 5143; x_wconf 90' lang='lat' dir='ltr'>sit</span> <span class='ocrx_word' id='word_1_640' title='bbox 3225 5104 3323 5157; x_wconf 85' lang='lat' dir='ltr'>qui</span> <span class='ocrx_word' id='word_1_641' title='bbox 3359 5086 3578 5154; x_wconf 87' lang='lat' dir='ltr'>fecerit,</span> <span class='ocrx_word' id='word_1_642' title='bbox 3611 5093 3665 5139; x_wconf 89' lang='lat' dir='ltr'>et</span> 
     </span>
    </p>
   </div>
   <div class='ocr_carea' id='block_1_99' title="bbox 2013 5174 3664 5250">
    <p class='ocr_par' dir='ltr' id='par_1_99' title="bbox 2013 5174 3664 5250">
     <span class='ocr_line' id='line_1_99' title="bbox 2013 5174 3664 5250; baseline -0.005 -16"><span class='ocrx_word' id='word_1_643' title='bbox 2013 5182 2168 5250; x_wconf 92' lang='lat' dir='ltr'>quod</span> <span class='ocrx_word' id='word_1_644' title='bbox 2203 5180 2424 5245; x_wconf 84' lang='lat' dir='ltr'>fecerit,</span> <span class='ocrx_word' id='word_1_645' title='bbox 2459 5195 2753 5249; x_wconf 89' lang='lat' dir='ltr'>causaque</span> <span class='ocrx_word' id='word_1_646' title='bbox 2785 5195 2884 5232; x_wconf 91' lang='lat' dir='ltr'>cur</span> <span class='ocrx_word' id='word_1_647' title='bbox 2917 5177 3136 5245; x_wconf 87' lang='lat' dir='ltr'>fecerit,</span> <span class='ocrx_word' id='word_1_648' title='bbox 3172 5175 3261 5230; x_wconf 91' lang='lat' dir='ltr'>vel</span> <span class='ocrx_word' id='word_1_649' title='bbox 3318 5174 3480 5228; x_wconf 93' lang='lat' dir='ltr'>locus</span> <span class='ocrx_word' id='word_1_650' title='bbox 3515 5182 3664 5228; x_wconf 89' lang='lat' dir='ltr'>tem-</span> 
     </span>
    </p>
   </div>
   <div class='ocr_carea' id='block_1_100' title="bbox 2014 5260 3665 5340">
    <p class='ocr_par' dir='ltr' id='par_1_100' title="bbox 2014 5260 3665 5340">
     <span class='ocr_line' id='line_1_100' title="bbox 2014 5260 3665 5340; baseline -0.005 -18"><span class='ocrx_word' id='word_1_651' title='bbox 2014 5286 2240 5340; x_wconf 85' lang='lat' dir='ltr'>pusque</span> <span class='ocrx_word' id='word_1_652' title='bbox 2279 5287 2390 5340; x_wconf 93' lang='lat' dir='ltr'>quo</span> <span class='ocrx_word' id='word_1_653' title='bbox 2435 5269 2650 5332; x_wconf 89' lang='lat' dir='ltr'>fecerit,</span> <span class='ocrx_word' id='word_1_654' title='bbox 2705 5269 2918 5322; x_wconf 88' lang='lat' dir='ltr'>modus</span> <span class='ocrx_word' id='word_1_655' title='bbox 2967 5266 3141 5320; x_wconf 88' lang='lat' dir='ltr'>etiam</span> <span class='ocrx_word' id='word_1_656' title='bbox 3198 5262 3567 5331; x_wconf 86' lang='lat' dir='ltr'>facultasque</span> <span class='ocrx_word' id='word_1_657' title='bbox 3620 5260 3665 5315; x_wconf 89' lang='lat' dir='ltr'>si</span> 
     </span>
    </p>
   </div>
   <div class='ocr_carea' id='block_1_101' title="bbox 2014 5350 3666 5428">
    <p class='ocr_par' dir='ltr' id='par_1_101' title="bbox 2014 5350 3666 5428">
     <span class='ocr_line' id='line_1_101' title="bbox 2014 5350 3666 5428; baseline -0.006 -17"><span class='ocrx_word' id='word_1_658' title='bbox 2014 5357 2420 5422; x_wconf 90' lang='lat' dir='ltr'>desint,causa</span> <span class='ocrx_word' id='word_1_659' title='bbox 2451 5358 2870 5428; x_wconf 89' lang='lat' dir='ltr'>negotiumque</span> <span class='ocrx_word' id='word_1_660' title='bbox 2905 5372 3020 5410; x_wconf 91' lang='lat' dir='ltr'>non</span> <span class='ocrx_word' id='word_1_661' title='bbox 3052 5351 3374 5408; x_wconf 87' lang='lat' dir='ltr'>stabit.Ilas</span> <span class='ocrx_word' id='word_1_662' title='bbox 3408 5350 3666 5404; x_wconf 88' lang='lat' dir='ltr'>circum-</span> 
     </span>
    </p>
   </div>
   <div class='ocr_carea' id='block_1_102' title="bbox 2014 5441 3662 5516">
    <p class='ocr_par' dir='ltr' id='par_1_102' title="bbox 2014 5441 3662 5516">
     <span class='ocr_line' id='line_1_102' title="bbox 2014 5441 3662 5516; baseline -0.005 -17"><span class='ocrx_word' id='word_1_663' title='bbox 2014 5445 2265 5502; x_wconf 86' lang='lat' dir='ltr'>stantias</span> <span class='ocrx_word' id='word_1_664' title='bbox 2291 5445 2348 5500; x_wconf 89' lang='lat' dir='ltr'>in</span> <span class='ocrx_word' id='word_1_665' title='bbox 2372 5445 2605 5516; x_wconf 88' lang='lat' dir='ltr'>gemina</span> <span class='ocrx_word' id='word_1_666' title='bbox 2626 5446 2822 5502; x_wconf 88' lang='lat' dir='ltr'>Cicero</span> <span class='ocrx_word' id='word_1_667' title='bbox 2857 5446 2934 5515; x_wconf 85' lang='lat' dir='ltr'>(b)</span> <span class='ocrx_word' id='word_1_668' title='bbox 2961 5441 3229 5515; x_wconf 91' lang='lat' dir='ltr'>partitur,</span> <span class='ocrx_word' id='word_1_669' title='bbox 3264 5443 3328 5494; x_wconf 92' lang='lat' dir='ltr'>ut</span> <span class='ocrx_word' id='word_1_670' title='bbox 3352 5455 3505 5507; x_wconf 90' lang='lat' dir='ltr'>eam,</span> <span class='ocrx_word' id='word_1_671' title='bbox 3533 5453 3662 5507; x_wconf 63' lang='lat' dir='ltr'>qua</span> 
     </span>
    </p>
   </div>
   <div class='ocr_carea' id='block_1_103' title="bbox 2018 5584 3300 5646">
    <p class='ocr_par' dir='ltr' id='par_1_103' title="bbox 2018 5584 3300 5646">
     <span class='ocr_line' id='line_1_103' title="bbox 2018 5584 3300 5646; baseline -0.007 0"><span class='ocrx_word' id='word_1_672' title='bbox 2018 5591 2196 5646; x_wconf 91' lang='lat' dir='ltr'>Boetii</span> <span class='ocrx_word' id='word_1_673' title='bbox 2234 5591 2306 5646; x_wconf 89' lang='lat' dir='ltr'>de</span> <span class='ocrx_word' id='word_1_674' title='bbox 2334 5589 2745 5646; x_wconf 88' lang='lat' dir='ltr'>Consolatione</span> <span class='ocrx_word' id='word_1_675' title='bbox 2777 5589 2972 5645; x_wconf 91' lang='lat' dir='ltr'>codice</span> <span class='ocrx_word' id='word_1_676' title='bbox 3002 5584 3300 5642; x_wconf 83' lang='lat' dir='ltr'>Vat.3363.</span> 
     </span>
    </p>
   </div>
   <div class='ocr_carea' id='block_1_104' title="bbox 2090 5662 3064 5731">
    <p class='ocr_par' dir='ltr' id='par_1_104' title="bbox 2090 5662 3064 5731">
     <span class='ocr_line' id='line_1_104' title="bbox 2090 5662 3064 5731; baseline 0.003 -16"><span class='ocrx_word' id='word_1_677' title='bbox 2090 5663 2163 5731; x_wconf 82' lang='grc' dir='ltr'>(ὺ)</span> <span class='ocrx_word' id='word_1_678' title='bbox 2192 5663 2402 5719; x_wconf 84' lang='lat' dir='ltr'>Confer</span> <span class='ocrx_word' id='word_1_679' title='bbox 2427 5663 2541 5720; x_wconf 90' lang='lat' dir='ltr'>Cic.</span> <span class='ocrx_word' id='word_1_680' title='bbox 2577 5663 2747 5721; x_wconf 84' lang='lat' dir='ltr'>Rhet.</span> <span class='ocrx_word' id='word_1_681' title='bbox 2783 5678 2844 5728; x_wconf 82' lang='lat' dir='ltr'>ii,</span> <span class='ocrx_word' id='word_1_682' title='bbox 2871 5662 2906 5714; x_wconf 86' lang='lat'>9</span> <span class='ocrx_word' id='word_1_683' title='bbox 2937 5676 3064 5730; x_wconf 85' lang='lat' dir='ltr'>sqq.</span> 
     </span>
    </p>
   </div>
  </div>
