4022 6174
206 224 320 279 1225

1322 226 1413 278 DE
1456 224 1862 281 DISCIPLINA
1899 227 2384 285 SCHOLABIUM.

3414 235 3556 289 1226

203 348 317 435 lium
330 345 1115 435 etnaturaliumprocessuat
1137 348 1789 435 perspicuaintelligen-
1822 359 1869 424 Α
1904 352 2160 435 perdidit
2185 353 2467 435 temporis
2498 359 2556 435 et
2576 369 2860 435 expensa:
2889 354 3198 435 Completo
3218 360 3411 435 autem
3438 374 3556 435 non

200 421 274 475 tia
286 418 766 495 comprehensione
784 418 1051 495 novimus
1064 419 1423 474 stabiliri.lm
1436 418 1789 495 primisergo

236 495 353 546 rima
377 493 935 565 scilicetpuerorum
961 490 1386 565 oblectamenta
1420 490 1559 547 sunt
1600 490 1791 565 prati—

236 568 369 618 anda.
397 564 659 616 Secundo
688 562 956 617 videlicet
983 563 1235 632 qualiter
1255 565 1323 617 ad
1339 562 1791 621 ultorum’elatio

202 635 519 707 magistratui
544 634 1431 707 subjiciendasitatdisciplina
1450 645 1795 692 connecten-

201 704 540 761 daCTertiode
557 721 760 781 eorum
795 704 1043 781 elatione
1067 704 1459 775 reprimenda,
1494 710 1790 781 exemplo-

195 776 1086 833 rumcommendationedistincte
1106 787 1460 847 exponendo.
1483 776 1697 842 Quarto
1723 781 1792 835 de

198 849 503 905 scholarium
522 850 711 921 sagaci
725 849 1051 918 provisione
1065 866 1383 920 eorumque
1399 854 1537 921 grad
1551 853 1665 905 nali
1681 858 1791 907 sta-

200 921 552 983 tione.0uinto
568 918 822 988 qualiter
835 920 1189 975 scholarium
1210 918 1559 978 venerabilis
1586 941 1649 977 ac
1665 926 1789 977 sin-

198 1010 309 1048 cera
333 993 541 1047 devotio
573 992 641 1044 ad
674 992 1079 1062 magisterium
1118 994 1462 1063 proferenda
1493 996 1587 1049 sit.
1622 1000 1789 1050 Sexto

191 1066 253 1119 de
270 1066 689 1137 magistratuum
706 1079 909 1137 norma
931 1068 1200 1137 trinaque
1219 1065 1503 1120 divisione
1516 1072 1790 1137 statuque

190 1153 308 1208 erga
334 1134 928 1208 subditosmmodoque
959 1136 1204 1190 docendi
1241 1138 1615 1206 pracognito.
1665 1134 1788 1194 [fac

186 1205 349 1281 autem
367 1208 426 1262 ad
450 1205 1645 1281 intelligentiacognitionemsuscepimus
1667 1227 1789 1281 per-

187 1279 647 1350 agenda,pristinu
660 1295 713 1331 m
732 1279 969 1332 modum
989 1279 1276 1333 tractandi
1296 1281 1409 1334 fere
1424 1279 1786 1349 omittentes,

183 1368 449 1421 nunquam
486 1349 683 1423 leviori
720 1350 868 1423 style
894 1351 1109 1420 perusi,
1145 1352 1422 1421 quoniam
1470 1352 1527 1406 in
1580 1353 1787 1423 majori

177 1428 321 1494 parte
348 1438 437 1492 pro
463 1422 714 1494 rudibus
741 1421 1128 1494 informandis
1153 1428 1241 1476 est
1266 1424 1636 1490 exsecutio,et
1656 1421 1786 1479 tan-

178 1491 231 1550 to
260 1491 415 1549 levior
443 1491 801 1547 dilucidandi
836 1493 1007 1547 debet
1036 1509 1164 1547 esse
1192 1494 1519 1551 translatio.

677 1562 906 1618 CAPUT
947 1564 1250 1619 PRIMUM.

239 1637 363 1692 Cum
376 1640 564 1691 autem
582 1634 1200 1706 indiscreteimpotens
1219 1637 1516 1707 septennia
1535 1637 1782 1692 infantia

175 1709 480 1786 duciturad
517 1707 1280 1786 imbuenldum,.rcavendum
1300 1714 1390 1786 est
1405 1726 1475 1763 ne
1499 1711 1786 1786 membro-
1818 1721 1865 1786 B

168 1797 292 1863 rum
320 1780 585 1863 indecens
608 1779 683 1859 sit
714 1779 1041 1863 dispositio,
1078 1785 1139 1863 ut
1173 1786 1301 1863 pote
1322 1781 1789 1863 integralium,‘et

165 1854 309 1907 aeris
329 1852 715 1921 intemperies,
743 1855 961 1921 utpote
980 1852 1436 1921 constringentis
1453 1853 1662 1907 hiemis
1685 1855 1786 1908 ob-

164 1925 378 1989 tusitas,
410 1928 464 1977 et
484 1922 884 1976 comburentis
907 1924 1123 1977 astatis
1149 1925 1518 1993 profunditas
1544 1924 1787 1994 periculi

159 1995 816 2121 generetincrementum
829 2035 841 2047 .
864 1994 1099 2064 Legitur
1115 1994 1269 2076 enim
1287 1996 1581 2077 Timothei
1602 1995 1785 2051 lilium

192 2084 315 2121 enra
339 2066 726 2121 incumbente.
761 2072 1103 2121 castratum.
1131 2066 1473 2121 loripedem.
1496 2068 1671 2121 gibbo
1693 2075 1785 2121 tu-

192 2084 315 2138 epra
339 2066 726 2131 incumbente,
761 2072 1103 2133 castratum,
1131 2066 1473 2136 loripedem,
1496 2068 1671 2136 gibbo
1693 2075 1788 2121 tu-

166 2137 427 2203 mentem,
461 2137 735 2191 doctrina
795 2138 1216 2208 mancipatum,
1270 2138 1556 2208 plebeiam
1606 2138 1784 2193 exsti-

159 2211 299 2265 tisse
323 2210 697 2276 abjectienem
733 2225 1093 2279 suorumque
1142 2210 1432 2264 sociorum
1470 2210 1784 2265 detractio-

154 2298 285 2337 nem
302 2280 973 2335 ridiculosam.Similiter
988 2280 1248 2350 praetoris
1263 2281 1577 2335 suburbani
1599 2282 1784 2336 filium

152 2352 409 2409 canicula
436 2352 754 2421 instigante
784 2352 995 2406 litteris
1047 2353 1303 2406 vidimus
1359 2354 1781 2423 mancipatum,

147 2442 286 2481 cum
316 2432 500 2479 autem
536 2425 709 2478 soiita
744 2442 853 2477 non
879 2424 1159 2492 gauderet
1192 2424 1505 2489 umbrella,
1546 2424 1784 2495 propria

140 2498 352 2551 virtute
380 2495 718 2556 destitutus,
744 2496 1012 2549 ictericia
1032 2512 1197 2565 poena
1224 2495 1609 2565 permollitus,
1636 2497 1781 2550 vita-

139 2569 302 2623 libus
361 2568 592 2622 tandem
653 2567 960 2637 spiritibus
1020 2572 1376 2636 attenuatus,
1428 2566 1780 2638 lymphatico

142 2640 348 2696 morbo
378 2638 669 2694 occubuit.
707 2638 846 2692 Ecce
876 2643 1165 2708 quantum
1191 2638 1558 2693 difficultatis
1591 2655 1773 2693 mem-

137 2714 380 2767 brorum
410 2712 685 2764 indecens
717 2708 1108 2781 indispositio,
1142 2717 1199 2765 et
1222 2711 1372 2765 aeris
1400 2710 1779 2781 intemperies

138 2784 434 2839 teneritati
458 2782 666 2851 puerili
700 2782 1098 2835 contulerunt.

213 2850 570 2908 Cibariorum
605 2857 795 2907 autem
826 2853 1136 2907 mediocris
1169 2852 1246 2907 sit
1274 2850 1556 2917 facultas;

211 2930 385 2979 Pctus
416 2930 606 2979 autem
641 2926 717 2979 sit
747 2925 941 2978 tenuis
974 2925 1358 2993 ejusdemque
1393 2923 1645 2992 parcitas
1676 2940 1689 2991 ;

208 2996 471 3051 Vestiam
503 3002 696 3050 autem
730 2995 1004 3050 similiter
1036 2995 1188 3049 absit
1220 2995 1486 3065 penuria.

123 3068 434 3137 Imprimis
464 3068 643 3138 igitur
676 3068 996 3137 figurarum
1030 3066 1313 3121 elementa
1346 3070 1773 3136 reprasentan-

119 3142 283 3195 tium
310 3140 701 3210 imprimenda
722 3145 811 3193 est
832 3138 1088 3206 dilectio,
1112 3140 1776 3210 conjungendarumque

112 3209 459 3268 litterarum
494 3228 605 3265 non
660 3227 866 3281 parum
924 3209 1244 3264 artiﬁciosa
1278 3209 1633 3278 conjunctio.
1662 3209 1777 3264 Nec

109 3284 231 3339 tali
248 3282 539 3337 laborioso
553 3282 848 3337 certamini
869 3281 1120 3335 multum
1140 3286 1227 3335 est
1251 3282 1535 3336 insistend
1548 3297 1780 3346 um,nec

119 3356 275 3422 cito,
302 3360 363 3408 ut
391 3355 584 3408 Servio
617 3355 822 3424 placet,
858 3353 1219 3420 abeundum,
1250 3354 1523 3423 quoniam
1550 3352 1597 3405 si
1618 3355 1778 3406 visus

112 3433 221 3483 est
253 3428 312 3480 in
348 3425 551 3479 multis
586 3426 927 3496 promptior,
960 3425 1017 3478 in
1051 3424 1180 3478 aliis
1241 3425 1525 3496 reperitur
1556 3428 1781 3496 tuncet

111 3497 412 3554 habilior.
448 3493 782 3551 Secundum
819 3496 1091 3550 laboriosi
1126 3493 1463 3549 certaminis
1496 3500 1612 3549 stat
1639 3493 1779 3548 adi-

108 3569 359 3636 ﬁcium,
397 3569 453 3621 in
486 3568 652 3622 Probi
693 3567 1030 3638 Didimique
1080 3567 1522 3632 traditionibus,
1555 3582 1778 3620 necnon

98 3642 380 3697 aliorum
418 3639 900 3711 philosophorum
933 3655 1079 3709 quos
1112 3639 1457 3693 venerabilis
1480 3654 1777 3711 commen-

96 3715 224 3769 dat
288 3709 623 3766 auctoritas.
656 3709 1279 3764 'Animadvertendum
1333 3715 1421 3763 est
1451 3715 1644 3763 autem
1696 3709 1779 3762 in-

98 3783 483 3853 hujusmodi
519 3788 580 3836 ut
610 3782 763 3836 fideli
796 3782 1139 3836 resolutioni
1173 3782 1471 3849 subiaceat
1513 3781 1778 3853 lata‘tra-

102 3851 305 3919 ditio,
340 3859 401 3908 et
431 3871 464 3908 a
494 3855 854 3908 discentibus
886 3853 1104 3908 idioma
1129 3854 1304 3906 verbo
1332 3859 1503 3906 tenus
1534 3851 1782 3922 explica-

91 3934 252 3984 tum
289 3924 392 3991 sit,
430 3926 793 3979 fundamenti
836 3926 990 3979 enim
1017 3926 1387 3979 tenacitatem
1419 3926 1472 3977 in
1500 3924 1590 3977 his
1612 3940 1782 3990 opor-

89 4005 200 4055 tet
222 3998 578 4053 consistere.
595 3997 708 4051 Nec
734 4004 1101 4051 menstruoso
1125 3996 1275 4051 saltu
1300 3996 1545 4050 Phabes
1565 3996 1781 4049 abeun-

92 4074 271 4127 dum
310 4074 426 4135 est,
464 4085 568 4123 nec
598 4068 771 4122 solari
806 4085 979 4122 cursu
1014 4074 1242 4122 tantum
1286 4068 1781 4135 confirmandum,

89 4142 222 4198 sed
260 4140 504 4207 expleto
541 4139 804 4195 Mercurii
836 4140 1157 4205 intervallo,
1192 4142 1510 4209 eodemque
1541 4139 1654 4193 fere
1676 4139 1783 4192 du-

82 4215 156 4286 pl
176 4215 368 4286 icato
388 4211 701 4281 diligenter
730 4213 1187 4286 immorandum.
1211 4210 1592 4286 Diligentiam
1627 4211 1782 4264 enim

79 4282 460 4353 cujuslibet
483 4286 673 4353 operis
696 4284 982 4338 obtusitas
1009 4282 1390 4350 permollitur.
1414 4283 1642 4337 Seneca
1670 4290 1783 4335 tra-

76 4357 296 4420 ditio,
332 4355 653 4425 inexpletio
685 4354 925 4421 Lucani,
961 4354 1181 4425 Virgilii
1216 4354 1540 4425 prolixitas,
1576 4359 1631 4406 et
1660 4358 1783 4425 Sta;

74 4429 165 4485 tii
212 4423 565 4491 urbanitas,
600 4429 746 4481 dura
798 4426 981 4481 Flacci
1020 4423 1348 4485 translatio,
1380 4425 1580 4479 durior
1605 4423 1786 4478 Persii

71 4516 115 4557 e
142 4499 330 4565 iitio,
368 4471 646 4553 Martiani
681 4515 793 4552 non
827 4498 1070 4568 indigna
1098 4498 1274 4563 Iasio,
1301 4498 1546 4552 Nasonis
1568 4496 1786 4549 discre-
1819 4471 1864 4534 D

74 4573 215 4635 tio,
240 4576 409 4625 sunt
428 4570 761 4642 indaganda
782 4569 1224 4642 memorialique
1247 4569 1469 4623 cellula
1490 4583 1783 4642 commeo:

79 4646 122 4699 d
137 4642 271 4697 and
286 4637 838 4711 a.Caterovrumque
860 4637 1339 4711 philosophorum
1355 4642 1549 4711 (prout
1570 4637 1786 4705 ingenii

71 4733 165 4771 su
182 4713 734 4785 ppetitcapacitas)
760 4730 873 4767 non
899 4713 1004 4767 sub
1027 4712 1259 4767 silentio
1277 4720 1365 4785 est
1388 4712 1790 4785 pratereunda

70 4783 571 4848 moralitas,'ut
602 4786 686 4839 sic
719 4787 1080 4840 sententiosa
1111 4783 1442 4839 dictaminis
1476 4784 1668 4851 vigeat
1698 4799 1788 4837 se-

69 4857 389 4922 renitas,
426 4862 484 4911 et
516 4862 830 4911 metrorum
879 4857 1082 4911 ﬂoreat
1131 4856 1499 4923 jucunditas.
1534 4855 1577 4909 O
1610 4869 1789 4923 quam

66 4927 307 4985 Tullii
346 4929 710 4983 venerabilis
745 4929 1019 4983 facundia
1069 4928 1320 4981 summis
1353 4926 1658 4981 desideriis
1706 4928 1796 4979 est

67 5000 512 5056 collocanda.
547 5000 875 5055 Cavendum
906 5004 1094 5053 autem
1118 4999 1174 5052 in
1198 4998 1533 5067 hujusmodi
1560 5014 1629 5050 ne
1656 5013 1793 5050 con-

66 5074 327 5143 tingat
352 5077 427 5124 ut
448 5072 669 5126 Lotario
696 5073 1083 5143 contingebat,
1109 5070 1232 5140 ipse
1256 5068 1677 5143 enimtriginta
1699 5084 1797 5122 an-

67 5140 657 5201 nisﬁignorantiam
685 5159 851 5197 suam
880 5140 1288 5212 pradictoriim
1314 5140 1796 5210 philosophorum

68 5216 149 5269 in
186 5215 561 5284 gymnasiis
584 5215 825 5268 tradidit
846 5214 1404 5268 imbuendam.Cum
1431 5228 1562 5265 vero
1582 5212 1706 5265 dies
1734 5214 1800 5264 ut

64 5292 430 5357 praeesset
466 5286 857 5341 mediocribus
906 5284 1255 5345 advenisset,
1285 5285 1453 5351 cujus
1479 5299 1621 5357 uxor
1646 5286 1802 5357 esset

66 5354 351 5412 Encas
382 5358 691 5411 dubitasse
715 5374 775 5410 se
804 5357 1005 5410 diutus
1035 5356 1356 5421 asserebat,
1391 5372 1563 5424 quem
1600 5354 1656 5408 in
1690 5355 1800 5408 he-

66 5446 139 5483 m
156 5430 172 5481 i
187 5439 247 5482 st
265 5429 590 5483 ichiorum
617 5428 842 5499 Virgilii
870 5429 1182 5482 serenitate
1200 5425 1804 5499 invenisset.Requisi-

64 5507 361 5569 iusque
380 5502 686 5566 aquodam
711 5498 953 5554 suorum
980 5499 1401 5570 discipulorum
1425 5500 1676 5568 qualiter
1696 5498 1804 5565 pri-

58 5588 132 5627 m
146 5590 187 5624 a
200 5588 274 5625 ω
304 5571 345 5624 h
361 5572 509 5641 ujus
523 5572 795 5626 dictionis
810 5572 1094 5643 syllabam
1116 5570 1389 5643 magister
1403 5575 1803 5643 vertereversu

58 5648 369 5714 posset,
394 5644 700 5711 respondit
725 5642 1046 5699 absurdum
1075 5659 1203 5697 esse
1228 5642 1376 5695 tanti
1411 5642 1669 5695 nominis
1685 5642 1805 5711 pri-

62 5731 282 5769 mam
319 5714 632 5786 syllabam
657 5715 1003 5783 abbreviari,
1030 5715 1129 5770 sed
1155 5714 1349 5785 potius
1371 5718 1541 5786 acuto
1560 5717 1807 5786 accentu

60 5783 556 5856 pronuntiari.
580 5791 717 5843 Ecce
748 5796 1031 5859 quantum
1065 5783 1222 5842 dura
1254 5784 1500 5842 cervicis
1518 5783 1809 5841 obtusitas

450 5903 724 5967 Pas-non.
771 5903 976 5965 LXIV.

1902 425 2541 499 indebiteihujusmodi
2564 425 2857 497 gymnasii
2888 425 3244 497 rudimento,
3271 431 3342 484 ad
3376 433 3558 499 majo-

1904 497 1985 569 ris
2018 498 2424 569 inquisitionis
2453 498 2709 552 scientia
2746 498 2955 552 limina
2990 502 3420 569 procedendum
3446 497 3554 558 est.

1901 568 2187 641 §cientia,
2212 568 2481 639 inquam,
2507 586 2684 639 quam
2717 570 2832 623 veri
2870 568 3119 641 falsique
3155 575 3424 627 novimus
3456 574 3559 627 in-

1902 640 2282 708 dagatricem,
2304 646 2609 707 solamque
2641 641 2948 696 scientiam
2983 640 3359 697 scientiarum
3392 646 3560 700 titulo

1902 710 2249 785 subtilitatis
2271 714 2670 785 obstipantem
2696 715 2982 782 subjecta.
3012 714 3137 767 Hac
3158 720 3267 777 est,
3292 716 3559 785 inquam,

1903 782 2189 836 scholaris
2221 782 2484 849 domina,
2516 801 2641 853 qua
2693 786 3021 854 penetranti
3054 785 3301 839 vestium
3346 782 3559 843 natura

1903 854 1973 906 ad
2009 856 2387 908 scientiarum
2424 858 2821 925 quarumlibet
2849 856 3081 925 fastigia
3115 862 3326 926 prabet
3369 858 3556 913 incre-

1903 932 2099 998 menta
2144 928 2450 980 virtutum.
2487 927 2629 991 Quid
2673 934 2864 980 autem
2918 927 3173 981 lucidius
3224 930 3555 998 cognitione

1902 996 2158 1064 quinque
2190 998 2631 1065 universalium,
2659 1015 2779 1066 qua:
2804 1002 2892 1051 est
2922 999 3241 1052 trivialium
3285 996 3557 1055 scientia-

1902 1084 2029 1139 rum
2066 1070 2366 1139 magistra,
2398 1070 2975 1139 quadrivialiumque
3006 1072 3284 1137 potentia,
3319 1074 3552 1127 collate-

1900 1138 2112 1193 raliuni
2148 1138 2519 1194 scientiarum
2551 1141 2834 1211 plenitulo
2857 1138 2986 1194 ‘f'Ad
3017 1143 3195 1210 hujus
3216 1149 3405 1197 autem
3445 1145 3553 1197 im-

1898 1210 2137 1280 perialis
2167 1212 2413 1266 domina
2436 1213 2657 1282 apicem
2681 1213 3183 1267 scandendumest
3204 1212 3546 1270 bocordine.

1900 1284 2198 1351 Imprimis
2230 1284 2407 1353 igitur
2448 1284 2829 1337 terminorum
2883 1285 3205 1356 intrinseca
3247 1286 3544 1356 cognitio,

1899 1369 2219 1427 eorumque
2246 1357 2303 1408 in
2330 1356 2722 1427 propositione
2745 1371 2858 1409 non
2882 1354 3551 1427 latenscopulati'o,pro-

1899 1424 2377 1500 positionumque
2411 1424 2523 1480 non
2557 1426 2800 1497 indigna
2845 1426 3125 1500 connexio
3165 1424 3318 1500 sunt
3363 1424 3546 1500 appo-

1900 1497 2111 1551 nenda.
2149 1498 2558 1551 Terminorum
2596 1505 2791 1570 autem
2845 1498 3365 1570 determinationes
3398 1497 3548 1570 quas

1898 1574 2440 1639 syncategoremata
2468 1568 2856 1639 appellamus,
2899 1569 3324 1623 memorialiter
3362 1568 3548 1626 menti

1898 1647 2039 1693 sunt
2069 1639 2501 1713 imprimenda,
2536 1647 2599 1694 ut
2631 1646 2763 1713 pote
2782 1657 2906 1708 qua
2928 1640 3260 1709 sophistica
3293 1658 3404 1695 non
3450 1659 3550 1713 pa-

1896 1727 2025 1764 rum
2059 1712 2396 1765 deserviunt
2428 1712 2770 1781 phantasia.
2801 1713 3013 1765 [lorum
3040 1718 3234 1765 autem
3281 1713 3547 1768 notitiam

1896 1783 2231 1837 Trebatium
2257 1784 2443 1837 virum
2468 1783 2845 1837 meminimus
2866 1784 3419 1853 prudentissimum,
3445 1785 3546 1840 sed

1897 1854 1957 1907 in
1994 1854 2100 1908 hoc
2124 1856 2487 1923 imperitum,
2513 1855 2998 1925 quasiindignam
3029 1854 3335 1908 scientiam
3360 1856 3543 1911 relatu

1899 1926 2009 1979 sub
2042 1925 2276 1980 silentio
2310 1927 2677 1997 prateriisse.
2712 1926 2813 1979 Die
2840 1931 3037 1979 autem
3089 1926 3397 1981 conflictus
3443 1930 3543 1982 ad-

1895 2002 2186 2065 veniente,
2210 1999 2479 2052 eumdem
2508 1998 2835 2051 miserrime
2858 1998 2929 2050 ab
2957 1997 3051 2049 his
3078 1998 3402 2067 sophistica
3420 2000 3542 2053 vin-

1897 2073 2061 2123 cente
2101 2070 2400 2123 detentum
2434 2069 2706 2131 vidimus,
2762 2075 2821 2122 et
2870 2068 3203 2122 indecenter
3235 2086 3267 2123 a
3297 2086 3541 2126 suorum

1896 2139 2140 2212 collegio
2173 2146 2634 2211 sequestratum.
2670 2140 2776 2204 Qui
2808 2140 3101 2194 ulterius?
3130 2144 3406 2210 angustia
3437 2160 3542 2212 pu-

1896 2211 2053 2265 doris
2080 2213 2383 2273 confusus,
2418 2214 2570 2282 quod
2607 2212 2768 2281 prius
2789 2212 3065 2283 censebat
3090 2212 3397 2283 indignum
3423 2211 3545 2269 elo-

1895 2284 2055 2352 quio,
2078 2289 2277 2350 postea
2295 2283 2560 2337 sociatim
2587 2284 2974 2337 mendicabat.
3002 2282 3188 2352 Hujus
3208 2282 3404 2339 autem
3428 2286 3545 2339 im-

1895 2355 2131 2427 perialis
2161 2356 2412 2409 domina
2433 2355 2681 2408 fimbriis
2714 2355 2914 2408 dotata
2944 2371 3040 2408 ars
3065 2355 3415 2427 sophistica,
3450 2373 3545 2427 pe-

1895 2425 2103 2497 tulanti
2120 2426 2211 2479 ani
2226 2443 2316 2480 mo
2333 2429 2597 2490 confusa,
2616 2425 3434 2497 nugatoriaqueloquacitatis
3449 2425 3549 2483 eu-

1892 2495 2046 2567 logio
2081 2514 2313 2567 perusa,
2350 2497 2614 2551 mulieris
2641 2498 2772 2551 fuco
2795 2495 3239 2567 vultu’perfusa,
3262 2500 3541 2555 barbaras

1893 2570 2161 2624 nationes
2192 2568 2426 2639 obliquo
2460 2570 2649 2622 sidere
2682 2568 3054 2637 respiciebat,
3089 2586 3264 2639 quam
3298 2572 3353 2625 in
3379 2588 3543 2625 com-

1893 2641 2195 2693 mentariis
2219 2640 2528 2694 Alexandri
2558 2644 2615 2693 et
2640 2640 2855 2693 nostris
2886 2640 3154 2695 novimus
3180 2644 3540 2707 decoratam,

1890 2715 1946 2764 et
1976 2712 2361 2765 translatione
2394 2713 2707 2781 perfectam
2743 2727 3115 2780 summopere
3160 2728 3289 2767 esse
3329 2730 3540 2767 curan-

1889 2782 2045 2836 dam.
2066 2784 2147 2836 Ad
2167 2783 2413 2836 istorum
2435 2788 2491 2835 et
2510 2788 2845 2835 caterorum
2872 2783 3284 2851 perfectionem
3320 2783 3542 2854 triplici

1888 2854 2146 2908 solemus
2180 2854 2263 2907 uti
2298 2854 2719 2914 recordatione,
2753 2869 3003 2922 quarum
3040 2856 3227 2921 prima
3257 2862 3345 2910 est
3370 2872 3536 2909 voca-

1887 2923 1981 2991 lis,
2009 2926 2266 2980 secunda
2298 2924 2596 2986 mentalis,
2622 2923 2797 2978 tertia
2813 2940 2942 2978 vero
2966 2926 3321 2979 communis.
3344 2926 3533 2980 Voca-

1884 2995 1956 3051 lis
1979 2997 2363 3066 SOphisticum
2391 2997 2547 3061 facit,
2571 2996 3174 3064 mentalisjudicium,
3195 2998 3528 3053 communis

1888 3069 1936 3121 si
1961 3073 2301 3123 continuata
2325 3068 2497 3121 fuerit
2523 3068 2659 3120 facit
2684 3068 3023 3137 perfectum.
3051 3067 3277 3121 Vocalis
3300 3069 3528 3123 cacita-

1891 3144 2031 3206 tem,
2059 3139 2332 3193 mentalis
2356 3140 2685 3204 scientiam,
2707 3138 3036 3192 communis
3054 3144 3410 3195 usum.Usus
3432 3157 3541 3195 au-

1889 3216 2004 3265 tem
2039 3212 2107 3265 ad
2148 3210 2551 3280 magisterium
2580 3226 2889 3280 preperare
2924 3210 3182 3267 festinat.
3205 3211 3539 3267 Sicutenim

1891 3284 2201 3351 prudentia
2225 3282 2604 3350 sinejustitia
2626 3281 2943 3353 parumvel
2972 3280 3112 3335 nihil
3140 3285 3541 3353 prodest,jus-

1892 3353 2016 3407 titia
2040 3359 2234 3407 autem
2256 3354 2382 3407 sine
2402 3353 2717 3421 prudentia
2732 3351 2983 3407 multum
3008 3369 3020 3405 :
3048 3351 3543 3409 sic’scientia'sine

1894 3442 2005 3479 usu
2031 3428 2266 3496 prodest
2298 3440 2527 3495 parum,
2561 3442 2704 3479 usus
2737 3424 3095 3496 aurtemrsine
3127 3427 3375 3480 scientia
3409 3442 3540 3496 pro-

1892 3495 2329 3551 dest'multum.
2364 3497 2423 3551 Si
2453 3513 2581 3551 vero
2619 3498 2777 3549 bona
2809 3495 3024 3549 indolis
3057 3497 3311 3551 scientia
3343 3495 3532 3551 tirun-

1890 3568 2058 3622 culus
2091 3573 2269 3622 totam
2298 3573 2546 3637 nequeat
2577 3568 2834 3622 seriatim
2868 3568 3361 3637 comprehendere
3401 3587 3532 3623 ora-

1890 3640 2346 3703 tionem,saltem
2372 3640 2616 3709 primam
2640 3639 2829 3707 capiat
2851 3639 3411 3707 pronuntiationem,
3431 3642 3532 3695 do-

1893 3727 1996 3765 nec
2010 3712 2284 3783 gradatim
2300 3711 2661 3783 procedendo
2676 3710 3004 3764 continuum
3021 3714 3160 3783 prod
3173 3728 3336 3767 ucere
3355 3713 3538 3783 possit

1892 3783 2186 3837 effectum.
2210 3782 2366 3837 Visis
2389 3787 2583 3836 autem
2625 3781 2924 3835 levitatum
2970 3782 3262 3853 scientiis,
3297 3781 3367 3837 de
3398 3800 3536 3853 spe-

1893 3854 2182 3909 culatione
2198 3854 2594 3925 Porphyriana
2611 3854 2868 3924 quinque
2884 3852 3299 3909 universalium
3316 3852 3441 3924 qua
3466 3855 3537 3909 ab

1893 3927 2205 3981 Aristotele
2239 3932 2499 3980 monstra
2538 3929 2818 3979 vocantur
2865 3926 3282 3981 attendendum
3317 3932 3425 3995 est,
3461 3928 3532 3981 ad

1896 3999 2081 4068 ipsius
2114 3999 2435 4067 categorias
2469 3996 2817 4059 necessaria,
2854 4012 2979 4065 qua
3012 3998 3136 4051 luce
3155 3998 3535 4067 expositionis

1897 4067 1952 4123 in
1978 4068 2416 4125 commentariis
2446 4070 2664 4122 nostris
2709 4067 2800 4139 bis
2844 4068 3243 4139 patefecimus.
3272 4076 3315 4123 υ
3344 4086 3535 4139 quan-

1893 4147 2020 4195 tum
2057 4141 2326 4195 utilitatis
2357 4141 2603 4192 habetur
2640 4140 2695 4191 in
2729 4138 2820 4190 his
2850 4138 2896 4191 si
2959 4141 3277 4194 intrinseca
3320 4138 3534 4193 hahea-

1896 4218 1993 4267 tur
2013 4212 2267 4283 cognitio
2296 4209 2528 4264 lNonne
2545 4208 2787 4283 literalis
2809 4209 3423 4283 Sophronicifacultas
3448 4215 3538 4283 est

1894 4284 2032 4337 vitio
2050 4281 2323 4337 notanda.
2344 4283 2607 4351 Inquam.
2625 4281 2829 4335 Nostra
2846 4296 3075 4350 quoqut
3091 4282 3536 4351 voluminaslyli

1896 4356 2194 4409 schemate
2222 4356 2491 4407 decorata
2516 4367 2627 4404 non
2664 4356 2801 4405 sunt
2830 4351 3174 4407 omittenda.
3206 4351 3539 4407 Aristotelis

1896 4442 2131 4497 quoque
2163 4430 2283 4479 tota
2314 4424 2612 4479 succincta
2646 4424 2913 4497 brevitas,
2947 4422 3079 4497 licet
3112 4441 3246 4478 voce
3277 4426 3537 4497 tadinsa,

1899 4492 2222 4551 nontamen
2248 4497 2611 4549 infructuosa
2639 4512 2649 4547 :
2674 4492 3024 4547 maluienim
3056 4497 3243 4564 potius
3267 4496 3419 4550 fideli
3445 4498 3541 4551 de-

1896 4571 2115 4625 servire
2137 4567 2501 4622 translationi
2522 4583 2694 4636 quam
2713 4567 3058 4638 arrogantia
3086 4568 3429 4638 reprehendi
3455 4574 3538 4622 te-

1899 4643 2186 4695 meritate.
2212 4640 2359 4701 Quid
2386 4639 2543 4692 enim
2572 4638 2893 4691 Aristotelis
2914 4637 3107 4693 lucida
3131 4637 3369 4693 veritate
3394 4656 3544 4694 sere-

1900 4714 2034 4768 nius
2054 4713 2081 4766 ?
2107 4715 2217 4766 Nec
2241 4712 2381 4763 dum
2403 4711 2519 4763 hac
2540 4712 2845 4779 geruntur,
2870 4710 3263 4773 grammatica
3283 4712 3540 4766 fructuo~

1901 4785 2041 4839 sitas
2071 4782 2406 4836 nullatenus
2439 4786 2528 4834 est
2557 4781 2975 4848 oblinquenda,
2996 4799 3095 4848 per
3124 4799 3247 4838 eam
3273 4784 3428 4838 enim
3447 4800 3545 4838 cu-

1894 4854 2139 4925 juslibet
2166 4854 2306 4908 artis
2330 4852 2817 4925 commendabilis
2841 4853 3105 4908 redditur
3138 4856 3428 4923 possessio
3449 4856 3545 4921 ju-

1904 4923 2112 4980 cunda.
2149 4924 2587 4998 Rhetoricaque
2619 4923 2803 4998 lepos,
2834 4926 3281 4998 quadriviaiium
3316 4942 3550 4998 quoque

1904 4998 2088 5051 honor
2114 4995 2284 5049 studii
2315 4995 2747 5067 comparatione
2776 4996 3081 5064 acquisita,
3118 5015 3217 5066 pro
3239 4995 3410 5067 posse
3434 4995 3548 5052 non

1908 5068 2121 5122 debent
2153 5067 2363 5121 omitti.
2404 5068 2458 5120 ln
2494 5066 2583 5119 his
2616 5070 2811 5119 autem
2844 5068 3021 5120 studii
3064 5066 3410 5139 protervitas
3444 5069 3547 5139 flos

1909 5156 2027 5194 rem
2062 5144 2319 5207 generat,
2352 5139 2723 5203 fructumque
2782 5139 3031 5206 parturit
3068 5138 3138 5195 isi
3197 5138 3555 5196 dubitationi

1909 5211 2193 5283 permixta
2234 5209 2411 5264 fuerit
2435 5214 2490 5263 et
2520 5209 2885 5283 tempestiva.

2565 5279 2795 5334 CAPUT
2831 5281 2897 5334 ΙΙ.

1981 5353 2135 5407 Visis
2151 5356 2345 5408 autem
2368 5350 2724 5407 scholarium
2744 5352 3093 5407 rudimentis
3107 5352 3461 5407 etvirtutum
3478 5352 3561 5406 in-

1914 5426 2247 5492 crementis,
2282 5440 2437 5479 nunc
2471 5424 2540 5477 de
2572 5440 2771 5477 eorum
2804 5426 3167 5491 subjectione
3199 5441 3338 5489 erga
3374 5424 3563 5491 magi-

1915 5504 2066 5553 stros
2100 5497 2348 5550 breviter
2381 5500 2466 5549 est
2497 5496 2869 5557 ordiendum,
2904 5498 3177 5565 quoniam
3213 5498 3312 5566 qui
3345 5514 3405 5550 se
3446 5512 3563 5549 non

1916 5570 2079 5626 novit
2102 5568 2468 5637 subjici,non
2496 5578 2693 5622 noscat
2720 5584 2781 5621 se
2798 5568 3150 5623 macistrari.
3174 5569 3387 5624 Misera
3401 5584 3451 5621 rn
3476 5571 3569 5622 est

1918 5642 2073 5696 enim
2093 5657 2225 5695 eum
2245 5640 2363 5693 fore
2379 5639 2839 5702 magistrumqui
2865 5656 3167 5710 nunquam
3186 5658 3246 5696 se
3272 5641 3569 5695 novitessc

1919 5712 2699 5783 discipulum.l)ehetautem
2717 5711 2989 5782 discipuli
3006 5713 3291 5780 subjectio
3308 5714 3361 5765 in
3379 5711 3573 5767 tribus

1924 5785 2265 5853 consistere,
2287 5783 2516 5838 scilicet
2537 5783 2595 5837 in
2619 5783 2960 5852 attentione,
2981 5784 3379 5840 benevolentia
3398 5792 3451 5838 et
3472 5784 3572 5839 do-

3221 5901 3298 5960 39
