4024 6184
189 236 293 292 1257

1161 232 1483 291 GILBERTI
1521 228 1864 287 PORRETE
1904 230 2438 294 COMMENTARIA.

3338 232 3493 295 $258

184 364 354 431 spiritui,
378 363 448 413 uni
475 359 703 422 homini,
734 361 828 425 qui
860 359 1018 411 simul
1074 365 1156 411 est
1206 364 1259 411 et
1314 375 1510 424 corpus
1542 361 1596 408 et
1628 358 1737 419 spi-
1768 357 1824 425 Α
1854 359 2214 410 nevolentiam
2248 376 2373 412 vero
2431 365 2723 426 comparat,
2755 365 2807 413 et
2866 363 2931 413 ab
2986 361 3159 428 ipsius
3214 363 3291 415 rel
3322 365 3495 428 digni-

181 443 299 499 ritus,
322 435 443 487 simul
469 435 819 485 conveniunt.
849 433 949 483 Sed
995 434 1328 483 diversarum
1387 444 1739 496 personarum

181 514 343 563 diversa
364 506 552 573 propria
611 507 770 555 unius
826 520 942 555 esse
994 519 1104 556 non
1164 511 1437 569 possunt:
1483 504 1742 567 quoniam

179 597 310 634 unum
343 578 546 643 aliquod,
601 580 703 627 etsi
759 592 823 626 ex
881 578 1216 627 diversorum
1274 578 1520 641 partibus
1576 590 1739 638 gene-

174 670 285 717 rum,
323 657 364 703 et
406 651 723 702 diversarum
780 651 1186 713 proprietatum.
1240 663 1349 699 non
1432 654 1612 699 tamen
1676 662 1741 696 ex

175 728 351 778 diversis
369 724 589 788 personis
620 724 885 784 integrum
912 727 1139 771 constat.
1188 721 1374 770 Omnis
1433 722 1575 770 enim
1622 734 1742 785 per—

174 813 280 848 sona
301 801 409 847 recte
457 792 771 853 intelligitur
833 806 929 855 per
988 807 1043 841 se
1101 806 1255 843 una:
1317 797 1369 842 et
1425 791 1481 840 hi
1524 792 1739 854 quidem

170 883 322 920 omnes
366 868 418 916 de
462 863 758 914 divinitatis
805 863 1177 927 singularitate
1221 867 1367 913 recte
1428 864 1738 918 sentientes,

164 945 291 1007 juxta
314 939 603 991 naturalium
635 939 900 986 rationem
958 937 1169 998 Opinati
1226 940 1371 992 sunt,
1422 950 1531 985 non
1580 936 1740 985 modo

167 1014 283 1078 quod
310 1026 421 1062 unus
447 1011 510 1060 sit
541 1012 680 1059 Deus
737 1009 899 1066 solus,
934 1022 1119 1057 verum
1176 1010 1335 1058 etiam
1394 1008 1536 1072 quod
1595 1007 1740 1055 solus

170 1101 288 1137 unus
311 1084 365 1135 sit
388 1086 528 1133 Deus.
574 1081 801 1139 Quidam
840 1095 971 1130 vero
1029 1080 1118 1129 alii
1175 1086 1318 1130 recte
1378 1080 1741 1143 intelligentes

165 1159 338 1209 Patrem
363 1160 405 1205 et
430 1153 615 1204 Filium
649 1157 702 1202 et
728 1152 981 1216 Spiritum
1027 1157 1271 1202 sanctum
1334 1152 1563 1201 diversis
1612 1165 1738 1213 pro-

162 1226 423 1293 piietatibus
450 1225 685 1274 diversas
714 1237 940 1273 numero
972 1238 1089 1272 esse
1121 1236 1398 1286 personas,
1426 1236 1526 1271 nec
1566 1222 1739 1271 solum

162 1301 337 1350 Patrem
388 1312 488 1348 esse
546 1298 733 1352 Deum,
792 1296 883 1344 sed
944 1300 996 1345 et
1050 1298 1242 1345 Filium
1300 1310 1415 1345 esse
1463 1295 1655 1353 Deum,
1689 1298 1743 1343 et

159 1373 373 1436 Spiritum
419 1372 658 1418 sanctum
717 1381 833 1415 esse
891 1369 1101 1417 Deum:
1164 1372 1342 1416 tamen
1391 1366 1480 1415 illa
1519 1369 1741 1414 natura-

158 1446 269 1494 lium
299 1442 487 1507 propria
513 1441 721 1489 ratione
751 1438 977 1503 decepti,
1010 1453 1115 1503 qua
1165 1437 1380 1495 dicitur,
1418 1438 1561 1500 quod
1605 1438 1743 1485 sicut

158 1529 350 1566 numero
385 1512 705 1562 diversorum
766 1512 1122 1574 proprietates
1177 1511 1399 1559 diversae
1465 1513 1608 1564 sunt,
1668 1507 1742 1557 ita

157 1588 294 1637 etiam
320 1583 600 1635 eorumdem
634 1582 996 1632 subsistentiis
1027 1595 1252 1630 numero
1309 1584 1437 1630 sunt
1496 1580 1738 1640 diversae,

154 1659 382 1712 dixerunt,
405 1668 505 1704 non
539 1654 799 1717 ejusdem,
833 1656 925 1702 sed
982 1652 1169 1701 similis
1224 1650 1469 1701 essentiee
1525 1651 1736 1700 Patrem

1852 434 1975 488 tate,
2010 436 2063 481 et
2091 447 2121 481 a
2152 449 2248 483 sua
2274 448 2523 497 persona,
2584 448 2704 483 cum
2768 436 2875 485 sine
2941 436 3246 498 arrogantia
3281 437 3410 487 dicit
3439 454 3496 489 se

1846 504 1986 551 eain
2013 505 2207 567 quibus
2263 506 2353 555 diu
2413 508 2667 570 cogitavit
2729 507 3024 570 scripsisse,
3052 512 3104 556 et
3160 509 3226 557 ab
3282 507 3499 561 illorum

1846 574 2044 637 quibus
2076 578 2261 626 scribit
2309 592 2559 640 persona,
2592 592 2713 627 cum
2771 579 3095 641 contemptis
3151 580 3377 641 caeteris,
3420 583 3503 632 sui

1847 648 2009 697 studii
2032 662 2168 711 opus
2198 651 2326 699 dicit
2356 665 2410 699 se
2462 650 2956 699 desiderantissime
3012 649 3252 713 ipsorum
3307 654 3501 705 oﬁ‘erre

1843 718 2172 778 auctoritati,
2206 726 2365 783 atque
2423 722 2490 771 ab
2549 722 2627 770 eis
2677 720 3002 770 sententiam
3041 721 3175 770 velle
3207 722 3416 784 judicii.
3453 728 3497 777 Α

1845 795 1928 841 sui
1993 806 2117 855 ergo
2171 793 2373 856 negotii
2428 794 2586 841 lende
2644 792 2928 855 incipiens,
2988 794 3062 843 ait
3115 810 3129 842 :
3206 795 3492 859 Investige-

1844 866 1970 921 tam,
2016 868 2116 912 etc.
2178 864 2273 912 Hic
2330 864 2858 913 commemorandum
2906 868 2989 914 est
3047 865 3191 927 quod
3253 880 3316 914 ex
3346 867 3491 916 afﬁr-

1843 933 2081 982 matione
2135 940 2187 982 et
2247 936 2366 997 ejus
2428 934 2849 984 contradictoris
2913 936 3200 998 negatione
3257 936 3486 1000 quaestio

1844 1008 2068 1053 constat.
2102 1006 2215 1054 Non
2254 1012 2433 1055 tamen
2468 1008 2642 1055 omnis
2698 1006 3054 1055 contradictio
3112 1007 3338 1070 quaestio
3384 1014 3484 1059 est.

1841 1078 1975 1126 Cum
2029 1077 2169 1125 enim
2232 1077 2396 1126 altera
2481 1077 2922 1127 contradictionis
2979 1091 3104 1140 pars
3166 1092 3281 1128 esse
3338 1094 3483 1143 vera,

1845 1148 2011 1197 altera
2040 1163 2165 1198 vero
2202 1149 2351 1198 nulla
2381 1164 2603 1212 prorsus
2652 1150 2851 1200 habere
2897 1155 3217 1212 argumenta
3244 1153 3487 1203 veritatis

1842 1220 2070 1277 videtur,
2107 1225 2179 1276 ut,
2243 1221 2411 1269 omnis
2461 1220 2621 1270 homo
2676 1225 2757 1270 est
2812 1236 3123 1284 corporeus,
3150 1235 3261 1272 non
3310 1225 3487 1274 omnis

1843 1291 2004 1340 homo
2036 1296 2117 1341 est
2146 1306 2473 1355 corporeus;
2506 1292 2763 1357 itemque,
2796 1295 2981 1343 nullus
3012 1294 3171 1344 homo
3220 1299 3300 1343 est
3329 1297 3485 1360 lapis,

1841 1364 2057 1425 quidam
2091 1364 2252 1413 homo
2283 1369 2362 1414 est
2391 1364 2527 1426 lapis
2557 1379 2570 1424 ;
2604 1371 2696 1414 aut
2745 1380 2865 1414 cum
2930 1370 3120 1415 neutra
3183 1380 3305 1429 pars
3344 1371 3489 1418 veri-

1842 1434 1969 1485 tatis
1999 1441 2051 1485 et
2080 1436 2332 1485 falsitatis
2361 1441 2679 1500 argumenta
2736 1441 2912 1498 potest
2959 1437 3175 1495 habere,
3209 1444 3287 1496 ut,
3343 1445 3488 1491 astra

1842 1510 1995 1573 paria
2019 1512 2161 1564 sunt,
2194 1512 2337 1556 astra
2388 1509 2541 1571 paria
2598 1522 2709 1557 non
2767 1512 2931 1557 sunt:
2965 1513 3095 1557 tunc
3137 1511 3489 1563 contradictio

1842 1594 1951 1630 non
1984 1584 2063 1629 est
2093 1580 2323 1641 quaestio
2357 1596 2370 1640 ;
2404 1580 2556 1642 cujus
2584 1594 2711 1629 vero
2748 1584 2975 1643 utraque
3007 1594 3131 1641 pars
3172 1588 3489 1645 argumenta

1842 1651 2081 1703 veritatis
2124 1652 2320 1701 habere
2383 1651 2615 1708 videtur,
2670 1653 2896 1716 quaestio
2953 1657 3050 1702 est.
3114 1652 3227 1703 Hoc
3310 1660 3488 1705 autem

154 1736 200 1779 et
222 1728 381 1778 Filium
408 1731 457 1775 et
481 1724 737 1787 Spiritum
771 1729 1011 1773 sanctum
1054 1738 1186 1773 esse.
1246 1722 1593 1772 Macedonius
1642 1737 1739 1771 au-
1768 1724 1817 1790 B
1846 1726 2016 1776 tribus
2046 1724 2222 1773 modis
2276 1724 2591 1786 contingere
2653 1727 2847 1786 potest,
2886 1723 3129 1774 videlicet
3176 1729 3268 1775 aut
3303 1727 3491 1790 50pm-

149 1807 245 1850 tam
284 1802 403 1849 recte
454 1796 692 1845 sentiens
749 1796 954 1844 Patrem
1017 1798 1069 1843 et
1126 1795 1319 1844 Filium
1378 1794 1540 1842 unius
1596 1794 1736 1856 ejus-

149 1872 348 1934 demque
371 1883 473 1919 esse
507 1868 821 1917 substantias
879 1866 963 1915 vel
1018 1867 1282 1922 essentiae,
1315 1869 1370 1914 et
1409 1866 1594 1915 ambos
1624 1879 1740 1913 esse

148 1956 293 1994 unum
322 1943 483 1998 Deum,
513 1938 769 2002 Spiritum
796 1952 925 1987 vero
956 1943 1200 1988 sanctum
1232 1936 1421 1986 dicunt
1467 1949 1577 1985 non
1622 1950 1737 1985 esse

146 2017 332 2073 Deum;
361 2011 439 2061 sed
469 2009 725 2074 quoniam
772 2009 1003 2072 Spiritus
1050 2014 1266 2058 sanctus
1325 2013 1405 2057 est
1462 2008 1740 2070 utriusque

143 2087 480 2143 communiter,
535 2085 789 2147 opinatur
845 2083 1180 2132 divinitatem
1264 2080 1546 2145 utriusque
1625 2094 1741 2130 esse

140 2158 367 2219 Spiritum
409 2160 667 2211 sanctum,
730 2158 784 2204 et
840 2154 1037 2203 nullam
1107 2153 1307 2203 habere
1364 2151 1739 2203 substantiam.

137 2229 299 2294 Aliqui
326 2243 439 2279 vero
500 2229 574 2276 sic
620 2229 787 2276 Deum
853 2231 1103 2276 asserunt
1144 2240 1257 2275 esse
1305 2226 1654 2282 conformem,
1686 2229 1744 2273 ut

134 2302 283 2351 unius
332 2299 541 2349 diversis
597 2296 845 2347 essentiis
899 2301 1155 2359 tanquam
1214 2295 1440 2347 diversis
1501 2295 1743 2359 partibus

134 2373 403 2436 assignant,
434 2368 524 2420 alii
549 2368 765 2432 quidem
799 2369 940 2431 quod
974 2370 1126 2417 Pater
1156 2372 1254 2425 est,
1288 2368 1378 2417 alii
1429 2381 1555 2417 vero
1599 2367 1741 2430 quod

130 2445 288 2494 Filius
316 2447 402 2501 est,
427 2440 515 2490 alii
550 2454 677 2489 vero
707 2440 852 2504 quod
909 2439 1139 2502 Spiritus
1195 2443 1411 2488 sanctus
1467 2442 1566 2499 est,
1600 2438 1742 2487 idem

128 2517 235 2579 ipse
268 2528 394 2563 unus
420 2518 469 2562 et
495 2511 687 2562 solus:
749 2516 806 2559 ut
862 2510 1268 2573 omnipotentiae
1318 2510 1541 2567 dedunt,
1600 2510 1744 2572 quod

127 2590 239 2652 ipsa
266 2592 339 2637 est
365 2588 505 2635 Pater
536 2600 548 2635 :
581 2585 878 2647 sapientiae,
911 2584 1054 2648 quod
1106 2590 1186 2634 est
1240 2584 1443 2643 Filius;
1499 2584 1743 2641 bonitati,

124 2658 261 2723 quod
294 2662 367 2707 est
395 2654 622 2720 Spiritus
653 2659 871 2705 sanctus
906 2669 918 2703 :
952 2658 1005 2704 et
1033 2656 1136 2704 hoc
1165 2669 1378 2719 quoque
1427 2668 1487 2703 ex
1524 2654 1617 2702 illa
1656 2668 1746 2702 na-

125 2729 364 2779 turalium
420 2727 644 2783 ratione,
704 2726 847 2789 quod
911 2727 1071 2774 unius
1130 2724 1469 2774 subsistentia
1521 2724 1746 2773 diversis

119 2799 464 2850 subsistentiis
520 2797 733 2847 diversa
789 2797 1002 2846 addicta
1058 2800 1202 2852 sunt,
1239 2800 1297 2846 ut
1354 2797 1513 2844 unius
1570 2794 1744 2843 homi-

118 2875 200 2921 nis
256 2870 624 2933 corporalitati,
683 2869 883 2928 color;
943 2868 1302 2925 sensibilitati,
1364 2867 1598 2930 passio;
1657 2881 1746 2916 ra-

114 2941 407 2999 tionalitati,
437 2941 693 2990 discretio
723 2956 735 2989 :
768 2942 844 2989 sic
905 2939 1071 3003 igitur
1126 2942 1394 2988 rationum
1450 2942 1600 2987 extra
1630 2953 1747 3001 pro-

112 3016 287 3079 prium
317 3027 482 3077 genus
514 3011 870 3062 abusionibns
901 3012 955 3060 in
1009 3011 1219 3060 diversa
1264 3011 1534 3074 dogmata,
1566 3010 1618 3059 id
1668 3014 1747 3059 est

1847 1798 1981 1847 stica
2037 1796 2410 1852 univocorum,
2497 1795 2919 1857 tequivocorum,
3003 1796 3301 1856 modorum,
3369 1812 3492 1860 par-

1846 1871 2000 1923 tium,
2057 1871 2380 1929 temporum,
2438 1870 2599 1929 atque
2683 1866 3004 1916 relationum
3076 1866 3490 1929 multiplicitale,

1849 1944 1943 1991 aut
1970 1938 2159 1988 orandi
2190 1937 2470 2000 qualitate,
2501 1941 2593 1986 aut
2620 1938 2894 1987 rationum
2953 1952 3017 1987 ex
3075 1937 3275 2001 quibus
3316 1954 3492 1989 sermo

1850 2012 1909 2061 ﬁt
1936 2021 2151 2072 genere.
2213 2007 2278 2056 Et
2332 2008 2551 2070 quidem
2601 2021 2694 2056 sex
2752 2021 3011 2071 generum
3072 2008 3495 2073 multiplicitates

1850 2079 2177 2145 sOphisticte,
2210 2083 2322 2128 arte
2365 2084 2417 2128 et
2473 2093 2570 2128 usu
2633 2078 2995 2143 sophistarum
3056 2080 3297 2143 pluribus
3355 2087 3495 2132 notae

1852 2157 1995 2202 sunt.
2028 2148 2265 2210 Qualitas
2297 2153 2475 2198 autem
2506 2151 2694 2198 orandi
2749 2149 2833 2198 vel
2886 2151 2941 2198 in
2985 2165 3162 2199 rerum
3195 2155 3354 2213 atque
3384 2154 3497 2201 dic-

1850 2226 2059 2276 tionum
2085 2223 2489 2285 consequeutia,
2526 2223 2608 2271 vel
2643 2220 2696 2271 in
2738 2224 3048 2273 earumdem
3101 2224 3273 2287 tropis
3321 2230 3501 2276 atten-

1854 2296 1999 2347 ditur
2028 2310 2042 2343 :
2072 2308 2302 2357 quorum
2335 2293 2379 2342 si
2418 2308 2584 2344 unum
2615 2294 2671 2343 in
2704 2296 3060 2347 afﬁrmatione
3126 2303 3222 2355 est,
3272 2299 3497 2349 alterum

1852 2369 1909 2419 in
1942 2367 2247 2431 negatione,
2282 2372 2505 2429 utraque
2538 2381 2665 2416 vera
2694 2372 2872 2431 potest
2902 2383 3015 2418 esse
3048 2381 3061 2418 :
3123 2374 3199 2428 ut,
3256 2371 3369 2420 dies
3424 2376 3505 2421 est

1853 2442 2024 2510 laetus,
2062 2452 2189 2510 vera
2215 2442 2295 2487 est
2325 2443 2478 2510 tropo
2521 2436 2890 2510 μετωνυμίας,
2929 2440 2979 2488 id
3013 2445 3092 2490 est
3147 2444 3501 2492 conversione

1853 2509 2090 2561 nominis
2148 2508 2264 2571 ejus
2322 2508 2465 2571 quod
2524 2510 2582 2557 ﬁt
2634 2510 2699 2559 ad
2744 2508 2803 2559 id
2840 2512 2985 2574 quod
3019 2511 3164 2562 facit.
3196 2512 3347 2571 Item,
3385 2513 3502 2563 dies

1854 2596 1964 2633 non
1996 2587 2075 2631 est
2102 2580 2273 2637 laetus,
2306 2594 2431 2630 vera
2465 2586 2561 2637 est,
2596 2582 2639 2629 si
2670 2584 2792 2644 quis
2836 2596 3016 2632 rerum
3073 2585 3296 2634 istarum
3349 2590 3502 2635 natu-

1854 2653 2019 2703 ralem
2052 2652 2485 2701 convenientiam
2543 2658 2721 2714 neget.
2780 2653 3121 2704 Diversorum
3178 2669 3306 2706 vero
3345 2671 3502 2719 gene-

1854 2740 1973 2789 rum
2005 2723 2231 2773 diversis
2262 2722 2562 2772 rationibus
2622 2729 2847 2779 utraque
2906 2725 3147 2776 similiter
3203 2741 3333 2777 vera
3376 2733 3498 2777 est:

1856 2801 1930 2853 ut,
1963 2795 2107 2859 quod
2134 2808 2296 2857 supra
2326 2793 2577 2854 diximus,
2609 2796 2755 2844 nulla
2786 2796 2992 2859 species
3039 2798 3103 2847 de
3165 2813 3262 2848 suo
3306 2813 3501 2862 genere

1854 2868 2196 2932 praedicatur,
2229 2866 2282 2914 in
2313 2865 2700 2916 difﬁnitionum
2731 2881 2930 2928 genere
2972 2884 3157 2919 verum
3215 2873 3297 2920 est
3326 2886 3339 2928 ;
3373 2871 3501 2919 item

1856 2939 2033 2989 omnis
2062 2936 2270 3000 species
2328 2937 2393 2986 de
2447 2952 2543 2986 suo
2605 2952 2802 3000 genere
2829 2940 3172 3001 praedicatur,
3198 2940 3256 2989 in
3286 2940 3502 2991 divisio-
3536 2960 3539 2961 ν

1857 3024 1987 3059 num
2040 3022 2235 3073 genere
2295 3023 2480 3058 verum
2540 3014 2636 3058 est.
2691 3010 2763 3058 Ex
2811 3010 3003 3060 horum
3056 3012 3238 3075 itaque
3294 3012 3504 3062 occulta

110 3084 388 3149 opiniones
416 3083 678 3159 falsitatis,
712 3083 967 3159 illi_qnos
1022 3082 1243 3159 exempli
1291 3082 1461 3159 gratia
1511 3094 1743 3159 comme-
1776 3092 1819 3159 ρ
1858 3079 2252 3159 multiplicitate
2315 3080 2571 3159 locorum,
2630 3086 2724 3131 aut
2776 3085 2888 3159 arte
2941 3082 3205 3159 deductis,
3239 3087 3336 3159 aut
3376 3098 3503 3133 casu

110 3160 452 3209 moravtmus,
492 3158 547 3203 et
576 3153 669 3203 alii
706 3153 856 3202 multi
888 3152 1089 3202 detrusi
1123 3154 1251 3200 sunt
1282 3166 1295 3209 ;
1356 3155 1409 3199 et
1459 3150 1602 3214 quod
1660 3165 1745 3214 pe-

102 3232 313 3295 jusest,
344 3230 528 3276 contra
584 3225 903 3274 catholicam
963 3224 1027 3272 de
1089 3236 1316 3295 numero
1375 3235 1749 3295 personarum,

105 3293 252 3353 etde
289 3300 522 3362 ipsarum
583 3296 813 3358 simplici
873 3300 1030 3358 atque
1087 3293 1342 3355 singulari
1402 3294 1639 3342 essentia
1696 3294 1752 3341 ﬁ«

96 3376 236 3430 dem,
298 3370 527 3435 quodam
578 3366 1020 3431 praesumptionis
1097 3364 1356 3415 instinctu
1414 3364 1754 3414 conﬁdenter

92 3444 287 3502 locuti,
319 3456 528 3492 errores
560 3455 687 3489 suos
715 3441 998 3489 veritatem
1048 3452 1165 3488 esse
1208 3437 1487 3486 dixerunt.
1522 3436 1749 3494 Quidam

87 3532 220 3567 vero
251 3526 597 3578 nequaquam
628 3526 659 3561 a
685 3512 945 3561 catholica
975 3510 1309 3566 recedentes.
1335 3512 1389 3557 et
1437 3508 1503 3557 de
1557 3522 1754 3558 nume-

82 3605 143 3641 ro
190 3599 550 3651 personarum
611 3585 860 3633 essentia;
917 3582 1287 3645 singularitate
1341 3594 1469 3629 sane
1532 3581 1755 3629 creden-

78 3668 186 3716 tes,
254 3673 323 3709 ex
381 3657 524 3706 veris
605 3653 1051 3704 antecedentibus
1134 3651 1437 3701 rationibus
1506 3653 1755 3710 veritatis

77 3735 218 3783 falsa
247 3742 407 3794 posse
440 3727 655 3783 deduci,
686 3727 863 3775 mirati
916 3729 1043 3775 sunt
1074 3741 1087 3785 ;
1146 3728 1200 3773 et
1255 3723 1547 3786 quomodo,
1590 3723 1757 3781 salvis

72 3803 367 3871 praedictis
426 3798 733 3849 rationibus
788 3796 1046 3855 veritatis,
1100 3797 1208 3845 sint
1263 3796 1423 3844 unius
1495 3796 1758 3857 simplicis

71 3868 348 3927 essentia;
411 3886 475 3920 ac
535 3870 825 3931 singularis
875 3869 1103 3918 diversas
1156 3880 1424 3931 personae,
1465 3870 1517 3915 et
1578 3868 1759 3916 diver-

65 3959 270 3997 sarum
306 3956 667 4008 personarum
701 3954 809 3990 una
859 3940 1146 4003 singularis
1196 3942 1248 3987 et
1301 3938 1528 4000 simplex
1568 3953 1759 3987 essen-

44 4023 158 4075 tia,
202 4015 499 4065 humiliter
554 4014 903 4076 quaesierunt.
958 4011 1174 4060 Illorum
1236 4024 1362 4071 ergo
1410 4010 1755 4059 detestabiles

36 4104 293 4143 errores
326 4084 561 4135 Boetius
591 4085 776 4133 volens
816 4084 1111 4139 destruere,
1163 4087 1214 4131 et
1267 4080 1549 4131 humilium
1601 4082 1749 4131 inﬁr-

33 4164 321 4213 mitatem
349 4158 572 4221 juvarc,
642 4155 965 4218 Symmacho
1022 4157 1075 4202 et
1126 4151 1452 4215 quibusdam
1510 4152 1628 4201 aliis
1679 4168 1764 4202 sa-

34 4230 369 4299 pientibus
405 4227 598 4276 scribit
627 4226 693 4275 de
719 4226 879 4299 trium
940 4238 1165 4299 numero
1215 4237 1573 4299 personarum
1629 4223 1765 4274 sim-

34 4295 193 4370 plici
231 4316 303 4350 ac
340 4299 617 4362 singulari
645 4298 898 4349 essentia.
932 4301 996 4370 et
1037 4295 1101 4344 de
1160 4296 1331 4345 tribus
1386 4295 1547 4343 unius
1579 4309 1765 4344 essen~

33 4367 143 4428 tiae
189 4385 457 4422 numero
501 4368 730 4419 diversis
781 4367 1050 4430 personis,
1107 4370 1158 4415 et
1218 4371 1504 4428 utrumque
1534 4367 1765 4415 rationi-

1861 3152 2201 3204 venientibns
2258 3155 2607 3216 argumentis,
2671 3152 2899 3216 quaestio
2973 3155 3028 3203 in
3104 3154 3507 3219 ambiguitatem

1856 3225 2161 3281 adducitur,
2195 3223 2426 3286 ideoque
2462 3237 2573 3273 non
2620 3222 2724 3272 nisi
2770 3239 2954 3275 eorum
3000 3240 3119 3289 quas
3159 3232 3225 3276 ad
3257 3242 3349 3277 eos
3381 3242 3505 3289 per-

1855 3299 2039 3346 tinent
2068 3296 2218 3345 locos
2248 3295 2511 3344 divisione
2568 3296 2899 3346 dissolvitur.
2953 3296 3087 3347 Cum
3135 3299 3297 3361 igitur
3354 3303 3502 3349 utra-

1858 3382 1962 3432 que
1997 3381 2118 3431 pars
2148 3366 2594 3417 contradictionis
2642 3368 2837 3418 habere
2893 3368 3136 3419 veritatis
3191 3375 3510 3433 argumenta

1856 3440 2091 3496 videtur,
2125 3438 2539 3503 diligentissime
2576 3440 2950 3503 vestigandnm
3007 3444 3089 3491 est
3146 3456 3266 3505 quae
3314 3442 3510 3493 horum

1859 3511 2234 3560 universalitas
2296 3511 2540 3560 locorum
2602 3512 2904 3574 propositas
2965 3513 3374 3576 multiplicitatis
3401 3514 3509 3563 dic-

1858 3582 2034 3631 tiones
2065 3581 2363 3637 contineat,
2423 3585 2499 3640 ut,
2548 3581 2651 3629 hoc
2710 3580 2949 3643 cognito,
2977 3596 3098 3644 quas
3156 3596 3253 3645 per
3281 3582 3507 3633 divisio-

1860 3665 2001 3708 nem.
2031 3656 2083 3701 et
2113 3666 2205 3713 per
2234 3666 2393 3714 quam
2425 3650 2743 3701 divisionem
2774 3652 2919 3701 exeri
2975 3652 3192 3711 debent,
3239 3659 3291 3704 et
3337 3656 3507 3717 parti-

1860 3724 1959 3773 bus
1992 3723 2303 3786 quesstionis
2328 3724 2516 3785 aptari,
2550 3726 2719 3787 possit
2746 3722 3017 3787 cognosci.
3048 3725 3200 3783 Quod
3250 3725 3317 3775 ad
3366 3727 3505 3776 hanc

1862 3800 1927 3847 de
1977 3793 2345 3856 singularitate
2410 3808 2471 3843 ac
2526 3795 2864 3857 simplicitate
2921 3796 3167 3846 essentia:
3225 3796 3398 3846 Patris
3454 3805 3506 3850 et

1862 3868 1980 3919 Filii
2035 3869 2088 3914 et
2136 3864 2365 3926 Spiritus
2418 3865 2605 3922 sancti,
2664 3868 2716 3914 et
2770 3865 2837 3915 de
2894 3866 3134 3928 ipsorum
3207 3872 3506 3921 secundum

1865 3942 2106 3991 diversas
2162 3937 2521 3998 proprietates
2572 3937 2837 3986 numerali
2884 3938 3193 3990 diversitate
3250 3943 3505 4003 quaestio-

1867 4027 2014 4069 nem,
2044 4009 2197 4072 cujus
2232 4014 2455 4073 utraque
2486 4023 2610 4072 pars
2657 4010 2892 4060 veritatis
2944 4010 3142 4061 habere
3195 4020 3514 4075 argumenta

1868 4085 2098 4139 videtur,
2131 4080 2349 4130 Boetius
2376 4082 2727 4144 investigasse
2759 4082 2983 4131 dubium
3014 4098 3129 4133 esse
3177 4098 3288 4133 non
3336 4086 3514 4148 debet,

1868 4154 2307 4220 quandoquidem
2366 4154 2484 4202 ait:
2548 4154 2948 4215 Investigatam.
3013 4154 3121 4204 Nec
3182 4156 3298 4205 sine
3358 4159 3522 4208 studii

1871 4228 2173 4288 diligentia,
2203 4224 2460 4287 quoniam
2491 4225 2564 4273 ait
2594 4240 2607 4273 :
2639 4224 2974 4274 Diutissime.
3032 4226 3133 4275 Tot
3190 4227 3334 4277 enim
3388 4232 3529 4279 mul-

1874 4299 2136 4360 tiplicium
2170 4296 2314 4343 locos
2341 4295 2444 4343 cito
2478 4295 2803 4357 pertransire
2864 4308 2974 4343 non
3038 4296 3231 4358 putuit.
3264 4303 3317 4347 et
3363 4314 3429 4347 an
3462 4301 3537 4349 si-

1876 4368 2169 4433 gniﬁcatio,
2197 4380 2264 4413 an
2297 4365 2508 4425 modus,
2542 4379 2608 4413 an
2657 4366 2799 4427 quod
2864 4365 3093 4415 aliorum
3149 4368 3338 4418 fecerit
3378 4385 3536 4433 quas-

33 4451 165 4500 bus
201 4443 493 4501 Ostendit,
528 4442 621 4490 θεά
677 4439 974 4489 secundum
1034 4439 1366 4510 diversarum
1405 4451 1626 4510 genera
1678 4438 1758 4510 fa-
1791 4447 1835 4510 D
1869 4440 2122 4495 stionem,
2158 4437 2511 4510 perpendere.
2546 4436 2646 4485 Sed
2685 4441 2882 4486 etcum
2929 4438 2982 4486 in
3045 4438 3161 4487 aliis
3221 4438 3534 4505 intelligen-

33 4518 347 4569 sultatum
402 4512 657 4561 diversis.
702 4510 834 4559 Nam
897 4510 1068 4572 primo
1127 4507 1445 4567 theologicis
1508 4509 1757 4558 essentia:

33 4586 537 4649 singularitatem
588 4586 746 4645 atque
797 4579 1234 4643 simplicitatem;
1286 4577 1482 4628 deinde
1540 4583 1757 4628 natura-

40 4662 199 4710 ibus
237 4655 776 4716 numerabilemque
808 4664 1161 4714 personarum
1194 4651 1563 4699 diversitatem
1611 4665 1760 4699 mon.

33 4735 216 4781 utr-at.
267 4728 449 4777 Unde
482 4730 626 4775 recte
658 4722 886 4787 intelligi
933 4723 1129 4787 poterit
1178 4722 1599 4785 praenominatos
1648 4722 1755 4772 hae-

34 4819 77 4853 ηρ
92 4801 289 4854 ticos,
328 4812 405 4847 ex
442 4812 509 4847 eo
540 4796 684 4861 quod
714 4794 1041 4844 naturalium
1073 4792 1317 4855 proprias
1345 4793 1584 4842 rationes
1608 4793 1762 4844 theoo

34 4872 253 4937 ogicis
290 4869 875 4923 communicaverunt,
908 4879 1024 4914 esse
1049 4864 1324 4927 deceptos.

84 5010 591 5076 [nues-ligataan
634 5006 918 5058 Prmmittit
970 5007 1269 5070 prologum,
1319 5005 1374 5055 in
1418 5020 1525 5070 quo
1573 5021 1765 5070 quam-

34 5089 114 5135 is
154 5084 325 5133 illud
368 5084 446 5132 de
483 5096 588 5145 quo
619 5080 898 5129 locuturus
958 5082 1039 5127 est
1092 5079 1381 5126 obscurum
1439 5079 1524 5137 sit,
1553 5081 1605 5126 et
1650 5079 1766 5140 plu~

36 5157 212 5209 imis
284 5155 368 5203 ad
437 5152 881 5217 cognoscendum
942 5147 1275 5198 difﬁcillimis
1335 5150 1493 5198 rebus
1552 5150 1769 5211 implici-

34 5244 182 5287 um,
266 5226 536 5276 minime
590 5228 767 5273 tamen
820 5223 998 5271 verbis
1056 5222 1254 5283 apertis
1310 5236 1423 5269 sese
1467 5222 1768 5272 locuturum

40 5302 354 5352 romittit
391 5312 408 5346 :
475 5298 615 5345 sicut
678 5296 743 5344 ab
806 5295 1132 5353 oratoribus,
1190 5306 1308 5342 cum
1367 5308 1538 5357 genus
1595 5309 1770 5344 causae

38 5378 389 5425 bscurum
432 5375 538 5427 est,
566 5370 683 5418 ﬁeri
714 5368 883 5427 solet;
937 5369 1044 5416 imo
1076 5372 1136 5415 ut
1180 5368 1255 5416 rei
1304 5367 1369 5417 de
1398 5382 1506 5431 qua
1536 5368 1773 5431 loquitur

40 5448 424 5509 ignitatem
502 5442 638 5492 celet
695 5440 952 5503 indignis,
1008 5453 1105 5489 nec
1162 5452 1274 5488 eam
1304 5438 1461 5501 plena
1490 5442 1771 5489 verborum

34 5518 229 5569 xerit
274 5514 683 5578 expositione,
713 5516 766 5561 et
795 5514 838 5560 si
898 5510 1029 5574 quid
1086 5524 1262 5561 sermo
1304 5511 1576 5575 loquentis
1626 5512 1772 5561 audi-

34 5592 174 5640 )ris
214 5585 656 5647 intelligentiae
706 5582 905 5647 prodit.
964 5596 1088 5631 mox
1135 5582 1335 5645 injectu
1401 5596 1553 5633 novae
1611 5582 1775 5645 signi-

34 5659 371 5709 cationis
447 5657 696 5706 obducit.
752 5654 853 5703 Sed
914 5655 1265 5703 attentionem
1318 5655 1546 5703 maxime
1580 5658 1775 5711 movet,

34 5748 139 5783 1m
215 5730 326 5781 rei
398 5729 588 5794 ipsius
639 5726 1030 5789 magnitudine,
1080 5730 1193 5775 tum
1246 5727 1554 5786 verborum,
1587 5739 1776 5791 quem-

34 5804 402 5857 dmodum
442 5800 701 5855 diximus,
761 5800 1018 5848 ὺΐσςνίὶιὶὶῑὶ
1076 5804 1234 5863 atque
1282 5798 1625 5852 obscuritate.
1682 5802 1785 5853 Be-

441 5913 719 5975 Panos.
763 5908 967 5973 LXIV.

1872 4515 1995 4562 tiam
2056 4508 2253 4559 excitet
2308 4508 2384 4556 rei
2439 4511 2587 4557 certa
2645 4509 2968 4569 proprietas,
3031 4514 3124 4559 aut
3187 4516 3330 4560 certa
3387 4515 3532 4563 vocis

1869 4583 2083 4646 positio,
2117 4585 2175 4629 ut
2200 4593 2323 4628 cum
2356 4578 2567 4636 dicitur,
2600 4578 2764 4627 homo
2797 4580 2991 4629 albus:
3025 4582 3282 4641 quoniam
3322 4587 3526 4633 certum

1870 4660 1948 4704 est
2009 4650 2312 4701 albedinem
2369 4650 2760 4711 corporalitatis
2819 4649 3093 4715 prepriam
3148 4666 3282 4710 esse,
3352 4660 3528 4717 potest

1871 4726 2049 4790 putari
2081 4724 2279 4772 dictum
2314 4736 2432 4771 esse
2468 4722 2767 4771 secundum
2826 4722 3065 4787 aliquam
3119 4725 3340 4774 humani
3400 4742 3527 4776 cor-

1873 4799 2018 4862 poris
2050 4800 2273 4860 partem.
2310 4794 2419 4843 Aut
2476 4808 2597 4843 cum
2661 4793 2877 4854 dicitur,
2923 4796 3071 4845 canis
3121 4800 3203 4846 est
3232 4798 3522 4857 sensibilis,

1875 4870 2131 4935 quoniam
2168 4872 2368 4917 certum
2430 4872 2509 4917 est
2560 4868 2715 4931 cujus
2775 4869 2970 4930 speciei
3034 4871 3120 4927 sit,
3183 4885 3523 4936 quascunque

1875 4943 2103 5005 qualitas
2134 4940 2467 5003 signiﬁcatur
2516 4940 2616 4989 hac
2678 4954 2807 4990 voce
2840 4955 2854 4999 ;
2916 4943 3162 5005 quamvis
3199 4943 3405 4993 nesciat
3437 4959 3526 4994 au-

1876 5016 2016 5064 ditor
2078 5027 2144 5062 cx
2194 5012 2347 5074 cujus
2400 5012 2613 5061 illarum
2671 5026 2834 5063 sensu
2892 5012 2994 5063 hoc
3058 5016 3259 5064 dictum
3308 5018 3392 5073 sit,
3427 5017 3529 5066 scit

1877 5092 2054 5136 tamen
2087 5083 2228 5147 quod
2269 5097 2379 5131 non
2400 5083 2502 5132 nisi
2533 5083 2597 5132 de
2634 5098 2695 5133 eo
2726 5084 2817 5147 qui
2851 5084 3059 5135 illarum
3090 5086 3327 5151 aliquam
3368 5089 3531 5137 habet

1880 5160 1932 5207 in
1966 5156 2379 5217 multiplicitate.
2412 5170 2571 5217 quam
2611 5154 2949 5206 diversorum
3002 5172 3258 5220 generum
3308 5160 3531 5209 diversae

1881 5230 2085 5280 faciunt
2116 5227 2369 5287 rationes,
2406 5241 2526 5290 quas
2558 5227 2694 5277 adeo
2752 5233 2879 5277 sunt
2935 5230 3176 5289 occultas,
3207 5235 3266 5279 ut
3323 5244 3538 5292 semper

1887 5314 2072 5351 earum
2104 5312 2320 5362 genera,
2383 5313 2526 5363 saepe
2586 5314 2711 5348 vero
2770 5303 2823 5349 et
2857 5300 2989 5363 ipsae
3039 5306 3091 5351 et
3120 5316 3301 5350 earum
3334 5314 3539 5364 genera

1887 5374 2103 5440 penitus
2132 5377 2435 5428 taceantur,
2478 5373 2773 5435 longiorem
2826 5374 3253 5437 investigationis
3298 5374 3533 5423 laborem

1887 5460 2002 5496 esse
2035 5445 2345 5508 contingit:
2382 5448 2439 5493 ut
2494 5443 2548 5493 in
2608 5445 2703 5494 hac
2767 5445 3087 5507 quaestione,
3120 5458 3230 5493 non
3270 5446 3542 5509 signiﬁca-

1887 5518 2147 5571 tionibus,
2186 5531 2292 5565 non
2324 5516 2515 5577 modis,
2551 5530 2661 5565 non
2693 5516 2955 5579 partibus,
3023 5530 3131 5565 non
3187 5518 3540 5579 temporibus,

1889 5603 2001 5639 non
2046 5587 2421 5649 relationibus,
2473 5603 2583 5637 non
2644 5588 2880 5649 denique
2938 5587 3157 5636 orandi'.
3188 5589 3541 5651 qualitatibus

1889 5661 2171 5725 implicita,
2228 5662 2321 5711 sed
2380 5662 2713 5711 diversorum
2774 5672 3034 5720 generum
3097 5661 3401 5713 rationibus
3456 5661 3541 5709 di-

1888 5734 2074 5792 versis,
2108 5748 2228 5797 quss
2292 5736 2347 5783 in
2406 5734 2645 5797 utrisque
2701 5728 2952 5794 partibus
3015 5735 3334 5795 quasstionis
3380 5732 3542 5795 hujus

1902 5806 2037 5859 adeo
2092 5806 2431 5859 taciturnitas
2484 5804 2815 5863 occuluerat,
2873 5804 2941 5848 ut
2999 5808 3053 5851 et
3134 5814 3358 5874 propter
3414 5803 3551 5852 hanc

3155 5913 3251 5993 ω
