4022 6174
533 213 672 269 1259

1769 202 1843 260 ΙΝ
1883 204 2149 261 LIBRUM
2189 205 2280 260 DE
2318 203 2691 264 ΤΗῙΝΙΤΑἸἙ

3711 215 3812 269 ηὓο

526 332 961 388 occultationem,
993 330 1346 395 questionem
1379 327 1533 379 istam
1565 342 1621 379 se
1652 328 2003 393 investigasse
2045 330 2172 379 diu-
2205 339 2256 401 Α
2280 329 2489 393 jecerit.
2548 330 2801 396 Quisquis
2861 345 2989 395 ergo
3045 329 3396 395 philosophias
3457 336 3631 383 secreta
3676 337 3823 388 talibus

525 408 730 458 tissime
760 411 904 456 recte
935 403 1150 453 dixerit.

586 483 714 532 Eam
750 494 874 541 ergo
901 477 1206 539 formatam,
1233 472 1550 531 rationibus,
1616 473 1738 539 etc.]
1798 474 2033 531 Quaestio
2094 476 2177 523 in-

529 553 718 604 formis
751 556 851 606 est,
884 550 1010 597 dum
1038 546 1215 594 adhuc
1245 545 1303 593 in
1334 546 1613 608 incognito
1671 545 1788 593 loco
1847 559 2073 594 manens
2102 546 2179 593 in-

528 624 737 688 digesta
763 617 1151 681 multiplicitas,
1183 616 1404 666 formam
1455 614 1716 674 veritatis,
1747 620 1806 664 ut
1855 616 2009 680 cujus
2057 631 2180 680 par-

531 687 606 744 tis
632 690 1080 744 contradictionis
1111 689 1178 738 sit
1208 689 1495 743 nesciatur,
1526 687 1823 736 obducunt.
1872 688 2003 736 Cum
2051 701 2178 737 vero

530 768 650 817 loco
678 764 920 826 exposito
949 763 1065 823 ipsa
1095 773 1309 822 quoque
1341 759 1407 807 de
1453 758 1553 807 loci
1600 759 2001 808 universalitate
2057 760 2180 808 edu-

533 838 688 892 citur.
725 841 779 885 et
810 848 902 897 per
932 830 1256 881 divisionem
1287 830 1607 892 signiﬁcatio
1667 836 1718 877 et
1773 830 1966 878 modus
2009 832 2177 879 exeri-

535 914 620 958 tur
651 923 663 968 ;
698 911 750 954 et
781 905 914 959 haec,
948 903 1030 951 vel
1062 915 1181 964 quas
1215 904 1409 948 caetera
1437 897 1676 948 ostendit
1708 900 1897 948 divisio
1941 901 2180 961 partibus

535 978 850 1045 quaestionis
879 978 1152 1038 aptantur,
1189 975 1247 1020 ut
1274 972 1430 1033 plene
1482 972 1733 1033 cognosci
1784 970 1969 1032 possit,
2012 971 2181 1021 forma

532 1044 774 1102 veritatis
805 1047 1127 1099 excluditur
1161 1046 1380 1095 Accedit
1409 1049 1590 1093 tamen
1626 1045 1690 1092 ad
1751 1044 1976 1093 formam
2033 1045 2178 1107 quod

534 1123 649 1172 haec
679 1121 910 1185 partium
967 1114 1252 1164 divisionis
1296 1114 1537 1175 partibus
1597 1114 1913 1175 quaestionis
1967 1113 2180 1185 reptatio

533 1184 863 1259 argumentis
884 1191 1139 1237 ﬁrmatur.
1172 1186 1436 1236 Convenit
1490 1187 1632 1234 enim
1681 1190 1738 1234 ut
1788 1184 2039 1248 quaestio,
2077 1186 2178 1234 sic-

531 1273 592 1318 ut
619 1264 954 1330 argumentis
984 1262 1040 1310 in
1072 1260 1469 1310 dubitationem
1501 1259 1806 1317 adducitur,
1842 1259 1916 1308 ita
1962 1273 2178 1322 quoque

533 1341 864 1405 argumentis
893 1339 1042 1386 certa
1092 1333 1367 1405 reddatur.
1424 1333 1568 1382 Hanc
1626 1332 1789 1396 igitur
1824 1333 2178 1405 quaestionem

532 1403 1032 1473 sicinvestigatam,
1093 1420 1202 1455 non
1259 1403 1478 1468 quidem
1544 1406 1689 1468 quod
1773 1403 2180 1468 investigatione

534 1483 797 1550 quidquid
830 1482 894 1530 ad
945 1480 1061 1543 ejus
1121 1477 1431 1550 pertineret,
1473 1476 1800 1550 solutionem
1857 1475 2177 1534 invenerim,

533 1548 626 1607 sed
659 1561 869 1606 tantum
900 1556 1166 1615 quantum
1199 1550 1288 1598 lux
1328 1549 1511 1597 divina
1567 1548 1789 1612 dignata
1844 1553 1925 1598 est
1981 1553 2179 1598 nostra;

537 1630 732 1680 mentis
761 1626 1077 1690 igniculum,
1112 1624 1164 1672 id
1222 1628 1302 1672 est
1357 1626 1620 1685 quantum
1674 1624 1906 1671 naturali
1958 1620 2180 1686 ingenio

2288 404 2495 464 pandit,
2529 410 2587 454 ut
2643 405 2717 454 ita
2777 403 3002 462 dicatur,
3063 405 3228 465 ipsam
3261 404 3541 468 prostituit,
3570 411 3824 468 etquantum

2287 476 2342 522 in
2379 489 2434 523 se
2460 483 2539 525 est
2563 477 2878 538 dignitatem
2932 477 3046 537 ejus
3108 474 3288 524 minus
3351 476 3676 526 admirabilem
3720 480 3827 529 facit.

2288 543 2439 601 Quod
2471 545 2732 607 quoniam
2767 545 3094 607 multiloquis
3124 551 3176 594 et
3207 559 3446 593 sermone
3494 548 3627 595 trivio
3674 553 3826 599 contin-

2289 631 2412 678 gere
2434 619 2587 673 solet,
2622 619 2816 667 idcirco
2849 618 3045 681 stylum
3099 618 3354 667 brevitate
3406 619 3652 676 contrahe,
3683 621 3724 668 id
3762 630 3826 682 est,

2289 689 2433 751 quod
2461 689 2525 737 de
2557 689 2655 738 hac
2687 689 2862 738 sentio
2899 687 3216 751 quaestione,
3251 689 3411 751 plena
3440 689 3726 750 expositione
3763 707 3828 742 non

2290 759 2515 822 explico,
2551 761 2641 808 sed
2670 759 2962 808 decurtatis
3019 761 3296 821 scripturas
3354 759 3490 807 notis
3543 759 3772 822 signiﬁco:
3801 772 3831 814 et

2290 835 2505 892 sumpta
2541 844 2604 878 ex
2641 831 2992 892 philosophiae
3024 828 3349 891 disciplinis,
3381 843 3482 878 non
3526 832 3630 878 dico
3667 835 3832 884 exterio-

2292 901 2440 949 ribus
2471 902 2724 965 physicaa.
2757 902 2841 949 vel
2869 901 3219 950 interioribus
3267 900 3653 957 mathematicae,
3679 905 3748 952 sed
3785 906 3833 952 in-

2293 971 2435 1020 timis
2466 973 2766 1034 theologias,
2794 985 3058 1020 novorum
3108 971 3391 1020 verborum
3450 971 3593 1021 novis
3645 975 3834 1037 signiﬁca-

2293 1043 2531 1091 tionibus
2560 1045 2704 1106 velo,
2733 1043 2910 1106 qualia
2945 1047 3086 1101 sunt,
3127 1043 3285 1092 homo
3318 1055 3424 1091 non
3458 1043 3599 1091 estid
3630 1046 3741 1105 quod
3764 1055 3832 1104 est;

2294 1118 2344 1162 et
2375 1116 2536 1163 homo
2573 1129 2801 1176 magnus
2833 1127 2942 1163 non
2974 1119 3054 1163 est
3081 1116 3259 1177 ipsum
3295 1114 3475 1175 homo,
3505 1127 3594 1162 nec
3620 1116 3754 1176 ipsum
3768 1131 3835 1166 me

2293 1199 2449 1247 gnus.
2483 1187 2578 1234 Hic
2607 1191 2785 1234 movet
2814 1187 3163 1234 attentionem
3198 1199 3211 1234 :
3250 1187 3375 1233 Haec
3407 1190 3573 1234 autem
3594 1188 3835 1236 ethrevitau
3930 1229 3931 1252 ξ

2294 1256 2573 1313 contrahe,
2606 1260 2654 1306 et
2687 1258 2921 1306 novitate
2958 1256 3074 1305 velo
3108 1271 3120 1305 :
3148 1261 3204 1305 ut
3221 1256 3357 1312 haec,
3383 1257 3632 1318 scriptura
3649 1257 3836 1305 brevrtatii

2296 1332 2347 1377 et
2382 1328 2656 1386 novrtatis,
2704 1328 2834 1377 mihi
2893 1328 3151 1391 vobisque
3206 1333 3435 1385 tantum,
3497 1329 3537 1376 si
3592 1329 3761 1391 quando
3802 1332 3837 1378 at

2297 1399 2413 1447 aliis
2442 1398 2633 1448 studiis
2663 1399 2856 1448 vestris
2884 1399 2950 1447 ad
2983 1414 3041 1448 ea
3075 1400 3392 1448 convertitis
3425 1400 3617 1460 oculos,
3652 1413 3735 1447 non
3775 1405 3840 1448 tam

2297 1474 2426 1518 nota
2457 1484 2618 1532 quam
2680 1475 2814 1519 nutu
2876 1470 3271 1532 colloquantur.
3338 1470 3571 1519 Crateros
3597 1484 3702 1518 vero
3728 1475 3772 1520 ab
3794 1473 3841 1519 his

2295 1543 2370 1591 ita
2399 1543 2780 1591 submovemus
2807 1542 3037 1604 scriptis,
3072 1548 3130 1591 ut
3185 1543 3499 1606 quicunque
3555 1541 3786 1605 semiplena
3814 1549 3842 1592 et
3930 1541 3931 1592 Ὗ

2295 1611 2557 1661 inusitata
2587 1613 2977 1675 signiﬁcatione
3006 1612 3278 1674 commoti,
3347 1613 3671 1676 nequiverint
3706 1628 3750 1661 ea
3792 1627 3840 1661 cs-

537 1714 657 1750 meo
689 1684 873 1746 divina
904 1695 1076 1758 gratia
1107 1684 1394 1755 splendore
1425 1706 1522 1740 suo
1580 1692 1801 1755 dignum
1859 1684 2073 1741 duxerit
2102 1707 2191 1741 os-
2221 1695 2268 1761 B
2299 1698 2424 1761 ρπβ
2456 1684 2757 1761 intellectu1
2781 1699 2888 1733 non
2921 1699 2985 1734 eo
3017 1699 3177 1761 quem
3209 1684 3415 1748 scripta
3473 1685 3775 1761 fac_iunt,__sed
3802 1700 3842 1761 eo

540 1772 802 1828 tendere;
843 1769 999 1829 hanc,
1051 1768 1288 1828 inquam,
1350 1765 1670 1819 rationibus,
1718 1764 1948 1827 qualiter
1989 1765 2189 1815 dictum

540 1849 638 1904 est,
671 1841 974 1900 formatam,
1006 1836 1307 1900 litterisque
1336 1837 1662 1894 mandatam,
1691 1837 1742 1885 id
1791 1840 1872 1885 est
1923 1836 2190 1899 scriptam,

537 1913 694 1964 vobis
753 1910 1107 1966 offerendam,
1163 1921 1482 1971 mecumque
1543 1907 2047 1957 communicandam
2105 1923 2194 1958 cu-

539 1986 673 2036 ravi.
705 1982 942 2042 Qualiter
973 1985 1151 2029 autem
1186 1984 1238 2028 et
1270 1992 1435 2042 quare
1493 1979 2002 2028 communicandam
2064 1994 2194 2043 up-

540 2055 700 2120 ponit
731 2070 743 2104 :
777 2059 886 2104 tam
920 2051 1083 2102 vestri
1118 2050 1579 2115 cupidusjudicii,
1612 2051 1665 2098 id
1702 2055 1782 2099 est
1820 2049 2196 2115 circumspecti

538 2127 821 2188 examinis,
879 2139 1041 2188 quam
1125 2123 1296 2172 nostri
1365 2122 1636 2171 studiosus
1696 2123 1922 2172 inventi.
1982 2124 2191 2182 Quanto

538 2202 736 2252 etenim
769 2198 950 2249 studio
1006 2197 1072 2246 ad
1131 2195 1519 2245 inveniendum
1580 2209 1675 2257 per
1734 2196 1863 2258 quid
1913 2196 2052 2245 hanc
2082 2197 2195 2246 sol-

534 2287 719 2322 verem
778 2271 1130 2334 qutestionem
1207 2281 1291 2316 me
1363 2267 1617 2330 applicui,
1676 2271 1826 2315 tanta
1902 2267 2192 2330 cupiditate

539 2349 732 2393 vestrm
763 2339 1102 2391 auctoritatis
1134 2339 1465 2387 sententiam
1515 2352 1676 2400 super
1725 2337 1840 2387 haec
1873 2338 2068 2387 habere
2100 2352 2194 2387 vo-

546 2419 645 2467 lui.

610 2490 718 2550 Qua
749 2488 806 2536 in
834 2501 908 2544 re,
941 2485 1068 2548 etc.]
1091 2486 1285 2534 Dicens
1315 2482 1713 2546 investigatam,
1765 2487 1818 2532 et
1873 2482 2188 2541 diutissime,

553 2567 607 2611 et
657 2559 958 2609 rationibus
1015 2557 1312 2616 formatam,
1367 2557 1443 2605 rei
1498 2555 1873 2617 magnitudine
1935 2557 2193 2605 attentio-

551 2646 674 2682 nem
705 2635 900 2680 movet.
939 2629 1032 2678 Hic
1061 2627 1488 2678 benevolentiam
1547 2633 1817 2690 comparat
1868 2643 1899 2677 a
1945 2643 2038 2678 sua
2080 2643 2194 2691 per-

552 2718 704 2761 sona,
739 2704 804 2753 de
837 2702 987 2751 factis
1017 2705 1071 2750 et
1095 2701 1161 2749 de
1194 2699 1424 2763 negotiis
1455 2699 1564 2749 suis
1603 2701 1717 2749 sine
1763 2702 2084 2763 arrogantia,
2117 2702 2192 2748 di-

552 2790 700 2834 cens,
733 2774 903 2839 quasi,
927 2773 1090 2822 Vobis
1121 2771 1624 2822 communicandam
1661 2772 1845 2821 offero.
1894 2772 2007 2831 Qua
2045 2773 2102 2822 in
2134 2787 2189 2824 re

553 2846 682 2910 quid
714 2845 895 2906 animi,
922 2845 975 2893 id
1009 2848 1090 2893 est
1118 2842 1238 2907 quis
1267 2844 1478 2893 animus
1523 2843 1650 2892 mihi
1701 2845 1784 2899 sit,
1819 2844 2017 2893 scilicet
2064 2859 2193 2908 quo-

551 2931 670 2966 rum
701 2918 936 2966 favorem
994 2929 1251 2978 quaeram,
1310 2916 1518 2978 quoties
1574 2915 1891 2964 commendo
1944 2919 2102 2978 stylo,
2137 2916 2188 2965 id

551 2994 634 3038 est
661 2989 873 3052 quoties
903 2986 1079 3036 scribo
1125 2987 1308 3050 aliqua
1364 2987 1455 3035 diu
1514 2987 1832 3045 excogitata,
1887 2991 2066 3048 potest
2115 2986 2191 3036 in-

2299 1756 2476 1818 potius
2505 1769 2568 1803 ex
2599 1770 2704 1818 quo
2736 1755 2875 1804 facta
2904 1761 3046 1811 sunt,
3078 1756 3144 1804 ad
3173 1769 3234 1804 ea
3278 1770 3394 1806 non
3445 1757 3595 1804 modo
3623 1755 3843 1818 judicanda,
3930 1755 3931 1806 Ι

2298 1840 2485 1875 verum
2520 1828 2678 1876 etiam
2709 1827 2935 1890 legenda
2981 1827 3271 1876 videantur
3319 1827 3548 1890 indigni.
3577 1827 3686 1875 Tria
3716 1826 3841 1889 quippe

2297 1901 2441 1952 sunt,
2471 1910 2575 1952 res,
2605 1902 2658 1946 et
2688 1898 3008 1955 intellectus,
3041 1903 3096 1946 et
3124 1913 3325 1949 sermo.
3367 1899 3476 1948 Res
3505 1898 3740 1947 intellectu
3769 1912 3844 1946 con-

2299 1967 2512 2031 cipitur,
2574 1983 2819 2019 sermone
2871 1969 3225 2033 signiﬁcatur.
3288 1971 3394 2020 Sed
3454 1984 3621 2033 neque
3670 1973 3843 2018 sermonis

2299 2045 2427 2088 nota
2460 2040 2720 2104 quidquid
2751 2056 2835 2091 res
2866 2047 2946 2091 est
3003 2045 3180 2105 potest
3237 2042 3542 2097 ostendere,
3574 2055 3720 2104 neque
3751 2039 3844 2088 intel-

2300 2112 2537 2176 ligentiae
2569 2119 2720 2163 actus
2777 2115 2831 2164 in
2894 2114 3080 2164 omnia
3135 2129 3482 2178 quaecunque
3537 2120 3651 2163 sunt
3685 2113 3844 2176 ejusdem

2298 2185 2373 2232 rei
2405 2184 2696 2243 oﬁ‘endere,
2729 2186 2960 2249 ideoque
3023 2199 3125 2236 nec
3179 2192 3482 2247 conceptus
3514 2186 3678 2235 omnia
3718 2191 3845 2232 tenere.

2297 2257 2446 2306 Circa
2476 2263 2796 2320 conceptum
2857 2260 3015 2307 etiam
3067 2263 3312 2307 remanet
3375 2271 3569 2306 sermo.
3626 2257 3721 2305 Non
3754 2255 3842 2304 enim

2298 2333 2506 2377 tantum
2543 2329 2619 2378 rei
2647 2329 3039 2392 signiﬁcatione
3066 2344 3171 2379 vox
3204 2329 3406 2394 prodit,
3466 2334 3698 2393 quantum
3744 2327 3843 2376 inte;-

2299 2400 2517 2462 ligentia
2548 2403 2799 2464 concipit.
2831 2401 3088 2450 Similiter
3117 2407 3169 2450 et
3199 2403 3486 2465 scripture
3516 2399 3776 2463 signiﬁcatio
3808 2397 3844 2444 ei

2300 2461 2533 2520 auctoris
2564 2473 2646 2521 sui
2678 2461 2996 2535 conceptum
3029 2487 3086 2522 se
3138 2461 3326 2521 habet:
3389 2473 3542 2522 Unde
3565 2461 3579 2463 ⁷
3601 2471 3844 2520 manifestum

2299 2547 2378 2591 est
2409 2543 2551 2605 quod
2610 2546 2702 2607 qui
2759 2546 2907 2593 audit
2961 2545 3048 2593 vel
3099 2545 3245 2603 legit,
3315 2545 3546 2593 oratoris
3589 2544 3762 2606 quidem
3793 2553 3847 2587 seu

2299 2614 2576 2676 scriptoris
2631 2619 2952 2678 conceptum
3015 2629 3079 2664 ex
3135 2616 3218 2663 his
3272 2629 3398 2678 quae
3430 2614 3715 2678 signiﬁcatio
3739 2610 3848 2675 prodit

2300 2685 2605 2747 perpendit,
2639 2687 2730 2735 sed
2763 2689 2828 2735 de
2860 2700 2913 2734 re
2974 2700 3084 2734 non
3134 2686 3238 2734 nisi
3297 2701 3364 2735 ex
3426 2686 3652 2749 ejusdem
3700 2683 3847 2754 oramus

2299 2768 2390 2803 seu
2419 2757 2691 2820 scriptoris
2721 2771 2881 2806 sensu
2911 2761 3051 2806 recte
3079 2755 3345 2806 decernit.
3379 2757 3506 2806 Ideo
3537 2758 3596 2805 ab
3647 2756 3770 2817 hujus
3801 2765 3845 2798 sti

2298 2830 2557 2876 tractatus
2611 2829 2839 2877 lectione
2892 2828 3010 2877 illos
3066 2829 3258 2878 merito
3317 2833 3484 2886 arcet,
3527 2826 3611 2890 qui
3659 2823 3847 2886 scriptoris

2298 2898 2648 2954 intellectum,
2679 2913 2742 2948 ex
2803 2913 2909 2962 quo
2971 2900 3030 2948 ﬁt
3080 2912 3255 2948 sermo
3321 2901 3435 2948 sive
3501 2901 3848 2961 scripturam:-

2299 2973 2565 3025 temnnnt,
2597 2975 2653 3019 et
2687 2971 2753 3019 ad
2781 2973 2855 3020 rei
2886 2968 3152 3033 judicium
3192 2969 3634 3034 signiﬁcationem
3686 2965 3846 3014 sufﬁcere

548 3034 719 3122 telligi
750 3073 870 3109 cum
907 3073 970 3109 ex
1004 3059 1119 3122 ipsa
1148 3034 1389 3115 mitteris,
1422 3057 1522 3106 hoc
1578 3063 1674 3115 est,
1729 3072 1847 3106 cum
1889 3034 2075 3107 “rerum
2122 3059 2178 3108 de

2298 3045 2488 3120 putant
2518 3055 2530 3098 ;
2557 3042 2640 3089 vel
2661 3043 2704 3090 si
2725 3042 2853 3105 quid
2897 3043 2962 3091 ad
3016 3041 3160 3104 quod
3194 3041 3530 3131 signiﬁcatio
3554 3045 3680 3120 certe
3703 3050 3782 3118 non
3803 3034 3847 3081 di-

546 3133 747 3196 quibus
775 3147 984 3196 semper
1041 3133 1215 3181 scribo
1273 3131 1604 3188 difﬁcultate,
1664 3136 1776 3181 tum
1835 3147 1899 3181 ex
1948 3146 2010 3182 eo
2041 3134 2185 3195 quod

539 3204 818 3266 colloquor
873 3203 1027 3259 raris,
1087 3203 1137 3251 id
1198 3209 1280 3251 est
1339 3203 1490 3251 vobis
1549 3207 1777 3260 tantum,
1830 3203 1924 3251 tibi
1983 3204 2185 3253 scilicet

538 3273 882 3336 Symmacho,
915 3273 1000 3322 cui
1031 3273 1140 3322 fere
1172 3273 1354 3322 omnia
1402 3274 1600 3335 scripta
1648 3288 1767 3323 mea
1822 3274 2186 3323 examinanda

541 3346 726 3401 offero,
760 3351 920 3408 atque
980 3345 1098 3394 aliis
1156 3346 1516 3408 prudentibus
1570 3348 1772 3407 paucis.
1805 3346 1992 3409 Neque
2040 3349 2183 3395 enim

539 3418 836 3466 excitamur
891 3417 956 3466 ad
1011 3417 1210 3476 aliquid
1266 3418 1465 3479 optime
1527 3416 1835 3466 faciendum
1890 3419 2184 3480 jactatione

535 3487 693 3537 famas
725 3492 780 3537 et
813 3486 1068 3536 inanibus
1100 3487 1428 3536 clamoribus
1459 3488 1606 3552 vulgi
1645 3500 1657 3536 :
1693 3490 1791 3536 hac
1821 3489 2024 3538 scilicet
2066 3503 2186 3537 cau-

534 3572 611 3615 sa,
646 3561 705 3607 ut
733 3559 874 3608 fama
905 3563 1091 3608 nostra
1123 3559 1189 3607 ad
1221 3564 1431 3608 exteros
1467 3563 1721 3619 transeat,
1755 3565 1807 3608 et
1865 3560 2005 3608 inter
2067 3572 2186 3608 nos-

531 3634 667 3686 tros,
695 3629 835 3678 sicut
859 3629 997 3679 solet
1025 3630 1201 3679 facere
1231 3629 1464 3679 comicos
1494 3635 1546 3679 et
1588 3636 1810 3680 creteros
1863 3632 1952 3693 qui
2014 3631 2184 3680 delec-

529 3704 646 3750 tare
679 3701 873 3750 volunt
903 3707 1109 3764 poetas,
1147 3702 1394 3750 scenicus
1424 3715 1522 3750 nos
1554 3707 1605 3751 et
1634 3702 1912 3752 theatralis
1953 3704 2183 3765 applau-

530 3786 621 3820 sus
646 3772 888 3822 extollat.
923 3773 1123 3821 Sensus
1156 3784 1168 3820 :
1200 3773 1317 3821 Non
1350 3773 1599 3822 exteriori
1643 3774 1842 3830 favore,
1893 3774 1984 3822 sed
2033 3789 2184 3823 cons-

532 3844 743 3892 cientiae
775 3848 979 3893 secreto
1011 3843 1263 3894 delector.
1293 3844 1394 3892 Sed
1427 3849 1481 3892 et
1510 3843 1552 3892 si
1585 3844 1706 3906 quis
1739 3850 1819 3893 est
1865 3845 2020 3893 nobis
2072 3847 2182 3895 fru-

529 3917 647 3963 ctus
678 3915 907 3964 exterior
937 3929 1000 3963 ex
1034 3915 1261 3964 aliorum
1287 3915 1511 3978 judicio,
1552 3915 1638 3964 hic
1686 3929 1795 3963 non
1849 3920 2026 3978 potest
2069 3931 2182 3980 spe-

527 3998 647 4034 rare
678 3986 833 4035 aliam
862 3986 1185 4036 sententiam
1218 3987 1322 4035 nisi
1378 3986 1603 4035 similem
1669 3989 1924 4045 materias,
1990 3989 2039 4037 id
2082 3994 2177 4050 est,

529 4070 641 4106 non
673 4061 852 4120 potest
880 4071 1096 4120 sperare
1128 4072 1193 4106 ex
1245 4058 1551 4121 aliquorum
1610 4058 1900 4116 sententia,
1956 4061 2058 4108 nisi
2118 4076 2181 4110 ex

525 4129 717 4178 talium
748 4128 901 4191 quale
929 4134 1010 4178 est
1039 4130 1154 4191 ipsa
1183 4143 1362 4178 rerum
1393 4129 1458 4178 de
1490 4130 1687 4192 quibus
1718 4129 1898 4192 agitur
1932 4133 2175 4189 materia,

525 4197 729 4249 sedicet
758 4213 985 4263 quorum
1017 4198 1320 4249 auctoritati
1351 4200 1597 4263 quaedam
1630 4201 1862 4262 dignitas
1891 4200 2068 4250 inesse
2099 4217 2181 4251 co-

525 4273 820 4334 gnoscitur,
854 4285 918 4320 ex
947 4269 1164 4320 virtutis
1195 4271 1508 4320 excellentia
1549 4276 1710 4334 atque
1759 4272 2134 4335 singularitate
2163 4289 2176 4326 :

527 4342 666 4391 sicut
694 4343 931 4392 materiae
957 4341 1202 4406 quaedam
1253 4343 1395 4391 inest
1442 4341 1678 4404 dignitas
1728 4358 1789 4392 ex
1843 4344 1925 4392 sui
1965 4347 2170 4408 magni-

522 4415 712 4462 tudine
756 4417 808 4463 et
861 4413 1270 4476 incomparabili
1329 4415 1676 4477 proprietate.
1736 4417 1831 4465 Hic
1879 4420 2056 4479 captat
2111 4419 2176 4467 ab

523 4483 737 4532 illorum
769 4484 968 4547 quibus
1000 4485 1183 4534 scribit
1221 4499 1453 4547 persona
1515 4487 1948 4535 benevolentiam
1980 4501 1992 4536 :
2049 4501 2176 4549 quo-

521 4569 642 4604 rum
675 4556 1046 4605 auctoritatem
1096 4557 1286 4606 volens
1338 4556 1563 4620 intelligi
1612 4557 1956 4622 singulariter
1997 4560 2173 4609 excel-

526 4626 746 4684 lentem,
781 4629 855 4677 ait
886 4643 900 4678 :

583 4698 887 4762 Quoctmque
915 4699 1098 4761 igitur,
1125 4699 1250 4765 etc.]
1280 4698 1463 4757 Quasi.
1520 4699 1588 4749 Ut
1650 4702 1890 4751 materiae
1944 4703 2172 4754 similem

520 4768 721 4829 possim
749 4782 964 4830 sperare
1001 4771 1342 4826 sententiam,
1391 4771 1543 4819 vobis
1593 4775 1798 4820 tantum
1849 4773 2171 4836 colloquor:

519 4839 586 4890 ab
616 4839 736 4888 aliis
768 4841 931 4902 igitur
957 4841 1146 4891 similis
1203 4843 1408 4905 sperari
1465 4855 1575 4891 non
1632 4849 1823 4905 potest.
1855 4845 1989 4894 Nam
2041 4860 2174 4908 quo-

517 4923 749 4972 cunque,
807 4909 969 4962 idest
1024 4913 1089 4962 ad
1149 4926 1499 4976 quoscunque
1556 4914 1705 4973 alios,
1734 4927 1866 4975 quos
1926 4930 2170 4967 meorum

516 4983 841 5030 tractatuum
871 4983 1062 5032 faciam
1085 4983 1319 5047 judices,
1352 4999 1381 5031 a
1441 4982 1595 5032 vobis
1635 4998 1742 5033 non
1803 4986 1922 5035 dico
1954 5001 2170 5038 conver-

515 5053 581 5100 tit
613 5053 706 5100 sed
736 5053 907 5117 dejeci
942 5071 953 5104 :
988 5055 1041 5104 id
1075 5060 1170 5112 est,
1205 5056 1470 5105 declinavi
1502 5057 1703 5117 oculos,
1750 5060 1981 5107 occurrit
2036 5059 2166 5111 mihi

515 5123 712 5196 partim
742 5125 940 5188 ignava
974 5125 1252 5189 segnities,
1283 5128 1335 5176 id
1368 5131 1450 5176 est
1482 5127 1729 5176 homines
1751 5130 1978 5191 segnitie
2013 5132 2164 5196 igna-

513 5195 587 5248 vi.
620 5201 672 5244 et
702 5197 918 5259 ignavia
975 5212 1202 5262 segnes;
1256 5201 1448 5261 partim
1507 5200 1730 5249 callidus
1786 5201 1939 5260 livor,
1973 5204 2024 5252 id
2087 5212 2164 5256 est

515 5270 691 5318 callidi
725 5275 776 5318 et
806 5271 992 5324 invidi.
1025 5271 1158 5320 adeo
1194 5277 1252 5321 ut
1297 5273 1541 5321 videatur
1593 5274 1975 5323 contumeliam
2036 5278 2162 5326 irro-

513 5355 662 5402 gare,
688 5341 738 5389 id
763 5347 844 5389 est
873 5343 1072 5391 inferre
1104 5342 1301 5391 divinis
1361 5344 1695 5399 tractatibus,
1732 5347 2037 5410 quicunque
2088 5355 2161 5399 ta~

514 5410 656 5459 libus
690 5426 798 5460 non
841 5415 958 5462 dico
1019 5414 1348 5472 hominibus,
1405 5418 1496 5465 sed
1555 5418 1832 5466 hominum
1885 5424 2158 5479 monstris,

513 5492 650 5540 quos
683 5481 882 5531 scilicet
912 5482 1153 5544 corpOris
1183 5483 1401 5546 quidem
1463 5486 1629 5547 ﬁgura
1692 5489 1925 5538 exterior
1983 5492 2158 5541 homi-

510 5562 606 5597 nes
637 5565 751 5598 esse
783 5552 1036 5612 ostendit,
1070 5554 1159 5601 sed
1202 5554 1549 5605 interioribus
1579 5571 1698 5618 qua:
1733 5561 1982 5618 praedicta
2031 5572 2159 5615 sunt

508 5622 655 5668 vitiis
712 5625 906 5671 mentis
964 5625 1132 5688 magis
1182 5633 1308 5675 sunt
1365 5628 1576 5683 bellum,
1636 5629 1748 5676 lliI‘C
1809 5645 1912 5679 non
1988 5651 2154 5694 agno-

508 5692 726 5768 scenda,
758 5693 813 5743 id
844 5699 1316 5768 estexaminanda
1378 5700 1556 5761 potius
1609 5705 1938 5765 apposuerit,
1996 5691 2153 5768 quam

513 5763 770 5826 tanquam
798 5765 974 5829 porcis
1003 5769 1385 5834 proculcanda,
1417 5769 1471 5819 id
1527 5775 1608 5820 est
1653 5763 2154 5834 despicienda-nro-

2297 3111 2482 3172 rigitur
2509 3114 2814 3171 attendunt,
2847 3127 2956 3162 non
2993 3118 3100 3162 tam
3129 3111 3337 3162 referre
3383 3127 3504 3177 quae
3547 3112 3727 3161 veritati
3748 3120 3847 3177 quan

2297 3181 2488 3230 aﬁ‘erre
2541 3196 2660 3245 quas
2719 3182 3100 3245 signiﬁcationi
3158 3175 3491 3231 conveniant
3544 3175 3848 3245 gestiunt.

2296 3258 2346 3300 et
2377 3253 2634 3316 quoniam
2670 3255 2910 3316 adusque
2941 3255 3014 3303 rei
3046 3254 3451 3317 plenitudinem
3512 3253 3766 3303 intellectus
3793 3263 3845 3296 ne

2294 3324 2412 3386 quit
2447 3326 2725 3388 attingere,
2759 3328 2918 3375 etiam
2969 3324 3088 3374 illos
3135 3327 3226 3388 qui
3271 3340 3339 3375 ex
3404 3326 3628 3374 auctoris
3658 3323 3846 3371 intellecti

2293 3397 2459 3445 verba
2489 3397 2570 3445 vel
2629 3398 2828 3461 scripta
2883 3397 3199 3460 dijudicant,
3234 3403 3427 3446 monet
3473 3411 3539 3446 ne
3591 3395 3717 3444 illum
3753 3392 3847 3438 dere

2293 3468 2524 3528 perfecte
2556 3470 2848 3532 scripsisse,
2885 3473 2937 3518 et
2967 3467 3229 3531 quidquid
3263 3469 3384 3530 ipsa
3429 3473 3509 3517 est
3553 3467 3735 3522 dixisse,
3779 3463 3847 3508 exi-
3930 3491 3931 3508 χ

2293 3541 2512 3589 stiment
2539 3556 2551 3599 ;
2587 3543 2678 3590 sed
2707 3556 2772 3590 ex
2804 3543 2886 3590 his
2921 3556 3040 3605 quae
3072 3541 3282 3604 concipi
3334 3545 3561 3604 possunt
3619 3541 3846 3598 scriptorum

2293 3625 2387 3660 seu
2415 3613 2680 3662 dictorum
2711 3614 3092 3674 perfectionem
3127 3614 3440 3662 metiantur.
3472 3613 3555 3661 Ait
3583 3623 3692 3672 ergo
3717 3624 3726 3657 :

2357 3683 2458 3732 Sed
2513 3688 2560 3733 et
2617 3690 2839 3738 tantum.
2897 3686 2980 3735 vel
3037 3700 3161 3734 sane
3216 3688 3442 3745 tantum,
3475 3687 3572 3747 vel,
3600 3685 3676 3732 sed
3707 3694 3754 3728 ne
3775 3683 3848 3726 tas-
3930 3711 3931 3747 ἡ

2291 3757 2416 3812 tum,
2455 3757 2578 3822 etc.]
2609 3757 2770 3813 Quasi
2805 3773 2818 3806 :
2854 3757 2973 3806 Illos
3004 3758 3392 3806 submovemus
3447 3758 3511 3807 ab
3569 3756 3644 3804 his
3690 3748 3847 3822 scriptis,

2289 3826 2382 3888 qui
2413 3840 2477 3875 ea
2507 3821 2782 3876 intellectu
2834 3841 3022 3890 capere
3081 3827 3416 3891 nequierint.
3476 3827 3573 3878 Sed
3616 3828 3660 3874 et
3695 3821 3772 3871 illis
3791 3833 3847 3880 qm

2289 3897 2562 3946 intellectu
2590 3912 2780 3960 capere
2816 3899 3092 3961 potuerint
3123 3898 3372 3958 dicimus,
3409 3913 3474 3948 ne
3539 3900 3735 3948 tantum,
3767 3896 3844 3940 etc...

2291 3969 2389 4026 vel,
2417 3984 2545 4019 sane
2573 3975 2797 4028 tantum,
2831 3976 2928 4021 etc.
2963 3987 2976 4030 ;
3011 3971 3114 4030 vel,
3158 3971 3251 4020 sed
3317 3985 3406 4029 ne,
3457 3973 3508 4020 id
3563 3973 3650 4027 est,
3690 3969 3844 4014 tantum.

2288 4045 2388 4089 etc.
2420 4041 2512 4088 Est
2540 4043 2681 4090 enim
2712 4042 2813 4090 hoc
2861 4042 2974 4090 loco
3020 4058 3081 4090 ne
3138 4042 3516 4091 conﬁrmativa
3573 4034 3841 4101 conjunctis:

2287 4111 2517 4173 qualiter
2552 4117 2603 4162 et
2626 4111 2880 4174 Virgilius
2909 4112 3081 4176 ponit,
3119 4114 3306 4162 dicens
3342 4125 3356 4162 :

2471 4275 2707 4323 Tantane
2738 4287 2820 4325 me
2846 4276 3018 4324 tenuit
3047 4274 3281 4334 vivendi,
3315 4278 3461 4332 nate,
3488 4274 3718 4335 voluptas,

2474 4336 2542 4386 Ut
2563 4351 2656 4400 pro
2687 4351 2770 4386 me
2804 4324 2981 4387 hostili
3009 4343 3219 4401 paterer
3247 4324 3592 4388 succumbere
3609 4324 3805 4382 ‘dextrml

2286 4489 2381 4538 Hic
2411 4490 2552 4539 enim
2583 4504 2645 4539 ne
2699 4505 2794 4553 pro
2848 4492 3006 4540 etiam
3068 4492 3274 4542 dicunt.
3335 4491 3396 4541 in
3440 4490 3660 4553 pluribus
3691 4488 3837 4553 quame
3930 4507 3931 4553 γ

2288 4561 2405 4609 aliis
2437 4561 2563 4610 locis
2596 4549 2868 4612 invenitur
2895 4578 2958 4612 ne
2987 4564 3371 4612 conﬁrmativa.
3397 4549 3482 4611 Sic
3525 4559 3669 4625 igitur
3707 4559 3745 4601 et
3772 4549 3834 4595 δοῖ
3930 4549 3931 4625 ἦ

2284 4632 2402 4681 loco
2438 4633 2804 4683 conﬁrmativa
2833 4637 3070 4697 ponitur,
3104 4639 3161 4684 ut
3193 4636 3260 4684 sit
3291 4649 3518 4684 sensus:
3553 4631 3642 4680 Sed
3684 4638 3734 4674 ne
3758 4628 3834 4668 ιη’

2285 4711 2416 4762 tum,
2449 4705 2547 4753 hoc
2583 4709 2679 4766 est,
2713 4706 2803 4754 sed
2836 4707 2995 4755 etiam
3027 4710 3238 4756 tantum
3285 4708 3454 4769 quaeri
3497 4719 3526 4754 a
3574 4700 3703 4751 nobis
3724 4702 3832 4754 0P0”

2283 4781 2373 4832 tet,
2407 4777 2458 4824 id
2491 4780 2585 4834 est,
2623 4791 2712 4827 eos
2742 4779 2833 4841 qui
2889 4780 3088 4840 scripta
3132 4783 3318 4828 nostra
3381 4777 3653 4826 intellectu.
3683 4780 3732 4817 ει
3762 4772 3831 4824 quo

2282 4853 2410 4897 sunt
2440 4850 2653 4911 scripta,
2685 4864 2873 4912 capere
2908 4855 3178 4913 poterunt,
3210 4854 3418 4900 tantum
3453 4845 3678 4898 convenit
3706 4852 3734 4915 _a
3769 4845 3831 4881 00‘

2279 4919 2362 4968 bis
2393 4934 2652 4983 quaerere,
2684 4927 2944 4984 quantum
2981 4923 3208 4971 intuitus
3250 4921 3501 4970 humanae
3551 4914 3736 4984 rationis
3778 4915 3830 4948 τε·

2278 4981 2725 5040 letconscendere
2784 4995 2849 5041 ad
2903 4993 3040 5042 celsa
3102 4993 3419 5052 divinitatis,
3457 4987 3616 5054 quasi,
3664 4981 3713 5031 ad
3753 4985 3826 5036 ‘1”

2277 5078 2386 5112 non
2419 5065 2640 5114 omnino
2676 5066 2891 5128 aspirat,
2926 5068 3024 5116 etsi
3053 5065 3251 5129 aliquid
3286 5066 3350 5114 de
3383 5067 3496 5128 ipsa
3540 5066 3748 5120 tanquam
3770 5056 3826 5124 Ρῗτ

2277 5135 2552 5198 speculum
2584 5137 2746 5185 videt.
2778 5137 2928 5195 Quod
2977 5137 3175 5201 scripto
3229 5137 3610 5187 commendare,
3642 5130 3704 5176 est

2273 5205 2434 5254 bendi
2497 5207 2728 5256 ofﬁcium
2792 5209 2972 5257 debito
3034 5199 3138 5257 ﬁne
3198 5208 3469 5272 perﬁcere.
3520 5205 3617 5252 Hoc
3657 5199 3817 5272 autent

2273 5278 2479 5327 czeteris
2515 5277 2737 5341 intelligi
2771 5284 2962 5342 potest.
3009 5281 3140 5328 Nam
3197 5263 3401 5329 cmteris
3450 5286 3645 5340 quoque
3683 5263 3816 5315 artibus

2274 5351 2414 5400 idem
2447 5353 2597 5415 quasi
2647 5353 2862 5416 quidam
2922 5353 3042 5402 ﬁnis
3077 5358 3154 5401 est
3202 5353 3516 5402 constitutus
3573 5361 3585 5396 :
3657 5345 3814 5416 contigui“

2272 5405 2477 5471 scilicet
2504 5428 2623 5472 actu
2660 5405 2927 5486 prosequi,
2993 5438 3274 5488 quousque
3327 5424 3408 5472 via
3469 5417 3664 5470 rationis
3700 5405 3813 5488 Ροξέξξ

2271 5497 2546 5543 accedere.
2580 5479 2692 5553 Quo
2728 5479 2848 5543 actu
2882 5479 2979 5544 etsi
3009 5479 3231 5545 minime
3289 5496 3339 5544 id
3394 5497 3597 5557 prapter
3646 5479 3812 5557 quoii}

2268 5566 2464 5621 evenit,
2500 5549 2614 5613 non
2643 5571 2818 5614 tamen
2853 5567 3031 5616 minus
3062 5581 3147 5615 ars
3178 5568 3330 5615 ﬁnem
3368 5549 3522 5612 habet
3571 5555 3712 5608 cilicii.
3739 5549 3812 5594 Νῡα

2266 5639 2429 5696 enim,
2492 5637 2628 5686 sicut
2710 5637 3121 5688 Marcomannus
3209 5639 3384 5686 rhetor
3465 5631 3712 5685 existimat,
3765 5628 3805 5661 νυ

2260 5709 2485 5774 juslibet
2512 5711 2638 5758 artis
2669 5709 2786 5758 ﬁnis
2811 5712 3082 5774 putandus
3113 5715 3191 5762 est
3220 5723 3335 5760 esse
3367 5709 3437 5758 rei
3471 5707 3672 5757 eventus
3705 5700 3812 5756 PWP'

2265 5787 2347 5832 ter
2374 5795 2532 5844 quem
2563 5781 2638 5831 ﬁt.
