4022 6174
128 237 240 296 1261

1160 234 1482 295 GILBERTI
1519 228 1864 290 PORRETE
1903 226 2435 286 COMMENTABIA.

3366 234 3507 294 1262

174 362 336 428 Neque
366 361 502 413 enim
533 361 794 414 medicina
821 376 1021 428 semper
1082 365 1238 428 aegri:
1294 366 1452 428 affert
1507 359 1746 413 salutem,
1778 356 1831 423 Α
1861 355 2080 413 sentire,
2114 360 2168 406 et
2201 356 2345 420 quod
2397 358 2541 406 recte
2598 356 2850 417 sentiant,
2911 357 3229 421 theologicis
3274 363 3509 413 rationi-

120 440 321 499 propter
346 449 507 499 quam
540 435 614 484 ﬁt.
649 435 752 484 Sed
771 435 916 483 nulla
932 437 1030 485 erit
1051 436 1199 500 culpa
1244 431 1531 499 medentia]
1561 431 1617 480 ld
1650 432 1748 500 est,

116 522 195 557 ars
223 508 379 557 habet
442 506 684 555 debitum
742 506 928 565 ﬁnem,
970 506 1016 556 si
1075 499 1211 557 nihil
1270 520 1454 556 eorum
1484 517 1604 568 qua:
1639 499 1750 550 ﬁeri

120 579 403 641 oportebat,
435 578 489 626 id
541 582 622 627 est
683 592 804 642 qua:
862 593 947 627 ars
1004 578 1245 629 facienda
1290 575 1532 633 docebat,
1560 572 1751 623 omise-

123 652 200 700 rit.
233 648 479 712 Idemque
516 653 597 698 est
627 650 682 698 in
714 649 929 699 caeteris
954 650 1177 701 artibus.
1237 651 1382 700 Sicut
1437 646 1579 697 enim
1638 658 1753 693 me-

122 722 299 771 dicinas
356 721 589 771 ofﬁcium
652 725 733 771 est
783 736 1055 784 apponere
1111 723 1177 772 ad
1230 722 1476 776 salutem,
1522 719 1597 767 sic
1631 716 1752 764 ﬁnis

121 792 268 844 ofﬁcii
297 797 376 842 est
406 806 515 841 non
590 806 785 841 sanare
844 794 1106 851 absolute,
1150 794 1244 842 sed
1296 793 1610 856 appositura
1665 802 1755 835 sa-

117 879 254 914 nare.
282 863 533 914 Similiter
563 868 616 913 et
650 864 735 912 hic
771 864 1008 913 aucioris
1069 864 1303 914 ofﬁcium
1362 868 1459 920 est,
1498 858 1754 921 multipli-

118 936 322 985 citatem
354 950 461 999 qua
491 935 845 997 quaestionem
880 934 1200 997 implicitam
1244 935 1541 984 intellectus
1590 930 1753 985 videt,

118 1008 179 1056 ad
210 1021 319 1056 eam
351 1006 760 1056 dissolvendam
795 1006 1053 1056 dividere.
1086 1008 1229 1056 Finis
1290 1009 1469 1055 autem
1527 1008 1606 1053 est
1645 1014 1753 1050 non

117 1078 421 1139 simpliciter
450 1077 569 1126 dico
604 1076 917 1138 dissolvere,
968 1078 1062 1127 sed
1110 1077 1371 1126 divisione
1421 1074 1753 1131 dissolvere;

118 1152 168 1198 et
197 1150 248 1197 in
278 1146 481 1197 caeteris
512 1148 749 1210 quidem.
814 1148 856 1195 si
915 1162 1074 1210 quem
1132 1147 1545 1196 Marcomannus
1594 1143 1754 1192 ﬁnem

119 1225 283 1284 putat,
316 1233 428 1269 non
460 1219 662 1275 evenit,
695 1224 885 1268 auctor
915 1220 1159 1269 faciendo
1187 1221 1328 1283 quod
1383 1217 1633 1268 convenit
1663 1229 1751 1264 ve-

114 1294 253 1342 niam
278 1296 634 1355 promeretur.
688 1293 754 1341 Δὶ
802 1296 1005 1355 quanto
1058 1293 1173 1341 haec
1215 1292 1439 1355 quaestio
1488 1287 1755 1339 difﬁcilior

114 1368 207 1421 est,
240 1364 361 1427 quia
390 1362 723 1412 occultarum
793 1364 1100 1413 diversitate
1158 1364 1426 1413 rationum
1473 1357 1754 1423 implicita,

116 1438 261 1485 tanto
290 1433 503 1484 facilior
530 1433 691 1482 debet
723 1447 840 1483 esse
896 1434 961 1482 ad
1024 1436 1255 1485 veniam.
1314 1434 1481 1482 Vobis
1524 1438 1701 1481 tamen
1739 1444 1753 1477 :

116 1506 287 1571 quasi,
318 1507 359 1555 si
393 1507 448 1555 in
480 1520 536 1555 re
570 1506 703 1554 adeo
760 1505 963 1554 difﬁcili
1027 1520 1111 1555 ars
1170 1511 1315 1555 caret
1343 1508 1561 1559 eventu,
1592 1500 1758 1551 facilis

116 1579 273 1628 venia
298 1577 430 1627 mihi
470 1577 713 1626 debetur.
744 1576 861 1626 Non
894 1582 1069 1627 tamen
1123 1592 1185 1627 ex
1237 1578 1368 1626 meis
1420 1574 1604 1626 omnia
1633 1586 1753 1637 qum

112 1650 183 1700 ad
214 1650 343 1699 hanc
408 1649 762 1713 quaestionem
822 1649 1134 1699 solvendam
1195 1648 1544 1698 inducuntur.
1588 1643 1756 1694 Vobis

1860 430 1961 477 bus
1989 429 2197 491 probat.
2233 428 2392 487 Quasi
2427 442 2440 477 :
2475 428 2630 479 Fides
2660 430 2979 480 universalis
3034 433 3265 484 maxime
3322 436 3507 497 pollet.

1862 502 2028 563 Cujus
2064 500 2188 551 ﬁdei
2222 503 2487 551 sententia
2544 501 2610 550 de
2667 501 2964 565 Trinitatis,
2995 504 3047 552 id
3104 510 3185 556 est
3212 506 3372 557 trium
3404 523 3511 560 nu-

1862 588 2008 623 mero
2040 575 2370 623 diversarum
2402 588 2772 637 personarum,
2806 576 3029 633 unitate,
3067 576 3121 626 id
3179 582 3258 629 est
3317 582 3506 645 singu-

1861 645 2071 695 laritate
2104 646 2400 695 secundum
2433 646 2739 703 essentiam,
2774 648 2873 695 hoc
2929 652 3027 704 est,
3063 663 3184 711 quae
3241 651 3507 715 sequitur.

1862 716 2122 781 Inquiunt
2153 718 2293 766 enim
2330 716 2513 765 ﬁdeles
2542 731 2554 765 :
2582 716 2742 766 Pater
2773 722 2851 767 est
2868 719 3027 775 Deus,
3049 720 3214 771 Filius
3243 727 3323 771 est
3345 724 3505 783 Deus,

1863 788 2091 850 Spiritus
2150 794 2368 837 sanctus
2425 793 2505 837 est
2561 788 2746 849 Deus;
2805 794 2964 853 atque
3018 790 3509 855 inferunt:lgitur

1860 858 2036 917 Pater,
2069 862 2121 909 et
2148 858 2331 914 Filius,
2365 862 2419 907 et
2446 858 2677 921 Spiritus
2742 865 2975 918 sanctus,
3009 866 3137 911 sunt
3196 878 3335 913 unus
3392 864 3505 916 sin-

1861 930 2146 993 gularitate
2195 930 2440 979 essentiee
2499 928 2659 987 Deus,
2723 944 2829 979 non
2874 935 2983 981 tres
3036 934 3132 990 Dii,
3164 933 3217 982 id
3245 940 3340 993 est,
3377 941 3505 988 sunt

1864 1017 2031 1054 unum
2064 1003 2302 1051 omnium
2335 1016 2467 1061 esse,
2500 1014 2609 1050 non
2642 1002 2761 1051 tria.
2820 1003 2883 1052 Et
2938 1004 3153 1054 attende
3192 1007 3333 1069 quod
3391 1021 3501 1058 non

1864 1075 2159 1123 secundum
2193 1073 2535 1130 naturalium,
2590 1074 2681 1122 sed
2733 1074 3023 1124 secundum
3076 1077 3503 1141 theologicorum

1861 1147 2129 1209 propriam
2189 1146 2449 1194 rationem
2507 1144 2622 1193 haec
2678 1145 2936 1196 inferunt.
3001 1146 3133 1196 Nam
3208 1151 3504 1200 secundum

1863 1219 2187 1267 naturalium
2246 1216 2525 1273 rationem,
2588 1230 2708 1280 quas
2766 1222 2845 1267 est
2905 1232 3131 1269 numero
3172 1219 3503 1272 diversorum

1863 1289 2104 1339 diversas
2171 1302 2396 1337 numero
2456 1302 2571 1336 esse
2625 1292 2864 1345 naturas,
2908 1295 3092 1340 contra
3149 1294 3343 1353 evenit,
3404 1298 3504 1348 ut;

1864 1362 2008 1411 Plato
2071 1364 2149 1409 est
2208 1359 2387 1415 homo,
2447 1358 2631 1408 Cicero
2689 1364 2769 1408 est
2819 1360 2996 1418 homo,
3053 1362 3367 1413 Aristoteles
3425 1370 3507 1416 est

1862 1432 2042 1481 homo.
2105 1431 2272 1493 Igitur
2332 1430 2501 1487 Plato,
2565 1434 2618 1479 et
2673 1431 2873 1485 Cicero.
2911 1436 2963 1481 et
3015 1432 3325 1483 Aristoteles
3382 1441 3509 1486 sunt

1864 1509 1972 1554 tres
2018 1502 2283 1561 homines,
2343 1516 2453 1550 non
2516 1516 2658 1551 unus
2717 1503 3093 1566 singularitate
3150 1504 3509 1558 subsistentia:

1863 1574 2045 1624 homo.
2076 1574 2204 1623 Cum
2238 1572 2379 1622 enim
2414 1572 2611 1623 dicitur
2640 1585 2653 1620 :
2688 1572 2835 1623 Plato
2868 1578 2947 1623 est
2975 1574 3156 1633 homo,
3209 1574 3391 1627 Cicero
3430 1582 3512 1628 est

1864 1647 2049 1709 homo,
2078 1646 2391 1697 Aristoteles
2449 1649 2531 1693 est
2587 1644 2767 1702 homo,
2806 1659 2915 1694 non
2947 1646 3116 1695 solum
3170 1648 3233 1697 de
3259 1647 3380 1706 alio,
3415 1650 3510 1699 sed

112 1721 257 1795 enim
287 1710 446 1769 etiam
482 1717 619 1795 illud
654 1719 1047 1795 inspiciendum
1073 1724 1153 1795 est
1180 1724 1231 1768 et
1260 1717 1610 1795 attentissime
1650 1730 1755 1795 no-
1785 1710 1845 1795 Β
1867 1723 1918 1795 et
1948 1718 2317 1779 singularitate
2360 1717 2476 1795 sui,
2520 1716 2923 1795 aliter__dicitur
2954 1718 3220 1795 dsecunda
3275 1719 3511 1770 afﬁrma-

108 1791 356 1846 tandnm,
390 1803 459 1839 an
491 1788 718 1847 semina,
751 1790 803 1838 id
835 1793 916 1839 est
944 1791 1210 1852 principia
1240 1791 1511 1839 rationum
1543 1787 1757 1836 venien-

104 1863 186 1912 tia
218 1862 271 1910 in
300 1876 398 1910 nos
429 1874 494 1910 ex
525 1860 732 1922 scriptis
762 1859 900 1910 beati
949 1861 1256 1923 Augustini,
1310 1858 1604 1910 extulerint
1662 1856 1759 1906 ali-

113 1947 255 1997 quos
283 1932 494 1982 fructus
526 1947 539 1978 :
577 1930 751 1995 quasi,
783 1936 999 1981 auctore
1029 1934 1329 1994 Augustino
1365 1931 1573 1995 scripsi.
1628 1930 1758 1978 Nam

105 2017 452 2067 quacunque
484 2002 549 2051 de
584 2003 685 2052 hac
720 2002 1023 2066 quastione
1073 2003 1205 2065 dixi,
1258 2003 1500 2067 quamvis
1545 2002 1609 2051 ab
1646 2002 1762 2064 ejus

106 2076 289 2125 verbis
316 2074 532 2124 dicendi
564 2073 819 2124 differant
847 2074 1122 2138 qualitate,
1158 2090 1321 2126 sensu
1351 2078 1531 2125 tamen
1571 2086 1764 2123 conve-

106 2148 286 2203 niunt,
318 2150 370 2195 et
401 2160 466 2196 ex
501 2144 782 2195 intellectu
816 2161 923 2210 quo
950 2161 1006 2196 se
1053 2148 1330 2211 scripsisse
1378 2144 1644 2208 signiﬁcat
1668 2144 1761 2192 de-

105 2218 275 2267 ducta
306 2220 449 2266 sunt.
484 2218 558 2268 Ac
592 2216 657 2265 de
690 2218 971 2281 proposita
1002 2219 1299 2282 quaestione
1325 2218 1451 2266 hinc
1490 2228 1763 2265 sumamus

106 2288 343 2339 initium.

179 2358 487 2411 Christiane
524 2358 822 2422 religionis,
886 2360 1010 2426 etc.]
1071 2361 1271 2423 Religio
1323 2359 1462 2424 juris
1510 2358 1765 2409 naturalis

108 2433 286 2497 prima
316 2431 522 2494 species
576 2446 606 2480 a
666 2430 910 2494 pluribus
971 2432 1209 2495 ponitur,
1252 2431 1548 2481 secundum
1603 2443 1764 2493 quam

104 2507 175 2553 in
206 2503 449 2552 humanis
478 2502 669 2552 ofﬁciis
718 2503 942 2566 justitias
1001 2504 1165 2553 virtus
1225 2504 1443 2553 exhibet
1482 2504 1587 2552 Deo
1619 2501 1765 2565 quod

103 2575 183 2624 ad
211 2572 376 2633 ipsius
413 2572 741 2636 singularem
805 2575 1039 2636 pertinet
1097 2573 1458 2637 dignitatem:
1518 2574 1656 2622 sicut
1709 2573 1764 2621 in

100 2645 310 2696 eisdem
364 2645 573 2702 eadem,
626 2644 923 2694 secundum
982 2650 1201 2695 caeteras
1258 2644 1499 2708 ejusdem
1553 2644 1765 2707 generis

97 2716 340 2781 species,
365 2729 487 2779 quas
522 2720 665 2771 sunt,
720 2717 909 2779 pietas,
969 2719 1157 2780 gratia,
1209 2716 1519 2771 vindicatio,
1579 2716 1764 2764 obser-

102 2788 316 2845 vantia,
383 2788 601 2845 veritas,
661 2788 836 2837 reddit
883 2789 1191 2838 hominibus
1248 2791 1390 2851 quod
1438 2787 1502 2836 ad
1562 2800 1767 2835 eorum-

102 2860 239 2909 dem
275 2859 371 2908 sub
404 2859 523 2921 ipso
584 2858 1040 2908 ordinatissimam
1097 2860 1327 2922 pertinet
1384 2858 1762 2907 diversitatem.

100 2932 172 2980 In
204 2931 399 2994 quibus
432 2934 613 2980 tamen
649 2930 903 2979 omnibus
930 2932 1047 2993 ipsa
1070 2930 1302 2994 justitia,
1337 2929 1634 2978 secundum
1676 2928 1769 2990 jus

100 3003 409 3063 religionis,
442 3016 657 3051 causam
691 3003 855 3052 refert
891 3003 954 3051 ad
1013 3002 1199 3059 Deum,
1223 3008 1275 3052 et
1335 3001 1422 3050 hic
1484 3015 1624 3050 unus
1659 2999 1768 3048 ofﬁ-

1866 1793 2011 1841 tione
2074 1804 2232 1854 quam
2293 1790 2486 1851 prima,
2544 1793 2597 1837 et
2650 1789 2806 1838 aliter
2864 1791 3021 1839 tertia
3098 1805 3259 1854 quam
3316 1793 3508 1855 prima,

1863 1862 1950 1911 vel
1980 1861 2237 1911 secunda.
2265 1859 2519 1918 Quamvis
2553 1860 2695 1908 enim
2752 1861 2992 1910 secunda
3026 1865 3077 1910 et
3123 1861 3281 1911 tertia
3317 1863 3509 1925 primm

1866 1933 2270 1997 praedicativum
2303 1935 2549 1992 repetant
2578 1944 2793 1987 nomen,
2848 1945 2959 1980 rem
3021 1936 3201 1981 tamen
3258 1934 3512 1997 praedica-

1865 2011 1970 2057 tam
2004 2018 2116 2055 non
2166 2008 2465 2067 repetunt;
2519 2003 2612 2053 sed
2667 2004 2913 2066 quamvis
2959 2005 3276 2064 conformes,
3326 2011 3510 2059 tamen

1865 2078 2101 2127 diversas
2133 2093 2145 2125 ε
2178 2077 2285 2125 into
2317 2076 2443 2138 quia
2473 2077 2792 2133 conformes,
2829 2089 2958 2139 ergo
3001 2090 3231 2126 numero
3270 2078 3512 2129 diversas

1865 2165 1896 2199 a
1929 2164 1985 2199 se
2016 2148 2250 2197 invicem
2282 2151 2503 2196 naturas
2561 2146 2625 2195 de
2684 2160 2908 2197 numero
2956 2162 2987 2197 a
3025 2161 3080 2197 se
3110 2148 3334 2198 diversis
3363 2150 3512 2200 afﬁr-

1865 2225 2033 2281 mant,
2064 2224 2117 2269 et
2147 2219 2263 2269 haec
2320 2218 2480 2267 trium
2540 2218 2605 2267 de
2663 2218 2837 2267 tribus
2880 2218 3291 2278 praedicatorum
3322 2234 3513 2271 neces-

1866 2292 2005 2341 saria
2034 2288 2337 2340 differentia
2394 2303 2499 2339 non
2562 2287 2765 2352 patitur
2830 2290 2968 2339 hanc
3018 2290 3513 2355 adunationem,ut

1867 2362 2093 2420 dicatur,
2126 2360 2290 2417 Plato,
2353 2362 2405 2408 et
2457 2357 2659 2415 Cicero,
2698 2363 2750 2408 et
2800 2358 3130 2419 Aristoteles,
3189 2366 3315 2411 sunt
3370 2377 3512 2414 unus

1867 2432 2208 2497 singulariter
2242 2430 2422 2479 homo.
2455 2431 2583 2479 Cum
2615 2444 2739 2480 vero
2770 2430 2986 2488 dicitur,
3033 2433 3190 2481 Pater
3226 2437 3309 2484 est
3348 2434 3510 2494 Deus,

1865 2505 2028 2554 Filius
2063 2507 2144 2553 est
2173 2502 2333 2559 Deus,
2370 2501 2603 2565 Spiritus
2628 2504 2905 2553 amborum
2960 2507 3040 2553 est
3096 2506 3271 2555 Deus:
3324 2521 3510 2569 quam-

1864 2577 1945 2625 vis
1973 2575 2038 2625 de
2068 2588 2293 2623 numero
2326 2572 2571 2632 diversis,
2596 2578 2775 2622 tamen
2808 2588 2918 2623 non
2949 2575 3164 2625 diversa
3212 2577 3466 2628 dicuntur
3495 2594 3510 2640 ;

1866 2652 1918 2697 et
1938 2646 2076 2696 sicut
2106 2645 2357 2700 nominis,
2423 2645 2495 2693 ita
2548 2645 2707 2693 etiam
2765 2646 2841 2694 rei
2902 2645 3207 2709 praedicata:
3264 2650 3510 2712 repetitio

1865 2718 2005 2767 facta
2036 2721 2116 2766 est
2150 2732 2163 2775 ;
2197 2720 2248 2765 et
2281 2717 2396 2765 hzec
2429 2716 2587 2763 unius
2617 2716 2680 2763 de
2716 2715 2889 2766 tribus
2927 2717 3202 2779 praedicati
3253 2733 3510 2770 necessa-

1867 2792 1945 2840 ria
1975 2787 2339 2838 indifferentia
2368 2786 2643 2850 permittit,
2677 2788 2781 2836 imo
2838 2789 3020 2851 exigit,
3053 2790 3244 2840 eadem
3304 2791 3404 2840 tria
3442 2792 3510 2842 ad

1866 2862 2028 2924 hujus
2058 2864 2138 2910 ter
2163 2859 2467 2922 praedicata:
2499 2859 2746 2908 essentia;
2777 2860 3199 2919 singularitatem
3232 2862 3510 2927 conjungi,

1867 2934 1943 2982 ita
1972 2946 1983 2981 :
2017 2932 2192 2985 Pater,
2224 2930 2402 2987 Filius,
2434 2930 2713 2979 amborum
2744 2930 2993 2993 Spiritus,
3027 2936 3155 2980 sunt
3209 2946 3351 2983 unus
3398 2936 3512 2983 sin-

1868 3005 2124 3069 gulariter
2152 3003 2311 3052 Deus.
2344 3002 2507 3051 Recte
2538 3016 2662 3066 ergo
2724 3002 2862 3053 hanc
2918 3003 3155 3054 ﬁdelium
3216 3006 3510 3057 illationem

100 3076 320 3125 ciorum
380 3074 621 3123 omnium
678 3074 798 3147 ﬁnis
859 3074 1121 3138 quaslibet
1177 3074 1313 3147 juris
1372 3078 1552 3137 partes
1630 3072 1830 3147 facite
1868 3094 1928 3129 ex
1961 3076 2385 3138 tbeologicorum
2416 3074 2631 3138 propria
2689 3073 3062 3127 indiderentiaa
3110 3076 3318 3128 ratione
3364 3093 3513 3128 com-

101 3159 232 3197 esse
255 3146 497 3194 virtutes.
532 3147 588 3195 ln
621 3145 877 3210 religione
910 3147 1082 3210 prima
1140 3151 1219 3195 est
1276 3146 1425 3203 ﬁdes,
1458 3158 1578 3207 quae
1634 3144 1757 3207 qui-

100 3220 237 3268 dem
280 3216 599 3279 generaliter
653 3222 733 3267 est
788 3216 1027 3267 veritatis
1081 3216 1364 3280 cujuslibet
1416 3215 1491 3265 rei
1539 3229 1653 3264 cum
1678 3229 1756 3264 as-

94 3289 367 3339 sensione
398 3289 672 3350 perceptio
702 3304 715 3341 ς
751 3288 843 3337 sed
875 3288 940 3337 ad
969 3288 1321 3352 quorumdam
1369 3288 1595 3336 maxime
1635 3299 1757 3349 per-

93 3362 415 3424 ceptionem
448 3360 805 3410 invisibilium
838 3363 938 3409 hoc
993 3373 1194 3410 nomen
1248 3374 1340 3423 per
1382 3358 1756 3409 excellentiam

96 3447 241 3483 usus
271 3430 562 3492 contraxit,
594 3436 653 3481 ut
684 3432 885 3482 scilicet
917 3431 1045 3481 ﬁdes
1100 3432 1326 3489 dicatur,
1374 3445 1479 3493 qua
1529 3432 1759 3480 rationa-

84 3504 169 3553 lis
219 3517 375 3552 mens
440 3517 565 3552 vere
616 3508 669 3552 et
720 3517 839 3553 cum
905 3502 1216 3553 assensione
1277 3503 1499 3565 percipit
1532 3502 1583 3551 id
1615 3501 1757 3564 quod

87 3580 187 3625 est
217 3574 468 3624 omnium
493 3589 633 3632 esse,
667 3580 720 3624 et
750 3589 869 3625 eum
902 3589 1010 3637 quo
1068 3580 1135 3623 ab
1188 3576 1437 3624 omnibus
1484 3574 1761 3623 honoran-

86 3648 205 3697 dus
242 3649 326 3695 est
350 3647 573 3703 cultum,
611 3652 664 3696 et
726 3661 844 3710 quae
902 3646 1091 3696 Graece
1135 3644 1307 3709 ipsius
1348 3646 1565 3708 praemia
1594 3646 1761 3694 culto-

87 3732 228 3768 rum
264 3717 447 3766 unitas
476 3722 670 3780 sperat.
702 3719 791 3767 Est
849 3718 1008 3768 etiam
1070 3716 1126 3765 in
1183 3716 1441 3779 religione
1499 3722 1670 3766 metus
1710 3717 1763 3763 et

92 3790 306 3839 caritas
337 3787 539 3849 divina,
572 3793 625 3837 et
650 3788 963 3852 hujusmodi
1022 3787 1143 3845 alia,
1176 3787 1230 3837 in
1288 3789 1485 3851 quibus
1532 3789 1645 3848 ipsa
1676 3799 1759 3835 re-

93 3859 237 3922 ligio
276 3857 579 3907 Christiana
612 3859 841 3907 multum
890 3862 971 3908 est
1034 3858 1348 3907 reverenda.
1402 3858 1503 3907 Sed
1536 3856 1652 3920 ejus
1683 3871 1761 3906 re-

94 3929 415 3979 verentiam
451 3930 633 3992 plures
680 3935 962 3994 usurpant,
1006 3929 1246 3979 dicentes
1306 3930 1348 3977 si
1410 3928 1764 3978 Christianam

98 4000 437 4063 religionem
475 4001 691 4060 habere,
726 4016 833 4051 non
888 4002 1049 4051 modo
1106 4016 1215 4050 non
1249 4002 1497 4050 timentes
1527 4000 1765 4048 divinam

96 4086 286 4135 super
311 4087 367 4121 se
400 4076 742 4133 potestatem,
774 4078 869 4123 aut
922 4088 1032 4123 non
1075 4077 1313 4121 amantes
1366 4074 1603 4121 divinam
1642 4086 1769 4131 erga

92 4160 161 4194 se
201 4142 511 4192 bonitatem
550 4158 563 4203 ;
598 4158 781 4193 verum
814 4145 972 4194 etiam
1006 4145 1069 4193 de
1096 4143 1180 4192 his
1210 4157 1331 4207 quae
1363 4143 1428 4191 ad
1458 4143 1614 4191 ﬁdem
1648 4157 1771 4203 per-

93 4217 300 4266 tinent
334 4228 444 4262 non
472 4220 613 4264 recte
655 4216 955 4265 credentes.
990 4216 1089 4264 Sed
1124 4219 1182 4265 ut
1236 4214 1301 4263 de
1357 4212 1562 4263 caeteris
1607 4217 1773 4262 tacea-

92 4300 259 4346 mus,
291 4298 353 4334 ea
386 4285 514 4335 ﬁdes
544 4288 771 4336 maxime
828 4301 890 4336 ac
947 4286 1180 4336 solitarie
1235 4285 1416 4349 pollet,
1474 4284 1600 4333 item
1658 4283 1772 4333 sin—

89 4358 292 4421 gulari
325 4371 387 4405 ac
444 4372 654 4407 summa
715 4359 977 4422 dignitate
1036 4363 1114 4408 est
1165 4356 1483 4417 reverenda,
1513 4370 1631 4419 quae
1689 4356 1772 4405 vel

95 4431 312 4480 Graece
336 4425 634 4496 καθολική,
662 4431 747 4479 vel
802 4432 984 4480 Latina
1047 4428 1370 4479 universalis
1428 4432 1649 4477 vocatur
1680 4443 1692 4488 ;
1725 4432 1776 4477 et

100 4502 227 4551 hoc
259 4500 482 4550 duabus
509 4501 575 4550 de
600 4503 794 4559 causis,
826 4507 937 4550 tum
996 4501 1199 4550 scilicet
1252 4505 1469 4563 propter
1514 4503 1781 4563 praecepta

100 4571 528 4623 universalium
562 4574 883 4635 regularum,
942 4574 994 4623 id
1048 4576 1129 4622 est
1184 4577 1403 4635 propter
1452 4571 1783 4620 universales

102 4644 355 4706 regulas
386 4649 812 4707 praeceptorum:
873 4660 991 4709 quas
1052 4645 1155 4693 hoc
1216 4644 1333 4693 loco
1390 4644 1643 4692 dicuntur
1675 4644 1797 4692 uni-

100 4716 388 4772 Versales,
420 4717 551 4779 quia
580 4731 688 4766 non
723 4718 813 4766 uni
846 4717 1065 4781 populo,
1118 4718 1255 4767 sicut
1298 4717 1381 4766 lex
1423 4718 1543 4766 ﬁliis
1573 4717 1738 4765 Israel
1784 4738 1798 4781 ;

98 4804 226 4841 nec
265 4788 366 4836 uni
405 4789 571 4845 sexui,
600 4789 738 4838 sicut
768 4790 1100 4839 circumcisio
1159 4790 1416 4838 masculis
1448 4806 1461 4850 ;
1505 4789 1597 4837 sed
1650 4794 1802 4840 omni

98 4860 363 4926 populo,
402 4860 546 4909 omni
574 4860 742 4917 sexui,
792 4862 939 4910 omni
989 4861 1219 4925 denique
1268 4862 1436 4919 aetati,
1472 4866 1631 4923 atque
1676 4874 1805 4910 con-

100 4932 336 4991 ditioni
362 4932 700 4982 indicuntur.
733 4933 852 4983 Una
905 4934 1047 4984 enim
1098 4933 1245 4989 ﬁdes,
1295 4949 1466 4984 unum
1518 4933 1804 4997 baptisma,

106 5019 286 5057 unus
315 5003 575 5053 sacriﬁcii
605 5004 760 5064 ritus,
792 5019 901 5055 una
959 5006 1167 5060 caritas,
1208 5020 1317 5054 una
1372 5020 1494 5068 spes
1553 5006 1807 5055 omnibus

104 5076 527 5143 prmdicatur:
588 5077 784 5140 quibus
842 5078 1038 5139 regulis
1090 5083 1479 5139 praeceptorum
1565 5078 1805 5141 ejusdem

104 5146 480 5199 Christianas
535 5147 805 5208 religionis
862 5148 1204 5211 intelligatur,
1238 5149 1289 5196 id
1322 5155 1401 5197 est
1458 5149 1684 5211 intelligi
1715 5162 1810 5210 po-

102 5224 266 5279 stest,
298 5220 620 5280 auctoritas,
652 5220 702 5268 id
766 5225 845 5270 est
901 5220 1285 5283 principalitas.
1341 5222 1471 5269 Tum
1527 5226 1813 5282 propterea

104 5290 287 5355 Quod
332 5288 463 5352 ejus
524 5290 648 5340 ﬁdei
708 5291 899 5348 cultus,
933 5306 1041 5355 quo
1090 5290 1291 5341 scilicet
1342 5291 1473 5340 ﬁdes
1529 5292 1656 5340 illud
1701 5306 1815 5340 esse

106 5376 188 5415 ex
230 5374 355 5423 quo
396 5365 495 5421 est,
528 5362 789 5425 quidquid
824 5367 923 5417 est,
952 5366 1254 5419 veneratur,
1288 5376 1382 5425 per
1439 5376 1625 5411 omnes
1677 5375 1815 5424 pene

108 5432 341 5561 grandi
382 5432 644 5481 terminos
672 5433 959 5490 emanavit,
990 5434 1043 5482 id
1075 5435 1171 5495 est,
1204 5448 1373 5498 usque
1427 5434 1490 5483 ad
1540 5434 1675 5483 ﬁnes
1728 5447 1817 5482 or-

164 5505 215 5551 is
260 5504 549 5561 pervenit.

164 5505 215 5551 is
260 5504 549 5565 pervenit.

116 5628 119 5631 λ
193 5574 546 5636 Cujus/1.20,
604 5575 728 5641 etc.]
785 5576 1212 5626 Christianorum
1276 5576 1377 5625 ﬁde
1422 5580 1820 5634 commendata,

114 5646 274 5709 quid
323 5645 400 5695 de
430 5645 600 5695 Patris
632 5651 685 5697 et
714 5648 830 5697 Filii
864 5654 918 5698 et
974 5648 1203 5711 Spiritus
1257 5649 1533 5697 amborum
1590 5648 1822 5697 essentia

115 5723 174 5773 et
221 5716 671 5781 prOprietatihus
718 5720 819 5782 ipsi
880 5720 1135 5777 sentiant,
1191 5718 1341 5771 dicit.
1398 5722 1461 5771 Et
1511 5720 1684 5784 primo
1716 5720 1822 5769 sin-

118 5791 419 5858 gularem
454 5793 507 5839 ct
539 5791 835 5855 simplicem
865 5808 976 5842 esse
1020 5790 1178 5843 trium
1210 5792 1497 5845 essentiam
1554 5792 1682 5844 dicit
1736 5806 1829 5844 eos

1868 3150 2129 3201 mandans
2161 3147 2236 3197 ait
2267 3161 2280 3195 :

1929 3223 2106 3284 Cujus,
2141 3216 2266 3285 etc.]
2286 3218 2493 3277 Quasi:
2536 3217 2741 3267 Fideles
2797 3218 3009 3269 divisim
3066 3220 3290 3271 dicunt:
3350 3222 3514 3274 Pater

1869 3299 1948 3343 est
1978 3295 2117 3342 Deus
2153 3307 2165 3349 ;
2199 3292 2327 3339 item
2356 3288 2523 3338 Filius
2553 3292 2634 3337 est
2667 3288 2813 3339 Deus
2844 3304 2858 3349 ;
2917 3289 3045 3339 item
3102 3293 3331 3353 Spiritus
3388 3307 3518 3345 san-

1869 3372 1985 3416 ctus
2018 3368 2100 3413 est
2129 3365 2289 3412 Deus.
2322 3361 2495 3423 Atque
2526 3358 2653 3409 inde
2682 3360 3015 3423 conjunctim
3074 3362 3359 3415 inferunt:
3409 3364 3518 3429 Igi-

1868 3444 1955 3488 tur
1988 3437 2165 3497 Pater,
2187 3433 2372 3490 Filius,
2417 3432 2651 3496 Spiritus
2712 3438 2930 3483 sanctus
2988 3438 3114 3485 sunt
3162 3449 3301 3486 unus
3355 3439 3515 3488 Deus.

1870 3508 2067 3570 Utique
2102 3518 2211 3555 non
2243 3502 2362 3553 sine
2395 3504 2621 3561 ratione,
2653 3504 2854 3568 quippe
2911 3506 3065 3568 cujus
3118 3506 3517 3571 conjunctionis

1867 3581 2004 3630 ratio
2030 3576 2209 3641 [Supp.
2242 3572 2330 3639 sit]
2354 3572 2497 3623 illius
2519 3588 2679 3637 quam
2703 3577 2769 3623 de
2791 3575 3018 3625 diversis
3052 3579 3259 3639 agendo
3303 3579 3515 3630 divisim

1870 3652 1934 3700 de
1965 3648 2097 3713 ipsis
2121 3647 2390 3697 afﬁrmant
2418 3645 2666 3695 assentire
2698 3646 2859 3695 unius
2886 3647 3267 3699 indiﬁ'erentia.
3318 3650 3515 3709 Quam-

1870 3723 1950 3771 vis
1980 3718 2143 3782 aliqui
2174 3718 2280 3765 sint
2309 3716 2400 3778 qui
2460 3714 2686 3764 diversis
2734 3716 3201 3768 enuntiationibus
3256 3720 3357 3770 illis
3412 3735 3519 3783 pu-

1872 3796 1991 3845 tant
2016 3792 2155 3839 sicut
2209 3788 2275 3835 da
2338 3786 2583 3845 diversis,
2616 3787 2690 3835 ita
2732 3800 2947 3851 quoque
3001 3790 3213 3840 diversa
3243 3791 3346 3841 dici
3379 3807 3393 3843 :
3423 3793 3515 3855 qui

1873 3864 2092 3923 scilicet,
2129 3860 2318 3909 Filium
2351 3862 2445 3908 aut
2474 3858 2727 3921 Spiritum
2787 3863 3031 3910 sanctum
3075 3863 3386 3925 opinantur,
3426 3868 3519 3915 aut

1876 3937 2040 3988 alium
2072 3932 2306 3987 aPatre,
2336 3935 2428 3979 aut
2488 3929 2640 3979 aliter
2683 3944 2841 3993 quam
2904 3932 3112 3983 Patrem
3170 3936 3334 3985 Deum
3392 3936 3519 3987 dici.

1876 4010 1981 4057 Eos
2010 4006 2153 4055 enim
2186 4001 2372 4065 procul
2403 4000 2567 4050 dubio
2597 4002 2885 4051 comitatur
2910 4002 3230 4061 differentia,
3268 4005 3360 4069 qui
3398 4021 3521 4058 cum

1879 4080 2040 4130 alium
2072 4076 2160 4124 alii
2191 4072 2495 4127 conferunt,
2530 4071 2611 4120 vel
2642 4076 2858 4133 augent,
2916 4074 3077 4123 alium
3131 4075 3362 4126 dicendo
3411 4092 3526 4129 ma-

1873 4154 2047 4216 jorem
2081 4164 2094 4209 ;
2126 4147 2211 4195 vel
2242 4144 2515 4216 minuunt,
2542 4142 2973 4216 aliugrdicendo
3030 4147 3310 4196 minorem.
3368 4148 3529 4200 Verbi

1882 4212 2071 4285 gratia,
2122 4222 2181 4266 ut
2236 4214 2438 4272 Ariani,
2496 4212 2589 4285 qui
2645 4213 2979 4285 Trinitatem,
3028 4216 3081 4264 id
3132 4222 3214 4267 est
3268 4218 3368 4267 hos
3420 4224 3529 4270 tres

1883 4282 2112 4356 quorum
2144 4300 2286 4336 unus
2316 4286 2490 4339 Pater,
2522 4283 2656 4332 alius
2695 4282 2886 4356 Filius,
2950 4286 3086 4335 alius
3143 4289 3374 4351 Spiritus
3403 4304 3528 4340 san-

1884 4354 2000 4413 ctus
2034 4363 2274 4411 vocatur,
2308 4355 2581 4403 variantes
2616 4354 2936 4416 quibusdam
2999 4357 3256 4420 gradibus
3312 4362 3533 4411 merito-

1887 4449 2024 4490 rum,
2057 4435 2216 4493 atque
2275 4426 2514 4475 dicentes
2577 4424 2791 4474 Patrem
2847 4440 2964 4476 esse
3007 4429 3264 4491 majorem
3295 4431 3449 4493 Filio,
3482 4437 3535 4484 et

1892 4508 2081 4557 Filium
2110 4498 2311 4564 Spiritu
2365 4502 2566 4553 sancto,
2628 4497 2952 4557 distrahunt,
2984 4499 3037 4549 id
3097 4508 3194 4561 est,
3228 4517 3335 4553 non
3376 4508 3535 4556 modo

1898 4572 2259 4641 personalium
2314 4567 2723 4641 proprietatum,
2764 4583 2947 4618 verum
3007 4570 3167 4621 etiam
3225 4578 3539 4627 naturarum

1902 4637 2125 4697 numero
2154 4640 2498 4702 distinguunt
2528 4653 2543 4688 :
2571 4637 2832 4698 dicentes,
2858 4642 3028 4691 solum
3060 4644 3271 4694 Patrem
3320 4648 3543 4698 veritate

1904 4716 2147 4769 essentiaa
2180 4715 2364 4766 Deum,
2397 4711 2591 4758 Filium
2617 4724 2744 4761 vero
2802 4718 3118 4771 creaturam,
3178 4721 3230 4765 et
3287 4716 3547 4781 Spiritum

1906 4792 2147 4839 sanctum
2179 4786 2441 4833 creaturae
2478 4785 2797 4831 creaturam.
2832 4784 2959 4842 Qum
3018 4785 3274 4837 nimirum
3333 4789 3554 4839 diversi-

1908 4867 1987 4911 tas
2023 4874 2088 4909 ex
2120 4856 2431 4927 meritorum
2454 4854 2724 4927 gradibus
2745 4858 3046 4907 necessario
3094 4859 3427 4925 intelligitur,
3459 4861 3553 4927 qui

1910 4932 2012 4983 nisi
2044 4931 2097 4978 in
2133 4925 2373 4983 diversis,
2398 4922 2557 4973 etiam
2577 4923 2814 4986 ejusdem
2835 4928 3066 4990 generis,
3086 4922 3419 4982 natura—esse
3442 4922 3555 4983 non

1911 5003 2157 5066 possunt.
2189 4998 2373 5059 Neque
2400 4994 2544 5068 enim
2577 4995 2791 5068 homine
2820 4996 2980 5048 homo
3002 5000 3176 5063 major
3205 5006 3296 5053 aut
3343 5004 3558 5068 dignior

1914 5064 2070 5125 esset.
2101 5070 2202 5118 nisi
2231 5070 2439 5116 naturae
2470 5064 2778 5116 diversitate
2810 5068 2943 5118 alter
2990 5070 3055 5119 ab
3099 5071 3266 5123 altero
3297 5064 3441 5125 aliud
3473 5090 3559 5125 es-

1916 5150 2011 5195 set.
2044 5143 2176 5191 Cum
2209 5138 2373 5209 igitur
2403 5136 2585 5185 Ariani
2615 5136 2847 5195 Patrem,
2880 5145 2931 5190 et
2952 5142 3161 5199 Filium,
3191 5148 3243 5193 et
3299 5146 3557 5209 Spiritum

1918 5219 2159 5266 sanctum
2212 5206 2469 5273 gradibus
2520 5209 2730 5257 variant
2778 5212 3107 5273 meritorum,
3175 5206 3391 5266 eosdem
3471 5231 3563 5267 ne-

1918 5288 2148 5339 cessario
2210 5288 2524 5354 naturarum
2584 5280 2887 5354 differentia
2943 5286 3266 5347 distrahunt,
3300 5295 3461 5354 atque
3508 5291 3563 5341 in

1920 5374 2054 5419 eam,
2092 5370 2210 5420 quae
2242 5352 2536 5425 secundum
2587 5353 2809 5425 formam
2869 5359 3083 5419 generis
3136 5366 3232 5419 est,
3288 5352 3567 5425 pluralita-

1920 5437 2023 5482 tem
2057 5428 2337 5479 diducunt.
2398 5423 2612 5472 lllorum
2673 5424 2838 5487 igitur
2893 5428 3172 5493 opinione,
3235 5423 3355 5482 cum
3410 5434 3570 5484 Pater

1922 5503 2117 5553 dicitur
2147 5499 2307 5549 Deus,
2340 5498 2394 5543 et
2424 5494 2587 5567 Filius
2621 5496 2815 5546 dicitur
2838 5500 2997 5559 Deus,
3057 5505 3111 5551 et
3160 5503 3389 5567 Spiritus
3445 5519 3572 5555 sau-

1925 5579 2041 5624 ctus
2070 5570 2262 5621 dicitur
2293 5567 2452 5626 Deus,
2483 5566 2648 5615 Filius
2680 5567 3073 5633 intelligendus
3129 5566 3209 5624 est
3266 5576 3400 5625 alius
3436 5577 3579 5627 Deus

1926 5659 2084 5707 quam
2145 5641 2323 5713 Pater,
2386 5642 2436 5686 et
2494 5637 2727 5713 Spiritus
2781 5646 2999 5691 sanctus
3057 5644 3194 5695 alius
3250 5647 3391 5697 Deus
3420 5662 3579 5713 quam

1927 5718 2108 5772 Filius,
2133 5713 2217 5762 vel
2248 5710 2408 5785 Pater
2446 5722 2459 5768 ;
2492 5722 2668 5785 neque
2699 5710 2838 5785 hanc
2869 5728 3025 5777 posse
3086 5717 3202 5767 ﬁeri
3250 5710 3587 5785 conjunctio-

1932 5803 2075 5847 nem,
2107 5799 2216 5851 qua
2247 5782 2460 5842 dicitur,
2496 5780 2654 5833 Pater
2688 5786 2740 5834 et
2772 5784 2942 5837 Filius
2980 5792 3033 5840 et
3082 5790 3312 5854 Spiritus
3351 5780 3586 5847 'sanctns
