4022 6174
596 222 736 281 1263

590 426 781 490 plures
810 425 906 483 dii,
968 420 1411 487 quandoquidem
1472 421 1641 471 Filius
1693 421 1825 471 alter
1889 424 2025 471 Deus
2078 435 2241 485 quam

592 497 769 558 Pater,
790 500 842 545 et
871 493 1102 558 Spiritus
1132 498 1349 543 sanctus
1380 493 1514 542 alter
1564 494 1702 543 Deus
1742 506 1902 555 quam
1952 493 2135 550 Filius,
2168 502 2255 551 vel

590 569 763 618 Pater.
796 566 978 616 Omnis
1007 566 1150 614 enim
1182 579 1301 629 quas
1330 579 1461 614 vero
1493 566 1710 614 nomine
1741 565 1939 614 dicitur
1970 565 2252 627 pluralita-

592 640 663 689 tis
687 638 1011 702 principium
1039 640 1122 687 est
1153 637 1414 694 alteritas,
1446 651 1566 700 quas
1593 642 1676 685 est
1722 637 2018 686 dualitatis.
2050 636 2249 684 Praeter

591 709 734 759 hanc
766 710 908 758 enim
939 709 1214 758 dualitatis
1244 708 1586 767 alteritatem,
1644 722 1741 757 nec
1800 710 1960 757 etiam
2019 705 2248 770 intelligi

592 786 770 846 potest
799 781 927 845 quid
956 783 1025 829 sit
1053 780 1327 844 pluralitas
1362 794 1374 828 :
1408 779 1665 844 quoniam
1726 780 1903 829 omnis
1962 778 2247 841 pluralitas

594 860 687 904 aut
716 859 829 903 tota
857 858 936 903 est
961 852 1205 910 dualitas,
1242 857 1335 902 aut
1382 858 1596 902 constat
1642 867 1707 902 ex
1758 853 2034 901 dualitate.
2087 850 2250 899 Bina-

592 927 706 976 rius
736 926 895 983 enim,
928 938 1037 975 non
1070 926 1172 974 nisi
1202 940 1265 973 ex
1302 938 1409 973 uno
1460 930 1513 974 et
1565 924 1735 973 altero
1782 927 1992 972 constat
2025 936 2037 983 ;
2070 927 2249 970 terna.

591 999 706 1048 rius
736 1011 881 1059 vero,
913 1012 977 1046 ex
1005 997 1213 1045 binario
1245 1001 1298 1045 et
1328 1010 1435 1045 uno
1468 1012 1481 1045 :
1513 994 1895 1058 quaternarius
1946 998 2127 1043 autem
2183 1006 2247 1042 ex

594 1069 808 1119 duobus
835 1066 1062 1117 binariis
1091 1084 1105 1119 ι
1137 1073 1189 1118 et
1212 1067 1471 1129 deinceps
1502 1068 1676 1115 omnis
1728 1079 1992 1115 numerus
2036 1068 2241 1127 partem

590 1140 755 1190 habet
783 1137 1073 1189 binarium.

656 1212 830 1260 Trium
884 1224 1124 1273 namque,
1180 1209 1303 1273 etc.]
1362 1209 1626 1258 Dixerunt
1703 1207 2064 1273 pluralitatem
2126 1219 2242 1255 esse

590 1296 655 1330 ex
683 1281 963 1330 alteritate.
996 1282 1146 1329 Nunc
1197 1280 1499 1328 secundum
1552 1294 1675 1343 quas
1733 1278 1803 1327 sit
1848 1279 2087 1328 alteritas
2128 1276 2241 1324 sive

587 1350 870 1416 pluralitae
917 1352 974 1400 in
1030 1351 1394 1407 naturalibus,
1454 1351 1611 1415 juxta
1669 1364 1897 1414 quorum
1976 1350 2242 1398 rationem

592 1426 779 1476 Ariani
810 1426 1014 1473 Patrem
1071 1428 1123 1473 et
1177 1423 1370 1473 Filium
1436 1428 1490 1472 et
1545 1423 1803 1486 Spiritum
1863 1428 2111 1472 sanctum
2146 1433 2250 1468 nu-

594 1510 745 1547 mero
803 1496 1114 1546 distrahunt
1197 1499 1511 1544 naturarum
1574 1496 1838 1544 divisione
1896 1494 2246 1546 demonstrat,

540 1602 565 1617 ,
594 1570 757 1630 Quasi
792 1585 806 1618 :
864 1567 1142 1617 Pluralitas
1198 1572 1278 1617 est
1334 1582 1395 1617 ex
1455 1568 1765 1617 alteritale:
1816 1581 1958 1616 vere.
1994 1566 2127 1614 Nam
2160 1559 2251 1612 vel

586 1655 653 1690 ex
685 1640 916 1702 generis,
950 1640 1032 1687 vel
1063 1652 1127 1687 ex
1157 1637 1370 1700 speciei,
1430 1639 1513 1687 vel
1576 1653 1638 1687 ex
1707 1640 1916 1687 numeri
1962 1636 2247 1687 alteritate.

1838 221 1910 281 IN
1950 223 2216 280 LIBRUM
2254 222 2347 278 DE
2385 223 2761 280 TRINITATE

587 358 718 404 sunt
750 364 891 403 unus
920 352 1065 403 Deus
1092 365 1107 411 ;
1133 350 1278 425 _sed_
1305 348 1736 425 intelligendum
1797 350 1941 425 quod
1982 350 2086 413 ipsi
2120 353 2248 399 sunt
2276 350 2330 416 Α
2360 350 2500 425 enim
2532 351 2711 425 plures
2745 352 2995 404 homines
3051 367 3193 404 unus
3249 354 3332 406 vel
3375 354 3496 405 idem
3517 355 3656 415 homo,
3677 366 3714 411 et
3731 363 3829 425 plura
3912 374 3917 425 et

2360 423 2615 473 animalia
2653 438 2818 475 unum
2849 426 2935 475 vel
2970 425 3112 476 idem
3168 427 3362 476 animal
3414 442 3512 477 esse
3557 422 3754 482 dicuntur.
3782 438 3828 485 Ah
3912 422 3913 439 ξ

2361 491 2463 541 hoc
2494 508 2619 555 ergo
2654 508 2764 544 uno
2798 496 3067 546 diversum
3100 497 3220 561 quis
3250 498 3485 558 cogitans,
3512 506 3671 562 oportet
3700 508 3741 551 ut
3768 519 3827 555 uou

2361 563 2521 613 modo
2551 567 2798 621 essentia,
2827 581 3015 617 verum
3074 571 3233 617 etiam
3290 568 3659 621 dissimilitudine
3700 579 3831 637 opposi-

2359 638 2473 707 tum
2508 643 2798 700 comparet,
2832 643 2884 687 et
2913 641 3313 702 comparatione
3341 645 3584 703 opponat:
3634 648 3676 691 ut
3715 660 3831 707 equum

2361 705 2586 779 homini,
2614 713 2667 757 et
2696 708 2930 772 lapidem
2963 710 3181 760 animali
3213 726 3227 769 ;
3284 716 3336 761 et
3378 712 3479 761 haec
3504 726 3657 775 genere
3678 705 3831 779 volupe-

2361 778 2439 827 cie
2471 779 2678 829 diversa
2734 782 2989 831 dicuntur
3043 787 3095 831 et
3144 783 3327 844 altera,
3358 784 3482 832 sicut
3528 785 3599 833 illa
3629 800 3715 848 quis
3734 778 3832 836 diier-
3914 834 3917 851 κη

2360 863 2542 897 sarum
2601 855 2921 901 naturarum
2982 854 3187 902 adunat
3243 853 3573 911 conlormitas,
3618 871 3758 919 genere
3792 862 3833 908 vel

2360 920 2538 982 specie
2576 936 2743 971 unum
2777 924 3049 973 dicuntur.
3082 926 3139 973 ln
3170 925 3285 981 hac,
3320 939 3467 988 quam
3508 925 3613 974 facit
3648 928 3838 987 uuio,uui-

2359 997 2467 1041 tate
2500 1006 2714 1056 semper
2738 1000 2817 1045 est
2866 1010 3145 1053 numerus,
3199 1010 3307 1044 non
3354 998 3499 1045 modo
3547 998 3836 1049 subsistentium.

2358 1076 2543 1112 verum
2606 1066 2765 1115 etiam
2823 1066 3314 1117 subsistentiarum.
3367 1066 3502 1116 Sicut
3527 1068 3643 1116 enim
3670 1082 3745 1117 non
3780 1074 3837 1118 nis

2359 1148 2586 1186 numero
2613 1138 2841 1195 diversa,
2876 1140 2949 1188 ita
2978 1154 3087 1188 non
3119 1140 3218 1188 nisi
3276 1141 3547 1188 secundum
3589 1153 3771 1190 numeros
3802 1146 3840 1191 di-

2357 1219 2512 1255 versa
2548 1215 2775 1272 possunt
2831 1224 2945 1259 esse
3003 1209 3317 1259 conformis.
3375 1211 3486 1260 Non
3533 1211 3650 1260 enim
3697 1215 3839 1261 similite

2359 1284 2499 1327 esset
2528 1279 2686 1329 homo
2717 1281 2847 1329 Cato
2879 1282 3017 1330 sicut
3064 1282 3265 1337 Cicero,
3316 1282 3411 1330 nisi
3459 1283 3744 1331 subsistentiis
3774 1286 3838 1346 qui.

2360 1347 2462 1399 bus
2486 1355 2711 1414 uterque
2744 1352 2942 1415 aliquid
2978 1358 3075 1413 est,
3116 1357 3298 1402 essent
3342 1354 3491 1403 etiam
3534 1367 3710 1403 numero
3741 1355 3840 1403 diver-

2361 1435 2451 1477 sae,
2484 1436 2773 1486 earumque
2835 1424 3126 1473 numeralis
3172 1423 3447 1473 diversitas
3488 1438 3567 1474 eos
3614 1439 3772 1474 numero
3801 1428 3840 1473 lt-

2356 1493 2425 1541 cit
2455 1507 2570 1542 esse
2602 1494 2862 1545 diversos.
2898 1495 3043 1545 Hanc
3074 1501 3249 1544 autem
3307 1496 3361 1544 in
3419 1496 3701 1545 naturalibus
3733 1510 3841 1545 nume-

2355 1566 2524 1615 ralem
2558 1581 2666 1617 non
2699 1570 2859 1618 modo
2897 1566 3323 1626 subsistentium,
3369 1584 3538 1618 verum
3588 1572 3709 1619 etiam
3744 1571 3842 1618 suhi-
3916 1566 3917 1626 ἡ

2353 1638 2671 1688 stentiarum
2739 1641 3119 1696 diversitatem,
3172 1654 3357 1690 eorum
3412 1655 3523 1704 quas
3567 1642 3841 1690 edsnntsubsi-

592 1712 773 1760 Trium
806 1723 1057 1773 namque,
1118 1710 1203 1758 vel
1261 1714 1515 1773 quatuor,
1572 1710 1657 1758 vel
1696 1710 1954 1773 quinque,
1982 1708 2065 1758 vel
2095 1708 2569 1777 quot-Bstentiis
2646 1711 2749 1761 illis
2822 1711 2877 1761 in
2962 1713 3162 1761 eisdem
3243 1711 3640 1767 subsistentibus,
3701 1712 3841 1760 sucidae

590 1781 723 1832 libet
778 1796 957 1831 rerum
1010 1780 1419 1831 subsistentium
1489 1779 1773 1830 diversitas
1834 1785 2061 1838 constat,
2120 1784 2233 1828 tum

588 1868 804 1919 genere,
836 1858 945 1903 tum
978 1854 1170 1916 specie,
1202 1856 1314 1901 tum
1347 1866 1590 1902 numero.
1636 1853 1787 1911 Quod
1845 1867 1911 1901 ex
1958 1863 2235 1915 compara-

590 1926 738 1975 tione
768 1925 999 1987 oppositi
1031 1924 1221 1986 probat
1252 1925 1324 1972 ita
1352 1939 1364 1973 :
1394 1923 1614 1981 Quoties
1648 1924 1789 1973 enim
1834 1924 2028 1973 dicitur
2069 1921 2231 1978 idem,

595 1997 754 2047 toties
784 1994 945 2045 etiam
994 1994 1267 2044 diversum
1318 1993 1657 2057 praedicatur.
1701 1996 1844 2045 ldem
1880 2008 2005 2043 vero
2038 1992 2233 2042 dicitur

590 2067 766 2118 tribus
795 2066 1064 2130 pradictis
1093 2065 1269 2114 modis
1298 2079 1311 2113 :
1348 2065 1566 2126 scilicet,
1598 2065 1682 2115 vel
1715 2080 1928 2131 genere,
1986 2065 2069 2114 vel
2103 2077 2230 2125 spe-

590 2140 689 2196 cie,
750 2138 838 2187 vel
897 2151 1140 2186 numero.
1199 2137 1420 2194 Genere,
1453 2140 1511 2185 ut
1565 2138 1707 2185 idem
1765 2143 1845 2186 est
1892 2138 2053 2186 homo
2084 2133 2228 2199 quod

582 2224 755 2273 equus
788 2223 801 2259 :
835 2209 961 2272 quia
989 2207 1223 2257 hominis
1280 2211 1331 2256 et
1389 2208 1513 2271 equi
1544 2208 1686 2257 idem
1742 2212 1822 2257 est
1849 2222 2042 2271 genus,
2074 2203 2228 2255 verbi

578 2281 769 2345 gratia,
794 2285 851 2330 ut
907 2279 1123 2328 animal.
1180 2279 1413 2327 Diversae
1470 2277 1666 2327 etenim
1725 2278 2105 2335 subsistentia,
2165 2294 2225 2328 ex

577 2364 806 2415 quarum
836 2350 957 2399 aliis
987 2350 1248 2406 homines,
1282 2352 1334 2398 et
1363 2362 1425 2397 ex
1460 2348 1577 2397 aliis
1607 2350 1752 2412 equi,
1784 2354 1909 2399 sunt
1947 2350 2225 2407 animalia,

572 2434 687 2470 non
724 2419 1056 2477 imitationis,
1092 2419 1178 2469 vel
1236 2420 1572 2480 imaginaria,
1619 2420 1711 2469 sed
1775 2420 2116 2470 substentiali
2162 2422 2225 2469 si-

574 2493 882 2542 militudine
940 2490 1088 2553 ipsos
1144 2490 1237 2555 qui
1294 2493 1592 2539 secundum
1660 2506 1750 2540 eas
1809 2492 2112 2540 subsistunt
2149 2491 2221 2540 fa-

572 2564 724 2613 ciunt
752 2576 866 2611 esse
897 2561 1221 2611 conformes.
1272 2560 1405 2610 Item
1463 2562 1638 2623 specie
1690 2562 1832 2611 idem
1864 2562 2059 2611 dicitur
2098 2576 2110 2611 :
2145 2566 2221 2618 ut,

572 2633 717 2683 idem
748 2637 829 2682 est
856 2632 989 2681 Cato
1020 2631 1165 2695 quod
1225 2631 1427 2692 Cicero,
1490 2632 1616 2694 quia
1674 2631 1889 2689 scilicet,
1922 2638 1974 2682 et
2006 2632 2223 2682 Catonis

571 2707 625 2753 et
646 2702 925 2753 Ciceronis
954 2702 1142 2751 eadem
1177 2701 1380 2763 species
1436 2704 1530 2758 est,
1586 2702 1734 2750 verbi
1791 2701 1982 2764 gratia,
2018 2706 2075 2751 ut
2122 2703 2224 2751 bo-

570 2787 679 2823 mo.
732 2772 964 2824 Diversa)
1025 2786 1257 2835 namque
1314 2772 1696 2831 subsistentiis,
1763 2787 1882 2836 quas
1943 2788 2052 2822 una
2095 2778 2223 2823 sunt

570 2844 798 2908 species,
848 2858 1075 2908 quarum
1132 2843 1236 2892 alia
1293 2844 1438 2905 Cato,
1499 2844 1603 2893 alia
1659 2844 1841 2894 Cicero
1900 2844 2063 2895 homo
2122 2852 2218 2904 est,

569 2916 788 2967 eosdem
824 2913 1250 2965 substantialiter
1300 2914 1506 2963 faciunt
1563 2915 1775 2963 similes.
1832 2916 2066 2965 Numero
2123 2931 2220 2966 au-

569 2992 678 3037 tem
741 2988 885 3036 idem
948 2984 1165 3046 dicitur,
1223 2986 1365 3047 quod
1419 2987 1663 3048 quamvis
1706 2986 1887 3035 multis
1919 2986 2220 3049 appelletur

2350 1780 2483 1829 tium
2534 1781 2913 1832 dissimilitudo
2969 1796 3078 1831 non
3135 1781 3353 1845 quidem
3408 1783 3540 1839 facit,
3596 1783 3669 1831 sed
3701 1784 3840 1843 probat;

2347 1855 2399 1900 et
2427 1856 2604 1901 tamen
2636 1852 2763 1916 quia
2827 1854 3115 1902 numeratis
3176 1852 3494 1903 diversitatis
3544 1852 3769 1915 aliquorum
3795 1866 3838 1899 tc-

2343 1920 2640 1972 cidentium
2673 1923 3056 1973 dissimilitudo
3085 1938 3299 1986 semper
3356 1927 3433 1973 est
3490 1936 3661 1981 comes,
3681 1922 3839 1985 hecjuu-

2341 1992 2591 2044 ctissimm
2645 1995 2989 2060 proprietatis
3050 1996 3318 2045 consortio
3373 2008 3465 2058 pro
3519 2007 3574 2043 eo
3597 1997 3708 2056 quod
3741 1994 3839 2040 dicere

2356 2063 2542 2114 debuit
2571 2066 2779 2127 probat,
2810 2067 2957 2125 dicit,
3015 2065 3160 2123 facit,
3218 2070 3533 2115 consecutus
3563 2064 3761 2127 adjungit
3788 2064 3841 2111 Sel

2358 2148 2475 2184 eam
2536 2151 2656 2199 quae
2712 2142 2793 2185 est
2847 2138 2901 2185 in
2993 2150 3217 2186 numero
3306 2136 3652 2191 diﬁ'erentiam,
3715 2134 3845 2183 dissimi-

2359 2206 2467 2255 ium
2502 2208 2861 2257 accidentium
2895 2208 3121 2257 varietas
3151 2206 3319 2267 facit;
3352 2221 3490 2256 vere.
3538 2208 3647 2255 Nam
3687 2218 3841 2268 generum

2345 2279 2430 2327 vel
2462 2279 2763 2341 specierum
2794 2278 3179 2328 dissimilitudo
3211 2278 3388 2329 taliter
3437 2279 3487 2327 in
3539 2279 3731 2341 ipsorum
3760 2278 3845 2325 unio-

2336 2362 2405 2398 ne
2436 2350 2648 2400 diversa
2705 2364 2813 2399 non
2873 2350 3083 2399 dividit.
3148 2350 3315 2399 Verbi
3373 2350 3554 2413 gratia,
3580 2355 3669 2398 tres
3698 2349 3845 2395 homines

2338 2434 2448 2469 non
2484 2420 2603 2472 dico
2635 2422 2996 2471 subsistentiis
3031 2422 3190 2471 unius
3246 2422 3464 2484 generis
3520 2420 3593 2468 vel
3644 2418 3760 2467 unius
3786 2431 3846 2477 spe

2334 2493 2453 2549 ciei,
2485 2493 2580 2542 sed
2611 2507 2786 2557 neque
2810 2507 3011 2555 genere
3041 2506 3216 2556 neque
3247 2491 3449 2555 specie,
3481 2491 3532 2540 id
3560 2494 3629 2540 est
3652 2490 3845 2538 nullssulr

2331 2562 2697 2613 sisteutiarum
2744 2563 3204 2622 dissimilitudine,
3263 2564 3362 2613 sed
3423 2564 3528 2612 suis
3602 2560 3846 2610 accidentibus

2332 2633 2783 2684 dissimilitudinis
2813 2634 3034 2685 distant.
3065 2635 3216 2692 Nem,
3275 2635 3413 2684 sicut
3461 2634 3565 2697 jam
3620 2632 3767 2679 dictum
3795 2636 3847 2679 est

2333 2709 2393 2754 ut
2423 2707 2601 2769 aliqua
2632 2708 3035 2756 subsistentium
3067 2720 3263 2769 genere
3296 2706 3384 2755 vel
3419 2704 3589 2768 specie
3629 2703 3782 2751 diverse
3805 2700 3849 2747 di-

2330 2782 2539 2837 cantur,
2571 2781 2783 2842 oportet
2813 2792 2998 2827 eorum
3058 2776 3441 2827 subsistentias
3499 2776 3644 2825 etiam
3684 2772 3849 2823 dissimili-

2329 2850 2516 2898 tudine
2572 2863 2686 2898 esse
2747 2850 3005 2898 diversas.
3058 2849 3186 2898 Cum
3252 2855 3436 2899 autem
3474 2848 3653 2910 absque
3686 2846 3848 2894 dissimiu

2350 2922 2513 2972 udine
2546 2928 2629 2973 est
2658 2937 2843 2973 earum
2875 2922 3173 2980 diversitas,
3203 2922 3364 2987 juxta
3410 2924 3604 2971 illarum
3646 2931 3845 2969 numerum.

2341 3008 2429 3043 mo
2457 3009 2519 3043 ex
2553 2993 2766 3043 illarum
2798 3008 3021 3044 numero
3073 2998 3155 3043 est
3212 2993 3613 3043 subsistentium
3664 3002 3841 3040 numerus.

567 3058 900 3136 nominibus,
958 3060 1175 3136 tamen“
1202 3056 1498 3136 secundum
1557 3057 1798 3136 eamdem
1875 3058 2215 3136 singulariter
2244 3068 2288 3136 ρ
2328 3065 2454 3123 Qum
2484 3068 2736 3129 quoniam
2774 3067 2933 3115 etiam
2968 3066 3149 3128 aliqua
3179 3064 3609 3115 dissimilitudine
3636 3064 3847 3112 diversam-

567 3130 900 3194 qualitatem,
934 3132 1007 3189 ut,
1040 3127 1248 3177 Tullius
1305 3131 1357 3175 et
1414 3128 1624 3192 Cicero,
1682 3129 1807 3191 quia
1863 3128 2111 3179 videlicet
2149 3143 2214 3178 ex

564 3214 677 3251 una
709 3200 1053 3263 singulariter
1082 3198 1336 3261 qualitate
1373 3212 1438 3248 ex
1469 3214 1575 3262 qua
1606 3200 1720 3249 haec
1750 3202 1841 3249 uni
1874 3204 2000 3250 sunt
2044 3200 2216 3251 indita

567 3270 806 3328 nomina,
838 3283 947 3319 non
978 3270 1097 3319 dico
1130 3272 1272 3328 sunt,
1300 3269 1391 3318 sed
1423 3274 1503 3319 est
1550 3285 1776 3321 numero
1832 3286 1973 3321 unus
2014 3274 2098 3321 cui
2129 3273 2216 3321 in-

565 3342 678 3392 dita
703 3345 847 3391 sunt.

628 3414 811 3473 Quare,
838 3411 963 3475 etc.]
994 3411 1195 3470 Quasi:
1239 3412 1456 3469 Quoties
1503 3412 1664 3470 idem,
1717 3413 1883 3463 toties
1936 3415 2212 3464 diversum

565 3484 779 3534 dicitur.
840 3482 986 3532 Idem
1038 3486 1219 3531 autem
1278 3482 1448 3531 tribus
1507 3485 1697 3533 modis.
1729 3485 1903 3542 Quare
1942 3485 2212 3535 diversum

564 3556 723 3605 etiam
754 3555 956 3604 eisdem
988 3554 1178 3611 tribus,
1237 3553 1290 3602 id
1335 3559 1433 3615 est,
1470 3554 1553 3603 vel
1612 3570 1830 3618 genere,
1876 3558 1960 3605 vel
2015 3557 2208 3620 specie,

559 3627 646 3675 vel
674 3640 894 3676 numero
924 3624 1135 3674 dicitur.
1169 3624 1323 3674 Unde
1373 3625 1713 3675 manifestum
1767 3632 1847 3676 est
1876 3626 2018 3677 idem
2050 3632 2209 3691 atque

560 3711 752 3753 unum,
774 3698 1004 3760 ideoque
1063 3697 1331 3745 diversum
1391 3702 1444 3745 et
1506 3697 1730 3746 alterum
1786 3700 1839 3747 in
1872 3699 2210 3749 naturalibus

568 3767 935 3831 multipliciter
964 3767 1087 3816 dici.
1142 3766 1321 3816 Unum
1380 3766 1524 3816 enim
1583 3769 1667 3817 vel
1714 3769 1855 3817 idem
1912 3770 2209 3819 subsistens

568 3839 857 3903 aliquando
914 3836 1111 3887 dicitur
1167 3836 1329 3886 unius
1390 3842 1598 3887 tantum
1658 3842 1864 3888 naturas
1921 3838 2205 3902 singulari-

563 3914 674 3961 tate
705 3925 718 3961 :
752 3914 828 3967 ut,
859 3909 1045 3958 Cicero
1078 3922 1217 3958 unus
1270 3908 1429 3958 homo
1486 3914 1539 3957 et
1592 3907 1732 3958 idem
1789 3911 1933 3974 quod
1979 3911 2203 3968 Tullius,

560 3982 669 4032 imo
699 3981 844 4031 idem
902 3980 993 4044 qui
1045 3979 1292 4039 Tullius;
1344 3984 1395 4029 et
1452 3979 1600 4029 Plato
1648 3994 1787 4029 unus
1839 3982 2119 4041 rationale,
2152 3989 2205 4033 et

553 4054 700 4104 idem
730 4051 875 4116 quod
907 4052 1198 4109 suus,.imo
1248 4052 1340 4113 qui
1384 4064 1515 4100 suus
1564 4052 1801 4114 spiritus.
1846 4054 2108 4112 Quoniam
2152 4062 2205 4107 et

550 4126 701 4176 Plato
732 4128 784 4174 et
804 4138 935 4173 suus
967 4122 1110 4172 unde
1140 4122 1253 4185 ipse
1316 4126 1527 4172 constat
1582 4122 1801 4185 spiritus
1854 4130 1981 4175 sunt
2032 4141 2199 4178 unum

549 4196 833 4252 rationale,
895 4208 1004 4244 non
1061 4195 1398 4244 diversarum
1464 4195 1907 4259 rationalitatum,
1968 4212 2198 4262 quarum

552 4282 665 4318 una
701 4265 955 4323 Platonis,
985 4266 1152 4315 altera
1200 4266 1401 4327 species
1455 4265 1574 4329 ejus
1617 4280 1732 4316 esse
1781 4268 2014 4331 ﬁngatur
2060 4286 2196 4321 con-

546 4340 837 4395 formitate,
868 4338 960 4387 sed
1020 4338 1180 4386 unius
1237 4337 1584 4401 ejusdemque
1633 4337 2024 4402 singularitate.
2066 4342 2193 4401 Quas

2326 3139 2559 3187 cidentia
2614 3152 2825 3202 semper
2872 3138 3215 3195 comitantur,
3280 3138 3447 3201 hujus
3501 3134 3730 3186 consortii.
3771 3133 3847 3202 sicut
3914 3158 3915 3161 η

2324 3212 2525 3260 dictum
2577 3216 2674 3266 est,
2729 3201 2939 3260 ratione
2998 3211 3336 3260 numeralem
3404 3208 3752 3259 subsistentium
3789 3201 3843 3275 dil-

2322 3284 2627 3340 fereutiam,
2661 3282 3018 3333 accidentium
3054 3284 3287 3332 varietas
3352 3283 3627 3331 rectissime
3667 3279 3789 3327 facere
3808 3274 3845 3320 ὦ·

2320 3354 2474 3412 citur.
2508 3354 2623 3403 sine
2652 3354 2849 3418 quibus
2879 3356 2932 3403 in
2982 3354 3403 3404 subsistentibus
3445 3350 3753 3402 subsistentiis
3783 3358 3847 3419 om-

2319 3426 2452 3475 nino
2487 3440 2603 3475 esse
2634 3439 2742 3474 non
2772 3429 3019 3488 possunt.
3042 3425 3198 3485 Nam,
3231 3431 3289 3474 ut
3322 3424 3382 3473 in
3411 3422 3608 3473 ceteris
3642 3421 3725 3485 jam
3754 3420 3844 3491 post“

2327 3498 2557 3559 exempli
2620 3498 2933 3547 inductione
2983 3497 3085 3546 hoc
3142 3498 3383 3559 apertius
3414 3501 3465 3545 et
3514 3492 3778 3557 probabilius
3799 3494 3843 3532 ut

2316 3570 2413 3617 etsi
2448 3583 2553 3619 non
2610 3569 2827 3632 quidem
2885 3583 2962 3629 re,
3020 3570 3115 3618 sed
3170 3568 3275 3625 vel,
3310 3568 3367 3617 id
3423 3571 3503 3617 est
3540 3566 3696 3614 saltem
3722 3561 3842 3609 animo.
3914 3578 3915 3632 ξ

2316 3639 2381 3688 ab
2414 3640 2497 3688 bis
2544 3639 2747 3689 scilicet
2797 3641 2972 3689 tribus
3031 3639 3343 3689 hominibus
3402 3649 3685 3701 separemus
3726 3636 3844 3681 cum

2315 3710 2637 3766 accidentia,
2666 3710 2928 3773 ﬁngentes
2962 3711 3038 3760 eis
3093 3710 3241 3759 nulla
3292 3712 3516 3759 omnino
3572 3708 3660 3756 alis
3703 3706 3843 3773 inesse?

2313 3784 2491 3831 tamen
2522 3782 2669 3831 locus
2700 3770 2807 3831 non
2839 3780 3174 3846 quantitatis,
3210 3796 3319 3845 quo
3382 3780 3547 3830 locale
3601 3791 3680 3841 per
3720 3787 3759 3821 se
3788 3770 3842 3816 ab?

2310 3852 2441 3916 quid
2474 3854 2685 3909 dicitur,
2750 3855 2841 3903 sed
2900 3854 3202 3903 collationis
3256 3852 3525 3907 localium,
3560 3864 3651 3913 quo
3689 3847 3842 3916 ipso!!!”

2309 3912 2590 3987 quodlibet
2645 3926 2959 3974 collatorum
3016 3924 3269 3973 localium
3329 3929 3477 3973 recte
3510 3912 3707 3971 locatum
3731 3912 3840 3985 speci

2308 3995 2465 4053 latur,
2504 3995 2711 4045 cunctis
2741 3997 2899 4046 etiam
2958 3995 3421 4057 dissimilitudine,
3459 3995 3499 4043 si
3554 4004 3648 4041 non
3693 3995 3843 4051 genere,

2307 4068 2493 4117 saltem
2527 4069 3011 4131 speciei,diversus
3069 4073 3164 4126 est,
3224 4080 3386 4130 quem
3447 4066 3587 4115 nullo
3625 4062 3842 4133 modotu!!-

2307 4152 2494 4187 sumus
2524 4139 2741 4201 ﬁngere,
2773 4139 2857 4187 vel
2916 4139 3122 4187 unitate
3172 4138 3573 4199 singularitatis,
3609 4131 3676 4180 vel
3716 4131 3838 4175 unione

2305 4210 2701 4271 specialissimae
2728 4208 3099 4258 similitudinis
3131 4222 3320 4258 unum.
3368 4209 3481 4257 Duo
3532 4205 3655 4255 enim
3682 4205 3840 4271 corpora

2305 4270 2415 4329 non
2446 4280 2771 4329 obtinebunt
2800 4280 2974 4329 locum
3023 4279 3395 4342 singularitate
3444 4280 3534 4327 aut
3572 4270 3715 4337 specie
3740 4276 3837 4315 unum

2305 4350 2406 4401 sibi
2439 4350 2668 4400 invicem
2692 4352 3020 4401 collatorum.
3044 4352 3221 4414 Atque
3251 4351 3377 4399 ideo
3435 4354 3541 4399 tres
3590 4356 3699 4408 quos
3732 4347 3838 4413 exem-

548 4410 730 4489 uniiflﬂ
759 4421 1041 4457 numerum
1073 4406 1385 4489 (ξριιεοῐίοῦθ
1422 4409 1736 4489 diuinum].
1786 4412 2009 4489 ΐειῑῖορὶε
2066 4428 2192 4476 ρτο-
2226 4423 2277 4489 D
2307 4422 2379 4485 pli
2402 4422 2573 4484 gratia
2605 4424 2883 4484 posuimus
2919 4406 3164 4472 homines
3190 4426 3317 4470 sunt
3373 4406 3762 4470 conformantium
3792 4406 3835 4465 φ’

544 4485 797 4546 portione
859 4482 1237 4544 corporalium,
1288 4483 1510 4531 omnino
1578 4492 1689 4532 non
1775 4484 1980 4549 recipit.
2054 4488 2184 4538 Nam

540 4555 742 4603 Tullius
791 4557 843 4602 et
897 4553 1082 4602 Cicero
1140 4567 1314 4616 neque
1358 4553 1465 4602 duo
1511 4568 1688 4618 neque
1747 4556 1958 4606 diversa
2042 4567 2187 4610 sunt.

539 4623 695 4674 Plato
726 4639 849 4673 vero
880 4626 933 4672 et
962 4623 1078 4684 ejus
1134 4625 1356 4686 spiritus
1411 4624 1623 4675 diversa
1666 4626 1885 4689 quidem
1915 4634 2062 4686 sunt,
2094 4632 2186 4680 sed

535 4709 648 4746 non
685 4696 810 4746 duo.
844 4696 1071 4767 Diversa
1120 4709 1262 4754 vere,
1323 4698 1581 4761 quoniam
1636 4699 1778 4748 Plato
1813 4706 1892 4750 est
1922 4703 2184 4767 quidquid

536 4772 619 4818 est
648 4769 964 4839 naturaliter
996 4766 1216 4839 spiritus
1250 4768 1386 4831 ejus,
1418 4781 1527 4839 non
1575 4774 1753 4819 autem
1802 4773 2020 4835 spiritus
2070 4775 2185 4839 ejus

535 4842 619 4887 est
648 4836 915 4902 quidquid
974 4842 1053 4886 est
1109 4835 1261 4899 ipse;
1319 4842 1370 4888 et
1426 4837 1637 4889 ratione
1695 4843 1913 4892 omnino
1974 4835 2183 4896 diversa

531 4916 678 4973 sunt,
709 4909 840 4973 quia
869 4909 1020 4959 Plato
1053 4922 1119 4981 ex
1149 4910 1341 4972 spiritu
1371 4915 1603 4968 constat,
1636 4916 1689 4962 et
1749 4913 2023 4965 Platonem
2080 4921 2182 4981 spi-

527 4983 662 5031 ritus
692 4996 823 5030 suus
852 4979 1151 5030 constituit.
1205 4981 1316 5029 Duo
1364 4995 1493 5031 vero
1538 4996 1758 5045 prorsus
1804 4998 1909 5035 non
1938 4993 2080 5048 sunt,
2110 4979 2177 5040 eo

528 5053 675 5118 quod
710 5052 1062 5102 similitudine
1096 5052 1419 5115 aliquorum,
1451 5066 1677 5116 quorum
1714 5055 1937 5105 alterum
1969 5059 2033 5108 de
2064 5060 2179 5110 Pla-

525 5130 674 5184 tone,
706 5124 931 5175 alterum
970 5124 1035 5174 de
1064 5126 1249 5187 spiritu
1283 5124 1451 5187 ipsius
1482 5125 1708 5184 dicatur,
1741 5129 1870 5189 quid
1917 5130 2024 5180 duo
2068 5134 2179 5183 sint

526 5197 789 5262 assignari
821 5210 927 5246 non
959 5200 1137 5258 potest
1169 5210 1181 5247 :
1216 5198 1330 5245 haec
1360 5210 1488 5246 vero
1518 5197 1697 5246 unitas
1748 5212 1857 5248 non
1917 5202 2046 5251 unio
2078 5218 2172 5254 vo-

523 5274 691 5319 catur.
722 5269 775 5317 Si
802 5267 924 5332 quis
952 5268 1114 5330 igitur
1141 5268 1206 5316 ab
1260 5268 1359 5317 hoc
1415 5281 1524 5317 uno
1572 5268 1841 5320 diversum
1886 5273 2084 5336 aliquid
2118 5276 2171 5325 iu

519 5340 856 5390 naturalibus
916 5339 1132 5401 cogitet.
1192 5338 1418 5389 rationis
1490 5342 1835 5402 proportione
1896 5348 2168 5409 convenit,

517 5415 578 5460 ut
608 5412 782 5461 omnis
813 5409 1186 5459 similitudinis
1241 5414 1291 5459 et
1350 5410 1805 5462 dissimilitudinis
1854 5417 2060 5467 ratione
2092 5434 2167 5469 se-

514 5488 678 5539 mota,
711 5484 855 5531 aliud
887 5487 1093 5555 naturis
1130 5496 1345 5545 quoque
1376 5484 1743 5546 singularitatc
1768 5488 2035 5538 unumilli
2069 5504 2167 5555 0p-

512 5560 723 5617 ponat:
785 5559 843 5603 ut
901 5554 1027 5603 huic
1084 5554 1286 5603 homini
1351 5555 1495 5603 hunc
1543 5556 1703 5606 alium
1752 5558 2045 5617 hominem,
2078 5554 2164 5614 vel

514 5624 659 5673 hunc
717 5623 968 5686 lapidem.
1028 5626 1293 5673 Dicuntur
1361 5625 1520 5674 etiam
1581 5628 1746 5675 ruiilta
1812 5631 2163 5683 subsistentia

512 5708 678 5744 unum
712 5700 764 5744 et
792 5696 951 5755 idem,
986 5710 1095 5745 non
1154 5701 1359 5747 natura:
1420 5697 1579 5747 unius
1630 5700 2017 5760 singularitate,
2068 5708 2157 5755 sed

515 5768 828 5826 multarum,
860 5782 980 5831 qua
1007 5770 1214 5820 ratione
1274 5770 1639 5820 similitudinis
1685 5772 1760 5830 ﬁt,
1789 5772 2007 5824 unione.
2051 5778 2161 5829 Hac

2306 4507 2392 4541 sos
2447 4494 2921 4543 subsistentiorum
2979 4506 3209 4542 numero
3264 4492 3489 4555 plures:
3544 4486 3837 4555 quoniam-96"

2301 4564 2425 4613 licet
2451 4564 2722 4628 aliquibus
2751 4564 2907 4614 etiam
2940 4549 3381 4614 dissimilitudine
3429 4549 3632 4611 diversis
3667 4549 3832 4628 eccille?

2296 4635 2447 4686 tibus
2476 4622 2660 4699 plures
2691 4636 2850 4702 ﬁunt,
2883 4638 2935 4687 id
2967 4642 3062 4692 est,
3095 4636 3196 4685 hac
3224 4634 3587 4702 accidentium
3622 4622 3833 4702 divariqu

3734 240 3825 293 tibi

2296 4696 2534 4771 propria,
2594 4696 2949 4758 adunatarum
3035 4705 3388 4756 similitudine
3454 4696 3831 4753 subsistentium.
3912 4738 3913 4749 γ

2291 4779 2476 4843 plures
2505 4793 2621 4828 esse
2659 4780 2973 4842 probantur.

2352 4853 2460 4915 Age
2492 4838 2675 4913 igitur,
2736 4850 2861 4916 etc.)
2919 4852 3093 4915 Supra
3147 4863 3267 4900 cum
3325 4847 3561 4900 dixisset.
3612 4841 3734 4916 Pater
3780 4838 3829 4916 ξεί

2287 4912 2448 4981 Deus,
2476 4912 2641 4972 Filius
2672 4928 2753 4973 est
2781 4912 2937 4986 De-us,
2973 4912 3204 4987 Spiritus
3259 4926 3479 4970 sanctus
3531 4920 3605 4966 est
3637 4912 3827 4987 Dentri?

2288 4992 2412 5043 tulit
2438 4980 2667 5046 dicens:
2728 4995 2892 5059 Igitur
2924 4980 3117 5053 'Pa'ter,
3168 4993 3354 5050 Filius,
3417 4980 3827 5059 Spiritus_ﬂl{°‘j3:'

2286 5071 2414 5115 sunt
2447 5079 2587 5114 unus
2640 5048 2823 5115 Deus:
2880 5071 2932 5117 et
2980 5048 3124 5130 quod
3184 5066 3286 5115 hoc
3320 5048 3607 5130 secundum
3634 5048 3821 5130 theologi

2283 5136 2470 5185 fecerit
2522 5138 2810 5194 rationem,
2868 5117 3103 5188 ostendit
3158 5150 3280 5186 cum
3336 5129 3607 5199 supposuit
3654 5139 3666 5171 ε

2282 5208 2687 5271 conjunctionis
2717 5193 2852 5260 ratio
2885 5215 2967 5260 est
3022 5193 3423 5260 indifferentia.-
3444 5193 3667 5254 -Arianos
3708 5193 3818 5271 ευτέξ

2279 5268 2417 5330 dixit
2475 5282 2527 5329 in
2588 5296 2721 5341 eam,
2783 5296 2904 5345 qua:
2954 5281 3008 5330 in
3052 5282 3223 5330 forma
3254 5280 3480 5343 generis,
3511 5272 3673 5324 imoin

2284 5352 2470 5402 forma:
2506 5358 2602 5408 est,
2638 5338 3013 5415 pluralitatem,
3049 5338 3281 5411 Patrem,
3310 5355 3366 5399 et
3425 5348 3619 5397 Filium,
3668 5341 3706 5385 ει

2280 5424 2445 5472 ritum
2478 5406 2721 5473 sanctum
2755 5406 3054 5474 distrahere
3088 5439 3099 5485 ;
3149 5429 3200 5472 et
3259 5406 3400 5484 quod
3460 5420 3552 5466 hoc
3605 5425 3655 5461 ex

2278 5492 2409 5543 lium
2441 5495 2665 5544 fecerint
2693 5497 2920 5551 ratione,
2955 5476 3430 5549 declaravitfcum
3482 5488 3599 5536 dixit
3626 5496 3636 5529 :

2281 5566 2428 5627 pium
2463 5566 2783 5629 pluralitatis
2814 5546 3048 5616 ulteritas
3084 5570 3182 5615 est.
3219 5546 3391 5626 Atque
3437 5561 3572 5631 hanc

2271 5619 2400 5685 tium
2436 5619 2752 5686 alteritutem
2803 5652 2866 5687 ex
2925 5619 3389 5687 subsistentiarum
3457 5622 3738 5679 dissimilium
3760 5619 3813 5656 ἔδει

2267 5711 2519 5760 similium
2554 5710 2860 5759 diversitate
2921 5724 3038 5759 esse
3087 5707 3289 5764 docuit,
3340 5719 3459 5754 cum
3516 5712 3622 5750 eam
3658 5692 3811 5764 gen"?

2266 5782 2351 5833 vel
2383 5782 2580 5845 specie,
2640 5780 2723 5831 vel
2788 5795 3016 5833 numero
3072 5761 3315 5833 constare
3368 5761 3815 5841 subjunxitlilqm'
