4022 6174
243 216 261 265 1
273 209 354 265 265

1290 202 1614 261 GILBERTI
1653 197 2000 256 ΡΟΒΒΕΤΛΕ
2039 201 2570 265 COMMENTARIA.

3481 208 3620 295 1266

246 341 327 389 bus
348 337 627 401 theologia
683 339 845 399 atque
903 334 1143 399 physica
1202 334 1407 397 aliquas
1467 327 2105 402 rationes‘ma-ANam
2138 340 2191 386 et
2225 337 2354 399 ipsa;
2388 352 2574 388 eorum
2637 351 2757 402 qua
2809 336 2907 386 sibi
2970 335 3189 392 adsunt,
3243 338 3298 384 et
3351 336 3619 399 quodam-

239 413 462 461 nitestum
501 399 726 459 estesse
756 407 1015 457 diversas.
1076 407 1308 469 Ideoque
1364 406 1524 454 trium
1570 399 1860 466 pradicto-

236 496 349 540 rum,
380 482 429 531 id
460 486 541 530 est
570 478 764 537 Patris,
810 484 863 528 et
918 479 1053 536 Filii,
1112 483 1164 527 et
1191 477 1421 539 Spiritus
1470 475 1660 531 sancti,
1694 484 1855 521 unam

240 554 535 617 singularem
569 565 631 601 ac
689 550 983 612 simplicem
1044 548 1348 605 essentiam,
1402 562 1508 610 qua
1565 544 1856 617 unusquis-

243 616 331 691 que
354 628 561 675 illorum
597 629 693 680 est,
748 624 797 672 id
858 624 999 686 quod
1056 627 1138 671 est
1192 620 1511 683 theologicis
1555 616 1854 691 rationibus

238 689 699 753 demonstraturus,
728 710 816 744 eas
852 711 881 744 a
912 695 1235 744 naturalium
1270 692 1566 741 rationibus
1614 704 1709 752 per
1750 689 1851 736 hoc

234 786 331 820 esse
356 770 590 819 diversas
643 767 895 823 ostendit,
937 766 1080 829 quod
1140 766 1226 815 alii
1285 763 1639 828 speculationi
1690 764 1848 808 natu-

228 843 355 897 ralia,
387 841 474 890 alii
506 838 807 901 theologica
834 838 1106 901 supponit.
1166 838 1317 894 Quod
1374 836 1628 897 quoniam
1680 844 1848 893 expo-

230 914 334 962 sitis
358 911 786 976 speculationum
840 910 1080 972 partibus
1136 908 1328 957 melius
1384 904 1611 967 intelligi
1651 906 1842 967 potest,

230 992 342 1051 quot
368 985 497 1048 ipsa
528 982 827 1046 suntjuxta
882 995 1060 1031 rerum
1119 982 1217 1030 sibi
1275 978 1681 1051 subjunctarum
1724 988 1842 1051 pro-

222 1046 456 1120 prietates
487 1058 785 1110 enumerat,
819 1057 873 1102 et
935 1052 997 1100 ad
1054 1065 1213 1115 quam
1272 1050 1482 1112 propria
1512 1046 1843 1120 theologico-

216 1116 323 1178 rum
350 1128 614 1191 pertineat
644 1126 781 1174 ratio
836 1128 1118 1173 monstrat.
1178 1122 1384 1182 Quasi:
1445 1118 1730 1169 Catholica
1775 1116 1840 1191 ﬁ-

216 1200 313 1259 dei,
341 1189 632 1250 secundum
666 1196 954 1259 theologia
1010 1197 1253 1259 proprias
1290 1192 1544 1251 rationes,
1574 1189 1839 1239 sententia

214 1273 322 1323 hac
347 1276 440 1325 est.
476 1271 623 1335 quod
681 1274 735 1319 et
790 1268 1001 1317 divisim
1063 1282 1188 1318 vere
1247 1267 1458 1325 dicitur,
1522 1263 1679 1311 Pater
1757 1264 1838 1311 est

214 1345 357 1399 Deus,
392 1344 553 1393 Filius
585 1346 665 1393 est
692 1343 851 1399 Deus,
882 1340 1114 1405 Spiritus
1142 1346 1357 1391 sanctus
1414 1343 1492 1389 est
1551 1340 1690 1387 Deus
1720 1350 1736 1397 ;
1784 1338 1837 1385 et

211 1416 545 1478 coniunctim,
573 1414 751 1474 Pater,
788 1412 971 1473 Filius,
1015 1412 1245 1475 Spiritus
1296 1416 1511 1461 sanctus
1558 1410 1664 1457 sint
1694 1421 1835 1455 unus

206 1488 353 1537 Deus.
384 1484 710 1535 Arianorum
745 1498 891 1544 vero,
942 1484 1239 1533 secundum
1292 1481 1620 1532 naturalium
1670 1479 1833 1527 ratio-

206 1572 317 1613 nes.
344 1558 608 1607 sententia
638 1560 737 1612 est,
770 1555 913 1619 quod
964 1555 1125 1605 Pater
1184 1553 1399 1617 quidem
1431 1552 1579 1601 solus
1609 1550 1831 1598 veritate

204 1631 502 1680 substantia
561 1630 757 1678 dicitur
814 1628 974 1685 Deus,
1031 1628 1122 1677 sed
1179 1641 1354 1690 neque
1406 1626 1571 1675 Filius
1653 1636 1827 1685 neque

1972 410 2131 461 modo
2164 411 2342 475 potius
2373 409 2516 471 ipsas
2551 413 2869 473 sequuntur,
2900 406 3154 456 dicuntur
3207 406 3459 468 subjecta
3503 420 3617 458 ma-

1968 490 2116 534 teria
2149 499 2161 532 :
2194 498 2256 533 eo
2279 482 2421 547 quod
2472 495 2630 531 omne
2692 482 2837 545 quod
2896 494 2961 529 ex
3015 477 3325 542 hujusmodi
3362 492 3475 527 esse
3514 483 3616 540 est,

1968 556 2169 619 aliquid
2225 560 2417 603 natura
2462 554 2528 601 ab
2571 554 2759 602 eodem
2817 551 3103 605 contrahit,
3135 554 3192 598 ut
3253 550 3611 612 posteriorum

1966 628 2109 691 quod
2150 641 2245 689 per
2302 625 2432 673 illud
2492 625 2715 687 suscipit
2770 625 2837 672 sit
2882 624 3089 672 ratione
3148 622 3387 669 materia.
3446 620 3611 671 Verbi

1963 699 2168 761 gratia:
2206 697 2461 760 quoniam
2511 695 2864 758 corporalitas
2920 707 3039 755 qua
3096 696 3176 740 est
3221 706 3336 740 esse
3367 693 3608 753 corporis

1962 772 2015 817 in
2048 784 2155 832 quo
2185 771 2283 825 est,
2316 772 2367 815 et
2398 782 2501 830 qua
2554 766 2727 829 ipsum
2788 771 2867 815 est
2919 764 3115 827 aliquid
3172 762 3507 818 naturaliter,
3551 763 3605 813 id

1960 848 2040 891 est
2071 855 2266 903 corpus
2314 839 2487 888 eidem
2546 840 2769 895 confert,
2834 841 2894 887 ut
2960 837 3271 897 ﬁgurarum,
3318 837 3369 882 et
3418 833 3605 897 hujus-

1962 912 2106 963 modi
2141 915 2383 968 aliorum,
2423 925 2543 974 qua
2601 925 2761 960 causa
2816 906 3212 973 corporalitatis
3254 909 3307 955 et
3347 905 3464 967 ejus
3514 905 3605 953 ad-

1957 986 2102 1034 dicta
2132 984 2401 1047 potestati,
2436 997 2553 1032 cum
2609 982 2793 1031 eadem
2840 982 2893 1028 in
2938 994 2995 1028 se
3042 978 3224 1038 habet,
3250 974 3321 1025 sit
3354 979 3597 1034 materia,

1953 1059 2071 1120 ipsa
2120 1046 2337 1120 quoque
2404 1055 2711 1103 earumdem
2779 1051 3005 1101 materia
3058 1048 3273 1120 dicitur.
3330 1046 3462 1096 Inde
3519 1052 3599 1120 est

1951 1118 2093 1193 quod
2137 1118 2448 1176 vdifﬁnitiva
2497 1124 2887 1175 demonstratio
2954 1119 3263 1185 hujusmodi
3314 1132 3442 1193 esse
3494 1118 3598 1181 pri-

1950 1191 2097 1251 mum
2160 1200 2347 1255 exerit,
2400 1198 2595 1249 deinde
2650 1211 2768 1257 qua
2824 1196 2969 1245 illius
3018 1191 3424 1243 accommodata
3468 1200 3596 1241 sunt

1946 1274 2219 1337 potestati,
2253 1272 2497 1335 adjungit
2529 1286 2542 1321 :
2606 1269 2675 1319 Ut
2720 1270 2764 1318 si
2805 1270 3077 1331 quaratur
3127 1277 3245 1337 qua
3285 1266 3365 1337 est
3393 1265 3588 1337 statua,

1948 1332 2181 1407 primum
2240 1332 2445 1392 dicitur
2494 1355 2583 1397 as,
2636 1340 2718 1389 vel
2774 1351 3027 1397 marmor,
3082 1335 3167 1385 vel
3228 1332 3592 1407 hujusmgodi;

1946 1404 2139 1465 deinde
2199 1428 2320 1478 qua
2384 1413 2513 1461 illud
2573 1411 2853 1475 quodlibet
2905 1422 3021 1458 esse
3065 1404 3587 1478 comitantur,juxta

1943 1487 2085 1550 quod
2118 1477 2309 1535 statua
2345 1500 2409 1534 ex
2453 1483 2853 1546 comparatione
2915 1478 3133 1529 alterius
3180 1477 3433 1550 quasita_
3457 1488 3587 1550 pro-

1940 1545 2142 1621 prietas
2172 1557 2353 1620 exigit,
2395 1545 2760 1605 numerantur.
2819 1553 3009 1601 Forma
3056 1562 3270 1614 quoque
3325 1545 3590 1621 multipli-

1942 1616 2074 1679 citer
2105 1616 2320 1678 dicituur.
2346 1627 2480 1677 Nam
2513 1627 2747 1676 essentia
2772 1622 2887 1685 Dei,
2919 1636 3027 1687 quo
3079 1621 3268 1685 opiﬁce
3317 1622 3398 1668 est
3425 1616 3587 1681 quid-

199 1704 414 1766 Spiritus
475 1708 693 1752 sanctus
752 1700 977 1750 veritate
1046 1688 1361 1749 substantia
1442 1698 1529 1747 vel
1611 1689 1903 1755 divisimB
1937 1701 2063 1764 quid
2123 1705 2203 1750 est
2258 1700 2478 1758 aliquid,
2535 1702 2587 1747 et
2630 1695 2892 1761 quidquid
2943 1703 3023 1745 est
3072 1707 3207 1750 esse,
3262 1691 3405 1766 unde
3442 1688 3582 1766 illud

195 1775 349 1834 Deus,
383 1775 465 1824 vel
494 1773 822 1837 conjunctim
857 1786 995 1822 unus
1024 1786 1143 1822 cum
1174 1773 1329 1820 Patre
1369 1773 1509 1820 Deus
1550 1768 1823 1818 dicuntur.

194 1847 305 1909 Age
355 1848 535 1911 igitur,
600 1845 969 1907 ingrediamur
1052 1847 1103 1893 et
1189 1843 1550 1905 dispiciamus,
1614 1840 1666 1888 id
1746 1843 1825 1889 est

188 1917 524 1979 incipiamus,
559 1922 612 1965 et
641 1914 867 1964 diversis
911 1915 1221 1978 speculandi
1280 1912 1452 1962 modis
1504 1911 1824 1973 aspiciamus

191 1987 625 2050 unumquodque,
657 1987 710 2035 id
742 1991 822 2036 est
880 1987 1144 2036 naturalis
1200 1989 1253 2035 et
1307 1984 1626 2045 theologica,
1662 1986 1825 2044 prout

186 2064 353 2119 potest
380 2059 602 2121 intelligi
635 2064 797 2121 atque
828 2057 964 2121 capi,
999 2057 1051 2105 id
1082 2059 1181 2114 est,
1236 2054 1497 2105 naturalia
1552 2067 1650 2102 suo
1707 2066 1824 2102 mo-

185 2132 278 2187 do,
305 2134 352 2180 et
382 2130 675 2191 theologica
704 2143 840 2187 suo;
874 2133 927 2177 et
973 2128 1015 2176 si
1052 2127 1179 2191 quid
1223 2127 1366 2176 aliud
1420 2126 1484 2174 ad
1540 2124 1820 2186 perfectio-

182 2214 307 2250 nem
336 2202 415 2250 sui
450 2200 751 2250 continebit
781 2199 1203 2263 speculationum
1263 2197 1470 2246 divisio.
1527 2194 1676 2254 Quod
1719 2195 1825 2243 uti-

188 2286 297 2336 que
325 2272 395 2323 ita
426 2273 601 2322 facere
633 2271 908 2321 debemus.
970 2270 1121 2327 Nam,
1173 2269 1312 2319 sicut
1363 2270 1561 2333 optime
1617 2266 1821 2315 dictum

178 2342 388 2393 videtur
417 2358 447 2393 a
485 2342 757 2401 Cicerone,
816 2340 1010 2391 eruditi
1059 2346 1141 2390 est
1186 2340 1419 2389 hominis
1476 2336 1823 2400 unumquod-

176 2428 284 2477 que
314 2419 367 2464 ut
396 2415 572 2478 ipsum
602 2418 701 2471 est,
734 2413 785 2462 id
819 2417 917 2470 est,
974 2414 1112 2461 sicut
1171 2412 1246 2461 rei
1305 2411 1605 2473 proprietas
1638 2408 1819 2472 exigit,

175 2486 252 2533 ita
283 2484 342 2535 de
372 2500 433 2535 eo
466 2485 631 2534 fidem
665 2498 855 2546 capere
885 2488 1115 2541 tentare,
1148 2484 1198 2532 id
1245 2486 1341 2539 est,
1379 2496 1440 2531 ea
1497 2480 1821 2545 speculatio-

172 2570 244 2605 ne
276 2556 398 2606 illud
430 2555 793 2613 considerare,
829 2557 913 2605 cui
944 2556 1120 2619 ipsum
1177 2556 1319 2618 quod
1369 2551 1820 2603 considerandum

170 2628 492 2691 proponitur
521 2633 679 2678 certa
727 2627 1030 2677 differentia
1076 2625 1303 2676 rationis
1358 2625 1643 2674 addicitur.
1698 2624 1818 2672 Non

169 2700 316 2749 enim
340 2700 628 2749 indiscrete
661 2698 893 2749 cuilibet
948 2698 1304 2761 speculationi
1359 2696 1608 2759 qualibet
1650 2696 1823 2759 perti-

166 2774 323 2820 nent.

227 2841 357 2890 Nam
418 2857 529 2892 cum
562 2852 666 2891 tres
693 2842 802 2892 sint
862 2841 1189 2905 speculativa
1242 2842 1434 2905 paries,
1466 2837 1588 2904 etc.]
1629 2837 1811 2887 Scien-

160 2913 259 2962 tia
288 2913 577 2963 multorum
610 2918 736 2963 sunt
771 2927 1050 2976 generum.
1083 2911 1219 2961 Alia
1251 2924 1481 2973 namque
1511 2914 1638 2958 sunt
1667 2908 1815 2957 theo-

158 2985 309 3043 rica,
338 2984 391 3034 id
420 2989 501 3034 est
525 2985 891 3048 speculativa,
924 2989 981 3034 ut
1044 2984 1144 3033 illa
1202 2984 1399 3045 quibus
1439 2980 1713 3031 intuemur
1743 2994 1807 3028 an

1932 1760 2135 1835 aliquid
2167 1776 2262 1827 est,
2295 1775 2347 1820 et
2377 1784 2534 1820 omne
2567 1760 2711 1834 quod
2771 1767 2848 1817 sic
2904 1769 3044 1816 inest
3101 1766 3148 1814 ei
3201 1762 3347 1827 quod
3377 1765 3461 1835 est
3491 1760 3583 1811 ali-

1930 1832 2075 1907 quid,
2110 1849 2167 1892 ut
2196 1844 2243 1891 ei
2276 1843 2416 1906 quod
2451 1832 2673 1892 estesse
2703 1841 2859 1897 adsit,
2904 1841 3077 1903 prima
3137 1836 3311 1885 forma
3362 1832 3579 1882 dicitur.

1932 1918 2172 1975 Quatuor
2201 1930 2414 1980 quoque
2451 1916 2673 1964 sincera
2705 1913 3041 1971 substantia,
3072 1908 3231 1974 ignis,
3263 1921 3370 1962 aer,
3415 1918 3574 1980 aqua,

1930 1992 2073 2036 terra
2100 2000 2113 2034 :
2148 1975 2254 2035 non
2287 1975 2502 2049 quidem
2534 1998 2655 2049 qua
2686 1986 2741 2032 in
2800 1982 2932 2031 silva
2988 1986 3229 2031 mutuam
3278 1975 3574 2049 concretio-

1931 2072 2052 2107 nem
2084 2057 2279 2106 babere
2305 2047 2563 2121 pradicta
2592 2060 2735 2111 sunt,
2762 2055 2855 2104 sed
2885 2067 3006 2118 qua
3033 2067 3097 2102 ex
3140 2051 3279 2100 silva
3313 2053 3367 2099 et
3407 2047 3571 2121 intel-

1932 2120 2330 2192 ligibilispecie
2379 2133 2523 2189 sunt,
2584 2142 2610 2176 e
2669 2127 2865 2190 quibus
2924 2125 3138 2175 demum
3196 2122 3280 2172 ha
3339 2120 3582 2171 materia

1932 2200 2173 2258 sensilee,
2228 2203 2418 2265 ignea,
2475 2201 2653 2257 aeria,
2717 2198 2997 2263 aquatiles,
3072 2200 3281 2251 terrea,
3335 2193 3580 2243 deducta

1932 2276 2078 2330 sunt,
2133 2286 2419 2335 corporum
2478 2273 2698 2328 scilicet,
2744 2284 2864 2334 qua
2912 2266 3193 2318 nutricula
3239 2266 3421 2317 omnia
3450 2276 3584 2313 eon-

1930 2342 2159 2392 tinentis
2191 2345 2414 2408 suscipit
2445 2344 2612 2400 sinus,
2650 2342 2981 2405 exemplaria
3030 2339 3341 2390 eorumdem
3385 2353 3581 2404 corpo-

1929 2427 2065 2475 rum,
2098 2411 2263 2467 εἶδὲαι
2295 2415 2497 2475 Grace,
2533 2415 2715 2463 Latine
2765 2426 2895 2462 vero
2952 2412 3138 2461 forma
3186 2416 3579 2473 cognominata

1930 2488 2076 2533 sunt.
2115 2485 2253 2535 Illud
2284 2486 2443 2535 etiam
2476 2484 2838 2549 quorumlibet
2866 2483 3274 2533 subsistentium
3305 2481 3581 2541 quodlibet

1930 2570 2063 2614 esse,
2098 2570 2162 2606 ex
2219 2572 2328 2621 quo
2389 2556 2815 2620 unumquodque
2877 2568 3062 2605 eorum
3119 2558 3199 2603 est
3249 2553 3468 2617 aliquid,
3528 2558 3581 2604 et

1932 2628 2076 2690 quod
2110 2642 2295 2677 eorum
2326 2643 2445 2692 qua
2508 2629 2607 2676 sibi
2639 2628 2853 2685 adsunt,
2886 2632 2944 2676 ut
2970 2625 3281 2690 pradictum
3314 2630 3411 2683 est,
3459 2640 3581 2675 ma-

1928 2697 2086 2759 teria,
2150 2700 2462 2749 eorumdem
2527 2698 2937 2748 subsistentium
3011 2698 3203 2746 dicitur
3264 2696 3456 2756 forma,
3516 2700 3576 2746 ut

1930 2769 2286 2832 corporalilas
2321 2770 2559 2819 omnium
2586 2784 2887 2832 corporum.
2921 2767 3124 2817 Dicitur
3179 2768 3343 2816 etiam
3396 2767 3573 2817 forma

1926 2839 2056 2889 illud
2090 2846 2338 2904 quartum
2382 2855 2552 2903 genus
2607 2838 2894 2903 qualitatis,
2954 2839 3095 2901 quod
3152 2842 3232 2887 est
3282 2851 3570 2901 corporum

1924 2911 2113 2975 ﬁgura,
2151 2918 2203 2962 et
2232 2918 2422 2962 catera
2478 2925 2598 2973 qua
2646 2913 2721 2959 ita
2780 2909 3199 2959 subsistentibus
3244 2907 3448 2965 insunt,
3507 2911 3569 2958 ut

1927 2996 2113 3032 eorum
2147 2984 2439 3046 potentiam
2473 2986 2784 3045 sequantur,
2814 2996 2878 3031 ex
2910 2981 3107 3044 quibus
3156 2981 3357 3044 aliquid
3416 2984 3562 3029 sunt.

158 3056 297 3116 sint,
328 3059 379 3105 et
406 3054 534 3119 quid
567 3057 691 3115 sint,
724 3060 777 3105 et
823 3056 1000 3120 qualia
1049 3056 1174 3115 sint,
1227 3059 1282 3105 et
1327 3068 1421 3103 cur
1466 3054 1572 3102 sint
1597 3050 1808 3113 singula
1836 3048 1881 3117 α
1919 3053 1993 3102 Ex
2017 3054 2099 3103 his
2134 3056 2473 3104 manifestum
2538 3058 2619 3103 est
2664 3053 2807 3115 quod
2854 3051 3195 3101 materiarum
3236 3050 3345 3102 alia
3392 3050 3566 3101 infor-

156 3130 346 3175 creata
375 3143 388 3187 ;
422 3126 542 3176 alia
570 3141 699 3176 vero
730 3135 857 3176 sunt
886 3126 1156 3190 practica,
1186 3126 1237 3175 id
1271 3130 1348 3175 est
1374 3125 1579 3180 activa,
1616 3128 1674 3173 ut
1702 3123 1807 3173 illa

152 3197 361 3261 quibus
382 3199 563 3260 potius
587 3199 980 3262 inspectionem
1004 3199 1201 3247 scimus
1222 3197 1434 3260 operari
1465 3211 1476 3245 :
1503 3199 1561 3244 ut
1598 3193 1808 3253 medici,

152 3270 327 3333 magi,
362 3274 412 3319 et
442 3270 751 3334 bujusmodi
779 3272 884 3321 alii.
917 3272 983 3321 Ut
1009 3275 1186 3320 autem
1219 3270 1284 3319 de
1331 3267 1581 3332 practicis
1633 3272 1810 3317 tacea-

146 3355 302 3397 mus,
344 3342 693 3405 speculativa
725 3356 786 3391 ex
843 3342 927 3391 his
978 3356 1097 3405 qua
1156 3355 1251 3403 per
1307 3339 1451 3403 ipsas
1497 3339 1811 3400 inspicimus

145 3413 491 3463 contrahunt
520 3414 961 3476 appellationem,
995 3419 1049 3464 et
1114 3416 1376 3462 vocantur
1425 3409 1543 3459 alia
1591 3409 1808 3473 quidem

145 3483 423 3547 physica,
456 3485 505 3534 id
545 3490 627 3534 est
656 3486 931 3535 naturales
968 3501 980 3545 ;
1040 3483 1156 3533 alia
1214 3497 1339 3532 vero
1396 3480 1606 3538 ethica,
1632 3480 1683 3529 id
1732 3482 1812 3530 est

148 3556 400 3605 morales
435 3571 447 3617 ;
480 3557 597 3606 alia
628 3562 804 3606 autem
836 3558 1038 3617 logica,
1070 3556 1122 3605 id
1178 3560 1257 3605 est
1302 3553 1631 3603 rationales:
1672 3558 1724 3602 et
1753 3555 1814 3601 ut

143 3627 289 3675 item
328 3627 563 3677 morales
599 3632 758 3691 atque
812 3626 1098 3676 rationales
1152 3629 1555 3689 pratereamus,
1599 3623 1809 3673 illarum

120 3710 266 3760 qua
299 3711 410 3746 uno
457 3697 679 3747 nomine
713 3698 985 3747 naturales
1017 3698 1287 3757 dicuntur,
1332 3710 1451 3761 qua
1505 3695 1658 3744 etiam
1710 3709 1811 3756 usu

128 3768 359 3830 majore
396 3769 737 3831 speeulativa
772 3775 1052 3825 vocantur,
1084 3774 1192 3817 tres
1249 3772 1427 3831 partes
1479 3772 1605 3817 sunt
1640 3781 1653 3817 :
1695 3784 1811 3819 una

124 3852 267 3902 qua
321 3840 616 3889 universali
668 3842 911 3890 omnium
972 3841 1192 3890 nomine
1263 3839 1567 3902 specialiter
1615 3840 1811 3891 dicitur

117 3911 406 3960 naturalis
439 3928 451 3973 ;
490 3912 613 3969 alia,
639 3926 759 3975 qua
792 3910 1211 3971 mathematica;
1262 3911 1439 3971 tertia,
1486 3926 1607 3975 qua
1655 3913 1808 3962 theo-

110 3981 334 4045 logica.
370 3982 474 4031 Has
506 3983 763 4033 describit
793 3998 887 4045 per
922 3988 1125 4033 motum
1186 3986 1351 4043 atque
1398 3984 1806 4049 separationem,

112 4057 176 4101 et
212 4066 416 4103 eorum
449 4056 739 4112 contraria,
773 4053 931 4104 binas
987 4053 1043 4103 in
1112 4054 1445 4115 singularum
1494 4053 1806 4105 notionibus

107 4123 477 4175 differentias
515 4139 745 4188 ponens.
777 4126 868 4175 Ait
928 4140 1056 4188 ergo
1093 4138 1108 4176 :
1152 4125 1423 4175 Naturalis
1462 4126 1659 4175 dicitur
1683 4142 1803 4190 qua

107 4198 315 4246 estin
351 4202 501 4247 motu
557 4204 717 4262 atque
769 4199 1113 4257 inabstracta,
1170 4198 1314 4261 quod
1374 4197 1559 4247 Grace
1608 4199 1805 4248 dicitur

108 4267 482 4342 ἀχώριστος,
516 4270 619 4319 hoc
652 4274 733 4320 est
788 4269 1185 4342 inseparabilis.
1218 4269 1282 4317 Et
1338 4283 1504 4342 quare
1536 4270 1806 4320 inabstra-

110 4340 401 4399 cta,'vel
460 4342 851 4405 inseparabilis,
908 4340 1162 4405 supponit
1212 4356 1227 4391 :
1286 4340 1592 4390 considerat
1659 4343 1801 4392 enim

1920 3125 2038 3182 mis,
2072 3129 2124 3175 et
2152 3127 2274 3175 ideo
2311 3126 2555 3189 simplex,
2590 3128 2647 3173 ut
2681 3121 2786 3192 ὕλη
2820 3138 2834 3183 ;
2873 3124 2977 3173 alia
3042 3123 3287 3178 formata,
3348 3126 3402 3172 et
3440 3122 3563 3172 ideo

1921 3210 2031 3245 non
2054 3196 2304 3260 simplex,
2337 3203 2395 3247 ut
2425 3210 2668 3261 corpora.
2700 3195 2976 3259 Multiplex
3042 3194 3186 3243 enim
3241 3208 3359 3244 esse
3415 3194 3564 3257 ipso-

1921 3283 2061 3330 rum,
2092 3274 2143 3319 et
2172 3284 2292 3333 qua
2322 3269 2553 3333 plurima
2585 3267 2660 3317 illi
2698 3268 2897 3317 adsunt
2952 3267 3007 3315 in
3057 3268 3205 3330 ipsis,
3237 3266 3325 3316 illa
3354 3280 3566 3330 nequa-

1920 3354 2080 3403 quam
2112 3342 2299 3391 sinunt
2328 3355 2442 3391 esse
2491 3340 2771 3403 simplicia,
2806 3342 2860 3389 et
2912 3338 3029 3388 hac
3084 3344 3307 3402 utraque
3352 3342 3560 3388 tantum

1919 3415 2156 3462 materia
2190 3412 2547 3477 appellantur.
2579 3411 2706 3469 Qua
2755 3424 2881 3460 vero
2929 3414 3055 3460 sunt
3104 3423 3220 3460 esse
3268 3408 3565 3459 subsisten-

1919 3484 2073 3545 tium,
2106 3488 2159 3533 et
2186 3485 2423 3533 materia
2454 3484 2710 3532 dicuntur
2735 3485 2788 3531 et
2842 3482 3047 3543 forma,
3102 3482 3309 3530 divisim
3359 3484 3563 3541 tamen,

1920 3571 2105 3606 eorum
2138 3555 2342 3607 scilicet
2392 3572 2513 3622 qua
2573 3556 2673 3605 sibi
2732 3556 2931 3605 adsunt
2991 3554 3247 3611 materia,
3280 3558 3333 3604 et
3378 3569 3564 3605 eorum

1920 3642 2040 3690 qua
2073 3643 2136 3677 ex
2170 3630 2245 3678 eis
2302 3634 2430 3677 sunt
2484 3627 2683 3691 aliquid
2741 3628 2942 3676 forma.
2973 3626 3227 3676 Similiter
3271 3627 3560 3676 formarum

1919 3700 2019 3747 alia
2048 3700 2246 3749 nullius
2278 3701 2534 3759 materia,
2569 3704 2621 3748 et
2654 3698 2777 3748 ideo
2833 3699 3068 3761 simplex,
3104 3702 3161 3747 ut
3222 3697 3426 3761 opiﬁcis
3478 3711 3563 3745 es-

1919 3773 2110 3833 sentia,
2141 3773 2376 3837 quaipse
2406 3787 2529 3823 vere
2562 3776 2656 3821 est.
2687 3772 2869 3834 Neque
2911 3773 3052 3821 enim
3104 3772 3223 3835 ipsa
3270 3784 3333 3821 ex
3380 3770 3560 3819 multis

1920 3846 2169 3894 essentiis
2210 3850 2437 3900 constat,
2495 3858 2665 3908 neque
2725 3843 2799 3893 illi
2858 3844 2911 3891 in
2968 3842 3160 3905 Opiﬁce
3218 3842 3416 3891 adsunt
3470 3840 3561 3889 ali-

1918 3930 2041 3978 qua,
2101 3931 2326 3980 quorum
2386 3916 2587 3980 opifex,
2645 3914 2729 3965 vel
2785 3916 2900 3978 ipsa
2942 3928 3077 3974 esse,
3110 3914 3192 3963 vel
3222 3914 3325 3962 dici
3352 3913 3561 3976 possint

1917 3987 2098 4050 aliqua
2151 3990 2360 4037 ratione
2412 3989 2651 4036 materia.
2704 3986 2815 4035 illa
2872 3999 3085 4049 quoque
3160 3984 3382 4034 sincera
3440 3983 3564 4032 sub-

1918 4060 2127 4109 stantia
2160 4074 2279 4123 qua
2312 4074 2597 4123 corporum
2633 4058 2958 4121 exemplaria
3011 4062 3154 4116 sunt,
3212 4056 3329 4106 sine
3386 4060 3563 4105 mate-

1918 4131 1996 4179 ria
2029 4131 2214 4181 forma
2246 4136 2389 4192 sunt,
2424 4137 2476 4181 et
2504 4132 2625 4179 ideo
2670 4129 2959 4192 simplices.
3010 4128 3129 4177 Non
3178 4129 3320 4177 enim
3351 4132 3477 4175 sunt
3505 4126 3561 4174 id

1916 4203 2057 4264 quod
2092 4217 2206 4251 esse
2240 4204 2495 4251 dicuntur
2527 4215 2588 4250 ex
2617 4200 2898 4263 multiplici
2946 4202 3198 4256 essentia,
3232 4211 3330 4246 nec
3384 4196 3561 4245 eidem

1914 4275 2173 4323 assistunt
2208 4273 2262 4321 in
2295 4276 2373 4323 eis
2431 4287 2663 4336 quorum
2728 4272 2834 4320 illa
2890 4269 2975 4319 vel
3027 4269 3147 4331 ipsa
3198 4266 3407 4332 possint
3446 4280 3562 4315 esse

1914 4345 2171 4394 materia.
2204 4346 2335 4394 Nam
2384 4344 2525 4408 quod
2580 4340 2872 4391 sensilibus
2914 4341 3088 4390 inesse
3139 4340 3411 4408 dicuntur,
3449 4351 3563 4387 non

108 4426 440 4483 corporum
474 4413 673 4463 formas
696 4428 814 4463 cum
846 4416 1091 4472 materia,
1121 4427 1240 4477 qua
1292 4412 1478 4462 forma
1538 4427 1568 4461 a
1612 4427 1806 4476 eorpo-
1835 4416 1885 4483 D
1916 4414 2036 4463 ideo
2091 4419 2172 4464 est
2227 4415 2371 4477 quod
2403 4407 2524 4462 illis
2582 4412 2771 4461 insunt
2826 4415 2985 4475 atque
3025 4410 3266 4459 hareant
3294 4407 3564 4483 inabstra-

108 4482 297 4533 ribus
358 4496 469 4533 non
517 4490 749 4548 possunt
808 4486 1061 4548 separari,
1113 4499 1221 4533 non
1278 4484 1396 4533 dico
1445 4484 1673 4543 ratione,
1708 4485 1802 4535 sed

104 4558 285 4604 actu.
330 4554 425 4603 Hic
452 4555 739 4606 dicendum
798 4557 940 4619 quod
999 4556 1220 4605 materia
1277 4554 1555 4618 multiplex
1606 4568 1803 4605 nomen

104 4631 233 4687 est,
273 4630 337 4675 et
367 4624 544 4675 forma
607 4626 871 4677 similiter.
925 4627 1082 4689 Origo
1140 4641 1370 4691 namque
1428 4640 1540 4676 sive
1592 4628 1803 4677 initium

109 4712 353 4754 rerum,
389 4699 533 4761 quod
563 4699 708 4749 Plato
769 4703 922 4748 vocat
980 4699 1371 4755 necessitatem,
1432 4702 1484 4747 et
1542 4697 1802 4761 fraudem,

98 4774 169 4819 et
214 4769 660 4831 receptaculum,
694 4774 747 4819 et
772 4768 1128 4825 matriculsm,
1160 4774 1211 4818 et
1266 4770 1546 4832 gremium,
1591 4774 1645 4818 et
1690 4784 1806 4819 ma-

99 4844 297 4898 trem,
341 4844 397 4888 et
428 4840 626 4894 sinum.
676 4844 727 4889 et
770 4840 946 4889 locum
1010 4840 1177 4889 totius
1223 4841 1585 4903 generationis
1616 4856 1628 4900 ;
1659 4841 1807 4890 audi-

99 4916 285 4960 tores
331 4924 459 4959 vero
520 4911 640 4973 ejus
695 4911 971 4974 appellant
1030 4910 1171 4972 ὕλην,
1217 4911 1269 4959 id
1319 4914 1398 4959 est
1443 4911 1647 4967 silvam,
1688 4911 1803 4975 ipse

96 4985 291 5032 Plato
367 4983 613 5032 nominat
670 4984 895 5047 primam
956 4984 1279 5043 materiam;
1334 4997 1396 5031 eo
1434 4984 1574 5045 quod
1632 4984 1685 5031 in
1743 4998 1805 5033 ea

98 5055 464 5103 formantur
514 5068 852 5118 quacunque
908 5055 1244 5116 recipiuntur
1300 5054 1365 5103 ab
1422 5069 1528 5103 ea:
1580 5069 1701 5103 cum
1734 5060 1805 5104 ta-

100 5140 266 5175 men
310 5124 438 5188 ipsa
468 5126 665 5175 nullam
699 5140 760 5175 ex
818 5126 894 5175 eis
950 5126 1230 5175 contrahat
1278 5125 1523 5174 formam.
1565 5128 1806 5185 Quatuor

99 5198 312 5246 etiam
350 5196 636 5253 elementa,
670 5210 791 5261 qua
822 5198 874 5245 in
907 5197 996 5245 illa
1041 5203 1281 5245 mutuam
1337 5196 1538 5245 habent
1582 5211 1804 5246 concrc-

92 5269 378 5321 tionem,
412 5281 476 5316 ex
510 5268 727 5330 majoris
769 5272 927 5330 atque
985 5268 1277 5316 obtinentia
1320 5274 1512 5316 cuncta
1543 5268 1803 5317 vocabulo

92 5340 623 5402 cognominantur
648 5338 910 5398 materia,
963 5344 1013 5388 et
1074 5344 1278 5388 catera
1322 5338 1575 5401 deinceps
1621 5338 1673 5387 in
1710 5355 1803 5401 ge-

88 5424 267 5459 nere
312 5424 603 5474 corporum
635 5410 930 5460 sccundum
994 5412 1197 5471 species
1256 5425 1378 5460 suas
1435 5410 1702 5463 diversa:
1747 5416 1805 5461 ut

93 5496 221 5539 res,
306 5496 456 5540 cera,
513 5482 667 5546 lapis,
728 5487 780 5531 et
835 5496 954 5546 qua
1006 5481 1313 5544 bujusmodi
1370 5482 1484 5531 alia
1550 5481 1803 5532 dicuntur

90 5554 418 5604 materia.
480 5554 559 5605 Ad
613 5555 887 5617 generales
946 5569 1157 5619 quoque
1213 5558 1265 5603 et
1320 5554 1575 5618 speciales
1626 5556 1801 5605 subsi-

88 5625 409 5687 stentias,
442 5640 561 5690 qua
594 5626 999 5676 subsistentium
1058 5626 1112 5675 in
1172 5625 1366 5687 quibus
1422 5631 1549 5675 sunt
1589 5640 1703 5677 esse
1730 5627 1804 5676 di-

86 5700 370 5756 cuntur,
404 5712 467 5747 eo
503 5699 647 5762 quod
680 5698 757 5747 eis
787 5703 845 5749 ut
900 5700 1009 5749 sint
1063 5698 1265 5763 aliquid
1327 5698 1627 5757 conferunt,
1660 5699 1803 5761 ejus-

81 5769 257 5821 dem
308 5768 574 5837 nominis,
605 5770 660 5825 id
723 5775 801 5824 est
853 5773 1113 5834 materia,
1172 5773 1276 5825 alia
1306 5772 1364 5825 ﬁt
1417 5773 1799 5827 denominatio.

1916 4491 2015 4544 cte,
2068 4486 2300 4551 qualiter
2362 4485 2713 4549 corporalitas
2770 4486 2912 4535 inest
2966 4484 3219 4546 corpori;
3286 4481 3381 4531 sed
3437 4482 3564 4545 quia

1915 4573 2034 4608 cum
2067 4560 2133 4608 ab
2168 4558 2246 4608 eis
2276 4559 2563 4608 abstracta
2624 4558 2748 4616 sint,
2781 4562 2833 4607 et
2888 4557 2966 4606 eis
3024 4556 3242 4604 minime
3280 4557 3560 4612 concreta,

1914 4634 2094 4679 tamen
2126 4632 2277 4693 quasi
2314 4646 2339 4680 e
2370 4631 2587 4693 regione
2622 4628 2903 4692 apposita,
2934 4632 2994 4677 ut
3039 4627 3104 4675 ab
3140 4626 3247 4675 illis
3301 4630 3559 4688 tanquam

1914 4701 2310 4765 exemplaribus
2371 4701 2591 4751 sensilia
2652 4704 2910 4764 tanquam
2967 4698 3226 4759 imagines
3255 4697 3321 4746 ab
3368 4696 3559 4759 opiﬁce

1914 4773 2268 4831 deducantur,
2301 4773 2642 4822 deductionis
2667 4771 2953 4827 consortio,
2990 4783 3099 4819 non
3147 4768 3308 4818 modo
3356 4768 3561 4817 sensili-

1913 4845 2013 4893 bus
2045 4845 2193 4907 ipsa,
2224 4844 2317 4893 sed
2350 4848 2401 4891 et
2458 4843 2587 4906 ipsis
2638 4842 2854 4891 sensilia
2896 4842 3073 4890 inesse
3121 4838 3394 4888 dicuntur.
3427 4838 3558 4895 Qua

1914 4929 2041 4963 vero
2077 4919 2203 4964 sunt
2233 4915 2642 4963 subsistentium
2700 4926 2837 4969 esse,
2882 4913 3019 4960 sicut
3060 4910 3170 4975 jam
3225 4910 3425 4961 dictum
3456 4913 3557 4967 est,

1914 5000 2022 5035 non
2057 4988 2216 5036 modo
2240 4987 2441 5041 forma,
2471 4986 2561 5035 sed
2594 4986 2753 5035 etiam
2782 4983 3020 5033 materia
3050 4988 3453 5045 nuncupantur.
3478 4980 3558 5030 Fi-

1913 5072 2059 5119 gura
2098 5072 2225 5106 vero
2258 5058 2553 5115 seusilium,
2586 5061 2637 5106 et
2672 5061 2867 5105 catera
2896 5069 3015 5117 qua
3045 5055 3100 5103 in
3139 5052 3558 5103 subsistentibus

1913 5128 2224 5182 corumdem
2257 5142 2372 5177 esse
2419 5132 2736 5191 sequuntur,
2790 5127 2975 5176 forma
3026 5130 3233 5175 tantum
3292 5124 3561 5187 cognomi-

1915 5204 2132 5256 nantur,
2184 5206 2234 5249 et
2273 5214 2379 5249 non
2442 5200 2695 5249 materia.
2748 5198 2840 5246 His
2887 5200 3067 5261 itaque
3115 5196 3319 5253 divisis,
3359 5194 3561 5243 adden-

1914 5270 2040 5319 dum
2085 5277 2164 5319 est
2206 5272 2347 5333 quod
2410 5270 2662 5335 primaria
2711 5269 2948 5327 materia,
2999 5270 3050 5317 id
3100 5272 3179 5317 est
3211 5264 3340 5333 ὕλη,
3371 5270 3424 5313 et
3453 5263 3558 5326 pri-

1915 5343 2096 5390 maria
2162 5342 2367 5405 forma,
2420 5341 2473 5391 id
2534 5347 2612 5391 est
2666 5341 2827 5396 οὐσία
2883 5340 3102 5404 opiﬁcis,
3163 5342 3214 5387 et
3277 5336 3556 5385 sensilium

1910 5409 2097 5478 εἷδὲαι,
2159 5427 2222 5462 eo
2280 5414 2423 5477 quod
2486 5414 2754 5476 simplices
2811 5418 2936 5462 sunt
2986 5416 3039 5460 et
3088 5408 3367 5458 abstracta
3398 5421 3413 5457 :
3444 5420 3558 5456 non

1912 5486 2052 5532 enim
2086 5486 2171 5533 vel
2198 5486 2287 5534 illa
2313 5486 2515 5541 formis,
2564 5485 2647 5533 vel
2704 5486 2817 5533 ista
2875 5482 3112 5532 materiis
3172 5480 3374 5529 debent
3410 5482 3553 5542 quod

1911 5560 2037 5604 sunt
2070 5570 2082 5607 :
2116 5556 2261 5606 omni
2286 5560 2435 5606 motu
2464 5561 2665 5606 carent.
2726 5558 2852 5615 Qua
2896 5568 3024 5603 vero
3071 5552 3394 5601 inabstracta
3437 5564 3468 5599 a
3496 5564 3553 5599 se

1910 5627 2137 5677 invicem
2170 5633 2329 5692 atque
2359 5631 2609 5677 concreta
2638 5632 2781 5686 sunt,
2814 5626 2866 5675 id
2924 5627 3006 5675 est
3050 5623 3289 5685 sensilia,
3325 5635 3553 5672 moven-

1910 5703 2011 5749 tur.
2072 5700 2276 5751 Forma
2334 5713 2461 5749 vero
2517 5698 2812 5754 sensilium,
2873 5697 3116 5761 quamvis
3190 5696 3549 5751 inabstracta.

1908 5775 2138 5841 ideoque
2192 5778 2393 5827 motum
2450 5772 2728 5835 habentes,
2789 5772 2833 5822 si
2880 5776 3058 5821 tamen
3115 5769 3419 5821 abstractim
3467 5773 3551 5823 at
