4022 6174
306 5738 321 5751 τ
332 5684 419 5743 πί(
432 5670 451 5679 47

188 5802 191 5805 ,
236 5760 295 5815 1"

172 5828 215 5887 ἒ.

520 209 661 267 I267

1744 205 1819 263 IN
1859 204 2125 263 LIBRUM
2165 199 2258 259 DE
2294 203 2671 266 ΤΒῙΝῙΤΑΤΕ

3709 230 3813 285 uss

522 348 836 407 tendantur,
885 347 988 398 hac
1041 362 1167 399 vere
1229 348 1620 398 abstractorum
1692 347 1992 397 imitatione
2052 346 2168 394 sine
2199 334 2255 400 Α
2284 335 2479 411 cipit“?
2507 352 2667 402 quam
2702 341 2786 391 νει
2816 342 3064 395 rationali
3095 344 3365 409 Opinione.
3393 346 3491 396 imo
3519 349 3730 411 opinabili
3759 370 3821 404 ra-

522 424 675 469 motu
711 434 826 470 esse
856 421 1125 470 dicuntur.
1186 420 1306 469 Non
1374 421 1517 470 enim
1574 424 1780 470 tantum
1840 418 1997 469 sicuti
2028 422 2169 476 sunt,

523 503 716 539 verum
748 492 905 540 etiam
936 489 1090 540 aliter
1117 505 1274 554 quam
1322 491 1446 553 sint,
1477 505 1561 540 res
1619 490 1813 555 aliquae
1864 503 2004 553 saepe
2051 502 2172 539 vere

529 563 927 625 concipiuntur.
983 563 1207 625 PrOpter
1262 563 1405 625 quod
1434 563 1593 612 etiam
1648 562 1762 624 ipsa
1795 564 1955 611 animi
1988 574 2172 623 specu-

525 632 653 681 latio
709 632 988 692 dividitur,
1038 637 1090 683 et
1146 633 1228 683 vel
1286 649 1349 684 ex
1403 635 1485 683 bis
1541 649 1660 698 quas
1718 634 1955 696 inspicit,
1994 633 2076 681 vel
2109 645 2170 680 ex

528 704 691 752 modo
721 703 1042 767 inspiciendi
1099 708 1525 770 cognominatur.
1587 708 1715 755 Cum
1775 704 1917 754 enim
1974 704 2173 763 nativa,

526 776 666 823 sicut
729 779 874 837 sunt,
932 775 986 824 id
1044 782 1125 827 est
1179 783 1429 828 concreta
1490 782 1543 828 et
1598 779 1943 832 inabstracta,
1997 774 2175 823 consi-

529 843 701 907 derat,
755 859 818 896 ex
908 861 1005 897 sua
1092 846 1311 911 quidem
1399 851 1620 913 propria
1702 852 1986 913 potestate,
2069 857 2177 906 qna

524 914 765 966 humano
823 917 1005 971 animo
1063 921 1242 971 datum
1338 925 1419 970 est
1511 934 1577 970 ex
1668 933 1921 969 sensuum
2016 920 2175 979 atque

528 986 977 1051 imaginationum
1034 991 1407 1054 praeeuntibus
1477 991 1819 1042 adminiculis
1894 990 1996 1039 reri
2054 999 2177 1036 sen-

530 1058 668 1117 eilia,
694 1061 830 1110 ratio
858 1061 1092 1124 dicitur;
1147 1065 1238 1114 sed
1298 1079 1361 1114 ex
1419 1065 1503 1114 his
1560 1078 1679 1127 quas
1719 1063 2047 1124 considerat,
2081 1072 2177 1106 na-

529 1127 656 1178 tivis
707 1131 916 1183 scilicet
970 1135 1312 1186 inabstractis
1367 1141 1419 1185 et
1472 1140 1679 1185 motum
1714 1132 2057 1187 habentibus,
2092 1143 2179 1177 na-

529 1202 738 1262 turalis,
776 1208 830 1254 et
883 1204 941 1255 in
998 1211 1147 1258 motu
1210 1211 1264 1257 et
1336 1206 1661 1257 inabstracta
1718 1201 2177 1267 cognominatur:

530 1276 755 1337 etquod
787 1290 851 1325 ex
905 1276 1007 1327 hac
1054 1293 1216 1329 causa
1248 1280 1315 1329 sit
1356 1280 1470 1329 haec
1510 1278 1861 1343 nuncupatio,
1894 1274 2177 1323 manifeste

532 1344 885 1409 demonstrat,
941 1348 1184 1402 dicens:
1269 1350 1583 1399 Considerat
1662 1350 1802 1397 enim
1889 1357 2179 1407 corporum

533 1415 751 1495 formas,
781 1418 834 1496 id
868 1426 949 1471 est
977 1423 1191 1496 ﬁguras,
1225 1426 1279 1471 et
1307 1421 1618 1496 hujusmodi
1650 1420 1816 1496 alias,
1857 1431 1967 1496 non
2019 1415 2179 1496 modo

534 1486 592 1535 in
624 1493 845 1541 materia
902 1494 987 1543 cui
1041 1495 1244 1551 insunt,
1278 1495 1371 1544 sed
1429 1497 1482 1542 et
1539 1507 1658 1542 cum
1716 1490 1942 1540 materia
1997 1486 2084 1536 cui
2124 1486 2177 1534 in

536 1558 630 1609 illa
684 1562 899 1621 adsunt,
959 1569 1118 1629 atque
1178 1580 1244 1615 ex
1304 1567 1407 1615 hoc
1458 1564 1868 1614 subsistentium
1939 1559 2178 1610 omnium

537 1633 813 1684 concretio
871 1635 1084 1686 dicitur.
1169 1638 1378 1688 Creatio
1462 1650 1693 1699 namque
1777 1631 2180 1684 subsistentiam

535 1701 712 1781 inesse
741 1705 886 1765 facit,
921 1712 990 1781 ut
1020 1708 1092 1781 id
1151 1710 1235 1758 cui
1288 1711 1447 1771 inest,
1482 1710 1568 1781 ab
1618 1720 1682 1756 ea
1705 1703 1908 1769 aliquid
1936 1703 2019 1781 sit.
2051 1700 2183 1781 φοι)-

538 1775 703 1851 cretio
764 1791 895 1828 vero
946 1780 1121 1830 eidem
1179 1779 1541 1830 subsistentia:
1603 1782 1823 1851 naturas
1872 1775 2183 1851 posterioris

539 1844 766 1924 rationis
795 1851 1183 1909 accommodat,
1218 1857 1276 1902 ut
1304 1852 1355 1901 id
1386 1852 1471 1901 cui
1505 1864 1626 1900 cum
1656 1848 1745 1897 illa
1800 1847 2014 1924 insunt,
2053 1844 2182 1924 sim-

541 1914 801 1993 Pteleon
832 1922 917 1971 εὶῑο
951 1922 1079 1979 Quae
1110 1922 1367 1986 quoniam
1398 1936 1515 1972 esse
1541 1934 1650 1970 non
1687 1921 1930 1993 possunt,
1963 1914 2066 1993 nisi
2111 1914 2183 1993 sic

540 1986 959 2055 subsistentibus
986 1982 1173 2055 insint,
1207 2000 1266 2044 ut
1321 1993 1632 2044 eorumdem
1686 1984 2048 2039 subsistentiis
2090 1982 2186 2032 ad-

540 2054 670 2115 sint,
726 2058 1070 2114 inabstractm
1117 2054 1388 2114 dicuntur.
1446 2062 1597 2113 Unde
1654 2059 1772 2109 ait:
1830 2058 1957 2117 Quae
2012 2058 2185 2118 poste-

545 2126 705 2179 rioris
734 2131 960 2183 rationis
988 2136 1174 2186 forma;
1204 2150 1235 2185 a
1264 2135 1581 2198 corporibus
1610 2145 1718 2181 non
1772 2132 1999 2193 possunt
2028 2138 2187 2189 sepa-

543 2199 669 2257 rari,
727 2215 835 2253 non
899 2206 1224 2269 disciplinali
1286 2205 1513 2261 ratione,
1569 2204 1663 2253 sed
1722 2206 1861 2257 actu,
1893 2200 1948 2249 id
1999 2202 2095 2254 est,
2130 2199 2187 2244 ut

544 2271 689 2331 Quod
732 2278 858 2325 sunt
915 2277 1043 2326 dum
1093 2281 1364 2327 concreta:
1414 2278 1559 2331 sunt,
1612 2274 1881 2324 retineant
1909 2272 2186 2333 separataa.

540 2341 616 2390 Ex
688 2345 876 2395 eadem
942 2349 1285 2399 concretione
1375 2347 1641 2409 contingit
1731 2356 2015 2406 corporum
2082 2354 2189 2389 mo-

543 2416 646 2476 tus,
678 2430 798 2466 cum
858 2419 1061 2469 scilicet
1115 2425 1395 2470 concretas
1450 2416 1769 2468 vicissitudo
1813 2414 2187 2465 decedentium

542 2488 1053 2555 succedentiumque
1084 2496 1397 2542 commutat.
1456 2490 1584 2549 Quas
1640 2491 1782 2539 enim
1840 2484 2187 2537 concretione

543 2568 653 2605 non
681 2560 939 2623 simplicia
974 2568 1116 2625 sunt,
1144 2564 1397 2614 videlicet
1425 2577 1667 2626 corpora,
1700 2564 1755 2611 in
1812 2564 1960 2609 motu
2017 2562 2142 2606 sunt
2173 2571 2185 2609 :

541 2631 599 2675 ut
628 2631 777 2680 verbi
806 2635 995 2696 gratia,
1044 2637 1099 2684 in
1156 2641 1301 2685 motu
1363 2636 1455 2699 qui
1511 2639 1589 2683 est
1642 2632 1935 2681 secundum
1996 2630 2185 2685 locum,

540 2707 780 2766 apparet,
817 2719 936 2754 cum
962 2707 1381 2769 ponderositatis
1442 2721 1552 2757 sua:
1596 2706 1939 2768 prOprietate,
1966 2706 2018 2751 et
2046 2704 2190 2749 terra

543 2772 792 2823 deorsum
824 2776 1015 2840 fertur,
1046 2782 1098 2827 et
1127 2776 1269 2841 ignis
1324 2792 1554 2834 sursum,
1616 2776 1881 2839 habetque
1940 2777 2140 2822 motum
2173 2787 2185 2831 ;

544 2856 655 2893 non
683 2845 772 2896 illa
814 2862 934 2910 qua:
992 2855 1073 2900 est
1128 2848 1532 2900 subsistentium
1598 2863 1732 2904 esse,
1792 2846 1935 2895 unde
1995 2857 2189 2893 unum-

546 2917 798 2983 quodque
830 2935 1016 2971 eorum
1054 2921 1256 2986 aliquid
1319 2927 1401 2972 est
1444 2922 1617 2984 prima
1665 2920 1907 2975 materia,
1940 2917 2030 2967 sed
2067 2929 2187 2980 quas

542 2986 617 3037 illi
681 2993 918 3042 materias
976 2994 1031 3042 in
1094 2994 1295 3043 eisdem
1357 2992 1770 3042 subsistentibus
1843 2988 2197 3039 concretione.

546 3064 627 3109 est
654 3059 827 3111 forma
861 3065 1170 3128 conjuncta.
1201 3065 1314 3114 Alia
1355 3078 1483 3114 vero
1525 3063 1834 3127 speculatio,
1887 3074 2006 3123 quas
2056 3058 2189 3107 nati-

546 3134 1126 3185 voruminahstractas
1187 3136 1384 3185 formas
1435 3136 1589 3185 aliter
1648 3147 1807 3196 quam
1868 3134 1992 3189 sint,
2024 3130 2072 3178 id
2116 3136 2196 3178 est

546 3202 857 3254 abstractim
917 3207 1239 3269 considerat,
1297 3222 1363 3256 ex
1405 3207 1508 3256 ﬁne
1541 3220 1647 3269 quo
1676 3204 1807 3253 illud
1841 3202 1986 3262 facit,
2013 3201 2195 3251 Greece

543 3277 758 3352 quidem
794 3281 1176 3352 μαθηματικὴ,
1203 3281 1390 3331 Latine
1422 3294 1549 3352 vero
1574 3278 1924 3352 disciplinalis
1954 3282 2191 3352 vocatur.

540 3346 706 3397 Recte
747 3346 960 3414 utique.
1016 3346 1149 3401 Cum
1210 3354 1351 3402 enim
1411 3350 1519 3401 sint
1566 3350 1921 3406 inabstractre,
1982 3349 2031 3397 id
2095 3352 2191 3409 est,

542 3431 662 3467 cum
696 3418 799 3470 nisi
853 3422 906 3470 in
966 3424 1307 3474 concretione
1366 3437 1477 3473 non
1532 3424 1657 3484 sint,
1695 3421 1821 3485 quid
1881 3426 2058 3468 tamen
2117 3418 2192 3468 ibi

542 3488 651 3538 sint
679 3496 895 3553 oportet
924 3492 1175 3557 intelligi:
1271 3507 1445 3556 neque
1502 3494 1642 3542 enim
1698 3492 1971 3541 rationalis
2001 3504 2195 3553 specu-

541 3559 666 3609 latio
698 3562 930 3624 perfecte
960 3564 1013 3613 id
1046 3564 1191 3627 quod
1220 3570 1300 3613 est
1330 3578 1447 3613 esse
1478 3564 1679 3627 aliquid
1724 3564 1865 3627 capit
1896 3578 1909 3622 ;
1954 3560 2187 3623 discipli-

543 3630 686 3681 nalis
717 3646 931 3697 quoque
960 3635 1013 3684 id
1048 3635 1189 3685 unde
1214 3636 1345 3685 illud
1405 3639 1485 3685 est
1544 3637 1671 3699 quid
1726 3638 1794 3685 sit
1841 3634 2061 3682 ﬁrmiter
2112 3638 2187 3682 te-

542 3707 684 3761 neat,
718 3706 867 3754 verbi
896 3708 1080 3769 gratia,
1115 3721 1224 3756 non
1277 3707 1563 3771 propendit
1619 3709 1752 3756 ratio
1798 3704 1926 3769 quid
1976 3705 2045 3754 sit
2074 3718 2188 3754 esse

543 3788 756 3838 corpus,
816 3781 867 3826 et
922 3792 1037 3827 esse
1095 3780 1391 3829 coloratum
1446 3784 1498 3829 et
1554 3794 1668 3829 esse
1720 3779 1901 3836 latum,
1932 3777 2033 3824 nisi
2090 3777 2190 3825 dis-

548 3845 750 3908 ciplina
779 3849 909 3910 quid
966 3851 1034 3899 sit
1090 3850 1451 3915 corporalitas,
1494 3852 1620 3915 quid
1680 3850 1843 3906 color,
1893 3848 2019 3911 quid
2078 3848 2190 3897 lati-

552 3918 684 3967 tudo
738 3927 1044 3984 cognoscat.
1107 3925 1257 3983 Quod
1315 3924 1427 3974 ﬁeri
1501 3938 1611 3974 non
1665 3927 1858 3987 potest,
1916 3924 2017 3971 nisi
2074 3923 2188 3971 haec

545 3989 873 4041 inabstracta
904 3997 1061 4056 atque
1092 4002 1358 4059 concreta,
1407 4001 1459 4046 et
1515 3999 1580 4046 ab
1635 4010 1697 4045 eo
1728 3996 1781 4043 in
1821 4008 1927 4057 quo
1958 3998 2102 4051 sunt,
2135 3998 2188 4043 et

544 4074 576 4109 ο,
602 4075 663 4111 se
694 4062 923 4114 invicem
954 4067 1229 4118 abstrahat
1257 4073 1308 4118 et
1337 4068 1618 4118 discernat.
1654 4068 1727 4115 Ex
1758 4066 1859 4115 hoc
1889 4080 2011 4129 ergo
2044 4066 2184 4129 quod

543 4133 924 4197 inseparabilia
951 4139 1019 4187 ad
1048 4139 1152 4190 hoc
1182 4145 1413 4202 separat,
1468 4143 1529 4189 ut
1582 4152 1766 4187 eorum
1820 4141 2010 4186 natura
2070 4151 2186 4200 per-

545 4204 675 4266 spici
736 4210 788 4255 et
842 4208 1142 4271 proprietas
1202 4210 1381 4259 valeat
1468 4207 1868 4273 comprehendi,
1929 4208 2185 4256 mathesis

540 4276 651 4325 sive
682 4277 966 4341 disciplina
1016 4286 1256 4340 vocatur,
1288 4282 1617 4331 inabstracta
1665 4278 1903 4343 quidem,
1945 4293 2007 4328 eo
2039 4279 2183 4342 quod

540 4347 921 4410 inseparabilia
951 4357 1093 4410 sunt,
1124 4367 1244 4416 quin
1276 4352 1380 4401 nisi
1411 4351 1699 4415 separatim
1759 4365 1867 4401 non
1913 4351 2181 4414 perspicit.

538 4417 664 4467 Haec
694 4419 839 4500 enim
870 4422 1069 4473 formas
1101 4438 1385 4488 corporum
1442 4424 1749 4500 speculatur
1793 4424 1905 4500 sine
1936 4423 2177 4500 materia,
2210 4434 2258 4500 D

539 4502 650 4539 non
682 4490 802 4541 dico
860 4496 1169 4556 Speculatur
1213 4510 1329 4545 esse
1387 4495 1503 4546 sine
1559 4495 1803 4558 materia,
1862 4496 1978 4545 sine
2034 4498 2180 4543 niotu

541 4565 741 4611 tamen.
770 4562 824 4612 Si
854 4564 1001 4615 enim
1034 4566 1305 4617 concretio
1358 4567 1442 4617 his
1497 4582 1617 4632 quae
1674 4572 1799 4617 sunt
1841 4566 2047 4617 confert
2075 4580 2182 4615 mo-

540 4636 674 4690 tum,
711 4638 967 4686 convenit
997 4642 1055 4687 ut
1083 4641 1346 4701 separatio
1379 4639 1461 4689 his
1500 4655 1561 4689 ex
1618 4642 1812 4703 quibus
1861 4643 1988 4689 sunt
2032 4639 2183 4688 tollat

542 4708 747 4753 motum
781 4718 932 4756 :non
993 4711 1172 4759 tamen
1222 4711 1365 4773 quod
1422 4712 1699 4761 motabilia
1754 4716 1969 4761 careant
2012 4714 2179 4767 motu,

543 4775 683 4824 sicut
711 4776 1044 4828 inabstracta
1066 4794 1175 4830 non
1206 4787 1433 4844 possunt
1461 4783 1715 4839 abstrahi,
1746 4783 1839 4832 sed
1883 4781 2043 4844 quod,
2077 4783 2183 4830 sic-

544 4850 604 4896 ut
630 4847 831 4898 dirtnm
860 4856 958 4909 est,
991 4852 1247 4903 mathesis
1306 4869 1369 4904 ea
1425 4856 1540 4904 sine
1586 4858 1808 4905 materia
1859 4856 2179 4919 speculatur,

544 4931 606 4967 ac
635 4933 732 4981 per
776 4920 880 4970 hoc
928 4924 1239 4986 speculatur
1282 4925 1398 4975 sine
1447 4931 1613 4976 motu.
1657 4927 1756 4976 Rei
1799 4929 1997 4976 etenim
2031 4930 2182 4975 actus

540 4989 745 5041 formas
781 5006 996 5056 semper
1029 4995 1270 5046 continet
1315 4998 1683 5047 inabstractas.
1727 4999 1879 5048 Unde
1906 4997 2180 5062 supponit,

542 5076 662 5125 qua
694 5063 879 5113 formae
912 5079 1031 5115 cum
1089 5068 1141 5115 in
1205 5068 1429 5118 materia
1482 5070 1604 5125 sint,
1637 5070 1688 5118 id
1738 5075 1818 5119 est
1866 5072 1916 5119 in
1951 5073 2183 5133 corpori-

538 5133 659 5190 bus,
694 5134 759 5183 ab
788 5134 873 5184 his
921 5137 1236 5200 corporibus
1294 5139 1530 5202 separari
1578 5154 1687 5189 non
1734 5145 1978 5203 possunt.
2029 5144 2181 5191 Ideo-

537 5218 642 5268 que
671 5206 815 5270 quod
848 5207 1229 5258 mathematica
1259 5210 1554 5272 speculatio
1603 5211 1813 5270 dicitur,
1858 5213 2182 5262 inabstracta

539 5277 604 5347 ab
636 5284 757 5327 actu
787 5278 860 5328 rei
895 5292 909 5331 :
969 5281 1113 5342 quod
1173 5295 1301 5330 vero
1360 5281 1474 5332 sine
1532 5288 1696 5340 motu,
1723 5298 1753 5333 a
1791 5284 1950 5334 modo
1998 5300 2183 5347 specu-

538 5346 686 5397 landi
716 5352 1083 5415 metonymica
1112 5351 1481 5403 denominatio
1520 5360 1614 5404 est.
1660 5354 1839 5404 Tertia
1887 5346 2041 5405 veroi
2063 5370 2182 5419 spe-

540 5418 761 5480 culatio,
825 5436 946 5485 quas
998 5423 1184 5473 omnia
1243 5426 1427 5474 nativa
1493 5427 1899 5485 transcenderis,
1952 5428 2007 5475 in
2065 5418 2181 5490 ipso

539 5503 725 5541 eorum
786 5493 1029 5558 quolibet
1089 5495 1369 5559 principio,
1424 5497 1627 5548 scilicet
1679 5500 1765 5548 vel
1824 5498 2031 5562 opiﬁce,
2077 5513 2183 5562 quo

542 5567 760 5634 auctore
790 5571 961 5625 sunt;
1018 5568 1101 5616 vel
1159 5568 1298 5626 idea,
1331 5582 1360 5617 a
1417 5583 1523 5631 qua
1579 5574 1832 5633 tanquam
1891 5572 2183 5634 exemplari

540 5631 773 5707 4r’ﬁducta
810 5641 939 5685 sunt
972 5653 984 5696 ;
1016 5638 1098 5686 vel
1130 5635 1259 5707 ὕλη,
1290 5639 1346 5688 in
1396 5654 1501 5702 qua
1559 5631 1729 5691 locata
1781 5647 1922 5702 sunt,
1956 5631 2068 5705 ﬁgit
2110 5643 2184 5689 in-

596 5700 764 5768 ”‘nm,
798 5723 892 5771 per
922 5700 1292 5760 excellentiam
1324 5700 1700 5763 intellectualis
1750 5700 2183 5772 vocatum-"Quod

722 5777 953 5846 simplex
1013 5780 1129 5831 sine
1184 5785 1335 5832 motu
1387 5788 1439 5834 et
1467 5798 1675 5851 semper
1705 5789 1803 5849 est,
1852 5787 2028 5837 verius
2059 5799 2185 5850 per-

2287 408 2448 479 tione,
2483 424 2601 473 quae
2634 426 2743 462 non
2778 428 2987 479 semper
3018 425 3071 466 et
3098 408 3155 466 in
3184 421 3329 467 motu
3360 422 3498 475 sunt,
3552 408 3731 472 sensilia
3752 431 3826 475 sci-

2282 477 2425 552 licet,
2484 483 2685 546 percipi
2738 477 3011 549 possunt;
3065 488 3147 537 vel
3232 489 3536 552 disciplinali
3592 496 3825 546 earumdem

2283 548 2467 625 formae
2498 548 2855 614 inabstracta,
2886 548 3114 625 ideoque
3172 561 3225 610 in
3280 548 3446 621 motu,
3501 566 3739 625 separatim
3776 576 3829 617 at-

2282 635 2385 685 que
2417 624 2532 674 sine
2562 632 2708 677 motu
2741 632 2947 693 possint
3001 624 3223 682 attendi.
3280 632 3365 681 Ab
3416 624 3573 695 ipsius
3617 640 3830 687 autemrei

2284 708 2403 768 quae
2432 697 2727 760 percipitur
2758 706 2967 761 natura,
3016 704 3357 766 theologica;
3409 709 3460 752 et
3501 718 3529 751 a
3572 706 3831 768 proprietate.

2285 766 2398 839 sine
2427 772 2591 826 motu,
2625 769 2885 823 abstracta
2916 779 3077 838 atque
3130 774 3443 839 separabilis
3492 766 3833 839 cognominatur.

2283 838 2445 889 Recte
2478 842 2679 905 utique.
2712 847 2841 894 Nam
2905 846 2997 896 Dei
3055 846 3373 905 substantia,
3405 847 3455 895 id
3513 852 3587 895 est
3632 848 3747 897 Deus
3784 854 3837 899 vel

2286 907 2558 969 divinitas,
2597 918 2649 962 et
2679 915 2906 967 materia
2935 923 3081 968 caret
3127 923 3179 968 et
3225 921 3395 980 motu,
3429 918 3481 966 id
3528 922 3615 973 est,
3643 932 3723 968 nec
3744 920 3837 971 Deus

2286 994 2385 1030 nec
2416 982 2532 1044 ejus
2563 987 2796 1037 essentia
2848 992 3027 1051 potest
3089 1004 3206 1039 esse
3266 990 3507 1039 materia.
3565 988 3723 1054 Neque
3744 992 3837 1041 enim

2288 1065 2351 1100 ea
2378 1066 2484 1115 qua
2535 1055 2647 1118 ipse
2703 1062 2783 1108 est
2832 1062 3083 1124 essentia,
3142 1075 3259 1125 quae
3306 1062 3489 1110 Graece
3528 1059 3668 1112 οὖσέα
3693 1062 3837 1119 dicitur,

2288 1125 2464 1196 potest
2493 1139 2607 1175 esse
2641 1141 2750 1178 non
2782 1132 3028 1195 simplex,
3063 1146 3235 1196 neque
3286 1132 3344 1181 in
3384 1146 3447 1181 eo
3477 1132 3639 1181 eidem
3665 1133 3839 1182 essentia

2288 1193 2475 1267 adesse
2507 1197 2651 1246 aliud
2686 1193 2900 1264 aliquid
2944 1208 3122 1265 potest
3151 1193 3286 1267 _qno
3344 1204 3460 1266 ipse
3517 1202 3597 1250 sit.
3635 1204 3727 1252 Non
3750 1206 3841 1252 enim

2289 1264 2440 1341 Deus
2462 1268 2685 1332 simplex
2715 1278 2871 1331 esset,
2904 1264 2959 1323 si
2980 1276 3063 1325 vel
3114 1264 3232 1341 eju—s
3275 1264 3510 1326 essentia
3559 1280 3778 1325 constaret
3804 1292 3840 1323 ex

2290 1338 2471 1387 multis
2516 1344 2780 1403 cssentiis,
2827 1346 2911 1394 vel
2962 1338 3155 1396 eidem'
3191 1346 3379 1396 formas
3430 1346 3662 1396 adessent
3698 1348 3741 1395 in
3774 1347 3841 1401 illo,

2292 1421 2519 1482 quarum
2553 1412 2634 1461 vel
2669 1412 2781 1475 ipse
2822 1415 2962 1466 Deus
3017 1431 3141 1467 vere
3199 1424 3357 1479 esset,
3420 1420 3504 1467 vel
3544 1418 3648 1482 ejus
3686 1420 3843 1466 essenta

2292 1477 2503 1529 ratione
2534 1482 2801 1534 diceretur
2830 1489 3087 1551 subjectae
3125 1477 3363 1539 materiae
3398 1502 3410 1539 :
3461 1495 3513 1539 et
3561 1477 3663 1537 haec
3697 1490 3843 1548 quidem

2292 1554 2389 1624 €81.
2428 1566 2490 1600 ω
2522 1568 2702 1604 rerum
2732 1572 2850 1621 quae
2883 1560 3256 1624 percipiuntur
3311 1560 3635 1620 diversitate,
3679 1563 3845 1623 specutsc

2291 1618 2500 1697 tionum
2534 1618 2836 1678 diversitas.
2872 1618 3125 1689 Quam-vis
3172 1633 3339 1697 igitur
3392 1647 3568 1682 rerum
3608 1618 3846 1695 speculatio-

2211 1701 2259 1768 Β
2291 1692 2453 1768 nibus
2488 1698 2856 1761 subjectarum
2919 1704 3112 1767 aliquae
3169 1692 3277 1754 sint
3335 1706 3572 1754 rationes
3605 1692 3845 1767 communes,

2296 1763 2557 1837 plurimas
2612 1778 2789 1820 tamen
2848 1763 3093 1837 proprias
3148 1789 3263 1825 esse
3326 1789 3544 1825 necesse
3597 1776 3761 1825 est.Ac
3790 1763 3846 1836 per

2297 1836 2477 1911 hocin
2501 1843 2857 1903 naturalibus,
2918 1836 3037 1910 quae
3094 1848 3234 1898 sicut
3279 1853 3409 1897 sunt
3468 1848 3657 1911 percipi
3702 1845 3846 1900 debent,

2296 1908 2498 1983 scilicet
2556 1920 2809 1964 concreta
2863 1908 3318 1974 ebinabstracta,
3379 1908 3643 1983 opdrtebit
3686 1914 3847 1979 philos:-

2295 1978 2464 2052 phum
2495 1985 2699 2034 versari
2735 1986 3175 2038 rationabiliter:
3232 1994 3291 2039 ut
3353 1978 3555 2039 scilicet
3608 1978 3749 2052 posito
3790 2000 3848 2033 no-

2298 2049 2464 2125 mine,
2499 2068 2604 2117 quo
2635 2060 2687 2105 et
2712 2056 2765 2106 id
2803 2059 2947 2121 quod
2982 2064 3061 2109 est
3121 2064 3174 2109 et
3225 2059 3277 2109 id
3339 2075 3451 2125 quo
3495 2064 3572 2109 est
3598 2049 3847 2123 signiﬁcatur.

2298 2134 2359 2170 ea
2389 2122 2441 2171 vi
2472 2126 2671 2175 mentis
2702 2142 2808 2191 qua
2836 2134 3087 2180 concreta
3116 2132 3220 2181 reri
3276 2122 3505 2189 debent,
3536 2122 3773 2194 diligenter
3801 2134 3849 2176 at-

2296 2194 2483 2243 tendat
2516 2198 2640 2260 quid
2676 2202 2889 2263 proprie
2920 2202 3038 2260 sibi,
3070 2203 3153 2252 vel
3211 2204 3358 2267 quod
3420 2209 3517 2260 est,
3572 2204 3646 2252 vel
3692 2214 3772 2265 quo
3792 2202 3847 2254 ﬁt.

2298 2268 2657 2317 concretionis
2714 2273 2981 2322 consortio
3038 2275 3233 2337 exigat,
3289 2277 3347 2323 et
3432 2276 3558 2338 quid
3625 2278 3849 2322 aeternum

2300 2338 2731 2399 speculationem
2788 2343 2917 2392 locis
2982 2346 3365 2395 communicet.
3424 2345 3483 2395 ln
3558 2341 3849 2395 mathematicis

2300 2420 2430 2481 vero
2464 2410 2553 2459 ubi
2581 2413 2910 2465 inabstracta
2939 2415 3094 2465 aliter
3123 2431 3285 2481 quam
3338 2418 3466 2476 sint,
3517 2418 3564 2466 id
3607 2424 3677 2465 est
3712 2415 3851 2461 abstra-

2298 2480 2422 2528 ctim
2456 2484 2829 2543 attenduntur,
2874 2480 3147 2551 oportebit
3195 2502 3319 2537 eum
3382 2488 3583 2538 versari
3630 2482 3851 2547 discipline

2298 2551 2495 2610 biliter,
2529 2559 2586 2602 nt
2617 2555 2820 2606 scilicet
2848 2572 2967 2607 cum
3002 2573 3063 2607 ea
3093 2574 3211 2622 quas
3243 2560 3351 2609 nisi
3402 2559 3773 2609 subsistentibus
3802 2555 3851 2600 in-

2299 2624 2422 2681 sint,
2446 2627 2667 2675 omnino
2700 2629 2834 2677 nihil
2861 2636 2987 2679 sunt
3015 2630 3299 2694 separatim
3360 2633 3428 2682 ab
3487 2634 3563 2681 eis
3613 2644 3713 2679 cum
3752 2639 3852 2687 cepe-

2297 2695 2405 2743 rint
2444 2712 2477 2767 :A
2516 2699 2589 2745 sic
2636 2713 2822 2749 eorum
2880 2702 3097 2765 propria
3135 2703 3198 2751 ad
3255 2704 3594 2767 disciplinam
3637 2698 3849 2751 faciendam

2298 2765 2557 2823 attendat,
2591 2773 2647 2817 ut
2687 2784 2997 2820 communes
3039 2772 3139 2820 sibi
3187 2787 3308 2822 cum
3367 2765 3575 2823 caeteris
3615 2770 3854 2834 speculatio-

2300 2836 2460 2885 nibus
2489 2840 2728 2889 rationes
2791 2843 2856 2891 ad
2914 2844 3033 2905 ipsa
3079 2842 3299 2893 minime
3342 2846 3635 2895 contrahat.
3677 2844 3722 2891 ln
3759 2846 3854 2887 natu-

2298 2908 2500 2981 ralibus
2552 2911 2693 2960 enim
2753 2913 2949 2963 dicitur
2997 2915 3159 2965 homo
3209 2918 3424 2981 species
3470 2915 3684 2981 generis,
3732 2911 3771 2960 id
3807 2914 3854 2957 est

2299 2978 2550 3030 animalis
2609 2987 2701 3031 aut
2757 2986 3013 3048 corporis.
3071 2987 3133 3035 1n
3191 2978 3588 3038 mathematicis
3650 2997 3749 3033 vero
3788 2993 3854 3029 non

2225 3066 2269 3133 ο
2300 3053 2563 3133 generis,‘
2595 3056 2688 3104 sed
2747 3055 3151 3133 individunrnm
3206 3064 3425 3133 tantum
3498 3056 3685 3133 species
3722 3051 3856 3133 dicitur

2298 3122 2478 3174 homo.
2510 3126 2745 3190 Ideoque
2782 3128 3042 3177 naturalis
3073 3132 3441 3181 concretionis
3472 3122 3755 3195 pr‘bprietate
3776 3122 3855 3195 dici-

2298 3200 2385 3246 tur
2419 3212 2589 3261 genus
2621 3200 2684 3248 de
2732 3201 2909 3263 specie
2940 3202 3237 3264 praedicari.
3270 3193 3655 3252 Mathematicus
3690 3193 3855 3246 ναοῦδ-

2298 3270 2606 3319 stractionis
2640 3272 2964 3334 proprietate
2998 3286 3106 3321 non
3136 3288 3325 3337 genus,
3364 3275 3459 3324 sed
3507 3273 3697 3337 generis
3731 3277 3854 3330 genus

2298 3339 2360 3388 de
2395 3354 2456 3389 ea
2485 3356 2604 3404 qua:
2629 3357 2736 3391 non
2767 3345 3001 3406 generis,
3035 3346 3126 3394 sed
3157 3344 3564 3395 individuorum
3593 3346 3765 3392 tantum
3785 3348 3855 3397 spe-

2298 3409 2406 3460 cies
2436 3416 2535 3473 est,
2568 3427 2690 3462 vere
2718 3419 2769 3463 et
2797 3420 3189 3478 consequenter
3212 3416 3503 3479 praedicari
3526 3412 3797 3465 conceditur.
3818 3406 3851 3451 in

2298 3480 2498 3531 divinis
2540 3497 2775 3548 quoque,
2837 3500 2957 3549 quas
3024 3500 3133 3536 non
3186 3489 3353 3537 modo
3404 3484 3681 3550 disciplina,
3732 3490 3849 3554 verunt

2298 3552 2457 3602 etiam
2493 3569 2550 3628 re
2582 3556 2697 3628 ipsa
2735 3556 3000 3606 abstracta
3051 3561 3195 3614 sunt,
3240 3558 3668 3628 intellectualiter
3714 3552 3849 3628 versari

2296 3625 2583 3686 oportebit,
2621 3626 2675 3675 id
2727 3631 2823 3685 est,
2875 3642 2938 3676 ex
2988 3630 3219 3692 propriis
3267 3631 3570 3679 rationibus
3614 3625 3850 3683 theologica-

2296 3708 2412 3743 rum
2447 3694 2538 3745 illa
2561 3696 2863 3761 concipere,
2895 3704 2947 3748 et
2978 3712 3086 3747 non
3116 3713 3178 3748 ex
3201 3700 3524 3749 naturaliter
3544 3700 3847 3770 concretorum-

2301 3772 2393 3815 aut
2417 3767 2821 3831 disciplinaliter
2844 3770 3230 3820 abstractorum
3268 3769 3675 3835 proprietatibus
3703 3762 3850 3835 judice-

2294 3852 2368 3886 re.
2398 3839 2546 3896 Quod
2576 3844 2751 3890 autem
2785 3842 2885 3891 hoc
2915 3844 2986 3890 ita
3016 3842 3140 3891 velit
3168 3831 3417 3906 intelligi,
3449 3841 3631 3907 aperit,
3658 3850 3751 3888 cum
3773 3831 3849 3881 sub

2287 3908 2473 3971 jungit
2501 3923 2525 3984 :_
2549 3909 2731 3974 Neque
2762 3912 3031 3975 oportebit
3060 3913 3240 3962 diduci
3274 3914 3339 3962 ad
3376 3914 3553 3976 aliqua
3579 3914 3744 3984 creata._
3770 3913 3847 3964 (ἴδε

2294 3994 2416 4030 vere
2447 3982 2786 4032 existentium
2820 3990 2944 4033 sunt
2972 3984 3403 4048 imaginationes,
3437 3985 3528 4035 sed
3558 3983 3710 4057 potius
3734 3982 3845 4057 i933“?

2295 4067 2360 4101 ex
2390 4053 2503 4102 suis
2532 4054 2831 4105 rationibus
2860 4057 3120 4120 inspicere
3163 4056 3495 4121 singularem
3540 4070 3597 4106 ac
3637 4048 3845 4113 simplicem

2290 4126 2534 4174 formam.
2958 4138 2961 4141 λ
3400 4141 3417 4155 ε
3807 4189 3813 4195 _

2355 4198 2473 4257 Quae
2527 4213 2659 4256 vere,
2721 4200 2851 4262 etcf]
2934 4202 3219 4266 Hucusque
3290 4202 3627 4266 speculativas
3679 4195 3843 4269 scienti;

2291 4276 2491 4333 partes,
2524 4277 2577 4321 et
2603 4273 2800 4335 quibus
2828 4287 2947 4336 quas
3005 4264 3268 4337 speculari
3322 4264 3618 4329 conveniat,
3667 4264 3844 4318 ostendit.

2291 4343 2449 4393 Nunc
2474 4345 2614 4408 quod
2651 4345 2821 4394 Patris
2850 4352 2903 4395 et
2958 4347 3075 4396 Filii
3136 4354 3186 4397 et
3240 4347 3475 4409 Spiritus
3520 4346 3753 4395 amborum
3776 4345 3843 4411 ut}!

2294 4414 2363 4463 sit
2393 4415 2678 4479 singularis
2710 4421 2761 4465 et
2789 4417 3011 4480 simplex
3050 4420 3304 4481 essentia,
3336 4432 3444 4483 qua
3496 4417 3601 4467 sola
3642 4416 3845 4470 υηηείὶαίε·

2292 4500 2394 4549 que
2427 4487 2642 4536 illorum
2676 4491 2756 4535 est
2785 4487 2836 4535 id
2871 4488 3016 4551 quod
3044 4494 3143 4547 est,
3176 4489 3477 4553 theologica
3531 4492 3666 4537 utens
3716 4490 3841 4557 spec}?

2293 4546 2515 4619 latione,
2574 4546 2950 4611 demonstrat:
3012 4564 3069 4609 ut
3126 4546 3222 4624 per
3265 4546 3388 4611 hocv
3412 4558 3659 4614 catholici,
3686 4551 3752 4617 qui
3786 4546 3840 4592 δέ·

2292 4634 2439 4689 cunt,
2473 4632 2625 4679 Pater
2654 4635 2732 4679 est
2762 4630 2920 4687 Deus,
2980 4631 3143 4681 Filius
3200 4637 3281 4681 est
3337 4633 3493 4690 Deus,
3536 4628 3728 4693 Spiritus
3756 4630 3835 4693 stlt-

2292 4707 2409 4751 ctus
2436 4706 2515 4752 est
2546 4704 2703 4765 Deus,
2738 4708 2789 4753 et
2818 4703 2945 4754 inde
2978 4705 3219 4755 inferunt
3250 4722 3263 4755 :
3322 4707 3485 4771 igitur
3537 4691 3684 4756 Pater,
3708 4700 3748 4744 et

2292 4774 2411 4837 lius,
2445 4780 2499 4825 et
2528 4776 2755 4839 Spiritus
2789 4781 3003 4827 sanctus
3034 4784 3159 4829 sunt
3190 4765 3514 4835 unus'Dens,
3544 4787 3639 4826 non
3666 4778 3745 4822 tres
3770 4765 3831 4815 Dii,

2291 4853 2431 4897 recte
2468 4849 2762 4898 secundum
2793 4852 3063 4914 propriam
3095 4867 3283 4902 eorum
3331 4852 3396 4901 de
3456 4851 3636 4911 quibus
3680 4846 3831 4919 10510.“?

2291 4924 2377 4970 tur
2405 4923 2666 4971 rationem
2696 4922 2894 4973 inferre
2957 4925 3340 4989 intelligantur.
3387 4925 3560 4985 Quasi,
3609 4924 3653 4969 in
3701 4916 3830 4963 divini!

2291 4994 2558 5055 oportebit
2624 4995 2789 5057 ipsum
2847 4996 3281 5047 intellectualiter
3337 4998 3592 5061 inspicere
3660 4990 3825 5039 formam.

2291 5081 2412 5130 quae
2470 5082 2593 5117 vere
2650 5067 2823 5118 forma
2879 5075 2976 5119 est.
3032 5072 3107 5120 Ac
3155 5072 3198 5120 si
3230 5071 3369 5121 dicat
3395 5088 3409 5123 :
3439 5070 3594 5119 Multa
3625 5067 3723 5115 sunt
3752 5065 3827 5129 κιονε

2290 5144 2554 5188 vocantur
2585 5139 2787 5199 formae,
2825 5146 2883 5190 ut
2912 5156 3196 5204 corporum
3227 5144 3424 5207 ﬁguras,
3460 5148 3512 5192 et
3544 5140 3633 5189 alia
3674 5144 3762 5197 (1³⁸
3794 5134 3825 5204 Ψ

2291 5212 2709 5263 subsistentibus
2734 5216 3006 5264 creatione
3058 5229 3149 5265 seu
3206 5215 3539 5266 concretione
3588 5212 3825 5286 tinntt'Qlf‘:

2292 5282 2396 5332 bus
2428 5284 2481 5332 id
2512 5284 2599 5333 cui
2656 5284 2861 5342 insunt,
2913 5291 3007 5334 aut
3064 5286 3265 5350 aliquid
3311 5291 3410 5343 est,
3452 5290 3539 5335 aut
3574 5276 3734 5357 aliquid
3755 5279 3824 5357 εεξξ

2292 5358 2551 5407 doctrinae
2582 5358 2771 5408 ordine
2826 5358 3265 5421 demonstratur;
3325 5361 3411 5409 sed
3470 5358 3575 5407 haec
3608 5351 3824 5406 omnia?“

2294 5445 2349 5478 se
2376 5429 2578 5479 habent
2607 5445 2704 5479 sua
2735 5445 2796 5480 ex
2859 5432 3055 5494 quibus
3100 5432 3281 5497 aliqua
3332 5432 3528 5482 ratione
3556 5426 3820 5497 deducuntur;

2297 5504 2389 5550 aut
2418 5501 2483 5549 ad
2534 5501 2625 5550 illa
2682 5482 2927 5565 spectant
2971 5482 3252 5567 principia,
3302 5504 3514 5566 ideoque
3556 5482 3818 5567 mutante!”

2293 5573 2417 5629 alio,
2446 5557 2847 5635 nuncupatione
2876 5557 3054 5636 potius
3087 5557 3249 5639 quam
3280 5557 3492 5625 rationis
3533 5568 3725 5647 veritate.

2294 5659 2395 5695 inte
2443 5632 2810 5695 nominantur.
2860 5632 3119 5696 Essentia-
3151 5663 3279 5698 vero
3328 5661 3441 5710 quas
3469 5640 3732 5712 primm“?
3754 5632 3813 5677 95L

2293 5715 2478 5767 omnia
2503 5720 2683 5766 creata
2712 5719 2983 5781 praecedit,
3013 5718 3121 5769 illis
3168 5706 3410 5771 omnibus
3442 5706 3514 5792 ut
3561 5724 3654 5792 esse

2292 5794 2381 5840 tur
2409 5780 2742 5853 impertiens,
2774 5793 2827 5840 et
2882 5804 2913 5841 a
2967 5790 3116 5843 nullo
3172 5792 3277 5843 alio
3331 5794 3385 5843 ut
3437 5788 3540 5855 ipsa
3564 5784 3620 5835 sit
3641 5780 3807 5829 sumens,
