4022 6174
251 158 365 216 1269

1287 157 1609 231 GILBEBTI
1647 153 1991 214 possem
2029 155 2562 219 COMMENTARIA.

3488 166 3629 227 1270

256 287 460 350 ideoque
488 299 617 337 vero
638 284 859 336 nomine
918 285 1109 344 forma,
1167 298 1344 348 neque
1406 287 1581 350 imago
1639 288 1761 344 est;
1820 284 2099 352 etAipsa
2134 285 2391 337 essentia.
2423 288 2587 338 Recte
2621 287 2830 353 utique.
2879 288 2934 339 Si
2991 286 3135 341 enim
3191 289 3257 341 de
3307 290 3503 354 aliquo.
3533 294 3627 357 qui

256 375 355 410 cum
381 360 447 409 de
479 373 539 409 ea
577 360 698 422 quis
727 358 958 423 loquens
989 360 1134 419 dicit,
1168 360 1399 409 essentia
1460 364 1557 420 est,
1590 359 1665 408 sic
1712 358 1872 407 debet

254 432 461 493 intelligi
493 444 506 480 :
538 432 781 481 Essentia
812 435 892 480 est
925 431 1013 481 illa
1042 446 1126 481 res
1156 445 1277 495 quae
1308 435 1390 480 est
1435 432 1609 493 ipsum
1653 444 1784 485 esse,
1817 429 1872 478 id

253 508 459 568 estquae
492 517 599 553 non
634 503 701 552 ab
741 502 841 552 alio
891 502 1030 553 hanc
1082 506 1291 552 mutuat
1335 503 1640 561 dictionem,
1695 504 1748 550 et
1805 515 1871 550 cx

250 581 447 640 quaest
476 590 613 632 esse,
661 575 713 623 id
760 579 839 625 est
902 589 1022 638 quae
1071 576 1278 624 caeteris
1330 573 1580 623 omnibus
1627 573 1867 623 eamdem

248 648 453 712 quadam
503 645 803 697 extrinseca
861 645 1269 709 participatione
1328 645 1704 695 communicat.
1749 645 1865 694 Non

247 719 369 769 enim
411 720 477 768 de
534 718 772 781 qualibet
826 731 936 767 suae
996 717 1241 767 essentia)
1297 718 1623 780 proprietate
1675 716 1867 766 dicitur

248 796 334 848 est,
360 791 450 841 sed
481 790 546 840 ab
582 803 646 839 eo
678 791 769 852 qui
794 803 902 838 non
933 788 1128 846 aliena,
1161 790 1255 838 sed
1312 803 1410 838 sua
1464 790 1695 838 essentia
1742 801 1867 852 pro-

246 864 350 927 prie
375 864 471 919 est,
503 861 569 910 ad
600 860 734 910 illud
765 861 909 924 quod
967 863 1147 910 creata
1194 860 1259 910 ab
1297 860 1415 923 ipso
1460 860 1633 909 forma
1663 858 1864 923 aliquid

242 939 330 993 est,
356 937 405 984 et
450 933 517 983 ad
576 933 749 995 ipsam
799 936 1029 982 creatam
1090 934 1334 992 formam,
1402 935 1454 981 et
1510 931 1741 996 denique
1795 932 1862 981 ad

241 1006 407 1055 omnia
437 1018 557 1068 quae
587 1004 652 1053 de
709 1004 839 1066 ipsis
893 1018 1021 1054 vere
1063 1003 1318 1054 dicuntur
1365 1002 1642 1067 (quoniam
1692 1017 1753 1052 ex
1796 1018 1861 1053 eo

239 1080 477 1139 tanquam
512 1088 576 1124 ex
606 1074 872 1137 principio
903 1078 1070 1134 sunt),
1114 1074 1275 1124 dictio
1329 1075 1432 1123 ista
1487 1073 1860 1132 transumitur,

232 1150 294 1197 ut
318 1147 373 1196 de
405 1158 730 1209 unoquoque
763 1144 961 1195 divinas
989 1145 1175 1195 formae
1219 1144 1685 1209 participationem
1717 1150 1858 1196 recte

232 1219 426 1269 dicatur
454 1224 591 1272 est:
655 1217 801 1281 quod
858 1231 968 1267 non
1020 1218 1242 1267 omnino
1302 1231 1332 1267 a
1390 1215 1715 1267 naturalium
1773 1232 1858 1266 ra-

233 1290 364 1341 tione
422 1290 696 1341 diversum
758 1294 854 1339 est.
925 1288 1167 1353 Namque
1252 1292 1304 1338 et
1386 1288 1442 1337 in
1520 1288 1855 1337 naturalibus

231 1379 375 1415 omne
433 1362 843 1415 subsistentium
903 1377 1017 1413 esse
1071 1378 1132 1413 ex
1188 1364 1355 1413 forma
1408 1366 1506 1418 est.
1562 1362 1613 1411 id
1661 1366 1742 1412 est
1787 1363 1853 1412 de

228 1451 539 1500 quocunque
598 1436 922 1485 subsistente
971 1436 1167 1484 dicitur
1217 1440 1317 1493 est,
1372 1436 1558 1484 formae
1610 1448 1767 1497 quam
1799 1435 1854 1484 in

226 1522 285 1558 se
313 1510 464 1559 habet
490 1508 898 1571 participatione
951 1508 1162 1557 dicitur.
1223 1507 1372 1557 Sicut
1422 1521 1488 1555 ex
1541 1505 1625 1554 his
1673 1521 1856 1555 exem-

223 1579 324 1642 plis
350 1583 525 1643 potest
582 1577 830 1639 intelligi.
889 1576 1075 1627 Statua
1128 1577 1271 1627 enim
1318 1576 1514 1625 dicitur
1568 1590 1681 1625 esse
1741 1580 1849 1626 sta-

221 1656 335 1710 tua,
359 1665 466 1702 non
499 1650 797 1701 secundum
828 1663 919 1709 aes,
969 1650 1114 1713 quod
1158 1664 1222 1700 ex
1270 1649 1440 1699 forma
1474 1663 1594 1713 qua:
1626 1650 1746 1699 aeris
1776 1652 1854 1699 est
1883 1654 1929 1719 Β

224 1736 337 1773 esse
387 1724 503 1786 ejus
554 1726 651 1781 est,
706 1722 761 1770 id
814 1726 894 1771 est
949 1725 1138 1771 statuae
1195 1721 1459 1779 materia;
1517 1720 1609 1770 sed
1670 1734 1854 1770 secun-

224 1794 345 1844 dum
373 1795 519 1844 illam
555 1795 784 1844 formam
839 1807 951 1856 qua
1005 1792 1244 1842 humano
1299 1791 1521 1841 artiﬁcio
1564 1792 1616 1840 in
1647 1806 1710 1841 eo
1744 1806 1851 1842 aere

222 1865 463 1915 animalis
494 1862 701 1926 efﬁgies
722 1864 976 1928 insignita
1010 1867 1107 1922 est,
1147 1863 1249 1912 hoc
1297 1866 1394 1920 est,
1445 1862 1512 1911 ad
1560 1861 1853 1924 designan-

223 1937 363 1998 dum,
397 1941 447 1988 et
473 1937 706 2002 qualiter
735 1939 911 1999 potest
929 1933 1213 1997 imaginari
1242 1934 1589 1984 similitudine
1635 1934 1851 1983 demon-

217 2011 492 2061 strandum
546 2024 733 2059 verum
789 2008 1004 2069 animal,
1062 2007 1218 2071 cujus
1276 2009 1451 2071 imago
1510 2006 1683 2056 efﬁcia
1753 2011 1849 2057 est.

212 2080 501 2146 Ipsumque
532 2095 605 2132 res
637 2080 833 2130 dicitur
859 2093 953 2139 es,
983 2093 1093 2130 non
1125 2079 1419 2129 secundum
1448 2082 1662 2135 terram,
1684 2079 1848 2141 quod,

208 2154 268 2203 id
301 2158 522 2218 estquae
552 2158 695 2203 terra
748 2167 809 2202 ex
866 2151 1036 2201 forma
1091 2165 1198 2215 qua
1248 2155 1389 2199 terra
1443 2153 1539 2205 est,
1572 2154 1713 2198 terra
1772 2153 1853 2199 est

207 2225 341 2288 ejus,
373 2224 427 2274 id
459 2229 539 2275 est
572 2224 697 2275 aeris
724 2224 951 2274 materia
982 2237 995 2283 ;
1022 2223 1117 2272 sed
1149 2222 1326 2285 potius
1372 2220 1667 2269 secundum
1729 2221 1851 2269 aeris

202 2296 445 2359 ﬁguram,
478 2310 623 2361 quae,
657 2309 777 2345 cum
806 2294 943 2358 lapis
971 2293 1197 2343 solvitur
1231 2293 1425 2350 calore,
1457 2292 1510 2340 in
1555 2292 1677 2361 ipso
1702 2306 1851 2341 crea-

212 2372 321 2417 tur.
350 2367 508 2417 Terra
538 2380 755 2431 quoque
788 2367 905 2428 ipsa
939 2362 1138 2413 dicitur
1179 2368 1341 2421 terra,
1394 2376 1503 2412 non
1556 2360 1692 2415 κατὰ
1747 2362 1846 2430 τήν

209 2434 368 2505 ὅλην,
401 2437 454 2487 id
487 2442 568 2487 est
592 2450 702 2486 non
751 2435 1045 2486 secundum
1096 2435 1298 2483 silvam.
1329 2433 1476 2487 Κατὰ
1505 2447 1739 2497 namque
1775 2448 1848 2481 se-

206 2509 444 2567 cundum,
476 2506 579 2576 ὕλη
615 2522 744 2558 vero
772 2506 905 2556 silva
934 2507 1321 2569 interpretatur
1349 2521 1363 2554 :
1393 2505 1493 2573 τὴν
1527 2509 1703 2554 autem
1727 2506 1850 2553 arti-

206 2579 360 2630 culus
378 2584 475 2629 est.
506 2579 605 2629 Vel
637 2592 743 2628 non
806 2576 912 2631 ἀπὸ
939 2578 1037 2643 τῆς
1068 2576 1230 2646 ὕλης,
1262 2576 1316 2626 id
1374 2582 1468 2639 est,
1528 2590 1637 2626 non
1695 2576 1846 2625 silva.

202 2650 337 2700 Nam
369 2650 472 2705 ἀπὸ
504 2649 811 2714 prmpositio
841 2649 907 2698 ab
935 2665 953 2699 :
980 2655 1080 2717 τῆς
1108 2649 1267 2709 (sicut
1318 2648 1537 2709 dictum)
1597 2650 1678 2696 est
1726 2648 1847 2695 arti-

201 2722 360 2771 culus
390 2736 402 2771 :
437 2718 576 2790 ὕλης
611 2719 762 2771 silva.
798 2721 923 2769 Haec
954 2726 1033 2771 est
1064 2722 1156 2770 illa
1193 2720 1367 2783 prima
1418 2717 1639 2768 materia
1685 2732 1845 2781 quam

198 2793 355 2843 Plato
383 2792 780 2858 receptaculum
813 2796 986 2848 vocat,
1019 2793 1070 2841 in
1099 2806 1225 2856 qua,
1251 2792 1389 2840 sicut
1418 2804 1578 2853 supra
1607 2803 1844 2839 comme-

187 2865 546 2925 moravimus,
606 2862 912 2912 formantur
959 2877 1296 2927 quascunque
1380 2861 1716 2925 recipiuntur
1781 2862 1846 2911 ab

183 2949 279 2991 ea,
310 2950 431 2985 cum
461 2942 643 2986 tamen
678 2933 883 2983 nullam
916 2948 978 2984 ex
1011 2937 1087 2984 eis
1118 2936 1234 2998 ipsa
1260 2933 1541 2983 contrahat
1597 2933 1843 2990 formam,

188 3010 249 3055 et
282 3011 361 3057 est
388 3007 613 3087 omnino
640 3007 912 3087 informis.
937 3008 1014 3087 De
1070 3006 1170 3087 hac
1217 3005 1382 3087 igitur
1432 3006 1522 3062 ait,
1554 3006 1697 3087 quod
1731 3019 1839 3055 non
1871 3019 1915 3087 ρ

192 3079 500 3128 secundum
534 3093 651 3129 eam
689 3083 833 3130 terra
862 3080 1059 3129 dicitur
1089 3083 1245 3133 terra,
1278 3077 1371 3126 sed
1406 3077 1702 3126 secundum
1732 3092 1837 3134 eas,

190 3162 323 3211 quas
354 3154 481 3200 sunt
510 3150 698 3202 formae
731 3152 901 3215 ipsius
936 3156 1109 3201 terrae.
1162 3148 1325 3199 Verbi
1381 3150 1553 3211 gratia
1584 3165 1596 3209 ;
1645 3163 1841 3198 secun-

184 3220 328 3270 dum
360 3221 651 3273 siccitatem
684 3225 1107 3286 gravitatemque
1137 3222 1323 3286 ipsius.
1355 3221 1428 3269 Ex
1459 3222 1504 3269 is
1533 3219 1696 3283 igitur
1724 3235 1841 3270 ma-

182 3293 454 3343 nifestum
487 3298 570 3343 est
594 3295 737 3357 quod
771 3295 907 3343 nihil
937 3295 1157 3344 omnino
1206 3292 1501 3343 secundum
1543 3292 1838 3351 materiam,

173 3377 315 3426 quas
340 3363 648 3428 prmdicatte
677 3365 866 3417 formae
898 3365 1099 3428 subest,
1127 3364 1363 3415 dictione
1393 3379 1500 3428 qua
1548 3364 1637 3413 illa
1666 3364 1838 3413 forma

173 3436 498 3497 exponitur,
530 3451 646 3487 esse
676 3437 871 3487 dicitur
901 3454 914 3499 ;
943 3437 1035 3487 sed
1069 3441 1273 3487 tantum
1309 3436 1602 3486 secundum
1625 3450 1741 3485 eam
1772 3450 1836 3485 ex

172 3520 299 3568 qua
330 3507 405 3556 rei
438 3510 715 3572 proposita
769 3513 848 3559 est
894 3507 1201 3573 appellatio,
1244 3509 1319 3557 rei
1366 3507 1535 3570 ipsius
1565 3507 1834 3571 propriam

164 3578 438 3627 formam.
1698 3573 1713 3583 ⁸

247 3648 360 3697 Sed
387 3650 585 3709 divina,
622 3650 746 3719 etc.]
775 3654 925 3712 Quod
982 3652 1208 3702 formam
1261 3652 1497 3702 divinam
1554 3658 1836 3705 vocaverat

174 3735 311 3770 esse
343 3723 603 3781 omnium,
639 3725 875 3774 ostendit
920 3738 1028 3773 non
1076 3724 1362 3774 abhorrere
1410 3739 1440 3774 a
1481 3726 1831 3789 naturalibus,

166 3806 425 3856 quorum
483 3793 728 3844 omnium
787 3809 902 3844 esse
959 3808 1025 3844 ex
1079 3798 1252 3845 forma
1298 3800 1393 3845 est.
1437 3794 1591 3845 Nunc
1634 3796 1700 3845 ad
1732 3798 1831 3846 hoc

161 3862 330 3924 quod
365 3870 602 3925 coeperat
624 3865 781 3925 redit,
807 3870 859 3915 et
896 3879 1013 3915 eam
1055 3880 1182 3915 vere
1228 3880 1389 3915 unam
1440 3880 1504 3915 ex
1554 3881 1833 3930 compara-

159 3935 336 3983 tione
366 3936 721 3993 naturalium,
763 3950 992 4000 quorum
1051 3937 1255 3986 nullum
1303 3952 1412 3987 suae
1460 3942 1666 3988 naturae
1714 3940 1832 3988 sim-

154 4005 429 4069 plicitate
462 4010 544 4057 est
575 4021 741 4058 unum
790 4008 1139 4058 demonstrat.
1192 4008 1397 4067 Quasi:
1446 4009 1596 4067 Quod
1641 4023 1831 4059 unum-

158 4074 445 4139 quodque
487 4075 895 4127 subsistentium
947 4077 1149 4140 aliquid
1202 4082 1300 4135 est,
1354 4082 1433 4129 est
1494 4092 1557 4127 ex
1612 4081 1831 4143 propria

154 4145 379 4202 forma,
413 4160 534 4210 quae
564 4146 707 4198 inest
735 4148 973 4198 materias
1005 4164 1018 4208 ;
1050 4149 1142 4198 sed
1192 4148 1333 4211 quod
1378 4150 1708 4207 eorumdem,
1748 4150 1831 4199 vel

153 4217 553 4279 quorumlibet
582 4219 811 4268 aliorum
869 4219 1309 4283 unumquodque.
1358 4235 1470 4269 non
1517 4221 1633 4270 dico
1680 4224 1830 4270 natuu

150 4287 275 4338 rali
312 4289 400 4338 vel
430 4289 591 4339 etiam
621 4290 1005 4341 mathematica
1063 4291 1425 4354 speculatione
1479 4296 1560 4342 est
1606 4292 1828 4356 aliquid,

146 4361 271 4412 sed
325 4363 632 4426 theologica
681 4364 846 4456 ἀίεολ
879 4362 1198 4426 simpliciter
1245 4368 1323 4413 est
1369 4378 1429 4414 ex
1474 4366 1660 4423 forma,
1707 4378 1826 4428 quae
1860 4390 1909 4456 Ι)

147 4447 288 4456 ...η-
335 4438 411 4456 --Δ
444 4435 494 4456 ζ..
532 4435 753 4456 ...-ι-..ξ-
856 4435 935 4456 .-2-
969 4449 1149 4456 ---.,.-..
1208 4434 1382 4456 ,ΞΕ-2...-
1425 4436 1718 4456 -_-‘L-L--.A:-
1757 4441 1830 4456 --ι

147 4447 291 4484 non
330 4438 416 4485 est
442 4435 498 4483 in
532 4435 778 4484 materia.
808 4434 941 4493 Quia
968 4449 1156 4484 revera
1204 4434 1388 4484 divina
1423 4436 1725 4485 substantia
1753 4441 1834 4487 est

145 4506 361 4555 forma
392 4504 509 4555 sine
538 4507 783 4556 materia.
843 4506 976 4556 Nam
1027 4519 1203 4570 neque
1260 4502 1422 4574 ὕλην,
1454 4511 1709 4571 tanquam
1751 4509 1833 4557 sui

145 4576 541 4640 principium,
574 4581 626 4627 et
653 4577 925 4626 materiam
958 4577 1011 4626 in
1044 4591 1151 4640 qua
1198 4591 1313 4627 eam
1358 4592 1473 4627 esse
1499 4592 1718 4627 necesse
1748 4580 1832 4636 sit,

149 4648 390 4697 habere
426 4652 603 4711 potest
632 4644 785 4701 οὐσία
841 4645 1139 4712 principit;
1176 4662 1350 4712 neque
1408 4648 1483 4698 sic
1526 4651 1667 4698 inest
1695 4649 1837 4712 prin-

153 4720 350 4782 cipio.
386 4718 441 4767 id
473 4723 554 4768 est
581 4719 709 4781 Deo,
742 4723 802 4769 ut
852 4719 1166 4782 posterioris
1212 4721 1435 4769 rationis
1480 4724 1700 4770 naturas
1742 4721 1833 4770 ali-

150 4804 344 4853 quas,
382 4789 470 4839 vel
500 4804 558 4840 se
617 4795 1021 4853 componentes,
1065 4792 1148 4840 vel
1198 4790 1300 4840 sibi
1359 4791 1681 4854 adjacentes,
1740 4792 1836 4841 ha-

141 4862 305 4911 beat.
340 4863 399 4911 in
434 4861 544 4919 illo,
578 4877 639 4912 ex
672 4862 870 4926 quibus
907 4861 1022 4926 ipse
1053 4867 1139 4925 sit,
1179 4868 1230 4913 et
1281 4877 1505 4925 quarum
1564 4878 1627 4913 ex
1676 4878 1834 4914 causa

138 4934 386 4997 prioris
430 4933 497 4982 ad
544 4935 699 4997 cujus
744 4935 1049 4997 pertineant
1102 4939 1416 4997 potestatem
1462 4934 1682 4984 materia
1719 4952 1833 4986 esse

141 5006 375 5068 possit.
413 5004 535 5067 Ipsa
565 5007 705 5054 enim
738 5011 790 5056 et
817 5005 1081 5070 principio
1128 5010 1270 5055 caret
1316 5011 1369 5056 et
1429 5008 1831 5069 compositione,

138 5090 271 5125 nec
311 5081 404 5126 est
438 5090 547 5140 quo
579 5078 649 5126 sit
705 5076 1030 5141 principium
1090 5091 1151 5126 ex
1210 5091 1335 5140 quo,
1369 5082 1422 5127 et
1466 5092 1561 5141 per
1588 5078 1750 5141 quod,
1783 5084 1836 5128 et

137 5148 217 5196 in
261 5161 389 5211 quo
439 5152 567 5197 sunt
620 5149 819 5210 omnia,
866 5148 969 5198 nisi
1003 5147 1163 5211 ipsa:
1210 5152 1368 5211 atque
1422 5149 1540 5198 ideo
1586 5164 1708 5198 vere
1757 5152 1835 5200 est

140 5233 383 5274 unum,
411 5222 463 5268 et
498 5220 631 5269 adeo
664 5221 887 5283 simplex
921 5223 975 5269 in
1007 5236 1083 5279 se,
1114 5224 1165 5269 et
1221 5220 1334 5268 sine
1382 5219 1466 5267 his
1495 5235 1615 5284 quas
1650 5221 1836 5270 adesse

140 5295 427 5354 possunt
458 5291 776 5353 solitarium,
806 5296 863 5341 ut
892 5295 1032 5341 recte
1063 5292 1125 5340 de
1157 5292 1258 5340 hoc
1288 5305 1395 5340 uno
1435 5290 1660 5349 dicatur,
1690 5292 1833 5355 quod

126 5365 219 5411 de
255 5360 400 5425 ipso
434 5363 700 5426 principio
733 5364 885 5427 cujus
916 5361 1070 5417 οὐσία
1102 5367 1182 5412 εει
1231 5362 1442 5419 dicitur,
1492 5363 1708 5421 scilicet,
1757 5366 1835 5412 est

126 5432 207 5481 id
248 5434 422 5496 quod
481 5438 579 5482 est.
639 5432 789 5484 Sicut
831 5437 972 5484 enim
1028 5448 1137 5484 non
1188 5438 1267 5483 est
1309 5449 1416 5497 quo
1447 5434 1588 5483 Deus
1618 5436 1700 5491 sit,
1732 5434 1835 5483 nisi

120 5504 409 5566 simplex
442 5508 602 5568 atque
634 5506 749 5555 sola
779 5505 1030 5564 essentia,
1068 5505 1121 5555 id
1156 5510 1235 5555 est
1266 5504 1443 5571 οὐσία,
1476 5506 1553 5555 sic
1599 5519 1708 5556 non
1756 5510 1835 5555 est

126 5577 323 5624 unde
363 5574 525 5629 οὐσία
555 5575 674 5639 ipsa
703 5577 789 5634 sit,
814 5579 913 5627 nisi
945 5576 1200 5642 quoniam
1228 5592 1291 5628 eo
1322 5577 1548 5641 simplex
1598 5582 1649 5626 et
1689 5577 1835 5627 solus

119 5649 315 5696 Deus
352 5652 457 5697 est.
490 5649 641 5698 Unde
700 5653 857 5700 etiam
921 5665 1050 5701 usus
1105 5651 1363 5715 loquendi
1395 5656 1493 5709 est,
1525 5655 1581 5702 ut
1612 5651 1675 5701 de
1724 5653 1832 5701 Deo

119 5717 420 5780 dicatur,
450 5732 559 5771 non
591 5721 753 5774 modo
799 5722 941 5775 Deus
991 5725 1089 5783 est,
1147 5736 1335 5775 verum
1384 5722 1545 5774 etiam
1585 5723 1728 5775 Deus
1756 5726 1836 5775 est

1981 373 2088 407 non
2120 359 2280 408 modo
2305 360 2535 422 sapiens,
2572 362 2665 411 sed
2714 362 2874 411 etiam
2934 363 3220 422 coloratus,
3270 366 3322 412 et
3377 377 3625 428 magnus,

1979 434 2033 480 et
2064 429 2231 479 multa
2293 430 2605 495 hujusmodi
2665 438 2765 496 cst,
2795 447 2858 482 ex
2916 434 3195 497 sapientiae
3252 448 3361 497 prae
3419 436 3625 485 caeteris

1979 502 2230 551 omnibus
2258 502 2591 552 abundantia
2640 504 2852 561 dicitur,
2901 508 2958 553 tu
3007 509 3240 568 quantus
3276 514 3512 568 quantus
3546 521 3623 565 es,

1978 577 2121 623 totus
2152 589 2208 623 es
2240 575 2502 637 sapientia
2533 590 2544 624 :
2587 581 2840 639 tanquam
2876 577 3008 625 nihil
3043 576 3183 625 aliud
3235 576 3300 626 sit
3348 577 3492 641 quod
3518 577 3620 628 sibi

1976 660 2090 694 esse
2144 648 2402 705 conferat,
2458 647 2560 696 nisi
2618 649 2734 697 sola
2788 650 3095 711 sapientia;
3153 648 3324 698 multo
3372 651 3620 713 proprius

1975 718 2135 775 Deus,
2169 719 2253 766 cui
2287 718 2499 767 diversa
2550 733 2658 768 non
2714 720 3005 769 conferunt
3054 723 3109 769 ut
3158 720 3241 774 sit,
3274 718 3471 769 dicitur
3498 719 3619 783 ipsa

1975 789 2227 849 essentia,
2249 793 2303 837 et
2349 790 2466 839 aliis
2512 790 2844 852 nominibus,
2876 792 2929 840 id
2983 795 3080 847 est,
3107 794 3166 839 ut
3214 790 3356 840 Deus
3390 796 3469 840 est
3501 791 3617 853 ipsa

1971 860 2226 910 divinitas
2257 876 2374 919 sua,
2408 862 2523 926 ipsa
2554 877 2652 913 sua
2713 864 2993 926 sapientia,
3034 864 3151 925 ipsa
3192 875 3288 912 sua
3334 860 3614 918 fortitudo,

1970 936 2024 983 et
2052 932 2359 997 hujusmodi
2390 934 2509 983 alia.

2032 1005 2243 1070 Reliqua
2268 1007 2424 1063 enim,
2471 1005 2595 1072 etc.]
2651 1006 2855 1067 Quasi:
2924 1006 3110 1057 Divina
3169 1004 3472 1057 substantia
3532 1008 3616 1056 est

1970 1074 2023 1125 id
2055 1077 2202 1140 quod
2234 1082 2330 1127 est.
2361 1078 2593 1142 Reliqua
2624 1077 2787 1136 enim,
2842 1078 2896 1128 id
2955 1085 3051 1140 est,
3087 1079 3198 1128 sive
3255 1092 3375 1141 quas
3432 1076 3615 1127 subsi-

1969 1152 2136 1210 stunt,
2170 1146 2282 1197 sive
2312 1163 2434 1213 qum
2461 1150 2515 1198 in
2548 1151 2623 1198 eis
2653 1154 2798 1207 sunt,
2830 1163 2941 1199 non
2984 1153 3112 1199 sunt
3172 1149 3226 1199 id
3274 1148 3418 1212 quod
3466 1151 3610 1206 sunt,

1967 1216 2190 1277 scilicet,
2245 1232 2354 1268 non
2410 1224 2491 1269 est
2543 1218 2769 1283 simplex
2819 1225 2912 1269 aut
2957 1219 3253 1269 solitarium
3291 1218 3423 1269 illud
3467 1218 3611 1269 unde

1964 1289 2246 1352 quodlibet
2274 1304 2459 1340 eorum
2492 1304 2607 1340 esse
2638 1290 2841 1355 aliquid
2872 1290 3085 1341 dicitur.
3125 1290 3418 1354 Cujuslibet
3463 1288 3611 1339 enim

1962 1360 2308 1411 subsistentis
2343 1366 2453 1411 tota
2497 1363 2669 1412 forma
2720 1361 3037 1411 substantiae
3093 1376 3203 1411 non
3257 1361 3479 1426 simplex
3510 1365 3608 1410 est.

1965 1434 2136 1496 Atque
2166 1432 2378 1481 illorum
2416 1447 2537 1496 quae
2573 1432 2670 1482 toti
2702 1434 2802 1495 ipsi
2832 1434 2915 1482 vel
2947 1433 3169 1496 singulis
3208 1433 3324 1496 ejus
3368 1432 3610 1496 partibus

1962 1503 2161 1553 adsunt
2207 1503 2584 1553 accidentium.
2630 1503 2796 1553 multo
2850 1504 3188 1553 numerosior
3235 1508 3315 1554 est
3363 1503 3604 1553 multitu-

1960 1575 2047 1635 do,
2070 1589 2191 1638 quae
2222 1579 2403 1624 tamen
2464 1576 2644 1625 omnia
2700 1575 2765 1625 de
2814 1575 3140 1626 subsistente
3189 1576 3443 1626 dicuntur
3485 1586 3499 1625 :
3547 1578 3606 1625 ut

1962 1647 2027 1697 de
2058 1648 2235 1711 aliquo
2280 1647 2497 1696 homine
2554 1651 2662 1697 tota
2716 1647 2889 1697 forma
2946 1644 3279 1705 substantias,
3337 1660 3445 1710 qua
3489 1646 3605 1708 ipse

1962 1723 2042 1770 est
2075 1719 2351 1782 perfectus
2381 1719 2562 1776 homo,
2597 1723 2650 1769 et
2715 1732 2872 1768 omne
2925 1733 3094 1782 genus
3141 1720 3422 1782 omnisque
3453 1717 3606 1766 diﬁ‘e-

1959 1791 2159 1847 rentia,
2193 1804 2258 1839 ex
2290 1792 2486 1854 quibus
2529 1796 2609 1840 est
2654 1791 2770 1854 ipsa
2827 1791 3140 1854 composita,
3198 1793 3259 1840 ut.
3317 1787 3608 1853 corporali-

1963 1868 2041 1914 tas
2072 1866 2125 1912 et
2156 1860 2442 1919 animatio,
2471 1866 2523 1911 et
2552 1862 2863 1919 hujusmodi
2893 1862 3027 1920 aliae,
3065 1865 3119 1912 et
3148 1862 3381 1925 denique
3427 1860 3607 1911 omnia

1958 1948 2077 1999 quae
2107 1933 2189 1982 vel
2222 1931 2325 1982 toti
2354 1930 2429 1981 illi
2463 1934 2645 1983 forma:
2677 1934 2892 1993 adsunt,
2925 1937 2982 1983 ut
3028 1931 3351 1983 humanitati
3392 1930 3608 1981 risibili-

1965 2010 2048 2056 tas
2077 2019 2090 2055 :
2119 2003 2203 2053 vel
2242 2002 2508 2067 aliquibus
2539 2003 2782 2067 partibus
2824 2003 2959 2066 ejus,
2994 2008 3052 2054 ut
3098 2004 3244 2054 color
3291 2002 3382 2066 qui
3425 2015 3608 2064 corpo-

1957 2076 2177 2135 ralitati,
2213 2080 2266 2125 et
2297 2076 2520 2124 scientia
2549 2089 2669 2139 quas
2700 2075 2851 2125 adest
2897 2073 3269 2129 rationalitati.
3317 2077 3370 2124 et
3421 2072 3607 2137 hujus-

1958 2149 2103 2198 modi
2135 2149 2237 2197 alia
2267 2148 2491 2197 inﬁnita.
2522 2149 2765 2211 Ipsorum
2797 2162 3011 2212 quoque
3040 2162 3158 2211 quas
3186 2146 3251 2197 de
3277 2146 3605 2196 subsistente

1959 2222 2229 2278 dicuntur,
2262 2221 2329 2270 ab
2361 2221 2641 2271 efﬁciendo
2674 2226 2870 2271 natura
2899 2225 2979 2270 est
3030 2218 3327 2283 multiplex.
3375 2218 3506 2266 Nam
3553 2221 3607 2267 et

1958 2306 2023 2342 ea
2058 2306 2177 2355 qua:
2213 2298 2295 2342 est
2323 2296 2434 2341 tota
2458 2292 2629 2341 forma
2661 2290 2977 2341 substantiae
3012 2290 3263 2347 hominis.
3299 2302 3409 2339 non
3444 2288 3605 2339 modo

1957 2377 2023 2413 ex
2056 2378 2118 2413 eo
2150 2363 2295 2426 quod
2328 2364 2442 2425 ipsa
2474 2367 2583 2413 tota
2616 2377 2737 2413 eum
2768 2361 2823 2412 in
2856 2377 2964 2426 quo
3020 2367 3101 2412 est
3146 2361 3274 2410 facit
3309 2360 3601 2422 hominem,

1958 2435 2049 2484 sed
2092 2439 2145 2484 et
2168 2449 2230 2483 ex
2257 2449 2319 2484 eo
2350 2435 2494 2498 quod
2521 2434 2627 2483 alia
2661 2439 2809 2498 parte
2838 2435 2919 2484 sui
2951 2434 3194 2485 eumdem
3226 2431 3353 2482 facit
3392 2431 3600 2480 anima-

1956 2510 2089 2566 tum,
2125 2507 2230 2556 alia
2278 2505 2606 2566 sensibilem,
2666 2506 2770 2555 alia
2824 2506 3158 2564 rationalem,
3216 2508 3358 2554 recte
3406 2502 3604 2552 dicitur

1955 2591 2072 2628 esse
2108 2578 2310 2642 aliquid
2344 2595 2357 2638 ;
2389 2582 2441 2628 et
2466 2579 2582 2642 ejus
2638 2579 2895 2642 quaelibet
2950 2594 3090 2642 pars,
3122 2582 3215 2627 aut
3265 2576 3407 2641 quod
3463 2575 3603 2639 parti

1956 2650 2122 2699 totive
2154 2654 2462 2699 concretum
2512 2654 2592 2699 est
2637 2650 2884 2699 accidens
2935 2649 3232 2713 quodlibet,
3274 2653 3326 2697 et
3366 2660 3602 2697 commu-

1953 2720 2093 2768 niter
2126 2734 2247 2768 cum
2281 2719 2480 2779 multis,
2515 2725 2567 2769 et
2592 2718 2921 2769 dissimiliter
2952 2734 2980 2768 a
3013 2717 3212 2776 multis,
3232 2718 3298 2767 ab
3318 2716 3601 2767 efﬁciendo

1955 2789 2202 2839 similiter
2237 2796 2327 2839 aut
2359 2790 2692 2839 dissimiliter
2750 2804 2865 2838 esse
2916 2788 3118 2852 aliquid
3171 2787 3386 2845 dicitur,
3416 2791 3476 2837 ut
3521 2801 3605 2836 ra-

1956 2861 2228 2910 tionalitas
2265 2862 2515 2925 alicujus,
2548 2866 2600 2911 et
2628 2861 2955 2925 generaliter
3003 2860 3251 2924 qualitas,
3301 2863 3355 2909 et
3400 2859 3604 2922 specia-

1952 2930 2071 2980 liter
2100 2934 2433 2981 rationalitas
2465 2934 2678 2995 dicitur,
2710 2932 2969 2997 quoniam
3001 2937 3053 2982 et
3106 2945 3226 2982 eum
3270 2930 3482 2994 qualem
3531 2930 3604 2979 fa-

1954 3001 2044 3059 cit,
2077 3004 2213 3051 sicut
2244 3008 2295 3052 ει
2327 3004 2575 3067 quaelibet
2606 3003 2723 3054 alia:
2754 3004 3039 3067 qualitates
3069 3018 3133 3054 ea
3160 3004 3213 3052 in
3249 3001 3448 3065 quibus
3477 3005 3606 3051 sunt

1952 3074 2160 3125 faciunt
2190 3075 2370 3139 qualia
2400 3093 2413 3138 ;
2447 3080 2499 3125 et
2526 3076 2861 3133 rationalem,
2896 3077 3033 3127 sicut
3087 3079 3139 3126 et
3190 3080 3398 3125 casteria
3447 3075 3604 3124 ratio-

1953 3145 2197 3195 nalitates
2227 3161 2319 3196 eos
2368 3148 2421 3196 in
2472 3148 2667 3210 quibus
2726 3152 2853 3198 sunt
2898 3148 3106 3197 faciunt
3158 3146 3471 3197 rationales.
3521 3145 3605 3195 Αι-

1952 3217 2091 3266 bedo
2126 3232 2340 3282 quoque
2377 3220 2603 3282 alicujus
2633 3223 2685 3269 et
2713 3220 2941 3283 qualem,
3003 3220 3140 3268 sicut
3191 3231 3377 3268 omnes
3432 3216 3603 3282 quali-

1948 3290 2089 3336 tates
2126 3305 2138 3348 ;
2171 3295 2222 3338 et
2252 3290 2565 3345 coloratum.
2604 3291 2744 3340 sicut
2773 3304 2960 3340 omnes
2984 3291 3189 3341 colores
3224 3305 3239 3350 ς
3287 3292 3340 3339 ει
3396 3288 3599 3344 album.

1948 3361 2084 3410 sicut
2116 3376 2303 3411 omnes
2338 3363 2455 3412 alite
2484 3364 2778 3422 albedines,
2810 3379 2931 3413 eum
2961 3365 3016 3414 in
3066 3378 3174 3428 quo
3231 3366 3314 3412 est
3358 3361 3504 3411 facit.
3533 3361 3597 3411 Et

1946 3430 2070 3481 ideo
2102 3432 2421 3495 generaliter
2452 3448 2572 3484 cum
2609 3434 2961 3498 qualitatibus
3008 3433 3253 3499 qualitas,
3309 3447 3428 3483 cum
3468 3432 3595 3482 solis

1947 3505 2217 3555 coloribus
2247 3506 2391 3556 color
2420 3507 2637 3568 dicitur,
2669 3510 2721 3558 et
2750 3522 2870 3557 cum
2920 3508 3047 3559 solis
3096 3504 3439 3558 albedinibus
3478 3519 3595 3570 spe-

1944 3578 2149 3630 cialiter
2178 3578 2387 3628 albedo.
2416 3580 2589 3643 Atque
2620 3580 2756 3631 adeo
2814 3581 2983 3631 multa
3032 3584 3159 3630 sunt
3204 3593 3324 3643 quae
3377 3578 3441 3627 de
3476 3577 3594 3628 istis

1944 3652 2217 3711 dicuntur,
2261 3656 2319 3700 ut
2344 3666 2485 3715 saepe
2534 3651 2695 3702 etiam
2753 3653 3021 3703 efﬁciendi
3070 3653 3275 3703 ratione
3312 3668 3344 3702 a
3391 3652 3589 3702 coacci-

1943 3723 2200 3773 dentibus
2260 3722 2327 3771 ad
2408 3736 2469 3772 ea
2527 3723 2723 3786 quibus
2790 3725 3124 3782 coaccidunt,
3182 3720 3589 3773 denominativa

1944 3794 2304 3858 transumptio
2329 3795 2435 3852 ﬁat,
2471 3800 2530 3845 ut
2563 3794 2707 3846 linea
2736 3801 2815 3846 est
2842 3797 3019 3861 longa,
3069 3796 3258 3846 albedo
3307 3799 3385 3845 est
3423 3794 3586 3844 clara.

1940 3870 2027 3918 Sic
2054 3867 2218 3932 igitur
2242 3872 2334 3916 aut
2384 3881 2492 3917 non
2549 3867 2794 3932 simplex,
2853 3874 2946 3919 aut
3002 3883 3109 3919 non
3168 3868 3461 3918 solitarium
3509 3870 3590 3916 est

1942 3944 2069 3992 illud
2105 3942 2246 3992 unde
2304 3941 2582 4004 quodlibet
2638 3956 2822 3992 eorum
2884 3957 3003 4006 quae
3064 3947 3190 3991 sunt
3240 3940 3438 4004 aliquid
3486 3940 3587 3989 est.

1942 4012 2375 4077 Unumquodque
2407 4014 2547 4061 enim
2575 4027 2781 4071 eorum,
2812 4013 2865 4063 id
2916 4019 3013 4071 est,
3063 4017 3116 4062 et
3161 4010 3585 4067 subsistentium,

1941 4089 1993 4132 et
2032 4082 2519 4141 subsistentiarum,
2583 4088 2635 4132 et
2686 4085 2761 4132 eis
2820 4084 3198 4143 accidentium,
3256 4081 3417 4130 habet
3470 4094 3585 4129 esse

1942 4168 2098 4203 suum
2127 4168 2189 4203 ex
2223 4154 2305 4202 bis
2335 4168 2395 4203 ex
2435 4152 2628 4216 quibus
2655 4160 2735 4204 est
2766 4170 2778 4214 ;
2831 4158 2882 4204 et
2933 4154 3160 4218 qualiter
3198 4154 3301 4202 hoc
3348 4149 3474 4200 velit
3502 4151 3585 4198 in-

1941 4225 2126 4288 telligi,
2158 4225 2373 4275 videtur
2404 4226 2705 4287 explanare,
2736 4239 2855 4274 cum
2890 4225 2982 4283 ait,
3016 4225 3067 4274 id
3107 4228 3187 4274 est
3228 4238 3295 4273 ex
3341 4220 3585 4286 partibus

1938 4298 2071 4346 suis.
2103 4296 2254 4355 Quod
2286 4310 2351 4345 ex
2382 4310 2487 4359 quo
2538 4311 2700 4345 sensu
2753 4295 2916 4355 dicat,
2966 4297 3251 4360 diligenter
3297 4298 3378 4344 est
3413 4296 3585 4343 atten-

1940 4368 2198 4418 dendum.
2229 4369 2511 4427 Quoniam,
2546 4368 2683 4417 sicut
2712 4382 2892 4431 supra,
2926 4382 3047 4418 cum
3105 4368 3170 4417 de
3214 4366 3376 4429 hujus
3405 4365 3583 4428 operis

1942 4440 2201 4505 qualitate
2234 4439 2563 4502 loqueretur,
2594 4440 2860 4502 promisit,
2908 4440 3100 4504 stylum
3151 4437 3413 4489 brevitate
3460 4450 3585 4487 con-

1944 4512 2127 4568 trahit.
2156 4516 2207 4560 et
2238 4511 2605 4574 intelligentiae
2654 4512 2843 4562 faciem
2892 4526 3050 4576 quam
3092 4511 3378 4561 verborum
3429 4509 3582 4559 novi-

1943 4588 2050 4632 tate
2083 4582 2367 4642 velaverat,
2401 4582 2582 4631 dicens
2609 4597 2621 4631 :
2652 4582 2881 4647 Reliqua
2910 4597 3017 4633 non
3044 4586 3170 4632 sunt
3189 4582 3240 4631 id
3271 4581 3415 4645 quod
3439 4582 3586 4638 sunt,

1949 4660 2000 4705 et
2030 4654 2155 4718 quia
2187 4654 2528 4717 aliquatenus
2554 4655 2804 4719 detegere
2851 4655 2988 4705 velle
3037 4655 3266 4711 videtur,
3316 4667 3437 4703 cum
3469 4653 3543 4701 ait
3571 4662 3588 4701 :

1945 4725 2378 4789 Unumquodque
2410 4726 2550 4775 enim
2581 4725 2743 4776 habet
2771 4741 2885 4777 esse
2916 4741 3072 4777 suum
3133 4740 3193 4777 ex
3242 4726 3324 4775 his
3367 4739 3429 4775 ex
3467 4724 3591 4787 qui-

1945 4799 2047 4848 bus
2087 4803 2187 4855 est,
2240 4800 2485 4861 sequenti
2540 4812 2660 4861 quas
2716 4798 2926 4849 videtur
2977 4799 3346 4863 explanatione
3394 4796 3589 4853 dicere,

1948 4884 2054 4934 qua
2084 4884 2199 4919 eam
2230 4870 2441 4933 penitus
2469 4870 2809 4934 expositurus
2838 4872 3245 4935 exspectabatur
3288 4872 3373 4931 (ne
3420 4868 3590 4930 ipsius

1946 4942 2179 5005 dignitas
2237 4942 2471 5004 indignis
2521 4945 2916 5005 prostituatur),
2964 4945 3142 5007 potius
3188 4943 3423 5003 obducit,
3463 4954 3587 4990 cum

1949 5015 2115 5071 addit,
2148 5014 2199 5062 id
2237 5018 2314 5063 est
2344 5028 2407 5063 ex
2440 5015 2678 5075 partibus
2708 5016 2837 5065 suis.
2882 5017 2945 5065 Et
2983 5016 3200 5080 quidem
3251 5012 3587 5078 pronominis

1947 5092 2113 5150 atque
2147 5087 2383 5135 nominis
2432 5086 2625 5135 inﬁniti
2678 5101 2813 5151 vaga
2860 5088 3196 5151 signiﬁcatio,
3226 5099 3454 5150 quorum
3504 5085 3585 5134 al-

1944 5162 2057 5208 tero
2093 5158 2234 5220 quod
2270 5158 2383 5206 vult
2424 5158 2645 5220 intelligi
2692 5160 2843 5223 quasi
2892 5161 3239 5217 demonstrat,
3294 5158 3457 5207 altero
3511 5169 3587 5205 re-

1945 5232 2068 5291 fert,
2099 5229 2284 5278 dicens
2316 5243 2328 5277 :
2361 5229 2436 5277 Ex
2476 5231 2552 5279 bis
2575 5235 2629 5279 et
2657 5245 2719 5280 ex
2766 5233 2961 5295 quibus
2992 5248 3005 5292 ;
3068 5232 3163 5281 etsi
3219 5230 3455 5278 animum
3514 5226 3585 5277 le-

1945 5301 2106 5349 ctoris
2136 5302 2187 5348 in
2227 5314 2290 5349 eo
2331 5301 2475 5363 quod
2536 5306 2615 5350 est
2661 5316 2776 5351 esse
2826 5302 3162 5366 proprietatis
3210 5305 3303 5349 aut
3349 5297 3582 5361 generis,

1944 5376 2091 5421 certa
2125 5370 2401 5422 notatione
2432 5386 2539 5421 non
2590 5372 2718 5436 ﬁgat
2746 5386 2761 5434 ;
2814 5388 2923 5423 non
2972 5378 3149 5423 tamen
3181 5372 3247 5421 ab
3274 5384 3336 5421 eo
3368 5368 3583 5419 avertit.

1944 5442 2347 5504 Explanationis
2412 5457 2536 5493 vero
2588 5446 2879 5508 suppositas
2919 5458 3113 5494 nomen
3166 5444 3375 5493 ﬁnitum
3437 5439 3583 5505 quod

1943 5512 2090 5569 dicit,
2123 5513 2175 5561 id
2210 5518 2292 5562 est
2313 5528 2375 5562 ex
2406 5516 2651 5576 partibus
2682 5516 2810 5573 suis,
2843 5529 2961 5564 cum
2993 5514 3060 5563 ab
3080 5528 3142 5564 eo
3173 5513 3318 5577 quod
3358 5516 3438 5562 est
3465 5522 3582 5561 esse

1941 5583 2156 5645 penitus
2187 5589 2444 5635 removet.
2472 5586 2611 5633 Nihil
2644 5586 2785 5634 enim
2826 5590 2906 5635 est
2952 5599 3066 5635 esse
3112 5584 3229 5648 ejus
3270 5584 3425 5645 cujus
3463 5593 3585 5646 pars

1944 5656 2039 5702 est.
2067 5653 2194 5702 Esse
2221 5667 2454 5718 namque
2514 5660 2565 5705 et
2620 5654 2672 5704 id
2735 5655 2879 5720 quod
2933 5670 2995 5706 eo
3042 5659 3139 5713 est,
3171 5653 3320 5705 nullo
3364 5663 3589 5717 prorsus

1943 5722 2283 5776 conveniunt
2315 5739 2528 5789 genere.
2561 5726 2691 5777 Pars
2717 5731 2893 5778 autem
2928 5730 2979 5777 et
3034 5728 3087 5777 id
3137 5725 3291 5791 cujus
3339 5729 3419 5775 est
3463 5734 3587 5789 pars
