4024 6184
445 218 577 272 1271

1684 214 2062 290 IN‘LIBRUM
2103 214 2194 269 DE
2232 212 2607 273 TRINITATE

3660 232 3766 284 me

443 339 635 391 multis
669 340 971 413 generibus
1004 342 1163 391 etiam
1210 339 1553 405 singulariter
1604 355 1771 391 unum
1812 345 1952 391 sunt.
1983 339 2094 389 Imo
2127 342 2178 408 Α
2210 341 2462 413 colorata,
2496 340 2586 413 sed
2634 354 2821 402 unum,
2870 354 2981 391 non
3026 342 3403 393 nniversalium
3443 345 3776 413 conformitate,

444 426 602 463 omne
634 426 805 475 genus
836 412 1005 477 partis
1037 412 1152 475 ejus
1182 414 1324 475 quod
1358 428 1419 461 ex
1450 427 1512 462 ea
1542 418 1753 461 constat
1779 426 1951 475 genus
1980 425 2093 460 esse

446 498 663 533 necesse
696 490 793 533 est.
818 485 947 534 Item
984 483 1251 547 quidquid
1301 488 1382 533 est
1431 484 1657 547 alicujus
1696 499 1830 542 esse,
1882 487 1974 532 aut
2018 486 2097 531 est

446 562 560 607 tota
591 558 892 607 substantia
922 558 1067 605 illius
1098 556 1252 620 cujus
1287 558 1483 606 dicitur
1514 572 1645 618 esse,
1681 562 1773 606 aut
1816 570 1939 619 pars
1981 554 2097 617 ejus

449 630 589 692 quod
624 633 703 677 est
734 632 844 678 tota
880 629 1179 677 substantia
1212 641 1224 687 ;
1278 637 1331 678 et
1388 633 1500 679 tota
1549 629 1765 692 quidem
1800 626 2099 675 substantia

451 700 659 762 species
689 713 809 762 quae
842 700 906 748 de
939 714 1001 748 eo
1034 700 1230 747 dicitur
1259 705 1351 748 est.
1390 700 1518 749 Pars
1548 714 1675 748 vero
1707 700 1823 763 ejus
1853 698 1997 760 quod
2022 700 2100 744 est

446 776 618 820 totum
657 784 791 831 esse,
826 785 997 833 genus
1027 774 1106 819 est
1140 774 1232 819 aut
1261 770 1566 821 differentia
1596 785 1716 834 quae
1753 771 1983 832 speciem
2016 767 2097 829 ip—

449 855 564 891 sam
597 841 897 891 constituit.
929 842 1089 891 Nulla
1124 847 1300 891 autem
1336 857 1456 905 pars
1504 843 1622 906 ejus
1669 846 1821 906 cujus
1862 847 1940 891 est
1976 854 2101 903 pars

450 911 659 976 species
690 918 785 961 aut
816 927 986 976 genus
1018 918 1108 962 aut
1142 912 1448 963 differentia
1478 928 1593 963 esse
1626 919 1816 976 potest.
1867 912 2100 974 Ideoque

450 984 601 1033 nulla
630 998 754 1047 pars
786 990 867 1034 est
897 999 1013 1034 esse
1044 984 1191 1033 illius
1224 1000 1380 1049 cujus
1410 990 1490 1035 est
1520 1000 1656 1048 pars.
1698 986 1827 1033 Cum
1873 997 1998 1045 ergo
2030 982 2103 1030 di-

451 1054 611 1111 xerit,
641 1057 1071 1120 unumquodque
1104 1057 1268 1106 habet
1301 1070 1418 1106 esse
1464 1070 1619 1105 suum
1676 1070 1739 1105 ex
1788 1056 1871 1104 his
1909 1053 2104 1118 quibus

455 1132 552 1187 est,
584 1129 728 1190 quod
761 1134 900 1179 recte
932 1134 1107 1191 potest
1142 1130 1384 1192 intelligi,
1416 1128 1619 1178 scilicet
1647 1143 1711 1177 ex
1758 1127 1951 1191 specie,
1984 1140 2103 1189 qua:

458 1204 536 1248 est
570 1204 742 1248 totum
774 1214 907 1258 esse,
939 1205 991 1249 et
1026 1215 1091 1249 ex
1126 1213 1339 1263 genere,
1376 1204 1429 1249 et
1472 1215 1534 1250 ex
1589 1200 1910 1255 differentia,
1960 1197 2105 1261 quod

459 1269 559 1319 etsi
590 1284 698 1320 non
735 1276 926 1333 totum,
958 1276 1137 1321 tamen
1170 1275 1250 1321 est
1280 1272 1481 1335 aliquid
1515 1286 1629 1321 esse
1656 1287 1668 1331 ;
1701 1286 1816 1332 cur,
1851 1277 2106 1333 tanquam

457 1344 560 1393 hoc
594 1344 909 1407 explanans,
942 1345 1222 1409 supponit,
1252 1346 1304 1393 id
1344 1351 1424 1394 est
1454 1360 1519 1395 ex
1550 1346 1793 1408 partibus
1823 1343 1935 1393 suis
1963 1343 2106 1392 iSed

459 1412 741 1463 videamus
771 1418 1072 1479 sequentia,
1104 1414 1328 1466 forsitan
1363 1430 1457 1481 per
1517 1416 1602 1464 illa
1660 1414 1851 1463 melius
1908 1429 1970 1462 ex
2002 1426 2108 1476 quo

462 1484 576 1533 haec
606 1487 747 1537 dicta
776 1492 902 1536 sunt
931 1500 1089 1535 sensu
1124 1486 1345 1551 patebit.
1382 1487 1729 1549 Prosequitur
1776 1486 1973 1535 etenim
2027 1485 2111 1532 di-

462 1570 589 1606 cens
621 1573 634 1607 ζ

522 1629 593 1677 Et
623 1632 695 1678 est
731 1630 823 1678 hoc
855 1638 1010 1693 atque
1041 1630 1171 1695 hoc.]
1202 1630 1353 1687 Quod
1406 1630 1525 1693 quis
1574 1629 1937 1692 interpretans
1984 1640 2111 1677 con-

2207 412 2314 460 imo
2346 412 2711 473 singularitate
2742 413 3101 462 subsistentia;
3131 427 3337 473 corpus,
3373 419 3423 463 et
3475 430 3620 465 unum
3674 412 3782 469 acci-

2208 482 2385 531 dentis
2435 483 2805 545 singularitate
2857 486 3174 534 coloratum.
3218 486 3465 535 Similiter
3506 501 3603 535 non
3645 492 3780 539 solum

2210 556 2427 615 spiritus
2459 569 2522 603 ex
2576 568 2683 617 quo
2738 560 2949 605 constat
3005 557 3166 605 homo
3208 556 3479 606 rationalis
3523 564 3603 607 aut
3644 562 3781 609 sciens

2209 630 2305 682 est,
2339 628 2430 675 sed
2465 629 2517 675 et
2573 626 2733 675 homo
2783 628 2873 689 qui
2936 642 2999 675 ex
3044 642 3105 676 eo
3160 632 3384 683 constat,
3441 631 3683 679 rationalis
3717 636 3786 680 aut

2212 697 2387 746 sciens
2418 703 2513 747 est.
2562 698 2798 761 Cumque
2860 698 3021 748 homo
3077 704 3128 749 et
3184 698 3397 763 spiritus
3448 716 3510 749 ex
3561 716 3654 764 quo
3701 704 3785 766 ipse

2216 774 2425 819 constat
2451 771 2649 819 diversi
2681 772 2806 827 sint,
2857 771 2991 821 adeo
3039 773 3181 835 quod
3213 773 3427 834 spiritus
3453 787 3512 821 ex
3546 788 3640 836 quo
3667 776 3789 825 homo

2213 844 2425 889 constat
2452 853 2561 889 non
2600 847 2679 889 est
2709 842 2890 901 homo,
2930 856 3039 891 non
3088 847 3266 891 tamen
3330 848 3453 892 sunt
3499 843 3671 893 diversi
3712 849 3793 908 spi-

2215 910 2368 969 ritus,
2424 916 2516 961 aut
2570 912 2768 962 diversi
2829 913 3139 973 rationales,
3196 919 3287 963 aut
3349 914 3539 963 diversi
3596 917 3793 973 scientes,

2215 982 2305 1031 sed
2342 996 2500 1040 unus,
2551 996 2657 1033 non
2706 983 3091 1032 universalium
3131 984 3521 1039 conformitate.
3567 985 3660 1035 imo
3699 989 3795 1036 sub-

2214 1052 2476 1103 sistentia;
2532 1055 2903 1116 singularitate
2958 1056 3195 1117 spiritus,
3252 1058 3307 1105 et
3382 1055 3541 1104 unius
3592 1059 3796 1119 potentiae

2215 1123 2581 1187 singularitate
2639 1140 2780 1175 unus
2834 1124 3133 1186 rationalis,
3202 1131 3254 1175 et
3332 1127 3494 1176 unius
3564 1130 3797 1178 accidentis

2218 1197 2589 1259 singularitate
2626 1213 2766 1248 unus
2821 1198 3016 1249 sciens.
3073 1198 3167 1248 Illa
3228 1204 3406 1248 autem
3466 1200 3795 1250 dialecticorum

2217 1268 2449 1317 maxima
2479 1271 2776 1332 propositio
2833 1284 2930 1334 per
2982 1285 3038 1319 se
3088 1274 3216 1319 nota
3260 1276 3356 1327 est,
3390 1284 3493 1333 qua
3521 1270 3796 1321 dicuntzDe

2218 1353 2545 1404 quocunque
2580 1342 2905 1404 praedicatur
2932 1342 2982 1391 id
3017 1342 3161 1405 quod
3220 1342 3318 1392 soli
3369 1341 3527 1391 alicui
3564 1343 3692 1393 adest
3716 1357 3800 1406 proo

2220 1416 2415 1477 prium,
2453 1416 2516 1464 de
2553 1417 2737 1466 eodem
2770 1416 3094 1479 praedicatur
3122 1414 3176 1465 id
3237 1415 3393 1480 cujus
3434 1420 3513 1464 est
3562 1417 3799 1479 proprium.

2219 1486 2481 1543 Quoniam
2546 1488 2707 1547 igitur
2766 1489 2914 1538 color
2967 1488 3058 1551 qui
3116 1488 3212 1537 soli
3272 1489 3347 1536 illi
3411 1487 3555 1536 adest
3598 1489 3717 1538 unde
3746 1494 3802 1538 est

2222 1572 2419 1621 corpus
2450 1558 2715 1623 quidquid
2771 1574 2896 1610 vere
2953 1561 3151 1609 dicitur
3207 1573 3427 1622 corpus,
3458 1573 3563 1607 non
3605 1560 3736 1609 modo
3757 1563 3803 1609 de

2226 1630 2460 1679 hominis
2512 1632 2596 1679 illa
2655 1636 2805 1693 parte
2858 1646 2977 1695 quae
3027 1645 3221 1695 corpus
3272 1635 3371 1690 est,
3430 1630 3522 1679 sed
3577 1630 3713 1677 etiam
3758 1630 3803 1677 de

462 1701 745 1749 venienter
775 1687 956 1763 posset
985 1687 1182 1758 dicere,
1219 1702 1269 1749 id
1304 1706 1400 1758 est,
1422 1687 1592 1751 habet
1650 1687 1764 1750 esse
1816 1716 1875 1749 ex
1922 1700 2004 1748 his
2035 1697 2114 1747 die
2145 1687 2192 1751 B
2224 1700 2443 1750 homine
2482 1687 2821 1767 praedicatur,
2854 1687 3073 1752 necesse
3124 1687 3213 1751 ἐει
3275 1707 3334 1752 ut
3362 1687 3547 1751 etiam
3586 1699 3699 1749 illud
3723 1714 3805 1749 esse

464 1771 655 1830 versis,
692 1777 745 1820 et
774 1772 890 1821 haec
923 1772 1136 1821 diversa
1166 1772 1479 1835 intelligere,
1514 1774 1597 1821 vel
1647 1771 1857 1821 diversa
1900 1784 2114 1833 genere.

468 1842 552 1890 vel
599 1842 837 1892 diversas
900 1843 1247 1902 differentias,
1306 1845 1390 1892 vel
1448 1843 1688 1893 diversas
1750 1842 1975 1905 species,
2032 1840 2117 1888 vel

470 1927 643 1975 genus
688 1919 740 1962 et
795 1913 1173 1972 differentiam,
1224 1916 1305 1964 vel
1356 1915 1407 1963 in
1464 1917 1579 1978 ipsa
1622 1928 1742 1978 quas
1808 1928 1981 1978 genus
2029 1915 2122 1960 aut

474 1986 706 2046 speciem
750 1986 878 2034 facit
939 1987 1155 2045 unione,
1214 1989 1546 2036 numeralem
1604 1988 1793 2036 saltem
1846 1985 2123 2034 diversita-

477 2058 587 2104 tem
621 2058 939 2107 attenderet.
971 2058 1073 2107 Sed
1105 2058 1219 2122 ipse
1278 2058 1469 2108 iterum
1530 2060 1644 2108 haec
1692 2073 1811 2122 qum
1862 2072 1968 2106 non
1999 2059 2125 2104 sunt

489 2141 606 2177 esse
638 2130 689 2177 in
723 2129 1101 2192 explanatione
1132 2131 1437 2192 nominans,
1465 2131 1554 2191 ait,
1584 2131 1636 2179 id
1672 2135 1751 2179 est
1784 2137 1961 2193 partes
1992 2141 2122 2176 suae.

488 2199 608 2248 Sive
645 2205 823 2250 autem
854 2206 1034 2264 partes
1070 2202 1230 2265 (quod
1264 2203 1438 2251 dicere
1472 2201 1823 2262 videtur)sint
1853 2198 2126 2249 esseillius

488 2272 632 2334 quod
668 2277 875 2321 constat
905 2287 968 2321 ex
1000 2274 1093 2329 eis,
1127 2275 1237 2321 sive
1269 2274 1397 2337 quid
1428 2274 1592 2330 aliud,
1622 2279 1824 2322 certum
1875 2276 1954 2320 est
1982 2270 2126 2333 quod

488 2344 713 2408 simplex
746 2351 837 2395 aut
863 2345 1160 2394 solitarium
1193 2360 1301 2395 non
1335 2350 1432 2395 est.
1466 2346 1615 2405 Quod
1668 2348 1780 2407 ipse
1828 2347 1971 2392 recte
2015 2357 2130 2391 sen-

488 2414 646 2477 tiens,
678 2417 844 2473 addit,
882 2417 1233 2479 conjunctae;
1295 2422 1349 2466 et
1395 2418 1538 2479 quod
1587 2432 1649 2466 ex
1700 2417 1800 2465 hoc
1849 2429 2007 2464 sensu
2039 2413 2130 2462 ad-

486 2487 593 2544 dat,
624 2486 797 2549 aperit
827 2486 1016 2536 dicens
1048 2501 1060 2536 :
1097 2488 1197 2537 Sed
1231 2502 1339 2537 non
1370 2488 1473 2537 hoc
1502 2488 1587 2537 vel
1627 2488 1727 2537 hoc
1770 2486 2129 2549 singulariter,

486 2558 540 2607 id
596 2564 695 2615 est,
756 2573 862 2608 non
925 2561 1205 2623 quodlibet
1283 2562 1458 2610 solum
1530 2561 1657 2609 facit
1730 2560 1780 2607 id
1856 2559 2000 2621 quod
2054 2562 2134 2606 est

485 2630 685 2694 aliquid
718 2632 803 2689 sit,
854 2632 958 2680 imo
1016 2633 1186 2681 multa
1232 2636 1361 2681 sunt
1414 2646 1643 2696 quorum
1706 2630 2131 2693 unumquodque

485 2704 590 2751 hoc
620 2702 765 2752 facit.
797 2703 861 2752 Et
890 2718 1008 2767 quae
1058 2706 1224 2753 multa
1283 2706 1527 2768 exemplo
1596 2704 1784 2767 aperit.
1826 2704 1884 2751 1n
1931 2715 2036 2764 quo
2068 2701 2134 2748 si-

490 2775 601 2823 mul
661 2775 866 2824 adverti
922 2777 1119 2839 poterit
1192 2791 1253 2825 ex
1326 2791 1433 2839 quo
1492 2790 1651 2824 sensu
1714 2788 1833 2823 cum
1893 2774 2132 2831 dixisset,

490 2848 912 2910 unumquodque
945 2848 1104 2897 habet
1134 2862 1247 2897 esse
1280 2862 1433 2897 suum
1466 2862 1529 2897 ex
1561 2847 1643 2895 his
1696 2861 1758 2895 ex
1808 2845 2003 2909 quibus
2035 2850 2130 2901 est,

486 2918 791 2981 supposuit,
828 2919 878 2967 id
915 2926 995 2968 est
1038 2934 1098 2968 ex
1161 2919 1402 2983 partibus
1450 2920 1605 2979 suis;
1647 2924 1699 2967 et
1742 2920 1868 2967 item
1907 2932 2024 2966 cum
2055 2918 2133 2964 di-

485 2990 662 3047 xisset,
695 2996 776 3039 est
830 2992 931 3039 hoc
983 2996 1144 3055 atque
1201 2992 1320 3049 hoc,
1386 2990 1647 3050 subdidit,
1696 2990 1748 3037 id
1818 2994 1898 3038 est
1959 2993 2134 3052 partes

488 3076 617 3111 sum.
650 3063 741 3113 Ait
791 3065 951 3123 enim,
1008 3052 1070 3113 ut
1124 3080 1244 3114 cum
1305 3065 1467 3115 homo
1526 3068 1774 3113 terrenus
1829 3052 2205 3119 constetexC

489 3135 664 3184 anima
700 3149 1050 3199 corporaque,
1100 3137 1200 3186 hoc
1259 3142 1338 3186 est
1385 3136 1680 3185 subsistens
1729 3149 1789 3184 ex
1840 3135 2131 3182 subsxsten-

489 3206 647 3263 tibus,
693 3212 774 3257 est
824 3209 961 3257 idem
1027 3209 1188 3258 homo
1242 3214 1293 3257 et
1342 3224 1537 3273 corpus
1586 3214 1637 3257 et
1685 3206 1879 3265 anima,
1932 3206 1983 3254 id
2034 3210 2132 3264 est,

489 3293 551 3327 eo
583 3279 726 3341 quod
763 3284 843 3329 est
894 3294 1007 3330 esse
1067 3280 1329 3343 corporis,
1376 3295 1439 3330 ex
1496 3295 1604 3343 quo
1656 3278 1984 3342 compositus
2036 3282 2132 3333 est,

488 3354 569 3398 est
631 3352 787 3399 etiam
850 3351 964 3413 ipse
1026 3366 1239 3414 corpus,
1292 3357 1343 3401 et
1400 3368 1462 3401 eo
1524 3352 1668 3415 quod
1737 3356 1816 3399 est
1874 3364 1986 3398 esse
2019 3350 2135 3396 aui-

487 3433 605 3477 maz,
645 3426 723 3469 est
776 3423 887 3483 ipse
946 3436 1162 3485 quoque
1222 3424 1418 3472 anima.
1473 3423 1537 3471 Et
1592 3424 1693 3472 hoc
1740 3420 1991 3470 nimirum
2042 3434 2136 3469 vo-

486 3491 626 3539 lebat
682 3492 903 3555 intelligi
964 3507 1083 3542 cum
1142 3494 1368 3552 dicebat,
1451 3494 1877 3557 unumquodque
1938 3497 2018 3541 est
2071 3505 2137 3539 ex

488 3560 727 3624 partibus
756 3565 883 3623 suis,
928 3568 983 3613 et
1039 3569 1121 3614 est
1173 3571 1353 3628 partes
1415 3580 1545 3615 sum.
1579 3566 1676 3623 Qui
1720 3563 1977 3627 loquendi
2010 3577 2138 3612 usus

490 3637 570 3681 est
631 3648 789 3696 sazpe,
849 3650 969 3685 cum
1028 3637 1346 3686 naturaliter
1402 3636 1728 3686 inabstracta
1785 3640 1945 3698 prout
2012 3636 2139 3682 sunt

490 3704 767 3754 rationalis
823 3708 1117 3769 speculatio
1179 3709 1429 3771 concipit.
1491 3709 1577 3757 Sic
1628 3708 1770 3756 enim
1829 3705 2026 3754 dicitur
2072 3705 2136 3753 de

492 3778 670 3838 specie
709 3779 953 3839 quaedam
1011 3780 1249 3828 secunda
1306 3778 1608 3829 substantia
1658 3777 1958 3841 praedicari.
2016 3776 2135 3825 Non

497 3849 637 3896 enim
689 3849 776 3898 hic
831 3851 1235 3914 intelligendum
1292 3858 1370 3901 est
1432 3852 1495 3902 de
1552 3866 1615 3901 eo
1653 3852 1795 3916 quod
1827 3853 2027 3914 species
2059 3853 2139 3897 est

496 3918 697 3981 aliquid
734 3920 1032 3983 praedicari,
1068 3923 1160 3971 sed
1220 3923 1284 3972 de
1342 3924 1668 3972 subsistente
1716 3924 1892 3985 potius
1926 3923 1980 3970 in
2029 3934 2136 3983 quo

494 3996 573 4040 est
600 3992 946 4043 subsistentia
978 3996 1223 4058 specialis
1255 4011 1265 4055 ;
1300 4010 1397 4044 nec
1447 3997 1510 4045 de
1565 4011 1626 4044 eo
1675 3995 1726 4043 id
1761 3995 1903 4057 quod
1936 3999 2016 4043 est
2050 4008 2136 4042 se-

495 4062 673 4111 cunda
698 4063 1015 4124 substantia,
1064 4066 1207 4129 quod
1259 4068 1459 4116 scilicet
1509 4068 1679 4116 solum
1711 4065 2007 4115 subsistens
2038 4070 2132 4124 est,

493 4135 635 4197 quod
673 4138 893 4185 omnino
930 4138 1253 4200 impossibile
1303 4145 1383 4189 est
1429 4138 1729 4203 prmdicari.
1781 4139 1873 4186 sed
1920 4151 2036 4200 qua:
2080 4138 2135 4185 in

494 4220 557 4255 eo
584 4210 663 4256 est
695 4208 1041 4258 subsistentia
1075 4225 1087 4269 ;
1120 4215 1170 4259 et
1210 4211 1274 4259 ad
1324 4212 1467 4258 hunc
1514 4210 1731 4258 modum
1784 4208 2011 4271 plurima
2055 4208 2137 4256 di-

496 4281 714 4335 cuntur,
747 4283 805 4327 ut
836 4293 954 4328 cum
991 4280 1200 4329 diversa
1230 4280 1337 4329 sint
1371 4295 1503 4337 esse,
1537 4288 1588 4329 et
1630 4280 1681 4328 id
1736 4279 1877 4343 quod
1928 4283 2025 4334 est,
2058 4278 2138 4326 al-

492 4346 662 4396 terius
693 4349 913 4400 nomine
945 4349 1142 4413 posito,
1175 4366 1283 4401 non
1323 4352 1401 4401 illi
1462 4352 1553 4401 sed
1608 4353 1759 4401 alteri
1808 4350 2138 4400 conveniant

2226 1773 2491 1836 corporis,
2528 1777 2612 1823 cui
2667 1776 2766 1824 soli
2827 1776 2979 1823 adest
3034 1775 3197 1831 color,
3257 1772 3312 1822 id
3371 1778 3453 1822 est
3505 1771 3805 1833 corporalitas,

2228 1858 2335 1893 non
2373 1846 2533 1895 modo
2588 1848 2653 1895 de
2713 1847 2944 1895 hominis
3000 1847 3091 1895 illa
3148 1851 3321 1907 parte,
3379 1858 3561 1893 verum
3598 1844 3729 1892 etiam
3760 1842 3806 1890 de

2230 1915 2447 1965 homine
2473 1917 2815 1981 praedicetur.
2846 1919 2909 1967 Et
2938 1920 3190 1982 quoniam
3240 1916 3573 1966 rationalitas
3607 1928 3708 1978 qua;
3737 1912 3807 1962 soli

2232 1986 2303 2035 illi
2334 1988 2484 2037 adest
2539 1990 2683 2038 unde
2743 1996 2823 2039 est
2878 1989 3099 2053 spiritus
3150 1988 3418 2052 quidquid
3467 2001 3585 2037 vere
3626 1987 3807 2048 spiritus,

2234 2063 2285 2107 et
2314 2058 2553 2118 scientia,
2614 2076 2732 2125 quae
2785 2061 2883 2111 soli
2936 2061 3008 2110 illi
3066 2062 3219 2111 adest
3281 2060 3428 2110 unde
3486 2064 3563 2109 est
3608 2056 3807 2107 rationale

2233 2128 2493 2195 quidquid
2546 2142 2686 2183 recte
2731 2132 2931 2183 dicitur
2983 2133 3264 2189 rationale,
3315 2147 3425 2181 non
3474 2132 3625 2181 modo
3666 2130 3718 2178 de
3748 2129 3815 2176 ho-

2236 2200 2398 2251 minis
2429 2203 2517 2253 illa
2564 2210 2715 2268 parte
2760 2219 2881 2269 quas
2932 2206 3148 2269 spiritus
3196 2210 3296 2261 est,
3350 2204 3443 2253 sed
3487 2206 3636 2252 etiam
3664 2202 3717 2249 de
3746 2199 3818 2247 bo-

2238 2272 2383 2323 mine
2418 2278 2758 2337 prmdicatur,
2815 2289 3037 2325 necesse
3094 2279 3174 2325 est
3230 2280 3291 2324 ut
3348 2274 3508 2325 etiam
3555 2273 3640 2322 illa
3673 2270 3819 2321 subsiso

2239 2346 2406 2395 tentia
2436 2348 2671 2409 spiritus,
2700 2349 2783 2397 cui
2814 2348 2909 2398 soli
2958 2347 3299 2397 rationalitas
3346 2347 3515 2401 adest,
3563 2346 3611 2395 id
3651 2348 3717 2393 est
3738 2344 3819 2404 ipsa

2241 2417 2305 2477 (si
2346 2418 2464 2479 quis
2523 2433 2637 2468 eam
2693 2421 2766 2468 ita
2827 2421 3104 2468 nominare
3153 2419 3303 2481 velit)
3356 2416 3698 2482 spiritualitas,
3744 2424 3819 2461 non

2242 2490 2403 2537 modo
2440 2490 2503 2539 de
2536 2490 2767 2540 hominis
2815 2492 2907 2540 illa
2967 2495 3134 2553 parte.
3168 2491 3262 2539 sed
3324 2492 3486 2539 etiam
3535 2488 3594 2537 de
3640 2488 3733 2551 ipso
3756 2486 3819 2531 he

2243 2560 2386 2609 mine
2422 2566 2561 2610 recte
2598 2562 2934 2624 prmdicetur.
2961 2561 3053 2610 Est
3115 2561 3279 2625 igitur
3329 2561 3490 2609 homo
3536 2571 3721 2619 corpus.
3746 2566 3819 2601 non

2240 2632 2307 2679 ab
2340 2646 2400 2680 eo
2428 2646 2491 2681 ex
2525 2646 2630 2695 quo
2662 2632 2775 2696 ipse
2808 2636 3018 2682 constat
3047 2646 3292 2695 corpore,
3329 2632 3423 2681 sed
3472 2632 3535 2679 ab
3580 2629 3707 2678 illius
3739 2638 3821 2674 cor-

2244 2701 2387 2763 poris
2421 2718 2557 2752 esse.
2591 2705 2678 2753 Est
2709 2708 2760 2753 et
2790 2705 2933 2753 idem
2964 2705 3125 2753 homo
3180 2702 3426 2766 spiritus,
3482 2717 3583 2751 non
3627 2701 3682 2749 ab
3706 2712 3754 2747 eo
3779 2709 3821 2743 ex

2242 2788 2348 2837 quo
2376 2776 2489 2838 ipse
2521 2782 2731 2825 constat
2778 2778 2987 2839 spiritu,
3039 2777 3130 2825 sed
3181 2776 3247 2824 ab
3298 2774 3447 2823 illius
3489 2774 3688 2837 spiritus
3724 2782 3821 2817 esse.

2243 2845 2428 2909 Itaque
2462 2862 2576 2896 esse
2608 2848 2841 2896 hominis
2883 2861 2991 2897 non
3038 2846 3261 2910 simplex
3314 2851 3409 2896 aut
3452 2843 3718 2894 solitarium
3752 2843 3820 2887 est.

2242 2917 2335 2966 Est
2366 2920 2529 2979 enim,
2571 2920 2709 2968 sicut
2756 2919 2956 2968 dictum
3008 2922 3106 2975 est,
3165 2926 3218 2967 et
3265 2932 3466 2980 corpus
3506 2918 3568 2966 ab
3604 2928 3701 2964 esse
3736 2923 3821 2959 cor-

2243 2990 2389 3052 poris
2449 2991 2550 3048 sui,
2608 3005 2673 3039 ex
2729 3004 2836 3054 quo
2898 2992 3013 3053 ipse
3064 2992 3297 3047 constat,
3331 2994 3385 3038 et
3443 2989 3614 3037 anima
3655 2986 3821 3054 abesse

2245 3049 2438 3111 animae
2470 3076 2599 3120 suae,
2661 3049 2885 3125 ex—qua
2920 3049 3139 3111 scilicet
3190 3061 3307 3123 ipse
3361 3064 3583 3113 constat.
3635 3069 3724 3105 non
3750 3049 3820 3125 vel

2245 3146 2438 3196 corpus
2499 3137 2707 3183 tantum
2764 3124 2846 3182 vel
2890 3134 3070 3182 anima
3124 3136 3359 3181 tantum.
3414 3132 3605 3181 Putant
3656 3124 3818 3202 quidain

2244 3204 2475 3266 imperiti
2507 3218 2569 3253 ex
2602 3204 2718 3259 hoc,
2756 3204 2897 3268 quod
2965 3206 3073 3253 ait:
3126 3203 3243 3252 Non
3291 3204 3377 3252 vel
3428 3215 3612 3265 corpus
3650 3196 3819 3268 velaui-

2245 3288 2346 3332 ma,
2384 3276 2528 3338 quod
2562 3290 2661 3325 nec
2691 3267 2848 3325 etiam
2880 3274 2983 3325 dici
3033 3274 3226 3324 horum
3282 3274 3511 3324 alterum
3559 3271 3661 3343 sine
3699 3267 3821 3343 alter?

2246 3337 2419 3403 liceat,
2452 3348 2503 3395 id
2537 3354 2633 3403 est,
2682 3348 2826 3409 quod
2877 3360 2985 3395 non
3040 3347 3107 3395 sit
3159 3360 3283 3395 vera
3332 3345 3517 3405 dictio,
3563 3342 3602 3391 si
3640 3340 3738 3404 quis
3772 3337 3823 3413 di:

2247 3424 2351 3479 cat,
2385 3419 2548 3467 homo
2579 3424 2659 3468 est
2688 3433 2901 3480 corpus,
2952 3432 3059 3466 non
3108 3418 3338 3479 addens,
3369 3423 3421 3466 et
3462 3413 3761 3487 animusut
3795 3420 3823 3487 ξι

2247 3490 2403 3545 dicat,
2438 3490 2597 3538 homo
2630 3493 2711 3538 est
2739 3490 2938 3545 anima,
2983 3501 3091 3537 non
3153 3487 3380 3545 addens,
3427 3492 3481 3536 et
3525 3497 3711 3547 corpus.
3736 3481 3825 3540 Opi-

2249 3566 2437 3610 nantes
2478 3561 2623 3623 quod
2680 3575 2743 3610 ex
2789 3575 2896 3623 quo
2945 3559 3173 3616 diversa,
3227 3564 3287 3607 ut
3335 3573 3505 3608 unum
3552 3555 3823 3616 componunt.

2248 3633 2537 3696 conjuncta
2566 3639 2707 3689 sunt,
2741 3648 2854 3682 esse
2893 3633 3169 3695 utriusque
3216 3632 3353 3681 adeo
3412 3631 3489 3680 sic
3534 3644 3595 3679 ex
3639 3626 3713 3676 illa
3736 3636 3824 3671 000°

2240 3703 2523 3766 junctione
2555 3705 2857 3765 confusum,
2891 3708 2949 3753 ut
3009 3702 3147 3753 sicut
3190 3717 3313 3752 cum
3367 3703 3545 3751 album
3585 3705 3633 3749 et
3664 3698 3821 3758 nigrum

2248 3777 2655 3837 permiscentur,
2689 3776 2831 3839 quod
2864 3789 2927 3824 ex
2959 3774 3061 3823 illis
3092 3774 3149 3824 ﬁt
3181 3788 3280 3824 nec
3312 3773 3489 3823 album
3539 3784 3628 3820 nec
3663 3768 3821 3829 nigrum

2246 3847 2458 3907 dicitur,
2492 3846 2583 3895 sed
2637 3847 2917 3910 cujusdam
2976 3846 3198 3895 alterius
3254 3846 3453 3895 coloris
3508 3856 3570 3892 ex
3620 3840 3696 3890 illa
3732 3848 3823 3899 per-

2246 3917 2500 3966 mixtione
2558 3917 2983 3980 provenientis:
3039 3916 3112 3966 ita
3161 3917 3309 3980 quod
3365 3931 3425 3965 ex
3482 3913 3704 3983 diversis
3732 3917 3821 3983 coit;

2246 3992 2373 4050 stat,
2403 3975 2647 4038 neutrius
2676 3989 2929 4052 deinceps
2977 3975 3233 4051 suscipiat
3280 4000 3497 4042 nomen,
3546 3984 3628 4033 sed
3671 3981 3727 4029 sit
3750 3975 3822 4052 gali'

2246 4060 2374 4124 quid
2412 4075 2474 4109 ex
2500 4075 2562 4110 eo
2594 4061 2737 4124 quod
2770 4074 2833 4109 ex
2869 4050 3225 4122 permixtione
3258 4056 3511 4122 provenit
3538 4071 3554 4119 ;
3584 4060 3630 4104 et
3668 4066 3720 4101 ex
3746 4050 3819 4095 hoc

2243 4145 2407 4181 sensu
2438 4132 2639 4181 dictum
2672 4146 2804 4187 esse,
2841 4131 3002 4180 homo
3064 4135 3144 4180 est
3189 4144 3390 4194 corpus
3438 4134 3490 4178 et
3538 4128 3705 4179 anima,
3742 4128 3819 4193 ηοξ]

2246 4205 2524 4267 quodipse
2556 4207 2625 4252 sit
2679 4218 2872 4266 corpus
2937 4203 3022 4252 vel
3078 4201 3280 4263 anima,
3340 4202 3435 4252 sed
3492 4199 3623 4264 quod
3662 4197 3749 4258 ipse
3774 4196 3821 4236 ειι

2244 4276 2497 4338 quiddam
2529 4276 2673 4338 quod
2699 4276 2946 4338 provenit
2990 4288 3053 4323 ex
3100 4272 3459 4337 permixtione
3512 4284 3620 4335 quae
3659 4280 3709 4315 ex
3735 4273 3821 4338 cor:

2247 4330 2390 4411 poris
2448 4354 2500 4397 et
2547 4330 2751 4397 animae
2799 4330 3180 4411 conjunctione
3236 4330 3542 4407 contingit:
3580 4340 3669 4391 Sed
3715 4330 3819 4411 ςυρά

492 4432 613 4481 quae
644 4420 913 4471 dicuntur.
946 4404 1023 4469 Ex
1055 4404 1156 4472 hoc
1209 4423 1389 4487 itaque
1431 4426 1703 4473 consortio
1746 4423 1897 4480 dixit,
1940 4436 2133 4470 unum-
2168 4424 2212 4488 Ι)
2247 4404 2353 4467 non
2402 4433 2612 4481 semper
2668 4404 2946 4480 contingat
3006 4432 3065 4467 ex
3124 4416 3509 4480 conjunctione
3556 4409 3818 4488 confusionis

493 4492 747 4554 quodque
788 4493 952 4542 habet
1000 4508 1115 4543 esse
1167 4509 1322 4543 suum
1371 4509 1435 4543 ex
1486 4494 1725 4558 partibus
1777 4496 1904 4550 suis,
1951 4499 2002 4543 et
2058 4498 2137 4542 est

494 4565 676 4623 partes
708 4577 863 4612 sum:
915 4566 1163 4628 quamvis
1216 4579 1323 4614 non
1371 4565 1535 4629 ipsas,
1590 4566 1679 4615 sed
1731 4580 1849 4629 qua:
1899 4564 2134 4628 ipsarum

494 4636 621 4681 sunt
652 4647 766 4682 esse
811 4635 941 4684 velit
999 4635 1246 4700 intelligi,
1298 4638 1350 4685 id
1410 4643 1507 4695 est,
1567 4637 1957 4694 subsistentias,
2016 4649 2135 4699 quae

494 4703 642 4752 illius
673 4705 854 4763 etiam,
913 4709 1054 4770 quod
1113 4724 1175 4757 ex
1239 4710 1479 4773 partibus
1539 4714 1805 4767 constant,
1837 4714 1963 4758 sunt
2002 4724 2134 4759 esse.

497 4774 765 4837 Quidquid
797 4777 939 4827 enim
963 4784 1044 4828 est
1092 4794 1207 4828 esse
1250 4782 1552 4844 cujuslibet,
1602 4781 1767 4845 partis
1811 4781 1926 4844 ejus
1956 4783 2133 4839 etiam,

496 4847 641 4906 quod
673 4862 735 4895 ex
790 4848 881 4897 illa
930 4854 1078 4912 parte
1135 4856 1360 4910 constat,
1406 4858 1484 4901 est
1541 4868 1674 4906 esse,
1709 4858 1757 4901 et
1797 4854 1860 4901 de
1910 4868 1970 4902 eo
2002 4854 2139 4901 sicut

498 4917 562 4965 de
588 4922 735 4979 parte
784 4934 907 4969 vere
965 4921 1180 4970 dicitur.
1234 4922 1384 4979 Quod
1437 4938 1497 4971 ex
1556 4938 1741 4973 eorum
1782 4926 2011 4987 prepriis
2043 4938 2137 4986 pa-

494 4992 669 5038 tenter
697 4989 1018 5039 ostenditur.
1067 4991 1230 5040 Color
1286 4994 1426 5041 enim
1487 4994 1577 5056 qui
1628 4994 1725 5042 soli
1777 4994 1925 5042 adest
1955 5008 2138 5056 corpo-

492 5061 707 5117 ralitati,
740 5064 845 5109 tam
873 5062 937 5111 de
970 5063 1186 5112 homine
1218 5065 1309 5125 qui
1358 5069 1570 5113 constat
1600 5079 1660 5113 ex
1702 5079 1942 5127 corpore,
1974 5080 2136 5127 quam

494 5132 558 5180 de
592 5132 710 5195 ipso
742 5134 885 5196 quod
933 5149 1055 5183 eum
1114 5136 1392 5185 constituit
1439 5150 1677 5198 corpore,
1716 5150 1840 5184 vere
1889 5138 2138 5199 praedica-

492 5208 621 5264 tur;
656 5208 709 5253 et
740 5204 1073 5254 rationalitas
1104 5220 1223 5268 quae
1264 5220 1434 5269 genus
1486 5206 1732 5269 spiritum
1782 5206 2043 5269 sequitur,
2087 5214 2139 5258 et

492 5276 719 5324 scientia
772 5274 871 5324 soli
914 5277 1268 5327 rationalitati
1319 5279 1686 5337 accommoda,
1742 5278 1984 5327 similiter
2030 5284 2135 5327 tam

490 5345 555 5394 de
586 5346 803 5396 homine
854 5348 945 5410 qui
995 5354 1203 5398 constat
1247 5364 1311 5398 ex
1361 5350 1569 5411 spiritu,
1621 5362 1781 5411 quam
1824 5349 1887 5397 de
1927 5352 2043 5412 ipso
2074 5366 2138 5399 ex

488 5431 594 5481 quo
635 5423 843 5467 constat
904 5420 1113 5482 spiritu,
1164 5434 1290 5470 vere
1349 5419 1562 5469 dicitur.
1614 5421 1727 5468 ἔχοι]
1782 5422 1952 5470 solum
1998 5422 2137 5471 enim

493 5502 688 5551 corpus
715 5503 777 5537 ex
805 5503 913 5552 quo
964 5494 1173 5539 constat
1222 5491 1386 5541 homo
1439 5490 1729 5539 coloratum
1775 5496 1873 5551 est,
1939 5493 2030 5541 sed
2089 5497 2140 5542 et

492 5559 653 5608 homo
686 5559 801 5623 ipse
833 5561 923 5623 qui
956 5567 1163 5611 constat
1193 5576 1257 5610 ex
1314 5575 1376 5609 eo
1439 5561 1710 5611 coloratus
1770 5567 1865 5613 est.
1914 5564 1976 5613 Et
2018 5578 2136 5613 cum

492 5632 654 5681 homo
688 5639 739 5683 et
788 5648 980 5696 corpus
1040 5649 1100 5682 ex
1158 5649 1263 5697 quo
1311 5633 1425 5696 ipse
1485 5639 1693 5683 constat
1749 5635 1960 5685 diversa
2013 5639 2137 5699 sint,

494 5704 629 5754 adeo
674 5705 817 5768 quod
878 5719 1072 5767 corpus
1133 5720 1198 5753 ex
1251 5720 1358 5770 quo
1420 5706 1579 5755 homo
1638 5712 1847 5757 constat
1902 5723 2008 5757 non
2060 5714 2142 5757 est

493 5778 680 5840 homo,
710 5791 821 5829 non
854 5782 1031 5829 tamen
1096 5782 1223 5829 sunt
1269 5779 1479 5831 diversa
1526 5794 1766 5847 corpora,
1800 5792 1893 5833 aut
1929 5782 2141 5835 diversa

2244 4492 2544 4552 permixtio,
2602 4492 2655 4539 in
2709 4505 2771 4540 eo
2827 4490 2960 4539 libro
3018 4503 3177 4552 quem
3228 4494 3419 4539 contra
3466 4488 3601 4535 hunc
3640 4487 3818 4558 errore?

2244 4546 2498 4626 Eutychis
2536 4546 2752 4618 scribit,
2809 4563 2937 4610 satis
2990 4546 3374 4624 disputabitur.
3434 4560 3528 4607 Hic
3570 4546 3816 4626 autem_nbi

2246 4620 2493 4695 simplex,
2541 4638 2634 4682 aut
2688 4647 2797 4682 non
2848 4620 3165 4689 solitarium,
3242 4632 3387 4680 unde
3467 4620 3815 4695 unumquodque

2246 4690 2553 4768 estaliquid
2587 4706 2998 4761 demonstratur,
3030 4703 3256 4752 dicimus
3314 4702 3457 4766 quod
3506 4701 3628 4749 sicut
3673 4695 3724 4742 de
3751 4690 3817 4737 h0-

2246 4792 2407 4835 minc,
2465 4783 2516 4827 et
2576 4777 2925 4841 coniunctim,
2985 4777 3145 4825 homo
3199 4778 3281 4824 est
3335 4775 3591 4823 coloratus
3653 4771 3706 4841 et
3754 4773 3812 4808 8&-

2246 4851 2416 4913 pieus,
2445 4854 2497 4898 et
2528 4836 2855 4913 disjunctim,
2888 4836 3048 4897 homo
3100 4850 3181 4896 est
3227 4846 3515 4899 coloratus,
3546 4844 3657 4891 item
3696 4836 3811 4913 home

2248 4902 2329 4970 est
2360 4902 2810 4985 sdpiensfverum
2843 4902 2923 4969 est
2952 4935 2964 4978 ;
2998 4921 3070 4967 ita
3098 4922 3152 4967 et
3202 4917 3547 4980 conjunctim,
3594 4913 3725 4959 homo
3756 4902 3812 4985 εξῒ

2248 4983 2441 5055 corpus
2498 4996 2549 5040 et
2588 4991 2784 5050 anima,
2835 4996 2885 5040 et
2937 4989 3273 5054 disjunctim,
3330 4988 3488 5036 homo
3544 4986 3616 5033 est
3652 4983 3810 5055 εοτριξρν

2249 5044 2453 5112 ριὶὶριη
2508 5063 2669 5111 homo
2725 5044 2804 5111 est
2855 5044 3053 5117 anima,
3108 5044 3294 5110 verum
3356 5065 3436 5107 est
3485 5057 3626 5120 juxta
3665 5044 3810 5121 pretii;

2249 5140 2383 5183 ctam
2430 5133 2827 5182 dialecticorum
2877 5115 3153 5195 regulam:
3202 5132 3268 5180 de
3326 5115 3629 5193 quocunque
3669 5115 3812 5195 PWd‘.‘

2248 5213 2399 5255 catur
2430 5205 2723 5269 proprium,
2773 5209 2826 5254 et
2872 5189 2997 5253 illud
3044 5204 3198 5266 cujus
3246 5189 3653 5265 est—proprium.
3686 5189 3812 5269 idec-

2246 5292 2349 5341 que
2386 5266 2706 5341 ineo-quod
2764 5275 2885 5325 ait:
2937 5288 3043 5323 non
3101 5274 3186 5323 vel
3241 5273 3341 5323 hoc
3398 5271 3478 5320 vel
3523 5266 3698 5323 1106.9!
3733 5268 3811 5341 9P?“

2248 5337 2453 5399 cialiter
2514 5337 2623 5398 non
2681 5348 2765 5397 vel
2823 5361 3017 5410 corpus
3066 5346 3150 5395 vel
3216 5348 3409 5401 anima,
3493 5353 3623 5415 μου,
3658 5346 3707 5383 ει

2247 5435 2407 5470 sensu
2438 5418 2854 5482 intelligendum
2908 5400 2986 5467 est
3037 5417 3180 5480 quod
3234 5430 3339 5466 una
3386 5412 3540 5463 dictio
3590 5408 3686 5457 sine
3716 5400 3808 5482 alte:

2248 5495 2359 5542 rius
2418 5465 2692 5542 additioiie
2749 5504 2875 5538 vera
2924 5465 3164 5547 non‘sit,
3224 5489 3317 5537 sed
3374 5484 3511 5550 quod
3574 5492 3655 5529 nec
3715 5465 3804 5519 illud

2249 5581 2415 5615 unum
2440 5579 2539 5615 nec
2571 5565 2797 5613 alterum
2858 5564 2921 5611 ad
2976 5563 3279 5611 faciendum
3336 5549 3605 5614 hominem,
3648 5549 3699 5597 de
3728 5552 3801 5605 (ἔσο

2250 5640 2406 5687 etiam
2442 5636 2675 5684 solitarie
2733 5636 2928 5682 dicitur
2984 5647 3097 5682 esse
3145 5632 3365 5696 aliquid,
3414 5623 3798 5698 solitariutu't‘sfe

2249 5723 2357 5758 non
2388 5708 2572 5771 possit.
2604 5707 2764 5755 Aliud
2794 5707 2937 5755 enim
2969 5709 3049 5754 est
3104 5688 3397 5754 solitarium
3450 5712 3569 5752 esse,
3596 5688 3798 5771 aliud

2248 5758 2481 5834 litarium
2512 5779 2633 5831 dici.
2664 5780 2783 5831 Non
2821 5778 2965 5829 enim
3013 5776 3314 5831 solitarium
3355 5787 3467 5827 esse
3514 5774 3692 5821 necesse
3721 5758 3791 5819 εεὸ
