4022 6174
264 231 407 287 12³73

1328 228 1655 286 GILBERTI
1693 224 2037 285 POBRETE
2074 224 2609 286 COMMENTARIA.

3532 222 3677 277 1274

268 356 414 419 quod
446 356 745 407 solitarium
774 357 969 408 dicitur
1003 373 1017 409 :
1052 356 1276 420 etquod
1325 355 1621 407 solitarium
1664 368 1778 404 esse
1823 356 1917 402 im-
1946 354 1996 419 Α
2029 354 2314 406 thematica
2364 354 2660 419 speculatio
2688 354 3021 404 i'abstractim
3110 348 3352 408 attendit,
3416 347 3669 410 subjectae

272 428 529 489 possibile
563 433 659 485 est,
688 442 796 478 non
854 434 935 478 est
978 428 1304 493 impossibile
1346 428 1639 476 solitarium
1693 426 1813 474 dici.
1854 425 1918 473 Et

269 498 331 547 hi
364 500 577 562 quidem
611 500 703 563 qui
739 500 1029 551 dictionem
1080 506 1361 562 utramque
1408 501 1596 549 dicunt
1626 512 1735 548 non
1765 511 1923 560 posse

272 570 391 619 ﬁeri
423 570 741 633 solitariam,
772 574 827 621 in
861 578 1235 637 argumentum
1277 572 1359 621 sui
1394 572 1625 628 'erroris,
1671 569 1926 619 verisimi-

266 642 399 691 liter
428 642 739 704 praedictam
771 644 875 692 albi
911 649 966 694 et
994 644 1131 707 nigri
1159 641 1527 693 confusionem
1562 643 1662 692 sibi
1692 641 1923 690 caeteris-

260 728 375 777 que
403 714 586 764 minus
612 717 1035 779 intelligentibus
1079 717 1334 765 videntur
1369 730 1662 764 assumere.
1713 716 1813 764 Sed
1844 714 1922 763 illi

264 787 368 848 qui
406 786 631 836 alteram
669 788 971 848 exsufﬂant,
1020 801 1139 837 cum
1188 785 1451 851 recipiant
1497 787 1737 845 alteram,
1790 784 1922 833 adeo

265 858 393 907 sine
438 864 754 921 argumento
811 862 1006 909 erroris
1054 860 1135 908 sui
1191 860 1452 923 garriunt,
1501 863 1561 907 ut
1607 871 1716 907 non
1764 855 1923 904 modo

265 933 469 978 contra
498 932 798 989 veritatem,
849 945 1035 980 verum
1078 932 1237 980 etiam
1284 934 1471 979 contra
1518 944 1573 978 se
1616 929 1776 991 ipsos,
1824 926 1925 975 hoc

262 999 474 1049 dicant.
527 1001 843 1051 Concedunt
894 1015 1142 1066 namque,
1193 1001 1352 1050 homo
1410 1004 1491 1050 est
1537 1013 1748 1062 corpus,
1803 998 1926 1046 abo-

263 1070 568 1133 minantes,
622 1072 786 1123 homo
840 1076 921 1122 est
974 1075 1153 1122 anima
1210 1072 1293 1121 vel
1350 1072 1544 1135 specie.
1582 1070 1690 1119 Nec
1744 1074 1923 1118 tamen

261 1143 518 1205 cogitant
548 1158 653 1207 qua
682 1146 891 1194 ratione
946 1144 1112 1194 unius
1163 1144 1336 1206 partis
1380 1157 1494 1193 esse
1547 1142 1665 1204 ejus
1713 1151 1925 1203 quoque

258 1216 419 1277 quod
452 1228 517 1264 ex
554 1230 618 1265 ea
651 1220 860 1266 constat
889 1217 957 1265 sit
1012 1230 1147 1272 esse,
1198 1220 1251 1264 et
1306 1214 1372 1263 de
1424 1229 1484 1263 ea
1516 1210 1799 1276 praedicari
1831 1222 1928 1271 per

249 1299 319 1334 se
381 1288 571 1348 possit,
630 1301 749 1337 cum
805 1301 919 1337 esse
971 1287 1139 1350 partis
1185 1287 1412 1335 alterius
1461 1298 1634 1347 neque
1683 1282 1752 1331 sit
1811 1293 1925 1350 esse

255 1356 513 1419 ejusdem
545 1360 688 1421 quod
732 1358 979 1409 similiter
1008 1360 1303 1417 constituit,
1362 1370 1547 1419 neque
1596 1356 1661 1405 de
1711 1370 1773 1404 eo
1822 1352 1925 1400 dicl

254 1429 443 1490 possit
478 1431 816 1492 :prsesertim
881 1444 1002 1479 cum
1062 1435 1114 1479 et
1168 1429 1330 1493 bujus
1387 1428 1627 1491 generis,
1677 1423 1821 1488 quod
1858 1423 1924 1477 de

257 1501 570 1563 composito
623 1500 906 1563 praedicari
959 1506 1177 1564 negant,
1250 1499 1518 1563 prepriam
1604 1496 1923 1569 potentiam,

250 1570 318 1619 id
372 1576 452 1620 est
510 1571 949 1630 rationalitatem,
1006 1578 1060 1622 et
1114 1571 1499 1622 accidentalem
1566 1568 1924 1639 affectionem,

252 1642 319 1690 id
363 1647 441 1693 est
470 1645 765 1701 scientiam,
805 1646 870 1694 de
928 1646 1047 1707 ipso
1107 1658 1233 1693 vere
1290 1641 1544 1693 afﬁrmari
1606 1638 1925 1690 concedant.

2030 428 2138 477 sint
2168 429 2551 485 accidentibus,
2589 432 2640 476 et
2684 428 2787 477 hoc
2830 426 2987 475 etiam
3025 421 3272 485 exemplo
3320 420 3671 476 demonstret,

2030 498 2214 547 dicens
2248 515 2259 547 :
2293 505 2351 548 ut
2380 499 2703 557 humanitas,
2734 497 2961 547 dicimus
3021 508 3207 543 verum
3256 506 3370 541 esse
3415 490 3557 553 quod
3597 488 3671 536 di-

2030 573 2118 630 cit,
2152 586 2259 620 non
2295 576 2473 621 tamen
2508 587 2570 620 ex
2603 586 2665 621 eo
2694 585 2853 620 sensu
2886 583 2992 633 quo
3024 568 3183 616 homo
3222 565 3494 633 suscipere
3546 560 3673 633 dici-

2032 645 2137 691 tur.
2167 642 2283 691 Non
2318 645 2461 691 enim
2499 641 2805 692 humanitas
2835 630 3156 700 ita'suscipit
3186 631 3503 688 accidentia,
3535 630 3673 680 sicut

2032 714 2210 775 homo,
2243 714 2441 763 scilicet
2470 715 2707 777 eo’jquod
2740 714 2855 776 ipsa
2886 710 3193 760 humanitas
3241 707 3305 755 ab
3351 705 3529 766 aliqua
3553 704 3674 777 sub-

2031 785 2294 841 sistentia,
2330 799 2492 847 quam
2528 774 2597 833 in
2628 801 2683 834 se
2725 774 2939 838 habeat,
2983 780 3181 844 aliquid
3228 784 3306 827 est
3331 777 3486 840 juxta
3517 774 3673 847 cujus

2032 846 2487 917 principalitatem
2521 857 2636 918 ejus
2664 858 2714 905 in
2748 870 2804 904 se
2838 856 3031 902 habeat
3078 850 3402 914 proprietate
3425 846 3669 918 quadam

2033 916 2380 975 accommoda
2411 916 2723 984 accidentia,
2776 926 2868 974 sed
2918 938 2980 973 eo
3019 921 3161 986 quod
3206 921 3270 977 ei,
3320 917 3524 967 scilicet
3567 916 3671 964 hu-

2030 998 2293 1054 manitati,
2323 999 2583 1062 subjecta,
2617 1007 2667 1048 et
2696 1012 2791 1061 per
2820 996 3064 1046 eamdem
3094 993 3309 1041 illorum
3357 991 3673 1062 nuncupata

2031 1069 2272 1127 materia,
2311 1085 2375 1119 ex
2407 1072 2521 1133 ipsa
2567 1076 2648 1120 est
2701 1070 2920 1133 aliquid,
2966 1073 3022 1117 ut
3067 1080 3186 1129 quae
3228 1064 3302 1113 illi
3348 1061 3671 1133 preprietate

2032 1140 2122 1188 dat
2148 1141 2332 1189 adesse
2364 1130 2651 1198 concretio,
2684 1130 2805 1191 cum
2833 1143 2949 1203 ipsa
2985 1138 3155 1201 possit
3202 1134 3490 1196 suscipere.
3538 1130 3670 1179 Nam

2033 1210 2293 1275 Quidquid
2346 1228 2473 1262 vero
2526 1213 2744 1262 nomine
2798 1212 3100 1273 subjectum
3186 1204 3550 1256 accidentibus
3622 1205 3675 1250 et

2032 1296 2216 1332 eorum
2263 1285 2485 1333 materia
2528 1286 2738 1344 dicitur,
2783 1286 2995 1346 oportet
3036 1283 3095 1330 ut
3164 1279 3394 1341 primum
3456 1276 3499 1323 si
3561 1285 3671 1322 non

2036 1356 2293 1415 tempore,
2332 1355 2517 1404 saltem
2546 1356 2771 1412 ratione,
2812 1356 2880 1404 sit
2905 1368 2968 1403 ex
3000 1352 3178 1414 aliqua
3199 1346 3562 1400 subsistentia,
3614 1347 3674 1392 ut

2034 1437 2129 1485 per
2158 1425 2259 1474 hoc
2294 1426 2532 1488 ejusdem
2570 1426 2761 1475 habeat
2792 1424 3022 1489 prepria.
3053 1420 3313 1480 Quoniam
3344 1431 3489 1471 vero,
3537 1429 3673 1489 qua-_-

2034 1498 2155 1546 liter
2184 1486 2382 1547 dictum
2442 1505 2537 1557 est,
2596 1486 2943 1548 subsistentia
3000 1509 3161 1545 causa
3218 1495 3299 1542 est
3354 1494 3414 1539 ut
3442 1490 3494 1538 id
3525 1486 3671 1550 quod

2033 1583 2128 1631 per
2158 1583 2273 1619 eam
2306 1575 2384 1620 est
2413 1570 2618 1633 aliquid
2650 1572 2761 1619 suis
2797 1567 3029 1632 propriis
3076 1568 3144 1615 sit
3194 1563 3510 1633 subjectum,
3550 1558 3672 1633 ipsa

2034 1655 2248 1706 quoque
2281 1658 2374 1705 per
2410 1632 2905 1692 denominationem
2936 1641 3137 1689 eisdem
3168 1636 3410 1701 subjecta
3456 1632 3670 1686 dicitur,

255 1712 404 1786 Nam
427 1715 581 1786 quod
616 1729 800 1764 eorum
846 1715 1027 1786 aliqui
1083 1714 1263 1765 dicere
1316 1712 1573 1786 gestiunt,
1633 1711 1791 1786 aliam
1836 1724 1921 1786 ra-
1954 1722 2001 1786 Β
2032 1720 2083 1764 et
2113 1717 2421 1765 eorumdem
2455 1717 2699 1767 materia.
2734 1716 2865 1763 Dum
2917 1713 3059 1763 enim
3110 1710 3355 1766 materia,
3389 1721 3510 1786 quas
3553 1708 3672 1755 sub-

251 1785 623 1834 tionalitatem
652 1800 811 1849 quam
841 1785 982 1835 illam
1046 1801 1165 1850 quas
1215 1790 1296 1834 est
1339 1782 1559 1834 humani
1602 1782 1824 1845 spiritus
1855 1782 1920 1828 de

256 1857 492 1905 homine
526 1856 650 1915 dici,
684 1863 736 1907 et
771 1860 1011 1908 similiter
1068 1859 1345 1908 scientiam
1397 1856 1573 1912 aliam,
1637 1859 1690 1904 et
1760 1852 1921 1902 aliam

258 1929 705 1990 corporalitatem
761 1944 919 1992 quam
974 1944 1095 1993 quae
1145 1928 1367 1979 humani
1414 1926 1654 1990 corporis
1706 1929 1802 1983 est,
1849 1925 1922 1971 ita

266 2003 698 2061 contemnimus,
730 2009 789 2052 ut
818 2003 1045 2052 tacendo
1075 2003 1220 2066 quod
1269 2006 1457 2051 contra
1514 2001 1617 2049 hoc
1668 1998 1773 2047 dici
1829 2011 1919 2058 po-

272 2077 385 2121 test
429 2074 647 2123 omnino
714 2080 1113 2137 praetereamus.
1171 2075 1372 2123 Contra
1415 2072 1548 2121 illud
1592 2084 1719 2120 vero
1775 2066 1919 2130 quod

275 2144 441 2193 nobis
495 2151 799 2209 opponunt,
860 2145 1107 2209 spiritum
1154 2146 1389 2194 hominis
1434 2159 1548 2194 esse
1606 2145 1919 2205 incorpora-

265 2214 404 2272 lem,
435 2216 709 2266 hominem
748 2222 922 2267 tamen
956 2231 1064 2267 non
1102 2230 1219 2266 esse
1265 2216 1671 2281 incorporalem,
1718 2228 1777 2262 ac
1827 2226 1921 2275 per

272 2288 385 2337 hoc
414 2302 521 2338 non
553 2303 669 2340 esse
718 2304 925 2348 verum,
980 2290 1245 2354 quidquid
1291 2291 1355 2339 de
1413 2294 1559 2353 parte
1607 2288 1916 2343 afﬁrmatur,

266 2360 347 2408 de
379 2372 442 2408 eo
473 2374 688 2424 quoque
719 2361 863 2424 quod
896 2375 957 2411 ex
994 2376 1058 2410 ea
1107 2362 1461 2424 compositum
1510 2365 1608 2421 est,
1646 2356 1915 2417 afﬁrmari,

264 2431 685 2493 respondemus,
718 2446 839 2481 cum
881 2433 1084 2489 dicunt,
1137 2430 1357 2494 spiritus
1407 2435 1489 2480 est
1548 2427 1917 2491 incorporalis,

266 2514 471 2564 negare
503 2503 681 2565 potius
712 2504 778 2552 ab
810 2518 872 2553 eo
904 2504 1046 2567 quod
1078 2504 1143 2552 ad
1185 2502 1399 2566 generis
1450 2502 1683 2566 pertinet
1737 2505 1919 2563 potes-

265 2574 459 2628 tatem,
490 2585 650 2635 quam
683 2577 930 2622 naturam
961 2572 1183 2636 spiritus
1213 2574 1276 2622 de
1306 2573 1423 2635 ipso
1472 2572 1750 2621 afﬁrmare.
1791 2570 1918 2619 Om-

264 2643 361 2690 nis
392 2641 537 2691 enim
583 2644 813 2706 privatio
867 2645 1011 2707 quod
1068 2645 1293 2694 debetur
1350 2643 1680 2699 naturaliter,
1739 2656 1917 2691 remo-

264 2720 382 2764 vet.
417 2715 527 2765 Nec
558 2730 656 2766 nos
691 2716 922 2766 dicimus
951 2732 981 2765 a
1012 2722 1119 2766 toto
1155 2731 1220 2766 ex
1267 2717 1586 2767 necessitate
1636 2727 1917 2763 removen-

264 2789 405 2838 dum
437 2791 695 2855 quidquid
729 2795 1038 2841 removetur
1096 2806 1125 2840 a
1185 2796 1352 2853 parte,
1403 2792 1497 2839 sed
1544 2788 1807 2852 quidquid
1851 2786 1915 2835 de

264 2867 423 2924 parte
481 2864 820 2921 naturaliter,
864 2864 1004 2913 idem
1065 2868 1116 2913 et
1170 2864 1236 2912 de
1293 2860 1591 2926 composito
1648 2861 1917 2909 afﬁrman-

262 2932 423 2981 dum.

338 3005 397 3055 In
427 3016 579 3069 parte
614 3006 822 3074 igiturn]
884 3007 1092 3065 Quasi:
1150 3008 1322 3055 Homo
1378 3011 1458 3056 est
1511 3008 1562 3055 et
1612 3018 1807 3067 corpus
1863 3005 1918 3051 et

2033 1788 2171 1837 sistit
2204 1789 2443 1850 subjecta
2474 1786 2819 1848 humanitati,
2852 1786 2903 1835 id
2939 1789 3018 1835 est
3050 1786 3106 1834 in
3142 1798 3198 1832 se
3229 1783 3433 1831 habens
3480 1779 3672 1827 huma-

2031 1858 2250 1908 nitatem
2282 1860 2553 1922 suscipere
2584 1859 2640 1907 in
2672 1874 2726 1908 se
2757 1857 2991 1920 aliquod,
3024 1858 3070 1906 ei
3124 1854 3372 1904 accidens
3423 1852 3539 1922 ipsa
3568 1850 3671 1922 bu_—-

2031 1932 2260 1979 munitas
2306 1920 2706 1994 quodammodo
2766 1931 2998 1987 videtur,
3056 1928 3163 1976 imo
3227 1939 3290 1974 ea
3337 1936 3457 1986 quas
3509 1920 3668 1994 ﬁtab

2030 2001 2219 2051 effectu
2252 1991 2577 2052 ad_causam
2625 2001 3012 2059 denominatio,
3070 1999 3171 2046 hoc
3219 1996 3491 2057 suscipere
3535 1991 3671 2041 dici-

2029 2075 2133 2121 tur.
2160 2075 2346 2123 Forma
2388 2088 2515 2123 vero
2569 2086 2903 2138 quaecunque
2962 2075 3043 2119 est
3098 2068 3214 2117 sine
3269 2066 3511 2122 materia,
3571 2078 3671 2113 nec

2031 2144 2190 2217 etiam
2227 2148 2619 2217 μετωνυμικῶς
2643 2145 2841 2207 ροιετὶι
2869 2156 2983 2217 θεθβ
3016 2141 3314 2217 subl-9‘?th
3346 2151 3357 2185 ³
3394 2149 3490 2217 De“?
3540 2148 3668 2217 v.8“)

2026 2216 2205 2267 inesse
2228 2205 2494 2267 materiae.
2527 2205 2659 2265 Nam
2693 2216 2794 2264 etsi
2824 2212 3105 2275 contingat
3138 2214 3196 2257 ut
3223 2207 3401 2257 inesse
3438 2205 3667 2267 dicatur,

2031 2294 2089 2338 ut
2122 2305 2264 2353 saepe
2300 2292 2355 2339 in
2389 2288 2704 2352 theologicis
2734 2285 3015 2350 scripturis
3057 2283 3253 2332 dicitur
3299 2279 3553 2329 divinitas
3582 2278 3667 2353 in-

2028 2375 2144 2410 esse
2174 2350 2337 2423 I5atri,
2373 2365 2467 2411 aut
2494 2350 2627 2410 ideae
2660 2357 2959 2415 elementis,
2993 2369 3102 2405 non
3132 2358 3310 2403 tamen
3335 2356 3391 2401 ut
3410 2350 3665 2423 materias.

2028 2433 2288 2483 Divinitas
2319 2420 2458 2482 enim
2492 2432 2547 2480 in
2582 2433 2730 2481 Patre
2753 2429 2951 2479 dicitur
2984 2441 3119 2483 esse,
3154 2432 3211 2475 ut
3245 2423 3476 2473 essentia
3504 2420 3560 2470 in
3602 2433 3664 2469 eo

2028 2505 2118 2567 qui
2148 2519 2270 2554 vere
2297 2510 2376 2554 est
2405 2519 2419 2563 ;
2450 2508 2502 2552 et
2530 2503 2664 2552 ideas
2696 2502 2751 2550 in
2783 2501 3082 2560 elementis,
3129 2501 3189 2546 ut
3240 2493 3575 2567 exemplaria
3607 2492 3666 2540 in

2028 2562 2111 2623 liis
2142 2590 2262 2638 quas
2293 2580 2419 2624 sunt
2447 2573 2754 2624 earumdem
2796 2572 3072 2633 imagines.
3120 2568 3247 2616 Nam
3299 2578 3477 2628 neque
3525 2562 3662 2611 ideas

2026 2650 2081 2698 in
2114 2650 2410 2708 elementis,
2452 2661 2627 2709 neque
2659 2642 2817 2698 οὐσία
2855 2646 2911 2694 in
2957 2646 3107 2693 Patre
3136 2645 3329 2691 creatae
3359 2638 3663 2688 subsisten-

2029 2718 2115 2769 tia:
2147 2725 2291 2777 sunt,
2321 2719 2517 2783 quibus
2572 2721 2627 2768 in
2686 2717 2815 2780 ipsis
2871 2717 3169 2765 accidentia
3218 2716 3467 2783 concreta
3509 2709 3616 2783 sint
3643 2722 3663 2761 8

2026 2804 2245 2853 quorum
2277 2779 2554 2840 ex'earum
2587 2779 2762 2839 causis
2792 2790 2906 2851 ipsa
2936 2787 3062 2844 sint,
3095 2792 3147 2835 et
3202 2799 3263 2836 ex
3308 2782 3502 2832 effectu
3557 2779 3660 2828 illas

2027 2862 2274 2912 dicantur
2308 2865 2563 2912 materias.
2594 2862 2777 2924 Itaque
2822 2874 2923 2909 nec
2970 2858 3127 2907 Pater
3173 2857 3477 2919 aliquorum
3503 2864 3661 2914 pror-

2025 2949 2132 2996 sus,
2164 2948 2261 2983 nec
2287 2936 2553 2984 elementa
2583 2948 2647 2982 ex
2678 2932 2812 2981 ideis
2836 2930 3071 2980 materias
3111 2932 3237 2977 sunt
3278 2924 3655 2974 accidentium.

2023 3005 2255 3068 Ideoque
2285 3019 2459 3068 neque
2491 3002 2643 3056 οὐσία
2672 3016 2848 3066 neque
2884 2997 3051 3053 εἲδὲαι
3082 2997 3532 3068 cognominantur
3554 3007 3661 3042 ma-

261 3066 470 3127 anima.
504 3079 562 3128 In
595 3066 747 3143 parte
805 3066 973 3143 igitur
1032 3093 1141 3129 una
1198 3092 1307 3128 non
1357 3084 1438 3128 est
1479 3080 1529 3128 id
1579 3066 1723 3142 quod
1753 3081 1832 3126 est
1860 3078 1914 3124 in
1948 3086 1990 3154 ρ
2030 3066 2223 3127 teriae:
2256 3080 2308 3126 et
2331 3066 2497 3139 quare
2556 3075 2743 3132 forma,
2793 3087 2911 3137 quae
2955 3071 3221 3153 .est.sine
3283 3066 3524 3144 materia,
3557 3077 3670 3154 non

261 3152 458 3205 altera,
494 3151 713 3210 scilicet,
761 3150 906 3199 aliud
964 3165 1189 3201 numero
1233 3152 1418 3201 saltem
1467 3154 1549 3199 est
1589 3164 1706 3199 esse
1747 3149 1914 3211 partis

260 3223 453 3278 unius,
504 3236 534 3270 a
595 3236 702 3285 quo
761 3224 1113 3286 compositum
1177 3236 1393 3285 quoque
1451 3221 1654 3285 aliquid
1709 3225 1805 3277 est,
1862 3222 1915 3268 et

258 3295 415 3345 aliud
447 3294 667 3343 alterius
698 3294 866 3357 partis
902 3309 1038 3355 esse,
1072 3310 1102 3343 a
1132 3308 1239 3358 quo
1264 3293 1508 3343 similiter
1554 3294 1729 3356 ipsum
1777 3305 1915 3340 com-

255 3367 501 3429 positum
530 3370 626 3425 est,
660 3372 711 3414 et
758 3367 1089 3428 conjunctim
1133 3367 1245 3415 sive
1289 3364 1601 3427 disjunctim
1653 3377 1767 3413 esse
1816 3363 1913 3411 ali-

256 3436 399 3500 quid
477 3436 693 3485 dicitur.
770 3436 878 3486 Nec
933 3438 1094 3486 modo
1152 3437 1511 3487 substentium
1567 3449 1629 3484 ex
1686 3432 1914 3482 diversis

256 3508 688 3559 subsistentibus
732 3510 1175 3571 compositorum,
1235 3512 1294 3557 ut
1354 3513 1435 3557 est
1488 3507 1647 3556 homo
1704 3505 1787 3554 vel
1832 3507 1910 3553 la-

256 3581 371 3644 pis,
406 3595 589 3631 verum
623 3582 780 3631 etiam
816 3580 1161 3644 simplicium,
1216 3585 1275 3629 ut
1326 3587 1405 3630 est
1445 3577 1678 3629 hominis
1712 3576 1908 3634 anima,

252 3666 385 3716 qua
415 3653 713 3702 subsistens
768 3667 833 3701 ex
895 3652 1058 3701 nullis
1114 3651 1534 3701 subsistentibus
1591 3653 1816 3707 constat,
1861 3653 1912 3697 et

253 3725 503 3774 omnium
566 3723 1055 3785 subsistentiarum,
1115 3724 1199 3773 vel
1260 3724 1601 3773 affectionum
1666 3721 1908 3769 acciden-

252 3797 468 3859 talium,
503 3802 554 3847 et
582 3798 813 3861 denique
872 3796 1116 3847 omnium
1164 3812 1283 3860 quas
1326 3797 1401 3845 sic
1443 3800 1569 3845 sunt
1613 3810 1678 3844 ex
1708 3794 1909 3857 princi-

257 3870 373 3933 pio.
409 3873 467 3918 ut
496 3883 606 3919 non
641 3870 749 3919 sint
777 3868 1119 3933 principium,
1172 3869 1405 3932 qualiter
1450 3867 1764 3932 praedictum
1810 3870 1907 3923 est,

258 3939 437 3990 multa
488 3944 615 3990 sunt
664 3953 727 3989 ex
787 3940 986 4004 quibus
1047 3940 1469 4003 unumquodque
1544 3941 1626 3988 est
1689 3938 1909 4001 aliquid.

256 4010 346 4060 Ac
379 4025 473 4074 per
503 4011 606 4060 hoc
652 4026 779 4061 vera
841 4012 1048 4060 ratione
1094 4012 1297 4060 nullum
1347 4024 1530 4061 eorum
1562 4014 1643 4060 est
1676 4010 1727 4059 id
1764 4008 1907 4073 quod

255 4086 364 4132 est.
394 4081 544 4141 Quod
582 4096 709 4132 vero
743 4096 852 4131 non
903 4085 984 4130 est
1036 4096 1098 4130 ex
1148 4082 1250 4131 hoc
1303 4086 1463 4144 atque
1495 4095 1557 4131 ex
1593 4080 1712 4139 hoc,
1746 4081 1796 4128 id
1829 4083 1910 4128 est

257 4168 375 4205 non
423 4169 485 4204 ex
546 4156 789 4210 diversis,
845 4156 937 4203 sed
990 4158 1195 4203 tantum
1251 4159 1331 4203 est
1387 4169 1451 4203 ex
1508 4154 1628 4210 hoc,
1686 4152 1907 4209 scilicet,

256 4228 421 4289 cujus
452 4230 531 4276 est
565 4240 732 4276 unum
792 4226 963 4275 solum
1022 4227 1166 4290 quod
1225 4226 1307 4284 sit,
1368 4224 1501 4275 illud
1558 4238 1683 4274 vere
1740 4224 1907 4273 estid

250 4298 403 4362 quod
436 4303 535 4354 est,
588 4312 697 4348 non
751 4297 893 4347 aliud
960 4298 1025 4347 ab
1077 4312 1159 4356 eo,
1192 4301 1251 4347 ut
1292 4299 1451 4357 Deus,
1490 4297 1571 4346 vel
1615 4298 1731 4360 ejus
1769 4297 1907 4345 divi-

249 4370 419 4420 nitas.
448 4368 566 4419 Non
602 4369 744 4419 enim
776 4373 855 4418 est
888 4383 918 4417 a
968 4370 1245 4418 divinitate
1297 4369 1438 4417 aliud
1478 4382 1583 4431 quo
1630 4368 1774 4416 Deus
1818 4365 1905 4421 sit;

255 4455 366 4491 nec
398 4445 478 4490 est
523 4440 668 4491 unde
727 4440 980 4490 divinitas
1039 4440 1156 4504 ipsa
1203 4440 1288 4499 sit,
1339 4440 1441 4489 nisi
1490 4442 1633 4503 quod
1675 4453 1739 4487 ea
1770 4440 1905 4488 Deus

255 4516 345 4562 est
376 4527 388 4571 ;
422 4516 473 4562 et
502 4513 781 4575 quodlibet
811 4513 913 4562 hoc
946 4514 1018 4562 ita
1049 4512 1423 4575 singularitate
1465 4516 1519 4561 et
1565 4511 1902 4574 simplicitate

254 4584 477 4647 generis
507 4585 855 4649 singulariter
878 4589 929 4633 et
961 4582 1276 4646 simpliciter
1307 4598 1495 4645 unum,
1523 4587 1604 4632 est
1652 4582 1904 4645 pulcher-

258 4656 457 4705 rimum
489 4659 709 4720 propria
739 4670 963 4705 summae
986 4654 1265 4718 dignitatis
1295 4656 1489 4716 specie,
1524 4653 1910 4703 fortissimum-

259 4740 369 4790 que
402 4741 498 4777 sua
529 4727 938 4791 incomparabili
969 4731 1251 4791 potestate.
1309 4726 1459 4784 Quod
1512 4730 1652 4776 recte
1695 4726 1759 4775 de
1789 4725 1906 4787 ipso

258 4798 476 4857 dicitur,
510 4798 639 4862 quia
669 4800 771 4849 hoc
811 4799 957 4848 nullo
1005 4800 1158 4863 cujus
1215 4803 1370 4862 egeat
1416 4798 1743 4848 adminiculo
1788 4797 1905 4848 niti-

252 4874 366 4918 tur.

326 4942 619 5010 Quocirca]
676 4943 883 5002 Quasi:
942 4944 1385 5007 Quandoquidem
1471 4943 1615 5007 quod
1695 4947 1903 4993 tantum

256 5018 364 5063 hoc
394 5028 513 5064 vere
545 5021 624 5064 est
651 5016 703 5064 id
736 5017 878 5079 quod
913 5021 1010 5072 est,
1045 5017 1293 5079 quocirca
1323 5016 1424 5063 hoc
1454 5030 1575 5064 vere
1612 5019 1691 5063 est
1716 5028 1903 5071 unum,

253 5091 311 5135 ct
338 5085 442 5134 tale
474 5100 658 5145 unum,
692 5088 746 5136 in
777 5101 886 5151 quo
918 5089 1095 5137 nullus
1130 5092 1209 5136 est
1238 5086 1586 5135 essentiarum
1625 5099 1901 5145 numerus,

252 5158 385 5221 quia
420 5158 625 5207 nullum
658 5159 712 5207 in
745 5173 807 5207 eo
841 5160 984 5209 aliud
1042 5172 1155 5208 e=se
1211 5162 1568 5220 praeterquam
1623 5157 1675 5205 id
1735 5171 1901 5205 unum

256 5242 369 5291 quo
401 5228 545 5277 solus
577 5234 675 5278 est.
707 5228 889 5279 Vere:
951 5228 1148 5279 etenim
1211 5240 1388 5291 neque
1450 5242 1511 5276 eo
1555 5227 1700 5289 quod
1748 5227 1903 5289 juxta

257 5299 614 5362 principalem
676 5313 825 5349 suam
884 5301 1169 5350 essentiam
1229 5300 1283 5346 in
1338 5312 1392 5347 se
1450 5298 1648 5360 aliquid
1687 5297 1900 5358 habeat,

258 5369 559 5433 subjectum
594 5372 705 5421 ﬁeri
757 5377 955 5436 potest.
1002 5372 1221 5430 Quare?
1270 5371 1362 5419 Est
1408 5372 1549 5420 enim
1604 5369 1791 5425 forma,
1851 5376 1903 5419 et

256 5443 402 5506 quod
437 5456 530 5505 per
564 5445 665 5493 hoc
712 5448 856 5494 recte
893 5442 1206 5507 probaverit
1243 5443 1375 5492 illud
1424 5456 1532 5492 non
1577 5456 1731 5505 posse
1772 5442 1902 5490 sub-

244 5516 454 5579 jectum
489 5532 626 5574 esse,
677 5532 771 5580 per
820 5532 875 5567 se
932 5522 1058 5567 nota
1106 5518 1606 5566 mathematicorum
1654 5518 1897 5579 proposi-

255 5588 405 5637 tione
457 5589 711 5645 declarat,
764 5590 992 5638 dicens:
1050 5590 1255 5638 Formm
1308 5602 1432 5637 vero
1475 5588 1728 5651 subjecta;
1782 5602 1899 5637 esse

246 5673 364 5709 non
400 5666 640 5723 possunt,
670 5662 718 5709 id
755 5666 852 5715 est.
894 5662 1049 5724 juxta
1093 5660 1322 5721 aliquam
1375 5674 1535 5723 quam
1592 5659 1649 5709 in
1710 5675 1763 5709 se
1811 5660 1901 5709 ha-

246 5737 421 5784 beant
450 5734 853 5784 subsistentiam
888 5737 1095 5784 nullum
1128 5734 1377 5783 accidens
1406 5735 1457 5781 in
1486 5748 1541 5782 se
1582 5735 1897 5797 suscipiunt.

247 5807 387 5859 Nam
419 5806 462 5856 si
491 5808 613 5875 quis
641 5812 878 5874 opponat
906 5806 1051 5875 quod
1102 5809 1307 5859 cetera:
1354 5804 1559 5872 formas,
1604 5819 1737 5874 quas
1792 5820 1900 5859 ma-

2031 3148 2190 3196 modo
2221 3162 2329 3196 non
2348 3135 2444 3204 sit,
2470 3147 2563 3196 sed
2599 3160 2697 3196 nec
2755 3135 3195 3194 denominatione
3257 3135 3670 3201 cognominatur

2023 3218 2266 3277 materia,
2294 3220 2529 3269 ostendit
2560 3218 2745 3267 dicens
2776 3229 2788 3266 :
2821 3218 3004 3278 Neque
3037 3212 3182 3263 enim
3213 3214 3352 3284 esset
3400 3221 3524 3284 vero
3574 3220 3669 3284 no-

2022 3290 2166 3339 mine
2198 3290 2383 3347 forma,
2417 3290 2509 3339 sed
2551 3290 2731 3352 potius
2783 3277 2979 3349 imago.
3028 3284 3191 3333 Recte
3236 3281 3442 3352 utique.
3472 3277 3547 3326 Ex
3578 3277 3663 3326 his

2024 3362 2165 3409 enim
2197 3363 2380 3411 formis
2437 3351 2564 3424 quas
2619 3364 2747 3409 sunt
2801 3363 2997 3422 praeter
3052 3355 3351 3411 materiam,
3390 3351 3442 3400 id
3493 3353 3670 3399 estex

2022 3432 2249 3481 sinceris
2278 3423 2610 3489 substantiis,
2643 3432 2766 3494 igne
2798 3430 3001 3479 scilicet
3047 3432 3101 3477 et
3145 3439 3284 3487 aere,
3325 3429 3377 3472 et
3424 3435 3580 3485 aqua,
3614 3423 3667 3469 et

2022 3505 2185 3560 terra,
2217 3518 2326 3553 nou
2360 3504 2542 3566 utique
2574 3503 2655 3551 his
2686 3515 2806 3566 quis
2837 3501 2891 3549 in
2921 3496 3028 3568 ὕλη
3061 3498 3263 3547 habent
3284 3498 3524 3568 mutuam
3545 3504 3670 3540 con-

2022 3573 2334 3637 cretionem,
2361 3562 2599 3637 sed—quas
2630 3562 2757 3623 sunt
2786 3587 2851 3622 ex
2908 3562 3041 3620 silva
3090 3574 3144 3619 et
3177 3562 3505 3629 intelligibili
3536 3576 3663 3624 spe-

2020 3646 2118 3702 cie,
2154 3660 2273 3708 quee
2303 3650 2431 3695 sunt
2464 3647 2599 3696 idem
2630 3645 2923 3703 sensilium,
2970 3643 3085 3691 istas
3134 3642 3317 3689 formas
3358 3649 3484 3708 quas
3537 3637 3666 3683 sunt

2019 3716 2074 3764 in
2111 3705 2351 3779 materia,
2384 3724 2436 3768 et
2467 3719 2515 3766 ei
2546 3717 2689 3781 quod
2721 3721 2801 3765 est
2840 3729 2956 3765 esse
3003 3710 3241 3763 materias
3295 3705 3664 3781 advenientes,

2021 3802 2216 3852 corpus
2247 3778 2510 3852 efficiunt,
2541 3778 2771 3852 quadam
2821 3785 3049 3848 exempli
3098 3784 3163 3833 ab
3220 3778 3509 3852 exemplari
3562 3790 3664 3852 suo

2020 3848 2410 3910 con—formaliva
2457 3848 2779 3911 ded—actione
2832 3859 3118 3909 venerunt.
3174 3854 3253 3902 Ac
3304 3865 3399 3914 Per
3428 3850 3531 3897 hoc
3561 3848 3663 3926 ίμίθ

2018 3931 2240 3981 sinceras
2280 3933 2433 3991 ideas,
2495 3932 2551 3981 id
2613 3936 2693 3983 est
2744 3930 3092 3994 exemplares,
3151 3930 3203 3976 et
3255 3936 3382 3973 vero
3443 3932 3664 3970 nomine

2022 4003 2202 4052 formas
2235 4012 2509 4055 vocantur.
2543 4005 2672 4054 Nam
2699 4008 2923 4053 caeteras
2953 4015 3073 4065 quas
3104 4000 3160 4048 in
3191 3994 3507 4059 corporibus
3538 3994 3667 4039 sunt

2018 4080 2275 4125 vocantes
2314 4077 2530 4138 formas,
2593 4078 2697 4126 hoc
2752 4076 2971 4125 nomine
3017 4070 3310 4124 abutimur,
3363 4066 3490 4115 dum
3549 4075 3662 4138 non

2018 4145 2171 4209 ideas,
2204 4148 2297 4197 sed
2326 4133 2573 4198 idearu'm
2605 4149 2714 4197 sint
2743 4145 2964 4211 εἷνόνες,
2997 4144 3050 4192 id
3085 4146 3166 4192 est
3207 4139 3481 4214 imagines,
3513 4133 3659 4214 ςυρά

2017 4216 2205 4281 utique
2240 4233 2435 4269 nomen
2470 4222 2546 4268 eis
2579 4219 2768 4269 melius
2798 4210 3067 4266 convenit.
3110 4210 3480 4281 Assimilantur
3513 4210 3658 4281 enim

2018 4279 2133 4339 non
2158 4291 2371 4353 quidem
2403 4292 2566 4353 plena
2589 4293 2643 4340 in
2676 4295 2786 4340 tota
2814 4290 2896 4340 sui
2927 4284 3244 4343 substantia,
3280 4279 3469 4353 authin
3498 4279 3657 4353 parte

2017 4374 2127 4411 suae
2173 4347 2488 4413 substantiae
2536 4364 2830 4425 semiplena
2877 4355 3211 4409 substantiali
3256 4347 3652 4426 similitudine:

2016 4433 2145 4494 quia
2173 4433 2388 4482 internis
2417 4418 2731 4497 temporalia
2778 4432 3086 4482 nullatenus
3133 4418 3652 4499 possunt-comerri,

2013 4490 2104 4551 sed
2137 4505 2365 4567 quadam
2398 4490 2544 4555 extra
2579 4505 2933 4555 substantiam
2978 4496 3281 4569 imitatione
3334 4492 3419 4569 his
3466 4490 3654 4569 formis

2012 4560 2273 4637 (μιωήοη
2307 4580 2433 4626 sunt
2462 4578 2515 4625 in
2554 4576 2779 4627 materia
2833 4572 3157 4630 constitutae,
3216 4566 3457 4623 sinceris;
3516 4560 3653 4610 scili-

2011 4654 2110 4704 cet,
2144 4648 2283 4699 sicut
2311 4650 2509 4700 dictum
2543 4657 2640 4713 est,
2673 4648 2985 4701 substantiis
3013 4650 3067 4696 et
3091 4642 3307 4694 aeternis
3342 4639 3497 4713 ideis.

2071 4722 2229 4771 Nulla
2260 4724 2442 4784 igitur,
2474 4724 2598 4786 etc.]
2630 4711 2695 4773 in
2753 4718 3182 4786 praecedentibus
3232 4728 3351 4765 cum
3409 4711 3649 4786 dixisset,

2010 4795 2152 4857 quod
2185 4782 2299 4845 non
2330 4800 2410 4846 est
2440 4797 2540 4845 hoc
2565 4782 2723 4859 atque
2754 4782 2873 4851 hoc,
2899 4794 2993 4842 sed
3051 4795 3259 4841 tantum
3319 4790 3399 4859 est
3426 4785 3547 4845 hoc,
3594 4782 3656 4830 il-

2009 4865 2101 4915 lud
2134 4881 2257 4917 vere
2289 4872 2370 4917 est
2400 4868 2451 4916 id
2482 4858 2749 4930 quodest,
2816 4866 3001 4915 intulit
3030 4879 3043 4913 :
3077 4861 3337 4920 Quocirca
3390 4858 3491 4907 hoc
3522 4869 3651 4904 vere

2009 4952 2199 4997 unum,
2230 4940 2284 4987 in
2320 4953 2426 5003 quo
2475 4940 2657 4989 nullus
2686 4952 2962 4995 numerus,
2994 4941 3046 4985 et
3076 4935 3142 4984 ad
3171 4933 3274 4981 hoc
3317 4943 3495 4980 rerum
3526 4942 3651 4991 pro-

2007 5013 2265 5069 bandum,
2301 5012 2437 5062 dixit
2468 5028 2480 5060 :
2508 5013 2693 5076 Neque
2742 5014 2885 5062 enim
2943 5008 3241 5072 subjectum
3295 5005 3409 5053 ﬁeri
3453 5002 3650 5076 potest.

2009 5086 2118 5134 Hoc
2147 5086 2309 5149 igitur
2338 5090 2571 5143 ostenso,
2603 5074 2798 5134 iterum
2832 5082 2992 5132 infert
3020 5082 3180 5135 idem,
3229 5077 3381 5140 quasi
3410 5091 3426 5149 :_
3454 5074 3652 5149 Quan-

2007 5146 2294 5217 doquidem
2326 5157 2378 5205 id
2410 5157 2555 5220 quod
2590 5162 2670 5206 est
2698 5161 2924 5212 tantum,
2958 5154 3059 5203 hoc
3118 5163 3295 5211 neque
3348 5146 3649 5220 subjectum

2006 5216 2107 5284 est,
2136 5242 2310 5290 neque
2341 5230 2393 5277 in
2425 5216 2689 5292 subjecto,
2722 5229 2883 5292 igitur
2930 5227 2983 5275 in
3037 5239 3099 5274 eo
3130 5222 3276 5272 nulla
3314 5230 3535 5295 prorsus
3564 5216 3647 5295 est

2003 5313 2064 5347 ex
2094 5299 2368 5349 diﬂ'erenti
2399 5291 2535 5350 esse
2565 5291 2863 5359 diversitas,
2914 5300 3062 5350 nulla
3107 5312 3169 5346 ex
3203 5296 3302 5343 hac
3340 5291 3645 5340 diversitate

2004 5372 2299 5435 pluralitas,
2354 5374 2502 5423 nulla
2558 5375 2721 5423 etiam
2774 5389 2835 5423 ex
2891 5368 3257 5421 accidentibus
3310 5360 3641 5435 multitudo;

2002 5430 2162 5507 atque
2221 5443 2417 5493 idcirco
2473 5458 2572 5494 nec
2612 5446 2700 5495 ille
2755 5458 2910 5509 quem
2973 5441 3326 5492 diversorum,
3387 5446 3519 5509 nec_
3559 5430 3642 5479 ille

2002 5504 2160 5582 quem
2201 5518 2363 5566 unius
2419 5516 2693 5568 diversum
2744 5504 2881 5576 esse,
2928 5515 3012 5565 vel
3054 5512 3323 5562 diversum
3373 5504 3641 5586 accidens,

2000 5577 2083 5641 vel
2114 5605 2228 5640 esse
2260 5596 2313 5641 et
2339 5591 2610 5656 accidens,
2650 5592 2786 5642 solet
2838 5591 3013 5639 facere
3058 5597 3330 5635 numerus.
3380 5580 3511 5628 Nam
3560 5577 3644 5625 di-

2001 5680 2213 5716 versum
2246 5667 2434 5717 saltem
2466 5680 2692 5717 numero
2719 5664 2802 5713 vel
2833 5664 2992 5711 etiam
3024 5655 3457 5733 dissimilitudine
3492 5663 3640 5733 esse,

2002 5745 2054 5790 et
2082 5741 2129 5790 ei
2162 5740 2415 5791 accidens
2468 5753 2676 5800 semper
2723 5741 2802 5786 est
2847 5737 3201 5794 diversorum,
3249 5734 3309 5780 ut
3358 5728 3642 5777 hominum

2002 5826 2114 5865 non
2172 5810 2625 5869 dissimilitudine,
2651 5809 2765 5871 {sed
2827 5811 2939 5861 solo
2986 5823 3210 5863 numero
3246 5803 3645 5861 diversumest
