  <div class='ocr_page' id='page_1' title='image "/cluster/home/n/w/nwhite01/storage/ocr_20150623/64/hvd.32044073505125/643.png"; bbox 0 0 4024 6184; ppageno 0'>
   <div class='ocr_carea' id='block_1_1' title="bbox 458 210 595 272">
    <p class='ocr_par' dir='ltr' id='par_1_1' title="bbox 458 210 595 272">
     <span class='ocr_line' id='line_1_1' title="bbox 458 210 595 272; baseline -0.022 0"><span class='ocrx_word' id='word_1_1' title='bbox 458 210 595 272; x_wconf 73' lang='grc'>1273</span> 
     </span>
    </p>
   </div>
   <div class='ocr_carea' id='block_1_2' title="bbox 1699 190 2626 263">
    <p class='ocr_par' dir='ltr' id='par_1_2' title="bbox 1699 190 2626 263">
     <span class='ocr_line' id='line_1_2' title="bbox 1699 190 2626 263; baseline 0.008 -7"><span class='ocrx_word' id='word_1_2' title='bbox 1699 199 1770 256; x_wconf 83' lang='grc' dir='ltr'><strong>ΙΝ</strong></span> <span class='ocrx_word' id='word_1_3' title='bbox 1809 195 2075 255; x_wconf 78' lang='lat' dir='ltr'>LIBRUM</span> <span class='ocrx_word' id='word_1_4' title='bbox 2114 190 2210 257; x_wconf 81' lang='lat' dir='ltr'>DE</span> <span class='ocrx_word' id='word_1_5' title='bbox 2247 196 2626 263; x_wconf 78' lang='lat' dir='ltr'>TBINITATE</span> 
     </span>
    </p>
   </div>
   <div class='ocr_carea' id='block_1_3' title="bbox 3670 208 3779 265">
    <p class='ocr_par' dir='ltr' id='par_1_3' title="bbox 3670 208 3779 265">
     <span class='ocr_line' id='line_1_3' title="bbox 3670 208 3779 265; baseline 0.037 -4"><span class='ocrx_word' id='word_1_6' title='bbox 3670 208 3779 265; x_wconf 67' lang='lat' dir='ltr'>lﬂﬁ</span> 
     </span>
    </p>
   </div>
   <div class='ocr_carea' id='block_1_4' title="bbox 463 320 2144 396">
    <p class='ocr_par' dir='ltr' id='par_1_4' title="bbox 463 321 2144 393">
     <span class='ocr_line' id='line_1_4' title="bbox 463 321 2144 393; baseline -0.012 -4"><span class='ocrx_word' id='word_1_7' title='bbox 463 352 623 389; x_wconf 90' lang='lat' dir='ltr'>omne</span> <span class='ocrx_word' id='word_1_8' title='bbox 656 350 793 388; x_wconf 87' lang='lat' dir='ltr'>esse.</span> <span class='ocrx_word' id='word_1_9' title='bbox 823 333 1133 386; x_wconf 82' lang='lat' dir='ltr'>Accidentia</span> <span class='ocrx_word' id='word_1_10' title='bbox 1174 344 1302 381; x_wconf 91' lang='lat' dir='ltr'>vero</span> <span class='ocrx_word' id='word_1_11' title='bbox 1362 326 1608 393; x_wconf 64' lang='lat' dir='ltr'>quaedam</span> <span class='ocrx_word' id='word_1_12' title='bbox 1665 338 1892 376; x_wconf 90' lang='lat' dir='ltr'>numero</span> <span class='ocrx_word' id='word_1_13' title='bbox 1952 321 2065 373; x_wconf 90' lang='lat' dir='ltr'>solo</span> <span class='ocrx_word' id='word_1_14' title='bbox 2098 337 2111 370; x_wconf 85' lang='lat'><strong>:</strong></span> <span class='ocrx_word' id='word_1_15' title='bbox 2142 377 2144 386; x_wconf 36' lang='grc' dir='ltr'>ι</span> 
     </span>
    </p>
   </div>
   <div class='ocr_carea' id='block_1_5' title="bbox 2253 320 3786 396">
    <p class='ocr_par' dir='ltr' id='par_1_5' title="bbox 2253 327 3786 396">
     <span class='ocr_line' id='line_1_5' title="bbox 2253 327 3786 396; baseline -0.001 -13"><span class='ocrx_word' id='word_1_16' title='bbox 2253 336 2311 383; x_wconf 70' lang='grc' dir='ltr'>ιει</span> <span class='ocrx_word' id='word_1_17' title='bbox 2338 334 2403 384; x_wconf 88' lang='lat' dir='ltr'>ad</span> <span class='ocrx_word' id='word_1_18' title='bbox 2438 347 2499 383; x_wconf 89' lang='lat' dir='ltr'>ea</span> <span class='ocrx_word' id='word_1_19' title='bbox 2525 347 2589 382; x_wconf 80' lang='lat' dir='ltr'>ex</span> <span class='ocrx_word' id='word_1_20' title='bbox 2623 346 2855 396; x_wconf 89' lang='lat' dir='ltr'>quorum</span> <span class='ocrx_word' id='word_1_21' title='bbox 2886 330 3194 381; x_wconf 66' lang='lat' dir='ltr'>diversitate</span> <span class='ocrx_word' id='word_1_22' title='bbox 3252 327 3387 379; x_wconf 88' lang='lat' dir='ltr'>solet</span> <span class='ocrx_word' id='word_1_23' title='bbox 3433 340 3657 378; x_wconf 86' lang='lat' dir='ltr'>numerus</span> <span class='ocrx_word' id='word_1_24' title='bbox 3679 342 3786 392; x_wconf 83' lang='lat' dir='ltr'>esse,</span> 
     </span>
    </p>
   </div>
   <div class='ocr_carea' id='block_1_6' title="bbox 466 396 2111 467">
    <p class='ocr_par' dir='ltr' id='par_1_6' title="bbox 466 396 2111 467">
     <span class='ocr_line' id='line_1_6' title="bbox 466 396 2111 467; baseline -0.01 -7"><span class='ocrx_word' id='word_1_25' title='bbox 466 414 528 460; x_wconf 90' lang='lat' dir='ltr'>ut</span> <span class='ocrx_word' id='word_1_26' title='bbox 559 410 784 459; x_wconf 87' lang='lat' dir='ltr'>duorum</span> <span class='ocrx_word' id='word_1_27' title='bbox 817 408 1076 467; x_wconf 88' lang='lat' dir='ltr'>alborum,</span> <span class='ocrx_word' id='word_1_28' title='bbox 1099 403 1291 454; x_wconf 87' lang='lat' dir='ltr'>albedo</span> <span class='ocrx_word' id='word_1_29' title='bbox 1324 406 1377 452; x_wconf 90' lang='lat' dir='ltr'>et</span> <span class='ocrx_word' id='word_1_30' title='bbox 1405 400 1633 458; x_wconf 87' lang='lat' dir='ltr'>albedo;</span> <span class='ocrx_word' id='word_1_31' title='bbox 1665 396 1910 462; x_wconf 75' lang='lat' dir='ltr'>quaedam</span> <span class='ocrx_word' id='word_1_32' title='bbox 1951 396 2111 445; x_wconf 89' lang='lat' dir='ltr'>etiam</span> 
     </span>
    </p>
   </div>
   <div class='ocr_carea' id='block_1_7' title="bbox 471 469 2115 538">
    <p class='ocr_par' dir='ltr' id='par_1_7' title="bbox 471 469 2115 538">
     <span class='ocr_line' id='line_1_7' title="bbox 471 469 2115 538; baseline -0.008 -7"><span class='ocrx_word' id='word_1_33' title='bbox 471 479 930 537; x_wconf 77' lang='lat' dir='ltr'>dissimilitudine,</span> <span class='ocrx_word' id='word_1_34' title='bbox 963 482 1023 527; x_wconf 90' lang='lat' dir='ltr'>ut</span> <span class='ocrx_word' id='word_1_35' title='bbox 1077 478 1183 526; x_wconf 90' lang='lat' dir='ltr'>albi</span> <span class='ocrx_word' id='word_1_36' title='bbox 1231 480 1285 526; x_wconf 88' lang='lat' dir='ltr'>et</span> <span class='ocrx_word' id='word_1_37' title='bbox 1324 473 1486 538; x_wconf 88' lang='lat' dir='ltr'>nigri.</span> <span class='ocrx_word' id='word_1_38' title='bbox 1533 472 1739 523; x_wconf 83' lang='lat' dir='ltr'>Albedo</span> <span class='ocrx_word' id='word_1_39' title='bbox 1784 476 1839 520; x_wconf 87' lang='lat' dir='ltr'>et</span> <span class='ocrx_word' id='word_1_40' title='bbox 1894 469 2115 532; x_wconf 80' lang='lat' dir='ltr'>nigredo</span> 
     </span>
    </p>
   </div>
   <div class='ocr_carea' id='block_1_8' title="bbox 473 539 2117 611">
    <p class='ocr_par' dir='ltr' id='par_1_8' title="bbox 473 539 2117 611">
     <span class='ocr_line' id='line_1_8' title="bbox 473 539 2117 611; baseline -0.01 -7"><span class='ocrx_word' id='word_1_41' title='bbox 473 556 685 604; x_wconf 85' lang='lat' dir='ltr'>diversa</span> <span class='ocrx_word' id='word_1_42' title='bbox 716 557 884 611; x_wconf 90' lang='lat' dir='ltr'>sunt;</span> <span class='ocrx_word' id='word_1_43' title='bbox 915 551 1193 599; x_wconf 87' lang='lat' dir='ltr'>hominum</span> <span class='ocrx_word' id='word_1_44' title='bbox 1249 561 1377 597; x_wconf 91' lang='lat' dir='ltr'>vero</span> <span class='ocrx_word' id='word_1_45' title='bbox 1433 550 1594 608; x_wconf 91' lang='lat' dir='ltr'>atque</span> <span class='ocrx_word' id='word_1_46' title='bbox 1640 556 1900 607; x_wconf 85' lang='lat' dir='ltr'>equorum</span> <span class='ocrx_word' id='word_1_47' title='bbox 1944 539 2117 604; x_wconf 86' lang='lat' dir='ltr'>pluri-</span> 
     </span>
    </p>
   </div>
   <div class='ocr_carea' id='block_1_9' title="bbox 478 613 2117 676">
    <p class='ocr_par' dir='ltr' id='par_1_9' title="bbox 478 613 2117 676">
     <span class='ocr_line' id='line_1_9' title="bbox 478 613 2117 676; baseline -0.009 0"><span class='ocrx_word' id='word_1_48' title='bbox 478 641 624 676; x_wconf 93' lang='lat' dir='ltr'>mum</span> <span class='ocrx_word' id='word_1_49' title='bbox 658 639 773 673; x_wconf 85' lang='lat' dir='ltr'>esse</span> <span class='ocrx_word' id='word_1_50' title='bbox 805 627 858 673; x_wconf 92' lang='lat' dir='ltr'>et</span> <span class='ocrx_word' id='word_1_51' title='bbox 888 622 934 673; x_wconf 90' lang='lat' dir='ltr'>ei</span> <span class='ocrx_word' id='word_1_52' title='bbox 968 622 1216 671; x_wconf 85' lang='lat' dir='ltr'>accidens</span> <span class='ocrx_word' id='word_1_53' title='bbox 1245 634 1352 669; x_wconf 91' lang='lat' dir='ltr'>non</span> <span class='ocrx_word' id='word_1_54' title='bbox 1390 618 1503 667; x_wconf 82' lang='lat' dir='ltr'>solo</span> <span class='ocrx_word' id='word_1_55' title='bbox 1556 630 1799 673; x_wconf 89' lang='lat' dir='ltr'>numero,</span> <span class='ocrx_word' id='word_1_56' title='bbox 1825 614 1917 663; x_wconf 84' lang='lat' dir='ltr'>sed</span> <span class='ocrx_word' id='word_1_57' title='bbox 1958 613 2117 662; x_wconf 90' lang='lat' dir='ltr'>etiam</span> 
     </span>
    </p>
   </div>
   <div class='ocr_carea' id='block_1_10' title="bbox 481 684 2120 752">
    <p class='ocr_par' dir='ltr' id='par_1_10' title="bbox 481 684 2120 752">
     <span class='ocr_line' id='line_1_10' title="bbox 481 684 2120 752; baseline -0.01 -5"><span class='ocrx_word' id='word_1_58' title='bbox 481 696 911 748; x_wconf 74' lang='lat' dir='ltr'>dissimilitudine</span> <span class='ocrx_word' id='word_1_59' title='bbox 947 695 1216 743; x_wconf 87' lang='lat' dir='ltr'>diversum</span> <span class='ocrx_word' id='word_1_60' title='bbox 1249 694 1344 741; x_wconf 86' lang='lat' dir='ltr'>est.</span> <span class='ocrx_word' id='word_1_61' title='bbox 1376 691 1543 740; x_wconf 91' lang='lat' dir='ltr'>Unius</span> <span class='ocrx_word' id='word_1_62' title='bbox 1569 701 1784 752; x_wconf 89' lang='lat' dir='ltr'>quoque</span> <span class='ocrx_word' id='word_1_63' title='bbox 1832 689 1891 735; x_wconf 90' lang='lat' dir='ltr'>ut</span> <span class='ocrx_word' id='word_1_64' title='bbox 1937 684 2120 748; x_wconf 90' lang='lat' dir='ltr'>cujus-</span> 
     </span>
    </p>
   </div>
   <div class='ocr_carea' id='block_1_11' title="bbox 477 756 2121 832">
    <p class='ocr_par' dir='ltr' id='par_1_11' title="bbox 477 756 2121 832">
     <span class='ocr_line' id='line_1_11' title="bbox 477 756 2121 832; baseline -0.01 -14"><span class='ocrx_word' id='word_1_65' title='bbox 477 768 609 818; x_wconf 93' lang='lat' dir='ltr'>libet</span> <span class='ocrx_word' id='word_1_66' title='bbox 638 766 874 817; x_wconf 81' lang='lat' dir='ltr'>hominis</span> <span class='ocrx_word' id='word_1_67' title='bbox 905 770 961 832; x_wconf 67' lang='lat' dir='ltr'>et</span> <span class='ocrx_word' id='word_1_68' title='bbox 978 779 1094 814; x_wconf 87' lang='lat' dir='ltr'>esse</span> <span class='ocrx_word' id='word_1_69' title='bbox 1126 764 1411 827; x_wconf 88' lang='lat' dir='ltr'>plurimum</span> <span class='ocrx_word' id='word_1_70' title='bbox 1444 765 1542 820; x_wconf 90' lang='lat' dir='ltr'>est,</span> <span class='ocrx_word' id='word_1_71' title='bbox 1569 766 1620 809; x_wconf 92' lang='lat' dir='ltr'>et</span> <span class='ocrx_word' id='word_1_72' title='bbox 1667 759 1965 808; x_wconf 75' lang='lat' dir='ltr'>accidentia</span> <span class='ocrx_word' id='word_1_73' title='bbox 2008 756 2121 817; x_wconf 85' lang='lat' dir='ltr'>plu-</span> 
     </span>
    </p>
   </div>
   <div class='ocr_carea' id='block_1_12' title="bbox 478 834 2119 901">
    <p class='ocr_par' dir='ltr' id='par_1_12' title="bbox 478 834 2119 901">
     <span class='ocr_line' id='line_1_12' title="bbox 478 834 2119 901; baseline -0.009 -11"><span class='ocrx_word' id='word_1_74' title='bbox 478 854 656 901; x_wconf 81' lang='lat' dir='ltr'>rima;</span> <span class='ocrx_word' id='word_1_75' title='bbox 692 853 791 888; x_wconf 91' lang='lat' dir='ltr'>nec</span> <span class='ocrx_word' id='word_1_76' title='bbox 841 839 1001 887; x_wconf 93' lang='lat' dir='ltr'>modo</span> <span class='ocrx_word' id='word_1_77' title='bbox 1064 849 1290 885; x_wconf 90' lang='lat' dir='ltr'>numero</span> <span class='ocrx_word' id='word_1_78' title='bbox 1342 834 1442 883; x_wconf 89' lang='lat' dir='ltr'>sub</span> <span class='ocrx_word' id='word_1_79' title='bbox 1496 846 1602 881; x_wconf 93' lang='lat' dir='ltr'>uno</span> <span class='ocrx_word' id='word_1_80' title='bbox 1656 844 1870 895; x_wconf 86' lang='lat' dir='ltr'>genere,</span> <span class='ocrx_word' id='word_1_81' title='bbox 1930 840 2119 878; x_wconf 87' lang='lat' dir='ltr'>verum</span> 
     </span>
    </p>
   </div>
   <div class='ocr_carea' id='block_1_13' title="bbox 482 908 2118 969">
    <p class='ocr_par' dir='ltr' id='par_1_13' title="bbox 482 908 2118 969">
     <span class='ocr_line' id='line_1_13' title="bbox 482 908 2118 969; baseline -0.009 -7"><span class='ocrx_word' id='word_1_82' title='bbox 482 913 640 962; x_wconf 91' lang='lat' dir='ltr'>etiam</span> <span class='ocrx_word' id='word_1_83' title='bbox 673 908 1105 959; x_wconf 77' lang='lat' dir='ltr'>dissimilitudine</span> <span class='ocrx_word' id='word_1_84' title='bbox 1140 908 1438 969; x_wconf 88' lang='lat' dir='ltr'>aliquorum</span> <span class='ocrx_word' id='word_1_85' title='bbox 1473 917 1733 966; x_wconf 82' lang='lat' dir='ltr'>generum</span> <span class='ocrx_word' id='word_1_86' title='bbox 1776 915 1994 951; x_wconf 89' lang='lat' dir='ltr'>suorum</span> <span class='ocrx_word' id='word_1_87' title='bbox 2025 912 2118 948; x_wconf 88' lang='lat' dir='ltr'>seu</span> 
     </span>
    </p>
   </div>
   <div class='ocr_carea' id='block_1_14' title="bbox 482 969 2117 1032">
    <p class='ocr_par' dir='ltr' id='par_1_14' title="bbox 482 969 2117 1032">
     <span class='ocr_line' id='line_1_14' title="bbox 482 969 2117 1032; baseline -0.009 0"><span class='ocrx_word' id='word_1_88' title='bbox 482 983 726 1032; x_wconf 91' lang='lat' dir='ltr'>omnium</span> <span class='ocrx_word' id='word_1_89' title='bbox 758 981 897 1029; x_wconf 90' lang='lat' dir='ltr'>inter</span> <span class='ocrx_word' id='word_1_90' title='bbox 926 994 981 1029; x_wconf 92' lang='lat' dir='ltr'>se</span> <span class='ocrx_word' id='word_1_91' title='bbox 1017 979 1228 1028; x_wconf 89' lang='lat' dir='ltr'>diversa</span> <span class='ocrx_word' id='word_1_92' title='bbox 1264 990 1277 1026; x_wconf 87' lang='lat'><strong>:</strong></span> <span class='ocrx_word' id='word_1_93' title='bbox 1326 981 1385 1025; x_wconf 87' lang='lat' dir='ltr'>ut</span> <span class='ocrx_word' id='word_1_94' title='bbox 1443 973 1718 1029; x_wconf 88' lang='lat' dir='ltr'>animatio,</span> <span class='ocrx_word' id='word_1_95' title='bbox 1769 969 2117 1027; x_wconf 89' lang='lat' dir='ltr'>sensibilitas,</span> 
     </span>
    </p>
   </div>
   <div class='ocr_carea' id='block_1_15' title="bbox 482 1045 2121 1113">
    <p class='ocr_par' dir='ltr' id='par_1_15' title="bbox 482 1045 2121 1113">
     <span class='ocr_line' id='line_1_15' title="bbox 482 1045 2121 1113; baseline -0.009 -11"><span class='ocrx_word' id='word_1_96' title='bbox 482 1053 829 1113; x_wconf 88' lang='lat' dir='ltr'>rationalitas,</span> <span class='ocrx_word' id='word_1_97' title='bbox 863 1051 1081 1112; x_wconf 85' lang='lat' dir='ltr'>colores,</span> <span class='ocrx_word' id='word_1_98' title='bbox 1113 1050 1285 1105; x_wconf 67' lang='lat' dir='ltr'>lineae,</span> <span class='ocrx_word' id='word_1_99' title='bbox 1315 1053 1366 1099; x_wconf 88' lang='lat' dir='ltr'>et</span> <span class='ocrx_word' id='word_1_100' title='bbox 1419 1045 1747 1109; x_wconf 88' lang='lat' dir='ltr'>bujusmodi.</span> <span class='ocrx_word' id='word_1_101' title='bbox 1797 1045 1940 1093; x_wconf 86' lang='lat' dir='ltr'>Deus</span> <span class='ocrx_word' id='word_1_102' title='bbox 1996 1054 2121 1113; x_wconf 91' lang='lat' dir='ltr'>vero</span> 
     </span>
    </p>
   </div>
   <div class='ocr_carea' id='block_1_16' title="bbox 481 1112 2123 1185">
    <p class='ocr_par' dir='ltr' id='par_1_16' title="bbox 481 1112 2123 1185">
     <span class='ocr_line' id='line_1_16' title="bbox 481 1112 2123 1185; baseline -0.009 -10"><span class='ocrx_word' id='word_1_103' title='bbox 481 1140 511 1175; x_wconf 91' lang='lat' dir='ltr'>a</span> <span class='ocrx_word' id='word_1_104' title='bbox 544 1127 672 1185; x_wconf 90' lang='lat' dir='ltr'>Deo,</span> <span class='ocrx_word' id='word_1_105' title='bbox 702 1125 754 1174; x_wconf 90' lang='lat' dir='ltr'>id</span> <span class='ocrx_word' id='word_1_106' title='bbox 784 1112 865 1175; x_wconf 86' lang='lat' dir='ltr'>est</span> <span class='ocrx_word' id='word_1_107' title='bbox 893 1124 1059 1174; x_wconf 89' lang='lat' dir='ltr'>Filius</span> <span class='ocrx_word' id='word_1_108' title='bbox 1106 1126 1158 1171; x_wconf 88' lang='lat' dir='ltr'>et</span> <span class='ocrx_word' id='word_1_109' title='bbox 1211 1120 1444 1184; x_wconf 84' lang='lat' dir='ltr'>Spiritus</span> <span class='ocrx_word' id='word_1_110' title='bbox 1486 1122 1703 1168; x_wconf 88' lang='lat' dir='ltr'>sanctus</span> <span class='ocrx_word' id='word_1_111' title='bbox 1757 1130 1789 1165; x_wconf 88' lang='lat' dir='ltr'>a</span> <span class='ocrx_word' id='word_1_112' title='bbox 1834 1115 2009 1170; x_wconf 87' lang='lat' dir='ltr'>Patre,</span> <span class='ocrx_word' id='word_1_113' title='bbox 2036 1112 2123 1185; x_wconf 87' lang='lat' dir='ltr'>vel</span> 
     </span>
    </p>
   </div>
   <div class='ocr_carea' id='block_1_17' title="bbox 478 1184 2122 1259">
    <p class='ocr_par' dir='ltr' id='par_1_17' title="bbox 478 1184 2122 1259">
     <span class='ocr_line' id='line_1_17' title="bbox 478 1184 2122 1259; baseline -0.009 -12"><span class='ocrx_word' id='word_1_114' title='bbox 478 1184 705 1259; x_wconf 86' lang='lat' dir='ltr'>Spiritus</span> <span class='ocrx_word' id='word_1_115' title='bbox 736 1201 953 1247; x_wconf 89' lang='lat' dir='ltr'>sanctus</span> <span class='ocrx_word' id='word_1_116' title='bbox 1010 1210 1040 1244; x_wconf 91' lang='lat' dir='ltr'>a</span> <span class='ocrx_word' id='word_1_117' title='bbox 1099 1195 1250 1253; x_wconf 89' lang='lat' dir='ltr'>Filio,</span> <span class='ocrx_word' id='word_1_118' title='bbox 1297 1193 1443 1243; x_wconf 91' lang='lat' dir='ltr'>nullo</span> <span class='ocrx_word' id='word_1_119' title='bbox 1493 1192 1684 1240; x_wconf 86' lang='lat' dir='ltr'>borum</span> <span class='ocrx_word' id='word_1_120' title='bbox 1736 1188 1931 1238; x_wconf 74' lang='lat' dir='ltr'>diﬁ&#39;ert.</span> <span class='ocrx_word' id='word_1_121' title='bbox 1971 1184 2122 1259; x_wconf 80' lang='lat' dir='ltr'>Quod</span> 
     </span>
    </p>
   </div>
   <div class='ocr_carea' id='block_1_18' title="bbox 479 1256 2126 1329">
    <p class='ocr_par' dir='ltr' id='par_1_18' title="bbox 479 1256 2126 1329">
     <span class='ocr_line' id='line_1_18' title="bbox 479 1256 2126 1329; baseline -0.007 -12"><span class='ocrx_word' id='word_1_122' title='bbox 479 1256 602 1319; x_wconf 82' lang='lat' dir='ltr'>ideo</span> <span class='ocrx_word' id='word_1_123' title='bbox 631 1270 774 1329; x_wconf 83' lang='lat' dir='ltr'>dico,</span> <span class='ocrx_word' id='word_1_124' title='bbox 810 1282 880 1317; x_wconf 92' lang='lat' dir='ltr'>ne</span> <span class='ocrx_word' id='word_1_125' title='bbox 910 1268 1052 1316; x_wconf 85' lang='lat' dir='ltr'>Deus</span> <span class='ocrx_word' id='word_1_126' title='bbox 1085 1271 1137 1316; x_wconf 92' lang='lat' dir='ltr'>et</span> <span class='ocrx_word' id='word_1_127' title='bbox 1166 1266 1306 1315; x_wconf 88' lang='lat' dir='ltr'>Deus</span> <span class='ocrx_word' id='word_1_128' title='bbox 1339 1264 1559 1321; x_wconf 84' lang='lat' dir='ltr'>distent,</span> <span class='ocrx_word' id='word_1_129' title='bbox 1599 1263 1652 1311; x_wconf 89' lang='lat' dir='ltr'>id</span> <span class='ocrx_word' id='word_1_130' title='bbox 1702 1264 1780 1310; x_wconf 90' lang='lat' dir='ltr'>est</span> <span class='ocrx_word' id='word_1_131' title='bbox 1809 1260 2005 1329; x_wconf 79' lang='lat' dir='ltr'>distare</span> <span class='ocrx_word' id='word_1_132' title='bbox 2037 1256 2126 1329; x_wconf 84' lang='lat' dir='ltr'>in-</span> 
     </span>
    </p>
   </div>
   <div class='ocr_carea' id='block_1_19' title="bbox 476 1328 2125 1405">
    <p class='ocr_par' dir='ltr' id='par_1_19' title="bbox 476 1328 2125 1405">
     <span class='ocr_line' id='line_1_19' title="bbox 476 1328 2125 1405; baseline -0.008 -15"><span class='ocrx_word' id='word_1_133' title='bbox 476 1340 812 1405; x_wconf 81' lang='lat' dir='ltr'>telligantur,</span> <span class='ocrx_word' id='word_1_134' title='bbox 845 1339 1115 1402; x_wconf 89' lang='lat' dir='ltr'>aliquibus</span> <span class='ocrx_word' id='word_1_135' title='bbox 1147 1337 1334 1399; x_wconf 85' lang='lat' dir='ltr'>positis</span> <span class='ocrx_word' id='word_1_136' title='bbox 1375 1334 1429 1384; x_wconf 92' lang='lat' dir='ltr'>in</span> <span class='ocrx_word' id='word_1_137' title='bbox 1469 1335 1578 1383; x_wconf 90' lang='lat' dir='ltr'>Deo</span> <span class='ocrx_word' id='word_1_138' title='bbox 1623 1338 1876 1405; x_wconf 77' lang='lat' dir='ltr'>tanquam</span> <span class='ocrx_word' id='word_1_139' title='bbox 1918 1328 1974 1405; x_wconf 81' lang='lat' dir='ltr'>in</span> <span class='ocrx_word' id='word_1_140' title='bbox 2005 1328 2125 1377; x_wconf 90' lang='lat' dir='ltr'>sub-</span> 
     </span>
    </p>
   </div>
   <div class='ocr_carea' id='block_1_20' title="bbox 475 1400 2127 1476">
    <p class='ocr_par' dir='ltr' id='par_1_20' title="bbox 475 1400 2127 1476">
     <span class='ocr_line' id='line_1_20' title="bbox 475 1400 2127 1476; baseline -0.008 -13"><span class='ocrx_word' id='word_1_141' title='bbox 475 1400 621 1476; x_wconf 68' lang='lat' dir='ltr'>jectd</span> <span class='ocrx_word' id='word_1_142' title='bbox 651 1429 664 1462; x_wconf 86' lang='lat'><strong>:</strong></span> <span class='ocrx_word' id='word_1_143' title='bbox 698 1413 896 1461; x_wconf 86' lang='lat' dir='ltr'>scilicet</span> <span class='ocrx_word' id='word_1_144' title='bbox 926 1400 992 1460; x_wconf 79' lang='lat' dir='ltr'>ne</span> <span class='ocrx_word' id='word_1_145' title='bbox 1024 1410 1396 1472; x_wconf 88' lang='lat' dir='ltr'>intelligantur</span> <span class='ocrx_word' id='word_1_146' title='bbox 1424 1407 1621 1455; x_wconf 83' lang='lat' dir='ltr'>distare</span> <span class='ocrx_word' id='word_1_147' title='bbox 1664 1400 1984 1476; x_wconf 76' lang='lat' dir='ltr'>diﬁ&#39;erentiis</span> <span class='ocrx_word' id='word_1_148' title='bbox 2030 1414 2127 1450; x_wconf 86' lang='lat' dir='ltr'>cu-</span> 
     </span>
    </p>
   </div>
   <div class='ocr_carea' id='block_1_21' title="bbox 474 1473 2126 1547">
    <p class='ocr_par' dir='ltr' id='par_1_21' title="bbox 474 1473 2126 1547">
     <span class='ocr_line' id='line_1_21' title="bbox 474 1473 2126 1547; baseline -0.008 -14"><span class='ocrx_word' id='word_1_149' title='bbox 474 1473 699 1547; x_wconf 84' lang='lat' dir='ltr'>juslibet</span> <span class='ocrx_word' id='word_1_150' title='bbox 722 1482 965 1541; x_wconf 79' lang='lat' dir='ltr'>rationis,</span> <span class='ocrx_word' id='word_1_151' title='bbox 997 1483 1097 1531; x_wconf 88' lang='lat' dir='ltr'>hoc</span> <span class='ocrx_word' id='word_1_152' title='bbox 1129 1485 1207 1531; x_wconf 88' lang='lat' dir='ltr'>est</span> <span class='ocrx_word' id='word_1_153' title='bbox 1236 1480 1322 1528; x_wconf 90' lang='lat' dir='ltr'>vel</span> <span class='ocrx_word' id='word_1_154' title='bbox 1359 1478 1727 1528; x_wconf 88' lang='lat' dir='ltr'>accidentibus</span> <span class='ocrx_word' id='word_1_155' title='bbox 1754 1474 1840 1523; x_wconf 92' lang='lat' dir='ltr'>vel</span> <span class='ocrx_word' id='word_1_156' title='bbox 1871 1473 2126 1547; x_wconf 77' lang='lat' dir='ltr'>substan-</span> 
     </span>
    </p>
   </div>
   <div class='ocr_carea' id='block_1_22' title="bbox 483 1542 2127 1618">
    <p class='ocr_par' dir='ltr' id='par_1_22' title="bbox 483 1542 2127 1618">
     <span class='ocr_line' id='line_1_22' title="bbox 483 1542 2127 1618; baseline -0.009 -12"><span class='ocrx_word' id='word_1_157' title='bbox 483 1542 701 1606; x_wconf 82' lang='lat' dir='ltr'>tialibus</span> <span class='ocrx_word' id='word_1_158' title='bbox 731 1569 744 1603; x_wconf 93' lang='lat'><strong>:</strong></span> <span class='ocrx_word' id='word_1_159' title='bbox 780 1568 917 1618; x_wconf 89' lang='lat' dir='ltr'>quas</span> <span class='ocrx_word' id='word_1_160' title='bbox 952 1551 1207 1616; x_wconf 91' lang='lat' dir='ltr'>quoniam</span> <span class='ocrx_word' id='word_1_161' title='bbox 1261 1553 1399 1600; x_wconf 87' lang='lat' dir='ltr'>sicut</span> <span class='ocrx_word' id='word_1_162' title='bbox 1452 1554 1506 1599; x_wconf 87' lang='lat' dir='ltr'>et</span> <span class='ocrx_word' id='word_1_163' title='bbox 1562 1546 1856 1597; x_wconf 86' lang='lat' dir='ltr'>accidentia</span> <span class='ocrx_word' id='word_1_164' title='bbox 1898 1542 2127 1607; x_wconf 80' lang='lat' dir='ltr'>alicujus</span> 
     </span>
    </p>
   </div>
   <div class='ocr_carea' id='block_1_23' title="bbox 482 1613 2125 1689">
    <p class='ocr_par' dir='ltr' id='par_1_23' title="bbox 482 1613 2125 1689">
     <span class='ocr_line' id='line_1_23' title="bbox 482 1613 2125 1689; baseline -0.008 -15"><span class='ocrx_word' id='word_1_165' title='bbox 482 1626 617 1675; x_wconf 85' lang='lat' dir='ltr'>certi</span> <span class='ocrx_word' id='word_1_166' title='bbox 649 1613 863 1689; x_wconf 77' lang='lat' dir='ltr'>generis</span> <span class='ocrx_word' id='word_1_167' title='bbox 893 1613 1140 1688; x_wconf 79' lang='lat' dir='ltr'>potestati</span> <span class='ocrx_word' id='word_1_168' title='bbox 1198 1621 1333 1671; x_wconf 88' lang='lat' dir='ltr'>ratio</span> <span class='ocrx_word' id='word_1_169' title='bbox 1393 1616 1738 1685; x_wconf 81' lang='lat' dir='ltr'>proprietatis</span> <span class='ocrx_word' id='word_1_170' title='bbox 1795 1614 2011 1689; x_wconf 79' lang='lat' dir='ltr'>addicit,</span> <span class='ocrx_word' id='word_1_171' title='bbox 2071 1613 2125 1662; x_wconf 92' lang='lat' dir='ltr'>in</span> 
     </span>
    </p>
   </div>
   <div class='ocr_carea' id='block_1_24' title="bbox 2222 398 3793 468">
    <p class='ocr_par' dir='ltr' id='par_1_24' title="bbox 2222 398 3793 468">
     <span class='ocr_line' id='line_1_24' title="bbox 2222 398 3793 468; baseline -0.004 -10"><span class='ocrx_word' id='word_1_172' title='bbox 2222 423 2283 457; x_wconf 88' lang='lat' dir='ltr'>ac</span> <span class='ocrx_word' id='word_1_173' title='bbox 2311 421 2421 457; x_wconf 92' lang='lat' dir='ltr'>non</span> <span class='ocrx_word' id='word_1_174' title='bbox 2454 407 2798 456; x_wconf 86' lang='lat' dir='ltr'>advertamus</span> <span class='ocrx_word' id='word_1_175' title='bbox 2827 404 2892 454; x_wconf 89' lang='lat' dir='ltr'>ad</span> <span class='ocrx_word' id='word_1_176' title='bbox 2925 405 3099 468; x_wconf 87' lang='lat' dir='ltr'>ipsum</span> <span class='ocrx_word' id='word_1_177' title='bbox 3123 398 3521 455; x_wconf 85' lang='lat' dir='ltr'>numerationis,</span> <span class='ocrx_word' id='word_1_178' title='bbox 3541 414 3678 463; x_wconf 81' lang='lat' dir='ltr'>quare</span> <span class='ocrx_word' id='word_1_179' title='bbox 3703 402 3793 463; x_wconf 80' lang='lat' dir='ltr'>ipsa</span> 
     </span>
    </p>
   </div>
   <div class='ocr_carea' id='block_1_25' title="bbox 2224 471 3793 537">
    <p class='ocr_par' dir='ltr' id='par_1_25' title="bbox 2224 471 3793 537">
     <span class='ocr_line' id='line_1_25' title="bbox 2224 471 3793 537; baseline -0.004 -8"><span class='ocrx_word' id='word_1_180' title='bbox 2224 484 2317 529; x_wconf 89' lang='lat' dir='ltr'>aut</span> <span class='ocrx_word' id='word_1_181' title='bbox 2348 478 2649 528; x_wconf 83' lang='lat' dir='ltr'>imitatione</span> <span class='ocrx_word' id='word_1_182' title='bbox 2674 475 2962 526; x_wconf 89' lang='lat' dir='ltr'>multitudo</span> <span class='ocrx_word' id='word_1_183' title='bbox 3030 472 3336 537; x_wconf 80' lang='lat' dir='ltr'>exponitur,</span> <span class='ocrx_word' id='word_1_184' title='bbox 3392 484 3664 521; x_wconf 84' lang='lat' dir='ltr'>numerum.</span> <span class='ocrx_word' id='word_1_185' title='bbox 3710 471 3793 522; x_wconf 86' lang='lat' dir='ltr'>illic</span> 
     </span>
    </p>
   </div>
   <div class='ocr_carea' id='block_1_26' title="bbox 2225 543 3793 609">
    <p class='ocr_par' dir='ltr' id='par_1_26' title="bbox 2225 543 3793 609">
     <span class='ocr_line' id='line_1_26' title="bbox 2225 543 3793 609; baseline -0.004 -9"><span class='ocrx_word' id='word_1_186' title='bbox 2225 551 2388 609; x_wconf 87' lang='lat' dir='ltr'>enim,</span> <span class='ocrx_word' id='word_1_187' title='bbox 2424 550 2472 598; x_wconf 89' lang='lat' dir='ltr'>id</span> <span class='ocrx_word' id='word_1_188' title='bbox 2507 553 2586 598; x_wconf 89' lang='lat' dir='ltr'>est</span> <span class='ocrx_word' id='word_1_189' title='bbox 2619 546 3017 598; x_wconf 88' lang='lat' dir='ltr'>numerationis</span> <span class='ocrx_word' id='word_1_190' title='bbox 3060 544 3410 609; x_wconf 77' lang='lat' dir='ltr'>expositione,</span> <span class='ocrx_word' id='word_1_191' title='bbox 3461 557 3589 606; x_wconf 59' lang='lat' dir='ltr'>saepe</span> <span class='ocrx_word' id='word_1_192' title='bbox 3624 543 3793 606; x_wconf 86' lang='lat' dir='ltr'>quidem</span> 
     </span>
    </p>
   </div>
   <div class='ocr_carea' id='block_1_27' title="bbox 2228 615 3796 680">
    <p class='ocr_par' dir='ltr' id='par_1_27' title="bbox 2228 615 3796 680">
     <span class='ocr_line' id='line_1_27' title="bbox 2228 615 3796 680; baseline -0.006 -8"><span class='ocrx_word' id='word_1_193' title='bbox 2228 623 2514 672; x_wconf 87' lang='lat' dir='ltr'>diversitas</span> <span class='ocrx_word' id='word_1_194' title='bbox 2543 634 2725 670; x_wconf 85' lang='lat' dir='ltr'>rerum</span> <span class='ocrx_word' id='word_1_195' title='bbox 2787 620 3097 676; x_wconf 85' lang='lat' dir='ltr'>multarum,</span> <span class='ocrx_word' id='word_1_196' title='bbox 3164 615 3481 680; x_wconf 88' lang='lat' dir='ltr'>quandoque</span> <span class='ocrx_word' id='word_1_197' title='bbox 3527 627 3638 663; x_wconf 89' lang='lat' dir='ltr'>vero</span> <span class='ocrx_word' id='word_1_198' title='bbox 3676 616 3796 664; x_wconf 83' lang='lat' dir='ltr'>unius</span> 
     </span>
    </p>
   </div>
   <div class='ocr_carea' id='block_1_28' title="bbox 2225 686 3799 755">
    <p class='ocr_par' dir='ltr' id='par_1_28' title="bbox 2225 686 3799 755">
     <span class='ocr_line' id='line_1_28' title="bbox 2225 686 3799 755; baseline -0.006 -11"><span class='ocrx_word' id='word_1_199' title='bbox 2225 699 2435 744; x_wconf 90' lang='lat' dir='ltr'>tantum</span> <span class='ocrx_word' id='word_1_200' title='bbox 2469 693 2733 755; x_wconf 86' lang='lat' dir='ltr'>repetitio,</span> <span class='ocrx_word' id='word_1_201' title='bbox 2780 691 3069 754; x_wconf 88' lang='lat' dir='ltr'>quemdam</span> <span class='ocrx_word' id='word_1_202' title='bbox 3119 688 3269 752; x_wconf 90' lang='lat' dir='ltr'>quasi</span> <span class='ocrx_word' id='word_1_203' title='bbox 3322 687 3633 735; x_wconf 82' lang='lat' dir='ltr'>diversarum</span> <span class='ocrx_word' id='word_1_204' title='bbox 3667 686 3799 734; x_wconf 77' lang='lat' dir='ltr'>unita-</span> 
     </span>
    </p>
   </div>
   <div class='ocr_carea' id='block_1_29' title="bbox 2226 755 3799 821">
    <p class='ocr_par' dir='ltr' id='par_1_29' title="bbox 2226 755 3799 821">
     <span class='ocr_line' id='line_1_29' title="bbox 2226 755 3799 821; baseline -0.007 -6"><span class='ocrx_word' id='word_1_205' title='bbox 2226 770 2340 816; x_wconf 91' lang='lat' dir='ltr'>tum</span> <span class='ocrx_word' id='word_1_206' title='bbox 2368 778 2654 814; x_wconf 91' lang='lat' dir='ltr'>numerum</span> <span class='ocrx_word' id='word_1_207' title='bbox 2699 763 2844 812; x_wconf 85' lang='lat' dir='ltr'>facit.</span> <span class='ocrx_word' id='word_1_208' title='bbox 2902 762 2963 811; x_wconf 89' lang='lat' dir='ltr'>In</span> <span class='ocrx_word' id='word_1_209' title='bbox 3023 775 3089 811; x_wconf 89' lang='lat' dir='ltr'>eo</span> <span class='ocrx_word' id='word_1_210' title='bbox 3149 764 3327 810; x_wconf 87' lang='lat' dir='ltr'>autem</span> <span class='ocrx_word' id='word_1_211' title='bbox 3382 755 3473 821; x_wconf 89' lang='lat' dir='ltr'>qui</span> <span class='ocrx_word' id='word_1_212' title='bbox 3524 770 3620 806; x_wconf 89' lang='lat' dir='ltr'>non</span> <span class='ocrx_word' id='word_1_213' title='bbox 3666 758 3799 805; x_wconf 76' lang='lat' dir='ltr'>imita-</span> 
     </span>
    </p>
   </div>
   <div class='ocr_carea' id='block_1_30' title="bbox 2226 828 3799 889">
    <p class='ocr_par' dir='ltr' id='par_1_30' title="bbox 2226 828 3799 889">
     <span class='ocr_line' id='line_1_30' title="bbox 2226 828 3799 889; baseline -0.006 -4"><span class='ocrx_word' id='word_1_214' title='bbox 2226 837 2376 887; x_wconf 86' lang='lat' dir='ltr'>tione</span> <span class='ocrx_word' id='word_1_215' title='bbox 2408 835 2605 886; x_wconf 90' lang='lat' dir='ltr'>dicitur</span> <span class='ocrx_word' id='word_1_216' title='bbox 2633 848 2877 889; x_wconf 86' lang='lat' dir='ltr'>numero,</span> <span class='ocrx_word' id='word_1_217' title='bbox 2907 833 3003 883; x_wconf 89' lang='lat' dir='ltr'>sed</span> <span class='ocrx_word' id='word_1_218' title='bbox 3034 845 3213 882; x_wconf 89' lang='lat' dir='ltr'>rerum</span> <span class='ocrx_word' id='word_1_219' title='bbox 3258 844 3387 879; x_wconf 86' lang='lat' dir='ltr'>vera</span> <span class='ocrx_word' id='word_1_220' title='bbox 3431 842 3493 877; x_wconf 81' lang='lat' dir='ltr'>ex</span> <span class='ocrx_word' id='word_1_221' title='bbox 3528 828 3799 889; x_wconf 83' lang='lat' dir='ltr'>proprietati-</span> 
     </span>
    </p>
   </div>
   <div class='ocr_carea' id='block_1_31' title="bbox 2225 899 3800 968">
    <p class='ocr_par' dir='ltr' id='par_1_31' title="bbox 2225 899 3800 968">
     <span class='ocr_line' id='line_1_31' title="bbox 2225 899 3800 968; baseline -0.007 -10"><span class='ocrx_word' id='word_1_222' title='bbox 2225 910 2329 959; x_wconf 90' lang='lat' dir='ltr'>bus</span> <span class='ocrx_word' id='word_1_223' title='bbox 2358 908 2667 957; x_wconf 86' lang='lat' dir='ltr'>diversitate</span> <span class='ocrx_word' id='word_1_224' title='bbox 2688 906 2745 955; x_wconf 92' lang='lat' dir='ltr'>in</span> <span class='ocrx_word' id='word_1_225' title='bbox 2778 905 2939 955; x_wconf 88' lang='lat' dir='ltr'>rebus</span> <span class='ocrx_word' id='word_1_226' title='bbox 2967 904 3100 968; x_wconf 86' lang='lat' dir='ltr'>ipsis</span> <span class='ocrx_word' id='word_1_227' title='bbox 3127 916 3192 952; x_wconf 82' lang='lat' dir='ltr'>ex</span> <span class='ocrx_word' id='word_1_228' title='bbox 3222 901 3315 950; x_wconf 86' lang='lat' dir='ltr'>illa</span> <span class='ocrx_word' id='word_1_229' title='bbox 3344 899 3631 949; x_wconf 81' lang='lat' dir='ltr'>diversitate</span> <span class='ocrx_word' id='word_1_230' title='bbox 3658 912 3800 948; x_wconf 86' lang='lat' dir='ltr'>nume-</span> 
     </span>
    </p>
   </div>
   <div class='ocr_carea' id='block_1_32' title="bbox 2227 970 3800 1039">
    <p class='ocr_par' dir='ltr' id='par_1_32' title="bbox 2227 970 3800 1039">
     <span class='ocr_line' id='line_1_32' title="bbox 2227 970 3800 1039; baseline -0.009 -8"><span class='ocrx_word' id='word_1_231' title='bbox 2227 981 2485 1031; x_wconf 89' lang='lat' dir='ltr'>rabilibus</span> <span class='ocrx_word' id='word_1_232' title='bbox 2513 981 2747 1037; x_wconf 85' lang='lat' dir='ltr'>constat,</span> <span class='ocrx_word' id='word_1_233' title='bbox 2778 976 2945 1033; x_wconf 86' lang='lat' dir='ltr'>illam,</span> <span class='ocrx_word' id='word_1_234' title='bbox 2979 990 3099 1039; x_wconf 63' lang='lat' dir='ltr'>quae</span> <span class='ocrx_word' id='word_1_235' title='bbox 3133 988 3258 1024; x_wconf 89' lang='lat' dir='ltr'>vere</span> <span class='ocrx_word' id='word_1_236' title='bbox 3278 977 3377 1029; x_wconf 83' lang='lat' dir='ltr'>est,</span> <span class='ocrx_word' id='word_1_237' title='bbox 3408 983 3713 1020; x_wconf 82' lang='lat' dir='ltr'>numerosam</span> <span class='ocrx_word' id='word_1_238' title='bbox 3742 970 3800 1018; x_wconf 89' lang='lat' dir='ltr'>di-</span> 
     </span>
    </p>
   </div>
   <div class='ocr_carea' id='block_1_33' title="bbox 2228 1039 3803 1102">
    <p class='ocr_par' dir='ltr' id='par_1_33' title="bbox 2228 1039 3803 1102">
     <span class='ocr_line' id='line_1_33' title="bbox 2228 1039 3803 1102; baseline -0.008 -2"><span class='ocrx_word' id='word_1_239' title='bbox 2228 1052 2537 1102; x_wconf 90' lang='lat' dir='ltr'>versitatem</span> <span class='ocrx_word' id='word_1_240' title='bbox 2578 1062 2755 1099; x_wconf 90' lang='lat' dir='ltr'>rerum</span> <span class='ocrx_word' id='word_1_241' title='bbox 2810 1062 2936 1098; x_wconf 88' lang='lat' dir='ltr'>vere</span> <span class='ocrx_word' id='word_1_242' title='bbox 2995 1044 3412 1097; x_wconf 87' lang='lat' dir='ltr'>numerabilium</span> <span class='ocrx_word' id='word_1_243' title='bbox 3462 1041 3663 1091; x_wconf 87' lang='lat' dir='ltr'>minime</span> <span class='ocrx_word' id='word_1_244' title='bbox 3710 1039 3803 1088; x_wconf 85' lang='lat' dir='ltr'>facit</span> 
     </span>
    </p>
   </div>
   <div class='ocr_carea' id='block_1_34' title="bbox 2231 1109 3801 1185">
    <p class='ocr_par' dir='ltr' id='par_1_34' title="bbox 2231 1109 3801 1185">
     <span class='ocr_line' id='line_1_34' title="bbox 2231 1109 3801 1185; baseline -0.009 -12"><span class='ocrx_word' id='word_1_245' title='bbox 2231 1125 2393 1173; x_wconf 91' lang='lat' dir='ltr'>unius</span> <span class='ocrx_word' id='word_1_246' title='bbox 2421 1122 2690 1185; x_wconf 85' lang='lat' dir='ltr'>repetitio,</span> <span class='ocrx_word' id='word_1_247' title='bbox 2720 1134 2841 1184; x_wconf 70' lang='lat' dir='ltr'>quas</span> <span class='ocrx_word' id='word_1_248' title='bbox 2866 1118 2923 1168; x_wconf 91' lang='lat' dir='ltr'>ﬁt</span> <span class='ocrx_word' id='word_1_249' title='bbox 2959 1121 3217 1180; x_wconf 88' lang='lat' dir='ltr'>tanquam</span> <span class='ocrx_word' id='word_1_250' title='bbox 3261 1114 3541 1166; x_wconf 89' lang='lat' dir='ltr'>multarum</span> <span class='ocrx_word' id='word_1_251' title='bbox 3590 1109 3801 1185; x_wconf 69' lang='lat' dir='ltr'>unitatem</span> 
     </span>
    </p>
   </div>
   <div class='ocr_carea' id='block_1_35' title="bbox 2230 1182 3803 1256">
    <p class='ocr_par' dir='ltr' id='par_1_35' title="bbox 2230 1182 3803 1256">
     <span class='ocr_line' id='line_1_35' title="bbox 2230 1182 3803 1256; baseline -0.01 -11"><span class='ocrx_word' id='word_1_252' title='bbox 2230 1182 2555 1253; x_wconf 87' lang='lat' dir='ltr'>numeratio,</span> <span class='ocrx_word' id='word_1_253' title='bbox 2582 1182 2752 1256; x_wconf 75' lang='lat' dir='ltr'>atque</span> <span class='ocrx_word' id='word_1_254' title='bbox 2780 1198 3038 1254; x_wconf 88' lang='lat' dir='ltr'>tanquam</span> <span class='ocrx_word' id='word_1_255' title='bbox 3067 1203 3135 1238; x_wconf 83' lang='lat' dir='ltr'>ex</span> <span class='ocrx_word' id='word_1_256' title='bbox 3162 1201 3345 1239; x_wconf 87' lang='lat' dir='ltr'>rerum</span> <span class='ocrx_word' id='word_1_257' title='bbox 3396 1185 3677 1234; x_wconf 83' lang='lat' dir='ltr'>diversitate</span> <span class='ocrx_word' id='word_1_258' title='bbox 3717 1182 3803 1245; x_wconf 83' lang='lat' dir='ltr'>plu-</span> 
     </span>
    </p>
   </div>
   <div class='ocr_carea' id='block_1_36' title="bbox 2230 1254 3805 1327">
    <p class='ocr_par' dir='ltr' id='par_1_36' title="bbox 2230 1254 3805 1327">
     <span class='ocr_line' id='line_1_36' title="bbox 2230 1254 3805 1327; baseline -0.011 -10"><span class='ocrx_word' id='word_1_259' title='bbox 2230 1268 2429 1317; x_wconf 89' lang='lat' dir='ltr'>ralitas.</span> <span class='ocrx_word' id='word_1_260' title='bbox 2461 1266 2622 1323; x_wconf 88' lang='lat' dir='ltr'>Quasi</span> <span class='ocrx_word' id='word_1_261' title='bbox 2658 1254 2672 1315; x_wconf 75' lang='grc' dir='ltr'>Ξ</span> <span class='ocrx_word' id='word_1_262' title='bbox 2705 1262 2807 1314; x_wconf 87' lang='lat' dir='ltr'>Sed</span> <span class='ocrx_word' id='word_1_263' title='bbox 2856 1263 3034 1327; x_wconf 90' lang='lat' dir='ltr'>potius</span> <span class='ocrx_word' id='word_1_264' title='bbox 3080 1273 3262 1310; x_wconf 88' lang='lat' dir='ltr'>rerum</span> <span class='ocrx_word' id='word_1_265' title='bbox 3316 1255 3527 1307; x_wconf 87' lang='lat' dir='ltr'>diversa</span> <span class='ocrx_word' id='word_1_266' title='bbox 3567 1254 3805 1327; x_wconf 73' lang='lat' dir='ltr'>proprietas</span> 
     </span>
    </p>
   </div>
   <div class='ocr_carea' id='block_1_37' title="bbox 2233 1323 3804 1389">
    <p class='ocr_par' dir='ltr' id='par_1_37' title="bbox 2233 1323 3804 1389">
     <span class='ocr_line' id='line_1_37' title="bbox 2233 1323 3804 1389; baseline -0.01 0"><span class='ocrx_word' id='word_1_267' title='bbox 2233 1351 2577 1389; x_wconf 88' lang='lat' dir='ltr'>numerosam</span> <span class='ocrx_word' id='word_1_268' title='bbox 2641 1336 2771 1386; x_wconf 87' lang='lat' dir='ltr'>facit</span> <span class='ocrx_word' id='word_1_269' title='bbox 2828 1323 3194 1385; x_wconf 75' lang='lat' dir='ltr'>diversitatem</span> <span class='ocrx_word' id='word_1_270' title='bbox 3252 1342 3450 1380; x_wconf 88' lang='lat' dir='ltr'>rerum.</span> <span class='ocrx_word' id='word_1_271' title='bbox 3484 1327 3555 1376; x_wconf 80' lang='lat' dir='ltr'>Ex</span> <span class='ocrx_word' id='word_1_272' title='bbox 3581 1324 3654 1375; x_wconf 85' lang='lat' dir='ltr'>bis</span> <span class='ocrx_word' id='word_1_273' title='bbox 3688 1323 3804 1388; x_wconf 86' lang='lat' dir='ltr'>igitur</span> 
     </span>
    </p>
   </div>
   <div class='ocr_carea' id='block_1_38' title="bbox 2233 1400 3805 1474">
    <p class='ocr_par' dir='ltr' id='par_1_38' title="bbox 2233 1400 3805 1474">
     <span class='ocr_line' id='line_1_38' title="bbox 2233 1400 3805 1474; baseline -0.01 -15"><span class='ocrx_word' id='word_1_274' title='bbox 2233 1413 2471 1474; x_wconf 89' lang='lat' dir='ltr'>apparet,</span> <span class='ocrx_word' id='word_1_275' title='bbox 2500 1408 2640 1472; x_wconf 93' lang='lat' dir='ltr'>quod</span> <span class='ocrx_word' id='word_1_276' title='bbox 2675 1421 2797 1456; x_wconf 89' lang='lat' dir='ltr'>cum</span> <span class='ocrx_word' id='word_1_277' title='bbox 2834 1403 3173 1455; x_wconf 91' lang='lat' dir='ltr'>numerando</span> <span class='ocrx_word' id='word_1_278' title='bbox 3218 1400 3466 1457; x_wconf 89' lang='lat' dir='ltr'>dicimus,</span> <span class='ocrx_word' id='word_1_279' title='bbox 3513 1410 3657 1454; x_wconf 85' lang='lat' dir='ltr'>unus,</span> <span class='ocrx_word' id='word_1_280' title='bbox 3690 1410 3805 1452; x_wconf 83' lang='lat' dir='ltr'>unus,</span> 
     </span>
    </p>
   </div>
   <div class='ocr_carea' id='block_1_39' title="bbox 2236 1470 3807 1539">
    <p class='ocr_par' dir='ltr' id='par_1_39' title="bbox 2236 1470 3807 1539">
     <span class='ocr_line' id='line_1_39' title="bbox 2236 1470 3807 1539; baseline -0.01 -7"><span class='ocrx_word' id='word_1_281' title='bbox 2236 1470 2393 1539; x_wconf 75' lang='lat' dir='ltr'>unus,</span> <span class='ocrx_word' id='word_1_282' title='bbox 2424 1470 2720 1538; x_wconf 40' lang='lat' dir='ltr'>vel&#39;homo,</span> <span class='ocrx_word' id='word_1_283' title='bbox 2743 1479 2922 1535; x_wconf 85' lang='lat' dir='ltr'>homo,</span> <span class='ocrx_word' id='word_1_284' title='bbox 2954 1478 3135 1533; x_wconf 90' lang='lat' dir='ltr'>homo,</span> <span class='ocrx_word' id='word_1_285' title='bbox 3183 1474 3269 1523; x_wconf 87' lang='lat' dir='ltr'>vel</span> <span class='ocrx_word' id='word_1_286' title='bbox 3316 1470 3633 1536; x_wconf 87' lang='lat' dir='ltr'>hujusmodi,</span> <span class='ocrx_word' id='word_1_287' title='bbox 3658 1472 3732 1518; x_wconf 89' lang='lat' dir='ltr'>aut</span> <span class='ocrx_word' id='word_1_288' title='bbox 3761 1481 3807 1517; x_wconf 81' lang='lat' dir='ltr'>eo</span> 
     </span>
    </p>
   </div>
   <div class='ocr_carea' id='block_1_40' title="bbox 2236 1549 3809 1613">
    <p class='ocr_par' dir='ltr' id='par_1_40' title="bbox 2236 1549 3809 1613">
     <span class='ocr_line' id='line_1_40' title="bbox 2236 1549 3809 1613; baseline -0.01 -8"><span class='ocrx_word' id='word_1_289' title='bbox 2236 1554 2505 1605; x_wconf 88' lang='lat' dir='ltr'>intellectu</span> <span class='ocrx_word' id='word_1_290' title='bbox 2558 1552 2893 1601; x_wconf 88' lang='lat' dir='ltr'>diversarum</span> <span class='ocrx_word' id='word_1_291' title='bbox 2949 1549 3338 1613; x_wconf 86' lang='lat' dir='ltr'>proprietatum</span> <span class='ocrx_word' id='word_1_292' title='bbox 3390 1556 3607 1607; x_wconf 87' lang='lat' dir='ltr'>quarum</span> <span class='ocrx_word' id='word_1_293' title='bbox 3653 1554 3809 1613; x_wconf 74' lang='lat' dir='ltr'>semper</span> 
     </span>
    </p>
   </div>
   <div class='ocr_carea' id='block_1_41' title="bbox 2238 1612 3809 1675">
    <p class='ocr_par' dir='ltr' id='par_1_41' title="bbox 2238 1612 3809 1675">
     <span class='ocr_line' id='line_1_41' title="bbox 2238 1612 3809 1675; baseline -0.01 0"><span class='ocrx_word' id='word_1_294' title='bbox 2238 1639 2418 1675; x_wconf 89' lang='lat' dir='ltr'>comes</span> <span class='ocrx_word' id='word_1_295' title='bbox 2443 1628 2525 1674; x_wconf 86' lang='lat' dir='ltr'>est</span> <span class='ocrx_word' id='word_1_296' title='bbox 2555 1622 2837 1673; x_wconf 84' lang='lat' dir='ltr'>diversitas</span> <span class='ocrx_word' id='word_1_297' title='bbox 2869 1612 3161 1674; x_wconf 90' lang='lat' dir='ltr'>unitatum,</span> <span class='ocrx_word' id='word_1_298' title='bbox 3191 1617 3294 1667; x_wconf 87' lang='lat' dir='ltr'>hoc</span> <span class='ocrx_word' id='word_1_299' title='bbox 3324 1616 3567 1675; x_wconf 84' lang='lat' dir='ltr'>dicimus,</span> <span class='ocrx_word' id='word_1_300' title='bbox 3590 1617 3670 1662; x_wconf 87' lang='lat' dir='ltr'>aut</span> <span class='ocrx_word' id='word_1_301' title='bbox 3694 1612 3809 1661; x_wconf 79' lang='lat' dir='ltr'>unius</span> 
     </span>
    </p>
   </div>
   <div class='ocr_carea' id='block_1_42' title="bbox 483 1685 3325 1762">
    <p class='ocr_par' dir='ltr' id='par_1_42' title="bbox 483 1685 3325 1762">
     <span class='ocr_line' id='line_1_42' title="bbox 483 1685 3325 1762; baseline -0.008 -15"><span class='ocrx_word' id='word_1_302' title='bbox 483 1685 674 1747; x_wconf 74' lang='lat' dir='ltr'>eodem</span> <span class='ocrx_word' id='word_1_303' title='bbox 702 1698 758 1746; x_wconf 90' lang='lat' dir='ltr'>in</span> <span class='ocrx_word' id='word_1_304' title='bbox 786 1685 1091 1760; x_wconf 37' lang='lat' dir='ltr'>quo—genus</span> <span class='ocrx_word' id='word_1_305' title='bbox 1140 1694 1317 1757; x_wconf 90' lang='lat' dir='ltr'>ipsum</span> <span class='ocrx_word' id='word_1_306' title='bbox 1369 1698 1467 1751; x_wconf 90' lang='lat' dir='ltr'>est,</span> <span class='ocrx_word' id='word_1_307' title='bbox 1506 1696 1760 1754; x_wconf 88' lang='lat' dir='ltr'>tanquam</span> <span class='ocrx_word' id='word_1_308' title='bbox 1797 1687 1854 1737; x_wconf 89' lang='lat' dir='ltr'>in</span> <span class='ocrx_word' id='word_1_309' title='bbox 1887 1687 2128 1750; x_wconf 90' lang='lat' dir='ltr'>subjecto</span> <span class='ocrx_word' id='word_1_310' title='bbox 2159 1685 2207 1751; x_wconf 82' lang='lat' dir='ltr'><strong>B</strong></span> <span class='ocrx_word' id='word_1_311' title='bbox 2241 1696 2568 1762; x_wconf 53' lang='lat' dir='ltr'>repetitione</span> <span class='ocrx_word' id='word_1_312' title='bbox 2601 1708 2723 1758; x_wconf 49' lang='lat' dir='ltr'>qua</span> <span class='ocrx_word' id='word_1_313' title='bbox 2754 1704 3039 1743; x_wconf 60' lang='lat' dir='ltr'>numerum</span> <span class='ocrx_word' id='word_1_314' title='bbox 3063 1689 3325 1762; x_wconf 46' lang='lat' dir='ltr'>imitmur:</span> 
     </span>
    </p>
   </div>
   <div class='ocr_carea' id='block_1_43' title="bbox 484 1764 2133 1832">
    <p class='ocr_par' dir='ltr' id='par_1_43' title="bbox 484 1764 2133 1832">
     <span class='ocr_line' id='line_1_43' title="bbox 484 1764 2133 1832; baseline -0.006 -12"><span class='ocrx_word' id='word_1_315' title='bbox 484 1784 599 1821; x_wconf 89' lang='lat' dir='ltr'>esse</span> <span class='ocrx_word' id='word_1_316' title='bbox 630 1770 903 1829; x_wconf 88' lang='lat' dir='ltr'>dicuntur,</span> <span class='ocrx_word' id='word_1_317' title='bbox 933 1770 1177 1832; x_wconf 86' lang='lat' dir='ltr'>quamvis</span> <span class='ocrx_word' id='word_1_318' title='bbox 1202 1773 1255 1818; x_wconf 85' lang='lat' dir='ltr'>et</span> <span class='ocrx_word' id='word_1_319' title='bbox 1283 1770 1431 1832; x_wconf 66' lang='lat' dir='ltr'>ipsas,</span> <span class='ocrx_word' id='word_1_320' title='bbox 1464 1766 1593 1831; x_wconf 90' lang='lat' dir='ltr'>quia</span> <span class='ocrx_word' id='word_1_321' title='bbox 1624 1765 1677 1815; x_wconf 86' lang='lat' dir='ltr'>id</span> <span class='ocrx_word' id='word_1_322' title='bbox 1730 1764 1875 1828; x_wconf 90' lang='lat' dir='ltr'>quod</span> <span class='ocrx_word' id='word_1_323' title='bbox 1923 1767 2003 1812; x_wconf 89' lang='lat' dir='ltr'>est</span> <span class='ocrx_word' id='word_1_324' title='bbox 2045 1766 2133 1810; x_wconf 83' lang='lat' dir='ltr'>t0-</span> 
     </span>
    </p>
   </div>
   <div class='ocr_carea' id='block_1_44' title="bbox 485 1840 2134 1904">
    <p class='ocr_par' dir='ltr' id='par_1_44' title="bbox 485 1840 2134 1904">
     <span class='ocr_line' id='line_1_44' title="bbox 485 1840 2134 1904; baseline -0.007 -12"><span class='ocrx_word' id='word_1_325' title='bbox 485 1847 599 1892; x_wconf 91' lang='lat' dir='ltr'>tum</span> <span class='ocrx_word' id='word_1_326' title='bbox 631 1856 747 1892; x_wconf 89' lang='lat' dir='ltr'>esse</span> <span class='ocrx_word' id='word_1_327' title='bbox 774 1840 1130 1902; x_wconf 85' lang='lat' dir='ltr'>constituunt,</span> <span class='ocrx_word' id='word_1_328' title='bbox 1167 1841 1223 1890; x_wconf 93' lang='lat' dir='ltr'>in</span> <span class='ocrx_word' id='word_1_329' title='bbox 1255 1840 1499 1904; x_wconf 81' lang='lat' dir='ltr'>subjecto</span> <span class='ocrx_word' id='word_1_330' title='bbox 1555 1851 1669 1887; x_wconf 88' lang='lat' dir='ltr'>esse</span> <span class='ocrx_word' id='word_1_331' title='bbox 1726 1840 1868 1886; x_wconf 92' lang='lat' dir='ltr'>recte</span> <span class='ocrx_word' id='word_1_332' title='bbox 1929 1847 2134 1897; x_wconf 87' lang='lat' dir='ltr'>negen-</span> 
     </span>
    </p>
   </div>
   <div class='ocr_carea' id='block_1_45' title="bbox 486 1905 2135 1976">
    <p class='ocr_par' dir='ltr' id='par_1_45' title="bbox 486 1905 2135 1976">
     <span class='ocr_line' id='line_1_45' title="bbox 486 1905 2135 1976; baseline -0.006 -13"><span class='ocrx_word' id='word_1_333' title='bbox 486 1918 591 1963; x_wconf 87' lang='lat' dir='ltr'>tur.</span> <span class='ocrx_word' id='word_1_334' title='bbox 623 1916 753 1963; x_wconf 83' lang='lat' dir='ltr'>Nam</span> <span class='ocrx_word' id='word_1_335' title='bbox 785 1914 1015 1976; x_wconf 90' lang='lat' dir='ltr'>quodin</span> <span class='ocrx_word' id='word_1_336' title='bbox 1054 1912 1211 1962; x_wconf 88' lang='lat' dir='ltr'>Patre</span> <span class='ocrx_word' id='word_1_337' title='bbox 1268 1926 1366 1960; x_wconf 92' lang='lat' dir='ltr'>nec</span> <span class='ocrx_word' id='word_1_338' title='bbox 1427 1910 1662 1973; x_wconf 89' lang='lat' dir='ltr'>plurales</span> <span class='ocrx_word' id='word_1_339' title='bbox 1710 1905 1978 1961; x_wconf 71' lang='lat' dir='ltr'>essentiaa.</span> <span class='ocrx_word' id='word_1_340' title='bbox 2032 1917 2135 1953; x_wconf 89' lang='lat' dir='ltr'>nec</span> 
     </span>
    </p>
   </div>
   <div class='ocr_carea' id='block_1_46' title="bbox 489 1976 2133 2048">
    <p class='ocr_par' dir='ltr' id='par_1_46' title="bbox 489 1976 2133 2048">
     <span class='ocr_line' id='line_1_46' title="bbox 489 1976 2133 2048; baseline -0.006 -15"><span class='ocrx_word' id='word_1_341' title='bbox 489 1984 721 2048; x_wconf 87' lang='lat' dir='ltr'>pluralia</span> <span class='ocrx_word' id='word_1_342' title='bbox 751 1984 1067 2043; x_wconf 88' lang='lat' dir='ltr'>accidentia,</span> <span class='ocrx_word' id='word_1_343' title='bbox 1104 1997 1203 2033; x_wconf 89' lang='lat' dir='ltr'>nec</span> <span class='ocrx_word' id='word_1_344' title='bbox 1248 1982 1494 2033; x_wconf 82' lang='lat' dir='ltr'>accidens</span> <span class='ocrx_word' id='word_1_345' title='bbox 1553 1994 1671 2031; x_wconf 89' lang='lat' dir='ltr'>cum</span> <span class='ocrx_word' id='word_1_346' title='bbox 1731 1977 1967 2029; x_wconf 87' lang='lat' dir='ltr'>essentia</span> <span class='ocrx_word' id='word_1_347' title='bbox 2007 1976 2133 2033; x_wconf 89' lang='lat' dir='ltr'>sint,</span> 
     </span>
    </p>
   </div>
   <div class='ocr_carea' id='block_1_47' title="bbox 489 2050 2134 2120">
    <p class='ocr_par' dir='ltr' id='par_1_47' title="bbox 489 2050 2134 2120">
     <span class='ocr_line' id='line_1_47' title="bbox 489 2050 2134 2120; baseline -0.007 -14"><span class='ocrx_word' id='word_1_348' title='bbox 489 2057 673 2106; x_wconf 91' lang='lat' dir='ltr'>nullus</span> <span class='ocrx_word' id='word_1_349' title='bbox 706 2057 935 2120; x_wconf 86' lang='lat' dir='ltr'>ignorat,</span> <span class='ocrx_word' id='word_1_350' title='bbox 968 2057 1058 2119; x_wconf 87' lang='lat' dir='ltr'>qui</span> <span class='ocrx_word' id='word_1_351' title='bbox 1092 2069 1198 2119; x_wconf 90' lang='lat' dir='ltr'>qua</span> <span class='ocrx_word' id='word_1_352' title='bbox 1227 2055 1436 2104; x_wconf 85' lang='lat' dir='ltr'>ratione</span> <span class='ocrx_word' id='word_1_353' title='bbox 1467 2054 1619 2103; x_wconf 87' lang='lat' dir='ltr'>Pater</span> <span class='ocrx_word' id='word_1_354' title='bbox 1652 2051 1703 2100; x_wconf 94' lang='lat' dir='ltr'>id</span> <span class='ocrx_word' id='word_1_355' title='bbox 1735 2050 1878 2114; x_wconf 91' lang='lat' dir='ltr'>quod</span> <span class='ocrx_word' id='word_1_356' title='bbox 1909 2053 1991 2098; x_wconf 85' lang='lat' dir='ltr'>est</span> <span class='ocrx_word' id='word_1_357' title='bbox 2019 2060 2134 2096; x_wconf 87' lang='lat' dir='ltr'>esse</span> 
     </span>
    </p>
   </div>
   <div class='ocr_carea' id='block_1_48' title="bbox 502 2120 2135 2188">
    <p class='ocr_par' dir='ltr' id='par_1_48' title="bbox 502 2120 2135 2188">
     <span class='ocr_line' id='line_1_48' title="bbox 502 2120 2135 2188; baseline -0.004 -13"><span class='ocrx_word' id='word_1_358' title='bbox 502 2126 731 2188; x_wconf 87' lang='lat' dir='ltr'>dicatur,</span> <span class='ocrx_word' id='word_1_359' title='bbox 767 2141 874 2177; x_wconf 92' lang='lat' dir='ltr'>non</span> <span class='ocrx_word' id='word_1_360' title='bbox 907 2127 1098 2177; x_wconf 88' lang='lat' dir='ltr'>nescit.</span> <span class='ocrx_word' id='word_1_361' title='bbox 1120 2127 1267 2177; x_wconf 89' lang='lat' dir='ltr'>Idem</span> <span class='ocrx_word' id='word_1_362' title='bbox 1299 2131 1351 2176; x_wconf 92' lang='lat' dir='ltr'>et</span> <span class='ocrx_word' id='word_1_363' title='bbox 1380 2127 1445 2175; x_wconf 90' lang='lat' dir='ltr'>de</span> <span class='ocrx_word' id='word_1_364' title='bbox 1476 2125 1606 2174; x_wconf 88' lang='lat' dir='ltr'>Filio</span> <span class='ocrx_word' id='word_1_365' title='bbox 1641 2122 1775 2186; x_wconf 82' lang='lat' dir='ltr'>eius,</span> <span class='ocrx_word' id='word_1_366' title='bbox 1805 2126 1859 2172; x_wconf 90' lang='lat' dir='ltr'>et</span> <span class='ocrx_word' id='word_1_367' title='bbox 1886 2120 1953 2170; x_wconf 91' lang='lat' dir='ltr'>de</span> <span class='ocrx_word' id='word_1_368' title='bbox 1982 2123 2135 2170; x_wconf 89' lang='lat' dir='ltr'>utro-</span> 
     </span>
    </p>
   </div>
   <div class='ocr_carea' id='block_1_49' title="bbox 499 2199 2133 2280">
    <p class='ocr_par' dir='ltr' id='par_1_49' title="bbox 499 2199 2133 2280">
     <span class='ocr_line' id='line_1_49' title="bbox 499 2199 2133 2280; baseline -0.004 -28"><span class='ocrx_word' id='word_1_369' title='bbox 499 2203 966 2280; x_wconf 34' lang='lat' dir='ltr'>rumque‘Spiritu</span> <span class='ocrx_word' id='word_1_370' title='bbox 1007 2201 1234 2280; x_wconf 77' lang='lat' dir='ltr'>intelligi</span> <span class='ocrx_word' id='word_1_371' title='bbox 1291 2202 1563 2280; x_wconf 74' lang='lat' dir='ltr'>convenit.</span> <span class='ocrx_word' id='word_1_372' title='bbox 1620 2199 1940 2280; x_wconf 64' lang='lat' dir='ltr'>Dbicunque</span> <span class='ocrx_word' id='word_1_373' title='bbox 1985 2212 2133 2257; x_wconf 90' lang='lat' dir='ltr'>vero,</span> 
     </span>
    </p>
   </div>
   <div class='ocr_carea' id='block_1_50' title="bbox 500 2271 2135 2332">
    <p class='ocr_par' dir='ltr' id='par_1_50' title="bbox 500 2271 2135 2332">
     <span class='ocr_line' id='line_1_50' title="bbox 500 2271 2135 2332; baseline -0.001 -11"><span class='ocrx_word' id='word_1_374' title='bbox 500 2271 556 2320; x_wconf 88' lang='lat' dir='ltr'>id</span> <span class='ocrx_word' id='word_1_375' title='bbox 586 2278 684 2332; x_wconf 90' lang='lat' dir='ltr'>est,</span> <span class='ocrx_word' id='word_1_376' title='bbox 716 2275 827 2322; x_wconf 90' lang='lat' dir='ltr'>sive</span> <span class='ocrx_word' id='word_1_377' title='bbox 860 2275 912 2322; x_wconf 91' lang='lat' dir='ltr'>in</span> <span class='ocrx_word' id='word_1_378' title='bbox 938 2288 1049 2323; x_wconf 92' lang='lat' dir='ltr'>uno</span> <span class='ocrx_word' id='word_1_379' title='bbox 1080 2273 1191 2322; x_wconf 88' lang='lat' dir='ltr'>sive</span> <span class='ocrx_word' id='word_1_380' title='bbox 1222 2274 1275 2321; x_wconf 85' lang='lat' dir='ltr'>in</span> <span class='ocrx_word' id='word_1_381' title='bbox 1307 2271 1510 2329; x_wconf 83' lang='lat' dir='ltr'>multis,</span> <span class='ocrx_word' id='word_1_382' title='bbox 1541 2272 1690 2320; x_wconf 88' lang='lat' dir='ltr'>nulla</span> <span class='ocrx_word' id='word_1_383' title='bbox 1718 2274 1801 2319; x_wconf 91' lang='lat' dir='ltr'>est</span> <span class='ocrx_word' id='word_1_384' title='bbox 1830 2271 1912 2319; x_wconf 90' lang='lat' dir='ltr'>vel</span> <span class='ocrx_word' id='word_1_385' title='bbox 1952 2283 2135 2319; x_wconf 89' lang='lat' dir='ltr'>essen-</span> 
     </span>
    </p>
   </div>
   <div class='ocr_carea' id='block_1_51' title="bbox 500 2342 2137 2407">
    <p class='ocr_par' dir='ltr' id='par_1_51' title="bbox 500 2342 2137 2407">
     <span class='ocr_line' id='line_1_51' title="bbox 500 2342 2137 2407; baseline -0.002 -15"><span class='ocrx_word' id='word_1_386' title='bbox 500 2348 589 2393; x_wconf 55' lang='lat' dir='ltr'>tia».</span> <span class='ocrx_word' id='word_1_387' title='bbox 618 2350 669 2394; x_wconf 88' lang='lat' dir='ltr'>et</span> <span class='ocrx_word' id='word_1_388' title='bbox 704 2346 968 2407; x_wconf 72' lang='lat' dir='ltr'>essentim,</span> <span class='ocrx_word' id='word_1_389' title='bbox 1002 2346 1085 2394; x_wconf 90' lang='lat' dir='ltr'>vel</span> <span class='ocrx_word' id='word_1_390' title='bbox 1114 2344 1405 2394; x_wconf 88' lang='lat' dir='ltr'>accidentis</span> <span class='ocrx_word' id='word_1_391' title='bbox 1455 2350 1507 2394; x_wconf 91' lang='lat' dir='ltr'>et</span> <span class='ocrx_word' id='word_1_392' title='bbox 1553 2342 1859 2399; x_wconf 90' lang='lat' dir='ltr'>accidentis,</span> <span class='ocrx_word' id='word_1_393' title='bbox 1904 2342 1989 2390; x_wconf 91' lang='lat' dir='ltr'>vel</span> <span class='ocrx_word' id='word_1_394' title='bbox 2048 2355 2137 2390; x_wconf 87' lang='lat' dir='ltr'>es-</span> 
     </span>
    </p>
   </div>
   <div class='ocr_carea' id='block_1_52' title="bbox 496 2412 2137 2472">
    <p class='ocr_par' dir='ltr' id='par_1_52' title="bbox 496 2412 2137 2472">
     <span class='ocr_line' id='line_1_52' title="bbox 496 2412 2137 2472; baseline -0.001 -8"><span class='ocrx_word' id='word_1_395' title='bbox 496 2415 685 2465; x_wconf 68' lang='lat' dir='ltr'>sentias</span> <span class='ocrx_word' id='word_1_396' title='bbox 742 2421 795 2466; x_wconf 91' lang='lat' dir='ltr'>et</span> <span class='ocrx_word' id='word_1_397' title='bbox 851 2416 1141 2466; x_wconf 83' lang='lat' dir='ltr'>accidentis</span> <span class='ocrx_word' id='word_1_398' title='bbox 1198 2415 1516 2472; x_wconf 87' lang='lat' dir='ltr'>diﬁ&#39;erentia,</span> <span class='ocrx_word' id='word_1_399' title='bbox 1571 2414 1717 2463; x_wconf 65' lang='lat' dir='ltr'>nulla</span> <span class='ocrx_word' id='word_1_400' title='bbox 1773 2417 1852 2463; x_wconf 89' lang='lat' dir='ltr'>est</span> <span class='ocrx_word' id='word_1_401' title='bbox 1914 2412 2137 2463; x_wconf 90' lang='lat' dir='ltr'>omnino</span> 
     </span>
    </p>
   </div>
   <div class='ocr_carea' id='block_1_53' title="bbox 499 2484 2137 2546">
    <p class='ocr_par' dir='ltr' id='par_1_53' title="bbox 499 2484 2137 2546">
     <span class='ocr_line' id='line_1_53' title="bbox 499 2484 2137 2546; baseline -0.001 -11"><span class='ocrx_word' id='word_1_402' title='bbox 499 2487 644 2536; x_wconf 89' lang='lat' dir='ltr'>unde</span> <span class='ocrx_word' id='word_1_403' title='bbox 672 2489 756 2537; x_wconf 90' lang='lat' dir='ltr'>vel</span> <span class='ocrx_word' id='word_1_404' title='bbox 784 2486 914 2537; x_wconf 92' lang='lat' dir='ltr'>illud</span> <span class='ocrx_word' id='word_1_405' title='bbox 948 2502 1113 2537; x_wconf 86' lang='lat' dir='ltr'>unum</span> <span class='ocrx_word' id='word_1_406' title='bbox 1147 2488 1229 2537; x_wconf 89' lang='lat' dir='ltr'>vel</span> <span class='ocrx_word' id='word_1_407' title='bbox 1261 2488 1351 2537; x_wconf 89' lang='lat' dir='ltr'>illa</span> <span class='ocrx_word' id='word_1_408' title='bbox 1400 2487 1565 2536; x_wconf 89' lang='lat' dir='ltr'>multa</span> <span class='ocrx_word' id='word_1_409' title='bbox 1612 2484 1983 2546; x_wconf 78' lang='lat' dir='ltr'>intelligantur</span> <span class='ocrx_word' id='word_1_410' title='bbox 2022 2498 2137 2534; x_wconf 85' lang='lat' dir='ltr'>esse</span> 
     </span>
    </p>
   </div>
   <div class='ocr_carea' id='block_1_54' title="bbox 501 2554 2138 2622">
    <p class='ocr_par' dir='ltr' id='par_1_54' title="bbox 501 2554 2138 2622">
     <span class='ocr_line' id='line_1_54' title="bbox 501 2554 2138 2622; baseline -0.002 -16"><span class='ocrx_word' id='word_1_411' title='bbox 501 2558 795 2622; x_wconf 86' lang='lat' dir='ltr'>pluralitas.</span> <span class='ocrx_word' id='word_1_412' title='bbox 828 2559 1002 2618; x_wconf 88' lang='lat' dir='ltr'>Quare</span> <span class='ocrx_word' id='word_1_413' title='bbox 1034 2574 1133 2610; x_wconf 91' lang='lat' dir='ltr'>nec</span> <span class='ocrx_word' id='word_1_414' title='bbox 1158 2559 1355 2621; x_wconf 85' lang='lat' dir='ltr'>aliquis</span> <span class='ocrx_word' id='word_1_415' title='bbox 1383 2573 1569 2608; x_wconf 91' lang='lat' dir='ltr'>eorum</span> <span class='ocrx_word' id='word_1_416' title='bbox 1624 2572 1743 2621; x_wconf 67' lang='lat' dir='ltr'>quas</span> <span class='ocrx_word' id='word_1_417' title='bbox 1799 2556 1883 2605; x_wconf 87' lang='lat' dir='ltr'>vel</span> <span class='ocrx_word' id='word_1_418' title='bbox 1936 2556 2006 2605; x_wconf 88' lang='lat' dir='ltr'>illi</span> <span class='ocrx_word' id='word_1_419' title='bbox 2045 2554 2138 2603; x_wconf 93' lang='lat' dir='ltr'>uni</span> 
     </span>
    </p>
   </div>
   <div class='ocr_carea' id='block_1_55' title="bbox 504 2630 2138 2695">
    <p class='ocr_par' dir='ltr' id='par_1_55' title="bbox 504 2630 2138 2695">
     <span class='ocr_line' id='line_1_55' title="bbox 504 2630 2138 2695; baseline -0.002 -18"><span class='ocrx_word' id='word_1_420' title='bbox 504 2630 590 2679; x_wconf 88' lang='lat' dir='ltr'>vel</span> <span class='ocrx_word' id='word_1_421' title='bbox 619 2630 721 2679; x_wconf 89' lang='lat' dir='ltr'>illis</span> <span class='ocrx_word' id='word_1_422' title='bbox 752 2634 935 2680; x_wconf 89' lang='lat' dir='ltr'>multis</span> <span class='ocrx_word' id='word_1_423' title='bbox 985 2646 1100 2681; x_wconf 89' lang='lat' dir='ltr'>esse</span> <span class='ocrx_word' id='word_1_424' title='bbox 1161 2631 1304 2695; x_wconf 89' lang='lat' dir='ltr'>quod</span> <span class='ocrx_word' id='word_1_425' title='bbox 1358 2635 1487 2680; x_wconf 89' lang='lat' dir='ltr'>sunt</span> <span class='ocrx_word' id='word_1_426' title='bbox 1540 2630 1823 2679; x_wconf 86' lang='lat' dir='ltr'>conferant</span> <span class='ocrx_word' id='word_1_427' title='bbox 1860 2640 2138 2676; x_wconf 90' lang='lat' dir='ltr'>numerus.</span> 
     </span>
    </p>
   </div>
   <div class='ocr_carea' id='block_1_56' title="bbox 498 2697 2139 2767">
    <p class='ocr_par' dir='ltr' id='par_1_56' title="bbox 498 2697 2139 2767">
     <span class='ocr_line' id='line_1_56' title="bbox 498 2697 2139 2767; baseline -0.002 -17"><span class='ocrx_word' id='word_1_428' title='bbox 498 2702 664 2764; x_wconf 79' lang='lat' dir='ltr'>igitur</span> <span class='ocrx_word' id='word_1_429' title='bbox 693 2706 799 2751; x_wconf 89' lang='lat' dir='ltr'>tam</span> <span class='ocrx_word' id='word_1_430' title='bbox 831 2704 1123 2753; x_wconf 89' lang='lat' dir='ltr'>multorum</span> <span class='ocrx_word' id='word_1_431' title='bbox 1154 2718 1311 2767; x_wconf 90' lang='lat' dir='ltr'>quam</span> <span class='ocrx_word' id='word_1_432' title='bbox 1347 2704 1510 2752; x_wconf 89' lang='lat' dir='ltr'>unius</span> <span class='ocrx_word' id='word_1_433' title='bbox 1565 2701 1743 2751; x_wconf 91' lang='lat' dir='ltr'>unitas</span> <span class='ocrx_word' id='word_1_434' title='bbox 1789 2698 2053 2759; x_wconf 60' lang='lat' dir='ltr'>essentia,</span> <span class='ocrx_word' id='word_1_435' title='bbox 2085 2697 2139 2747; x_wconf 85' lang='lat' dir='ltr'>id</span> 
     </span>
    </p>
   </div>
   <div class='ocr_carea' id='block_1_57' title="bbox 502 2770 2141 2839">
    <p class='ocr_par' dir='ltr' id='par_1_57' title="bbox 502 2770 2141 2839">
     <span class='ocr_line' id='line_1_57' title="bbox 502 2770 2141 2839; baseline -0.003 -17"><span class='ocrx_word' id='word_1_436' title='bbox 502 2778 582 2822; x_wconf 90' lang='lat' dir='ltr'>est</span> <span class='ocrx_word' id='word_1_437' title='bbox 608 2786 717 2822; x_wconf 91' lang='lat' dir='ltr'>una</span> <span class='ocrx_word' id='word_1_438' title='bbox 750 2773 982 2823; x_wconf 84' lang='lat' dir='ltr'>essentia</span> <span class='ocrx_word' id='word_1_439' title='bbox 1011 2779 1240 2829; x_wconf 85' lang='lat' dir='ltr'>tantum,</span> <span class='ocrx_word' id='word_1_440' title='bbox 1273 2789 1380 2839; x_wconf 89' lang='lat' dir='ltr'>qua</span> <span class='ocrx_word' id='word_1_441' title='bbox 1422 2774 1504 2825; x_wconf 87' lang='lat' dir='ltr'>vel</span> <span class='ocrx_word' id='word_1_442' title='bbox 1554 2774 1721 2827; x_wconf 82' lang='lat' dir='ltr'>Pater,</span> <span class='ocrx_word' id='word_1_443' title='bbox 1755 2772 1842 2820; x_wconf 87' lang='lat' dir='ltr'>vel</span> <span class='ocrx_word' id='word_1_444' title='bbox 1900 2771 2014 2833; x_wconf 91' lang='lat' dir='ltr'>ejus</span> <span class='ocrx_word' id='word_1_445' title='bbox 2057 2770 2141 2817; x_wconf 86' lang='lat' dir='ltr'>Fi-</span> 
     </span>
    </p>
   </div>
   <div class='ocr_carea' id='block_1_58' title="bbox 501 2844 2142 2909">
    <p class='ocr_par' dir='ltr' id='par_1_58' title="bbox 501 2844 2142 2909">
     <span class='ocr_line' id='line_1_58' title="bbox 501 2844 2142 2909; baseline -0.002 -16"><span class='ocrx_word' id='word_1_446' title='bbox 501 2844 625 2905; x_wconf 90' lang='lat' dir='ltr'>lius,</span> <span class='ocrx_word' id='word_1_447' title='bbox 658 2846 739 2895; x_wconf 86' lang='lat' dir='ltr'>vel</span> <span class='ocrx_word' id='word_1_448' title='bbox 769 2846 1046 2896; x_wconf 90' lang='lat' dir='ltr'>amborum</span> <span class='ocrx_word' id='word_1_449' title='bbox 1078 2846 1309 2909; x_wconf 87' lang='lat' dir='ltr'>Spiritus</span> <span class='ocrx_word' id='word_1_450' title='bbox 1338 2852 1390 2896; x_wconf 88' lang='lat' dir='ltr'>et</span> <span class='ocrx_word' id='word_1_451' title='bbox 1411 2851 1507 2903; x_wconf 80' lang='lat' dir='ltr'>est,</span> <span class='ocrx_word' id='word_1_452' title='bbox 1540 2850 1593 2895; x_wconf 90' lang='lat' dir='ltr'>et</span> <span class='ocrx_word' id='word_1_453' title='bbox 1620 2849 1701 2894; x_wconf 90' lang='lat' dir='ltr'>est</span> <span class='ocrx_word' id='word_1_454' title='bbox 1731 2856 1920 2902; x_wconf 90' lang='lat' dir='ltr'>unum,</span> <span class='ocrx_word' id='word_1_455' title='bbox 1963 2847 2016 2892; x_wconf 90' lang='lat' dir='ltr'>et</span> <span class='ocrx_word' id='word_1_456' title='bbox 2062 2844 2142 2891; x_wconf 89' lang='lat' dir='ltr'>est</span> 
     </span>
    </p>
   </div>
   <div class='ocr_carea' id='block_1_59' title="bbox 498 2915 2139 2981">
    <p class='ocr_par' dir='ltr' id='par_1_59' title="bbox 498 2915 2139 2981">
     <span class='ocr_line' id='line_1_59' title="bbox 498 2915 2139 2981; baseline -0.002 -15"><span class='ocrx_word' id='word_1_457' title='bbox 498 2918 552 2966; x_wconf 92' lang='lat' dir='ltr'>id</span> <span class='ocrx_word' id='word_1_458' title='bbox 583 2918 725 2980; x_wconf 90' lang='lat' dir='ltr'>quod</span> <span class='ocrx_word' id='word_1_459' title='bbox 750 2921 850 2978; x_wconf 89' lang='lat' dir='ltr'>est,</span> <span class='ocrx_word' id='word_1_460' title='bbox 884 2932 988 2981; x_wconf 91' lang='lat' dir='ltr'>qua</span> <span class='ocrx_word' id='word_1_461' title='bbox 1018 2920 1176 2969; x_wconf 86' lang='lat' dir='ltr'>etiam</span> <span class='ocrx_word' id='word_1_462' title='bbox 1208 2918 1367 2968; x_wconf 89' lang='lat' dir='ltr'>simul</span> <span class='ocrx_word' id='word_1_463' title='bbox 1400 2922 1453 2967; x_wconf 91' lang='lat' dir='ltr'>et</span> <span class='ocrx_word' id='word_1_464' title='bbox 1480 2915 1761 2980; x_wconf 70' lang='lat' dir='ltr'>aequaliter</span> <span class='ocrx_word' id='word_1_465' title='bbox 1787 2916 1980 2979; x_wconf 85' lang='lat' dir='ltr'>ipsi,et</span> <span class='ocrx_word' id='word_1_466' title='bbox 1997 2918 2139 2971; x_wconf 90' lang='lat' dir='ltr'>sunt,</span> 
     </span>
    </p>
   </div>
   <div class='ocr_carea' id='block_1_60' title="bbox 500 2988 2141 3053">
    <p class='ocr_par' dir='ltr' id='par_1_60' title="bbox 500 2988 2141 3053">
     <span class='ocr_line' id='line_1_60' title="bbox 500 2988 2141 3053; baseline -0.002 -16"><span class='ocrx_word' id='word_1_467' title='bbox 500 2994 552 3038; x_wconf 88' lang='lat' dir='ltr'>et</span> <span class='ocrx_word' id='word_1_468' title='bbox 579 2993 706 3038; x_wconf 88' lang='lat' dir='ltr'>sunt</span> <span class='ocrx_word' id='word_1_469' title='bbox 741 3003 930 3046; x_wconf 90' lang='lat' dir='ltr'>unum,</span> <span class='ocrx_word' id='word_1_470' title='bbox 966 2995 1018 3040; x_wconf 89' lang='lat' dir='ltr'>et</span> <span class='ocrx_word' id='word_1_471' title='bbox 1047 2996 1174 3040; x_wconf 87' lang='lat' dir='ltr'>sunt</span> <span class='ocrx_word' id='word_1_472' title='bbox 1204 2990 1255 3039; x_wconf 91' lang='lat' dir='ltr'>id</span> <span class='ocrx_word' id='word_1_473' title='bbox 1287 2990 1430 3053; x_wconf 92' lang='lat' dir='ltr'>quod</span> <span class='ocrx_word' id='word_1_474' title='bbox 1461 2992 1605 3038; x_wconf 89' lang='lat' dir='ltr'>sunt.</span> <span class='ocrx_word' id='word_1_475' title='bbox 1638 2988 1885 3037; x_wconf 87' lang='lat' dir='ltr'>Essentia</span> <span class='ocrx_word' id='word_1_476' title='bbox 1909 2998 2141 3048; x_wconf 88' lang='lat' dir='ltr'>namque</span> 
     </span>
    </p>
   </div>
   <div class='ocr_carea' id='block_1_61' title="bbox 2306 1754 3810 1827">
    <p class='ocr_par' dir='ltr' id='par_1_61' title="bbox 2306 1754 3810 1827">
     <span class='ocr_line' id='line_1_61' title="bbox 2306 1754 3810 1827; baseline -0.011 -9"><span class='ocrx_word' id='word_1_477' title='bbox 2306 1754 2562 1818; x_wconf 69' lang='lat' dir='ltr'>Numerus</span> <span class='ocrx_word' id='word_1_478' title='bbox 2582 1754 2723 1815; x_wconf 63' lang='lat' dir='ltr'>enim</span> <span class='ocrx_word' id='word_1_479' title='bbox 2760 1762 2951 1827; x_wconf 73' lang='lat' dir='ltr'>duplex</span> <span class='ocrx_word' id='word_1_480' title='bbox 2982 1767 3072 1818; x_wconf 79' lang='lat' dir='ltr'>est,</span> <span class='ocrx_word' id='word_1_481' title='bbox 3105 1761 3166 1812; x_wconf 77' lang='lat' dir='ltr'>id</span> <span class='ocrx_word' id='word_1_482' title='bbox 3199 1765 3274 1810; x_wconf 74' lang='lat' dir='ltr'>est</span> <span class='ocrx_word' id='word_1_483' title='bbox 3304 1756 3548 1823; x_wconf 74' lang='lat' dir='ltr'>loquendi</span> <span class='ocrx_word' id='word_1_484' title='bbox 3572 1769 3653 1804; x_wconf 78' lang='lat' dir='ltr'>usu</span> <span class='ocrx_word' id='word_1_485' title='bbox 3687 1754 3810 1827; x_wconf 68' lang='lat' dir='ltr'>dupli-</span> 
     </span>
    </p>
   </div>
   <div class='ocr_carea' id='block_1_62' title="bbox 2243 1824 3811 1898">
    <p class='ocr_par' dir='ltr' id='par_1_62' title="bbox 2243 1824 3811 1898">
     <span class='ocr_line' id='line_1_62' title="bbox 2243 1824 3811 1898; baseline -0.012 -7"><span class='ocrx_word' id='word_1_486' title='bbox 2243 1841 2378 1893; x_wconf 77' lang='lat' dir='ltr'>citer</span> <span class='ocrx_word' id='word_1_487' title='bbox 2424 1839 2648 1887; x_wconf 76' lang='lat' dir='ltr'>dicimur</span> <span class='ocrx_word' id='word_1_488' title='bbox 2692 1852 2710 1886; x_wconf 82' lang='lat'>.-</span> <span class='ocrx_word' id='word_1_489' title='bbox 2764 1824 2895 1883; x_wconf 27' lang='lat' dir='ltr'>unius</span> <span class='ocrx_word' id='word_1_490' title='bbox 2944 1833 3154 1898; x_wconf 80' lang='lat' dir='ltr'>quidem</span> <span class='ocrx_word' id='word_1_491' title='bbox 3194 1829 3510 1885; x_wconf 79' lang='lat' dir='ltr'>numeratio,</span> <span class='ocrx_word' id='word_1_492' title='bbox 3553 1841 3642 1891; x_wconf 83' lang='lat' dir='ltr'>quo</span> <span class='ocrx_word' id='word_1_493' title='bbox 3672 1824 3811 1874; x_wconf 75' lang='lat' dir='ltr'>scilicet</span> 
     </span>
    </p>
   </div>
   <div class='ocr_carea' id='block_1_63' title="bbox 2241 1899 3809 1971">
    <p class='ocr_par' dir='ltr' id='par_1_63' title="bbox 2241 1899 3809 1971">
     <span class='ocr_line' id='line_1_63' title="bbox 2241 1899 3809 1971; baseline -0.01 -8"><span class='ocrx_word' id='word_1_494' title='bbox 2241 1925 2574 1965; x_wconf 76' lang='lat' dir='ltr'>numeramus</span> <span class='ocrx_word' id='word_1_495' title='bbox 2603 1924 2622 1971; x_wconf 86' lang='lat'><strong><em>;</em></strong></span> <span class='ocrx_word' id='word_1_496' title='bbox 2652 1909 2784 1957; x_wconf 77' lang='lat' dir='ltr'>alter</span> <span class='ocrx_word' id='word_1_497' title='bbox 2807 1920 2945 1964; x_wconf 82' lang='lat' dir='ltr'>vero,</span> <span class='ocrx_word' id='word_1_498' title='bbox 2976 1905 3102 1971; x_wconf 73' lang='lat' dir='ltr'>eic.|</span> <span class='ocrx_word' id='word_1_499' title='bbox 3149 1903 3387 1953; x_wconf 90' lang='lat' dir='ltr'>Dicendo</span> <span class='ocrx_word' id='word_1_500' title='bbox 3446 1915 3579 1952; x_wconf 90' lang='lat' dir='ltr'>unus</span> <span class='ocrx_word' id='word_1_501' title='bbox 3625 1904 3669 1950; x_wconf 89' lang='lat' dir='ltr'>et</span> <span class='ocrx_word' id='word_1_502' title='bbox 3704 1899 3809 1955; x_wconf 80' lang='lat' dir='ltr'>alter,</span> 
     </span>
    </p>
   </div>
   <div class='ocr_carea' id='block_1_64' title="bbox 2242 1971 3809 2041">
    <p class='ocr_par' dir='ltr' id='par_1_64' title="bbox 2242 1971 3809 2041">
     <span class='ocr_line' id='line_1_64' title="bbox 2242 1971 3809 2041; baseline -0.013 -2"><span class='ocrx_word' id='word_1_503' title='bbox 2242 2000 2353 2039; x_wconf 92' lang='lat' dir='ltr'>non</span> <span class='ocrx_word' id='word_1_504' title='bbox 2384 1983 2498 2034; x_wconf 90' lang='lat' dir='ltr'>vult</span> <span class='ocrx_word' id='word_1_505' title='bbox 2530 1978 2759 2041; x_wconf 79' lang='lat' dir='ltr'>intelligi</span> <span class='ocrx_word' id='word_1_506' title='bbox 2791 1992 2911 2027; x_wconf 90' lang='lat' dir='ltr'>eum</span> <span class='ocrx_word' id='word_1_507' title='bbox 2964 1990 3073 2041; x_wconf 85' lang='lat' dir='ltr'>quo</span> <span class='ocrx_word' id='word_1_508' title='bbox 3122 1988 3472 2025; x_wconf 88' lang='lat' dir='ltr'>numeramus</span> <span class='ocrx_word' id='word_1_509' title='bbox 3516 1974 3577 2022; x_wconf 85' lang='lat' dir='ltr'>ab</span> <span class='ocrx_word' id='word_1_510' title='bbox 3605 1986 3659 2022; x_wconf 94' lang='lat' dir='ltr'>eo</span> <span class='ocrx_word' id='word_1_511' title='bbox 3683 1971 3809 2033; x_wconf 86' lang='lat' dir='ltr'>quiin</span> 
     </span>
    </p>
   </div>
   <div class='ocr_carea' id='block_1_65' title="bbox 2242 2044 3810 2110">
    <p class='ocr_par' dir='ltr' id='par_1_65' title="bbox 2242 2044 3810 2110">
     <span class='ocr_line' id='line_1_65' title="bbox 2242 2044 3810 2110; baseline -0.015 0"><span class='ocrx_word' id='word_1_512' title='bbox 2242 2059 2407 2110; x_wconf 85' lang='lat' dir='ltr'>rebus</span> <span class='ocrx_word' id='word_1_513' title='bbox 2438 2049 2866 2104; x_wconf 89' lang='lat' dir='ltr'>numerabilibus</span> <span class='ocrx_word' id='word_1_514' title='bbox 2891 2051 3122 2105; x_wconf 87' lang='lat' dir='ltr'>constat,</span> <span class='ocrx_word' id='word_1_515' title='bbox 3174 2048 3252 2095; x_wconf 86' lang='lat' dir='ltr'>rei</span> <span class='ocrx_word' id='word_1_516' title='bbox 3298 2044 3616 2109; x_wconf 81' lang='lat' dir='ltr'>prOprietate</span> <span class='ocrx_word' id='word_1_517' title='bbox 3658 2053 3810 2103; x_wconf 80' lang='lat' dir='ltr'>semper</span> 
     </span>
    </p>
   </div>
   <div class='ocr_carea' id='block_1_66' title="bbox 2244 2112 3810 2182">
    <p class='ocr_par' dir='ltr' id='par_1_66' title="bbox 2244 2112 3810 2182">
     <span class='ocr_line' id='line_1_66' title="bbox 2244 2112 3810 2182; baseline -0.014 -1"><span class='ocrx_word' id='word_1_518' title='bbox 2244 2144 2359 2181; x_wconf 87' lang='lat' dir='ltr'>esse</span> <span class='ocrx_word' id='word_1_519' title='bbox 2389 2126 2689 2175; x_wconf 84' lang='lat' dir='ltr'>diversum.</span> <span class='ocrx_word' id='word_1_520' title='bbox 2717 2120 2793 2170; x_wconf 92' lang='lat' dir='ltr'>Eo</span> <span class='ocrx_word' id='word_1_521' title='bbox 2822 2132 3054 2182; x_wconf 89' lang='lat' dir='ltr'>namque</span> <span class='ocrx_word' id='word_1_522' title='bbox 3111 2129 3467 2168; x_wconf 90' lang='lat' dir='ltr'>numeramus</span> <span class='ocrx_word' id='word_1_523' title='bbox 3503 2113 3588 2178; x_wconf 87' lang='lat' dir='ltr'>qui</span> <span class='ocrx_word' id='word_1_524' title='bbox 3626 2114 3670 2162; x_wconf 87' lang='lat' dir='ltr'>in</span> <span class='ocrx_word' id='word_1_525' title='bbox 3695 2112 3810 2161; x_wconf 76' lang='lat' dir='ltr'>rebus</span> 
     </span>
    </p>
   </div>
   <div class='ocr_carea' id='block_1_67' title="bbox 2246 2182 3811 2252">
    <p class='ocr_par' dir='ltr' id='par_1_67' title="bbox 2246 2182 3811 2252">
     <span class='ocr_line' id='line_1_67' title="bbox 2246 2182 3811 2252; baseline -0.013 0"><span class='ocrx_word' id='word_1_526' title='bbox 2246 2195 2675 2252; x_wconf 88' lang='lat' dir='ltr'>numerabilibus</span> <span class='ocrx_word' id='word_1_527' title='bbox 2704 2196 2935 2243; x_wconf 88' lang='lat' dir='ltr'>constat.</span> <span class='ocrx_word' id='word_1_528' title='bbox 2972 2191 3071 2241; x_wconf 91' lang='lat' dir='ltr'>Sed</span> <span class='ocrx_word' id='word_1_529' title='bbox 3102 2190 3225 2238; x_wconf 92' lang='lat' dir='ltr'>ideo</span> <span class='ocrx_word' id='word_1_530' title='bbox 3257 2186 3451 2236; x_wconf 89' lang='lat' dir='ltr'>dicunt</span> <span class='ocrx_word' id='word_1_531' title='bbox 3478 2199 3608 2235; x_wconf 84' lang='lat' dir='ltr'>unus</span> <span class='ocrx_word' id='word_1_532' title='bbox 3633 2188 3678 2233; x_wconf 90' lang='lat' dir='ltr'>et</span> <span class='ocrx_word' id='word_1_533' title='bbox 3705 2182 3811 2236; x_wconf 83' lang='lat' dir='ltr'>alter.</span> 
     </span>
    </p>
   </div>
   <div class='ocr_carea' id='block_1_68' title="bbox 2246 2253 3811 2336">
    <p class='ocr_par' dir='ltr' id='par_1_68' title="bbox 2246 2253 3811 2336">
     <span class='ocr_line' id='line_1_68' title="bbox 2246 2253 3811 2336; baseline -0.012 -15"><span class='ocrx_word' id='word_1_534' title='bbox 2246 2271 2505 2336; x_wconf 89' lang='lat' dir='ltr'>quoniam</span> <span class='ocrx_word' id='word_1_535' title='bbox 2537 2266 2643 2316; x_wconf 91' lang='lat' dir='ltr'>alia</span> <span class='ocrx_word' id='word_1_536' title='bbox 2701 2264 2836 2313; x_wconf 86' lang='lat' dir='ltr'>ratio</span> <span class='ocrx_word' id='word_1_537' title='bbox 2889 2266 2971 2311; x_wconf 89' lang='lat' dir='ltr'>est</span> <span class='ocrx_word' id='word_1_538' title='bbox 3016 2273 3304 2310; x_wconf 88' lang='lat' dir='ltr'>numerum</span> <span class='ocrx_word' id='word_1_539' title='bbox 3352 2259 3511 2307; x_wconf 88' lang='lat' dir='ltr'>rebus</span> <span class='ocrx_word' id='word_1_540' title='bbox 3548 2257 3712 2310; x_wconf 86' lang='lat' dir='ltr'>inesse,</span> <span class='ocrx_word' id='word_1_541' title='bbox 3744 2253 3811 2301; x_wconf 72' lang='lat' dir='ltr'>alia</span> 
     </span>
    </p>
   </div>
   <div class='ocr_carea' id='block_1_69' title="bbox 2249 2329 3811 2405">
    <p class='ocr_par' dir='ltr' id='par_1_69' title="bbox 2249 2329 3811 2405">
     <span class='ocr_line' id='line_1_69' title="bbox 2249 2329 3811 2405; baseline -0.012 -13"><span class='ocrx_word' id='word_1_542' title='bbox 2249 2329 2333 2393; x_wconf 71' lang='lat' dir='ltr'>res</span> <span class='ocrx_word' id='word_1_543' title='bbox 2388 2341 2533 2405; x_wconf 87' lang='lat' dir='ltr'>ipsas</span> <span class='ocrx_word' id='word_1_544' title='bbox 2589 2350 2815 2386; x_wconf 90' lang='lat' dir='ltr'>numero</span> <span class='ocrx_word' id='word_1_545' title='bbox 2864 2346 3164 2384; x_wconf 89' lang='lat' dir='ltr'>numerare.</span> <span class='ocrx_word' id='word_1_546' title='bbox 3211 2329 3602 2379; x_wconf 83' lang='lat' dir='ltr'>Numerationis</span> <span class='ocrx_word' id='word_1_547' title='bbox 3657 2338 3811 2404; x_wconf 69' lang='lat' dir='ltr'>quoque</span> 
     </span>
    </p>
   </div>
   <div class='ocr_carea' id='block_1_70' title="bbox 2247 2395 3814 2467">
    <p class='ocr_par' dir='ltr' id='par_1_70' title="bbox 2247 2395 3814 2467">
     <span class='ocr_line' id='line_1_70' title="bbox 2247 2395 3814 2467; baseline -0.013 -2"><span class='ocrx_word' id='word_1_548' title='bbox 2247 2395 2445 2465; x_wconf 75' lang='lat' dir='ltr'>diversi</span> <span class='ocrx_word' id='word_1_549' title='bbox 2474 2409 2636 2467; x_wconf 89' lang='lat' dir='ltr'>modi,</span> <span class='ocrx_word' id='word_1_550' title='bbox 2674 2407 2731 2456; x_wconf 91' lang='lat' dir='ltr'>ﬁt</span> <span class='ocrx_word' id='word_1_551' title='bbox 2786 2406 2930 2456; x_wconf 89' lang='lat' dir='ltr'>enim</span> <span class='ocrx_word' id='word_1_552' title='bbox 2986 2404 3289 2454; x_wconf 86' lang='lat' dir='ltr'>numeratio</span> <span class='ocrx_word' id='word_1_553' title='bbox 3339 2402 3650 2464; x_wconf 87' lang='lat' dir='ltr'>quandoque</span> <span class='ocrx_word' id='word_1_554' title='bbox 3685 2395 3814 2467; x_wconf 54' lang='lat' dir='ltr'>distrif</span> 
     </span>
    </p>
   </div>
   <div class='ocr_carea' id='block_1_71' title="bbox 2245 2464 3813 2543">
    <p class='ocr_par' dir='ltr' id='par_1_71' title="bbox 2245 2464 3813 2543">
     <span class='ocr_line' id='line_1_71' title="bbox 2245 2464 3813 2543; baseline -0.015 -7"><span class='ocrx_word' id='word_1_555' title='bbox 2245 2464 2491 2543; x_wconf 89' lang='lat' dir='ltr'>butione,</span> <span class='ocrx_word' id='word_1_556' title='bbox 2529 2464 2857 2543; x_wconf 81' lang='lat' dir='ltr'>quandoque</span> <span class='ocrx_word' id='word_1_557' title='bbox 2892 2475 3231 2527; x_wconf 84' lang='lat' dir='ltr'>collectione.</span> <span class='ocrx_word' id='word_1_558' title='bbox 3292 2474 3425 2523; x_wconf 83' lang='lat' dir='ltr'>Nam</span> <span class='ocrx_word' id='word_1_559' title='bbox 3476 2475 3528 2522; x_wconf 89' lang='lat' dir='ltr'>et</span> <span class='ocrx_word' id='word_1_560' title='bbox 3556 2470 3640 2543; x_wconf 83' lang='lat' dir='ltr'>qui</span> <span class='ocrx_word' id='word_1_561' title='bbox 3677 2464 3813 2543; x_wconf 71' lang='lat' dir='ltr'>dividit</span> 
     </span>
    </p>
   </div>
   <div class='ocr_carea' id='block_1_72' title="bbox 2245 2538 3815 2615">
    <p class='ocr_par' dir='ltr' id='par_1_72' title="bbox 2245 2538 3815 2615">
     <span class='ocr_line' id='line_1_72' title="bbox 2245 2538 3815 2615; baseline -0.015 -8"><span class='ocrx_word' id='word_1_562' title='bbox 2245 2538 2514 2615; x_wconf 84' lang='lat' dir='ltr'>numerat,</span> <span class='ocrx_word' id='word_1_563' title='bbox 2550 2538 2700 2600; x_wconf 78' lang='lat' dir='ltr'>unde</span> <span class='ocrx_word' id='word_1_564' title='bbox 2748 2538 3008 2599; x_wconf 81' lang='lat' dir='ltr'>numerus</span> <span class='ocrx_word' id='word_1_565' title='bbox 3069 2546 3266 2596; x_wconf 90' lang='lat' dir='ltr'>dicitur</span> <span class='ocrx_word' id='word_1_566' title='bbox 3313 2542 3661 2608; x_wconf 87' lang='lat' dir='ltr'>quorumlibet</span> <span class='ocrx_word' id='word_1_567' title='bbox 3696 2538 3815 2615; x_wconf 69' lang='lat' dir='ltr'>diver-</span> 
     </span>
    </p>
   </div>
   <div class='ocr_carea' id='block_1_73' title="bbox 2247 2609 3812 2681">
    <p class='ocr_par' dir='ltr' id='par_1_73' title="bbox 2247 2609 3812 2681">
     <span class='ocr_line' id='line_1_73' title="bbox 2247 2609 3812 2681; baseline -0.016 -1"><span class='ocrx_word' id='word_1_568' title='bbox 2247 2641 2429 2679; x_wconf 89' lang='lat' dir='ltr'>sorum</span> <span class='ocrx_word' id='word_1_569' title='bbox 2464 2609 2526 2676; x_wconf 60' lang='lat' dir='ltr'>ei</span> <span class='ocrx_word' id='word_1_570' title='bbox 2558 2622 2785 2673; x_wconf 87' lang='lat' dir='ltr'>diversis</span> <span class='ocrx_word' id='word_1_571' title='bbox 2814 2620 2955 2671; x_wconf 91' lang='lat' dir='ltr'>inter</span> <span class='ocrx_word' id='word_1_572' title='bbox 2984 2633 3040 2669; x_wconf 87' lang='lat' dir='ltr'>se</span> <span class='ocrx_word' id='word_1_573' title='bbox 3084 2616 3509 2681; x_wconf 86' lang='lat' dir='ltr'>proprietatibus</span> <span class='ocrx_word' id='word_1_574' title='bbox 3553 2609 3812 2663; x_wconf 83' lang='lat' dir='ltr'>multitudo;</span> 
     </span>
    </p>
   </div>
   <div class='ocr_carea' id='block_1_74' title="bbox 2248 2681 3814 2761">
    <p class='ocr_par' dir='ltr' id='par_1_74' title="bbox 2248 2681 3814 2761">
     <span class='ocr_line' id='line_1_74' title="bbox 2248 2681 3814 2761; baseline -0.013 -13"><span class='ocrx_word' id='word_1_575' title='bbox 2248 2704 2300 2750; x_wconf 87' lang='lat' dir='ltr'>et</span> <span class='ocrx_word' id='word_1_576' title='bbox 2325 2698 2416 2761; x_wconf 89' lang='lat' dir='ltr'>qui</span> <span class='ocrx_word' id='word_1_577' title='bbox 2444 2692 2648 2755; x_wconf 84' lang='lat' dir='ltr'>colligit</span> <span class='ocrx_word' id='word_1_578' title='bbox 2675 2692 2941 2747; x_wconf 90' lang='lat' dir='ltr'>numerat,</span> <span class='ocrx_word' id='word_1_579' title='bbox 2974 2686 3122 2761; x_wconf 84' lang='lat' dir='ltr'>unde</span> <span class='ocrx_word' id='word_1_580' title='bbox 3176 2699 3440 2761; x_wconf 78' lang='lat' dir='ltr'>numerus</span> <span class='ocrx_word' id='word_1_581' title='bbox 3475 2681 3665 2761; x_wconf 43' lang='lat' dir='ltr'>dicitur.</span> <span class='ocrx_word' id='word_1_582' title='bbox 3693 2689 3814 2761; x_wconf 65' lang='lat' dir='ltr'>quan-</span> 
     </span>
    </p>
   </div>
   <div class='ocr_carea' id='block_1_75' title="bbox 2247 2747 3815 2823">
    <p class='ocr_par' dir='ltr' id='par_1_75' title="bbox 2247 2747 3815 2823">
     <span class='ocr_line' id='line_1_75' title="bbox 2247 2747 3815 2823; baseline -0.017 -2"><span class='ocrx_word' id='word_1_583' title='bbox 2247 2747 2415 2823; x_wconf 75' lang='lat' dir='ltr'>titatis</span> <span class='ocrx_word' id='word_1_584' title='bbox 2449 2747 2671 2816; x_wconf 66' lang='lat' dir='ltr'>acervus</span> <span class='ocrx_word' id='word_1_585' title='bbox 2702 2766 2863 2823; x_wconf 88' lang='lat' dir='ltr'>atque</span> <span class='ocrx_word' id='word_1_586' title='bbox 2895 2760 3162 2809; x_wconf 86' lang='lat' dir='ltr'>unitatum</span> <span class='ocrx_word' id='word_1_587' title='bbox 3195 2756 3463 2807; x_wconf 87' lang='lat' dir='ltr'>collectio.</span> <span class='ocrx_word' id='word_1_588' title='bbox 3508 2747 3815 2823; x_wconf 77' lang='lat' dir='ltr'>Distributions</span> 
     </span>
    </p>
   </div>
   <div class='ocr_carea' id='block_1_76' title="bbox 2252 2820 3819 2893">
    <p class='ocr_par' dir='ltr' id='par_1_76' title="bbox 2252 2820 3819 2893">
     <span class='ocr_line' id='line_1_76' title="bbox 2252 2820 3819 2893; baseline -0.015 0"><span class='ocrx_word' id='word_1_589' title='bbox 2252 2851 2623 2893; x_wconf 87' lang='lat' dir='ltr'>numeramus,</span> <span class='ocrx_word' id='word_1_590' title='bbox 2659 2820 2787 2884; x_wconf 15' lang='lat' dir='ltr'>cum?</span> <span class='ocrx_word' id='word_1_591' title='bbox 2818 2832 3046 2881; x_wconf 88' lang='lat' dir='ltr'>dicimus</span> <span class='ocrx_word' id='word_1_592' title='bbox 3077 2844 3241 2891; x_wconf 87' lang='lat' dir='ltr'>unus,</span> <span class='ocrx_word' id='word_1_593' title='bbox 3270 2843 3415 2878; x_wconf 89' lang='lat' dir='ltr'>unus</span> <span class='ocrx_word' id='word_1_594' title='bbox 3450 2842 3463 2886; x_wconf 85' lang='lat'><strong>;</strong></span> <span class='ocrx_word' id='word_1_595' title='bbox 3517 2828 3569 2875; x_wconf 89' lang='lat' dir='ltr'>et</span> <span class='ocrx_word' id='word_1_596' title='bbox 3607 2825 3691 2873; x_wconf 89' lang='lat' dir='ltr'>boc</span> <span class='ocrx_word' id='word_1_597' title='bbox 3732 2820 3819 2893; x_wconf 54' lang='lat' dir='ltr'>duoj</span> 
     </span>
    </p>
   </div>
   <div class='ocr_carea' id='block_1_77' title="bbox 2251 2891 3818 2965">
    <p class='ocr_par' dir='ltr' id='par_1_77' title="bbox 2251 2891 3818 2965">
     <span class='ocr_line' id='line_1_77' title="bbox 2251 2891 3818 2965; baseline -0.017 0"><span class='ocrx_word' id='word_1_598' title='bbox 2251 2891 2353 2964; x_wconf 75' lang='lat' dir='ltr'>bus</span> <span class='ocrx_word' id='word_1_599' title='bbox 2385 2911 2577 2965; x_wconf 90' lang='lat' dir='ltr'>modis,</span> <span class='ocrx_word' id='word_1_600' title='bbox 2608 2891 2809 2956; x_wconf 74' lang='lat' dir='ltr'>scilicet</span> <span class='ocrx_word' id='word_1_601' title='bbox 2833 2904 2914 2952; x_wconf 92' lang='lat' dir='ltr'>vel</span> <span class='ocrx_word' id='word_1_602' title='bbox 2950 2903 3171 2951; x_wconf 89' lang='lat' dir='ltr'>unitatis</span> <span class='ocrx_word' id='word_1_603' title='bbox 3221 2899 3413 2963; x_wconf 84' lang='lat' dir='ltr'>ipsius,</span> <span class='ocrx_word' id='word_1_604' title='bbox 3448 2898 3525 2948; x_wconf 85' lang='lat' dir='ltr'>vel</span> <span class='ocrx_word' id='word_1_605' title='bbox 3577 2897 3675 2958; x_wconf 90' lang='lat' dir='ltr'>ejus</span> <span class='ocrx_word' id='word_1_606' title='bbox 3718 2891 3818 2965; x_wconf 79' lang='lat' dir='ltr'>quod</span> 
     </span>
    </p>
   </div>
   <div class='ocr_carea' id='block_1_78' title="bbox 2252 2960 3819 3044">
    <p class='ocr_par' dir='ltr' id='par_1_78' title="bbox 2252 2960 3819 3044">
     <span class='ocr_line' id='line_1_78' title="bbox 2252 2960 3819 3044; baseline -0.015 -12"><span class='ocrx_word' id='word_1_607' title='bbox 2252 2960 2470 3044; x_wconf 26' lang='lat' dir='ltr'>abvipsa</span> <span class='ocrx_word' id='word_1_608' title='bbox 2498 2960 2665 3027; x_wconf 87' lang='lat' dir='ltr'>unum</span> <span class='ocrx_word' id='word_1_609' title='bbox 2698 2978 2780 3025; x_wconf 84' lang='lat' dir='ltr'>est</span> <span class='ocrx_word' id='word_1_610' title='bbox 2804 2972 3216 3044; x_wconf 79' lang='lat' dir='ltr'>signiﬁcatione.</span> <span class='ocrx_word' id='word_1_611' title='bbox 3245 2960 3487 3044; x_wconf 81' lang='lat' dir='ltr'>Unitatis</span> <span class='ocrx_word' id='word_1_612' title='bbox 3524 2965 3672 3029; x_wconf 86' lang='lat' dir='ltr'>ipsius</span> 
     </span>
    </p>
   </div>
   <div class='ocr_carea' id='block_1_79' title="bbox 496 3030 3817 3125">
    <p class='ocr_par' dir='ltr' id='par_1_79' title="bbox 496 3030 3817 3125">
     <span class='ocr_line' id='line_1_79' title="bbox 496 3030 3817 3125; baseline -0.008 -18"><span class='ocrx_word' id='word_1_613' title='bbox 496 3059 707 3110; x_wconf 90' lang='lat' dir='ltr'>illorum</span> <span class='ocrx_word' id='word_1_614' title='bbox 734 3075 853 3125; x_wconf 62' lang='lat' dir='ltr'>qua:</span> <span class='ocrx_word' id='word_1_615' title='bbox 888 3061 1073 3112; x_wconf 63' lang='lat' dir='ltr'>Graece</span> <span class='ocrx_word' id='word_1_616' title='bbox 1107 3060 1263 3115; x_wconf 80' lang='grc' dir='ltr'>οὐσία</span> <span class='ocrx_word' id='word_1_617' title='bbox 1288 3030 1509 3119; x_wconf 67' lang='lat' dir='ltr'>dicitur,</span> <span class='ocrx_word' id='word_1_618' title='bbox 1568 3064 1621 3110; x_wconf 89' lang='lat' dir='ltr'>et</span> <span class='ocrx_word' id='word_1_619' title='bbox 1673 3057 1908 3108; x_wconf 90' lang='lat' dir='ltr'>essentia</span> <span class='ocrx_word' id='word_1_620' title='bbox 1954 3030 2069 3119; x_wconf 70' lang='lat' dir='ltr'>est,1</span> <span class='ocrx_word' id='word_1_621' title='bbox 2089 3060 2140 3107; x_wconf 91' lang='lat' dir='ltr'>et</span> <span class='ocrx_word' id='word_1_622' title='bbox 2168 3056 2211 3123; x_wconf 75' lang='grc' dir='ltr'><strong>ρ</strong></span> <span class='ocrx_word' id='word_1_623' title='bbox 2250 3030 2499 3104; x_wconf 79' lang='lat' dir='ltr'>ﬁcatione</span> <span class='ocrx_word' id='word_1_624' title='bbox 2522 3062 2643 3098; x_wconf 89' lang='lat' dir='ltr'>cum</span> <span class='ocrx_word' id='word_1_625' title='bbox 2674 3046 2795 3110; x_wconf 89' lang='lat' dir='ltr'>ipso</span> <span class='ocrx_word' id='word_1_626' title='bbox 2825 3030 2971 3125; x_wconf 43' lang='lat' dir='ltr'>ejus.</span> <span class='ocrx_word' id='word_1_627' title='bbox 3001 3043 3219 3092; x_wconf 89' lang='lat' dir='ltr'>nomine</span> <span class='ocrx_word' id='word_1_628' title='bbox 3280 3041 3567 3120; x_wconf 46' lang='lat' dir='ltr'>plusquam.</span> <span class='ocrx_word' id='word_1_629' title='bbox 3607 3031 3740 3084; x_wconf 85' lang='lat' dir='ltr'>semel</span> 
     </span>
    </p>
   </div>
   <div class='ocr_carea' id='block_1_80' title="bbox 499 3130 2137 3198">
    <p class='ocr_par' dir='ltr' id='par_1_80' title="bbox 499 3130 2137 3198">
     <span class='ocr_line' id='line_1_80' title="bbox 499 3130 2137 3198; baseline -0.001 -19"><span class='ocrx_word' id='word_1_630' title='bbox 499 3131 786 3196; x_wconf 82' lang='lat' dir='ltr'>singularis</span> <span class='ocrx_word' id='word_1_631' title='bbox 815 3139 912 3196; x_wconf 89' lang='lat' dir='ltr'>est,</span> <span class='ocrx_word' id='word_1_632' title='bbox 944 3138 996 3183; x_wconf 91' lang='lat' dir='ltr'>et</span> <span class='ocrx_word' id='word_1_633' title='bbox 1025 3132 1251 3198; x_wconf 86' lang='lat' dir='ltr'>simplex</span> <span class='ocrx_word' id='word_1_634' title='bbox 1282 3138 1379 3184; x_wconf 89' lang='lat' dir='ltr'>est.</span> <span class='ocrx_word' id='word_1_635' title='bbox 1412 3133 1642 3197; x_wconf 82' lang='lat' dir='ltr'>Ideoque</span> <span class='ocrx_word' id='word_1_636' title='bbox 1675 3135 1728 3180; x_wconf 92' lang='lat' dir='ltr'>et</span> <span class='ocrx_word' id='word_1_637' title='bbox 1773 3131 1963 3181; x_wconf 87' lang='lat' dir='ltr'>borum</span> <span class='ocrx_word' id='word_1_638' title='bbox 2016 3130 2137 3192; x_wconf 90' lang='lat' dir='ltr'>qui-</span> 
     </span>
    </p>
   </div>
   <div class='ocr_carea' id='block_1_81' title="bbox 498 3205 2137 3270">
    <p class='ocr_par' dir='ltr' id='par_1_81' title="bbox 498 3205 2137 3270">
     <span class='ocr_line' id='line_1_81' title="bbox 498 3205 2137 3270; baseline -0.002 -16"><span class='ocrx_word' id='word_1_639' title='bbox 498 3205 626 3255; x_wconf 88' lang='lat' dir='ltr'>libet</span> <span class='ocrx_word' id='word_1_640' title='bbox 654 3220 748 3270; x_wconf 90' lang='lat' dir='ltr'>per</span> <span class='ocrx_word' id='word_1_641' title='bbox 779 3220 834 3256; x_wconf 91' lang='lat' dir='ltr'>se</span> <span class='ocrx_word' id='word_1_642' title='bbox 867 3210 921 3256; x_wconf 89' lang='lat' dir='ltr'>et</span> <span class='ocrx_word' id='word_1_643' title='bbox 951 3220 1141 3256; x_wconf 88' lang='lat' dir='ltr'>omnes</span> <span class='ocrx_word' id='word_1_644' title='bbox 1170 3206 1327 3256; x_wconf 90' lang='lat' dir='ltr'>simul</span> <span class='ocrx_word' id='word_1_645' title='bbox 1373 3207 1645 3266; x_wconf 86' lang='lat' dir='ltr'>dicuntur,</span> <span class='ocrx_word' id='word_1_646' title='bbox 1679 3208 1731 3254; x_wconf 89' lang='lat' dir='ltr'>et</span> <span class='ocrx_word' id='word_1_647' title='bbox 1772 3218 1908 3259; x_wconf 88' lang='lat' dir='ltr'>esse,</span> <span class='ocrx_word' id='word_1_648' title='bbox 1945 3207 2137 3252; x_wconf 90' lang='lat' dir='ltr'>etesse</span> 
     </span>
    </p>
   </div>
   <div class='ocr_carea' id='block_1_82' title="bbox 502 3274 2139 3341">
    <p class='ocr_par' dir='ltr' id='par_1_82' title="bbox 502 3274 2139 3341">
     <span class='ocr_line' id='line_1_82' title="bbox 502 3274 2139 3341; baseline -0.002 -16"><span class='ocrx_word' id='word_1_649' title='bbox 502 3290 693 3335; x_wconf 89' lang='lat' dir='ltr'>unum,</span> <span class='ocrx_word' id='word_1_650' title='bbox 721 3282 773 3327; x_wconf 89' lang='lat' dir='ltr'>et</span> <span class='ocrx_word' id='word_1_651' title='bbox 803 3292 919 3327; x_wconf 90' lang='lat' dir='ltr'>esse</span> <span class='ocrx_word' id='word_1_652' title='bbox 974 3278 1027 3327; x_wconf 90' lang='lat' dir='ltr'>id</span> <span class='ocrx_word' id='word_1_653' title='bbox 1086 3278 1229 3341; x_wconf 91' lang='lat' dir='ltr'>quod</span> <span class='ocrx_word' id='word_1_654' title='bbox 1287 3284 1429 3327; x_wconf 91' lang='lat' dir='ltr'>sunt.</span> <span class='ocrx_word' id='word_1_655' title='bbox 1478 3277 1587 3325; x_wconf 87' lang='lat' dir='ltr'>Nec</span> <span class='ocrx_word' id='word_1_656' title='bbox 1642 3280 1856 3326; x_wconf 87' lang='lat' dir='ltr'>moveat</span> <span class='ocrx_word' id='word_1_657' title='bbox 1905 3274 2139 3337; x_wconf 90' lang='lat' dir='ltr'>aliquem</span> 
     </span>
    </p>
   </div>
   <div class='ocr_carea' id='block_1_83' title="bbox 505 3346 2143 3415">
    <p class='ocr_par' dir='ltr' id='par_1_83' title="bbox 505 3346 2143 3415">
     <span class='ocr_line' id='line_1_83' title="bbox 505 3346 2143 3415; baseline -0.002 -17"><span class='ocrx_word' id='word_1_658' title='bbox 505 3349 647 3415; x_wconf 90' lang='lat' dir='ltr'>quod</span> <span class='ocrx_word' id='word_1_659' title='bbox 684 3350 819 3399; x_wconf 86' lang='lat' dir='ltr'>sicut</span> <span class='ocrx_word' id='word_1_660' title='bbox 850 3350 902 3398; x_wconf 92' lang='lat' dir='ltr'>in</span> <span class='ocrx_word' id='word_1_661' title='bbox 936 3351 1273 3399; x_wconf 87' lang='lat' dir='ltr'>naturalibus</span> <span class='ocrx_word' id='word_1_662' title='bbox 1299 3363 1420 3399; x_wconf 91' lang='lat' dir='ltr'>cum</span> <span class='ocrx_word' id='word_1_663' title='bbox 1454 3353 1562 3398; x_wconf 88' lang='lat' dir='ltr'>tres</span> <span class='ocrx_word' id='word_1_664' title='bbox 1609 3349 1735 3406; x_wconf 90' lang='lat' dir='ltr'>sint,</span> <span class='ocrx_word' id='word_1_665' title='bbox 1778 3347 1948 3403; x_wconf 87' lang='lat' dir='ltr'>Plato,</span> <span class='ocrx_word' id='word_1_666' title='bbox 1996 3346 2143 3395; x_wconf 88' lang='lat' dir='ltr'>Aris-</span> 
     </span>
    </p>
   </div>
   <div class='ocr_carea' id='block_1_84' title="bbox 507 3418 2147 3484">
    <p class='ocr_par' dir='ltr' id='par_1_84' title="bbox 507 3418 2147 3484">
     <span class='ocr_line' id='line_1_84' title="bbox 507 3418 2147 3484; baseline -0.003 -15"><span class='ocrx_word' id='word_1_667' title='bbox 507 3420 713 3476; x_wconf 91' lang='lat' dir='ltr'>toteles,</span> <span class='ocrx_word' id='word_1_668' title='bbox 741 3420 943 3477; x_wconf 85' lang='lat' dir='ltr'>Cicero,</span> <span class='ocrx_word' id='word_1_669' title='bbox 1004 3425 1057 3470; x_wconf 93' lang='lat' dir='ltr'>et</span> <span class='ocrx_word' id='word_1_670' title='bbox 1106 3420 1262 3484; x_wconf 80' lang='lat' dir='ltr'>juxta</span> <span class='ocrx_word' id='word_1_671' title='bbox 1314 3420 1531 3470; x_wconf 91' lang='lat' dir='ltr'>illorum</span> <span class='ocrx_word' id='word_1_672' title='bbox 1568 3432 1853 3468; x_wconf 89' lang='lat' dir='ltr'>numerum</span> <span class='ocrx_word' id='word_1_673' title='bbox 1880 3420 2022 3467; x_wconf 88' lang='lat' dir='ltr'>trina</span> <span class='ocrx_word' id='word_1_674' title='bbox 2077 3418 2147 3465; x_wconf 89' lang='lat' dir='ltr'>sit</span> 
     </span>
    </p>
   </div>
   <div class='ocr_carea' id='block_1_85' title="bbox 508 3487 2147 3554">
    <p class='ocr_par' dir='ltr' id='par_1_85' title="bbox 508 3487 2147 3554">
     <span class='ocr_line' id='line_1_85' title="bbox 508 3487 2147 3554; baseline -0.002 -16"><span class='ocrx_word' id='word_1_675' title='bbox 508 3489 743 3539; x_wconf 83' lang='lat' dir='ltr'>hominis</span> <span class='ocrx_word' id='word_1_676' title='bbox 773 3490 1127 3554; x_wconf 87' lang='lat' dir='ltr'>nuncupatio,</span> <span class='ocrx_word' id='word_1_677' title='bbox 1172 3492 1428 3554; x_wconf 90' lang='lat' dir='ltr'>quoniam</span> <span class='ocrx_word' id='word_1_678' title='bbox 1473 3495 1525 3540; x_wconf 90' lang='lat' dir='ltr'>et</span> <span class='ocrx_word' id='word_1_679' title='bbox 1574 3490 1713 3539; x_wconf 86' lang='lat' dir='ltr'>Plato</span> <span class='ocrx_word' id='word_1_680' title='bbox 1766 3492 1846 3537; x_wconf 91' lang='lat' dir='ltr'>est</span> <span class='ocrx_word' id='word_1_681' title='bbox 1891 3487 2069 3548; x_wconf 87' lang='lat' dir='ltr'>homo,</span> <span class='ocrx_word' id='word_1_682' title='bbox 2093 3489 2147 3535; x_wconf 88' lang='lat' dir='ltr'>et</span> 
     </span>
    </p>
   </div>
   <div class='ocr_carea' id='block_1_86' title="bbox 506 3557 2147 3619">
    <p class='ocr_par' dir='ltr' id='par_1_86' title="bbox 506 3557 2147 3619">
     <span class='ocr_line' id='line_1_86' title="bbox 506 3557 2147 3619; baseline -0.005 -6"><span class='ocrx_word' id='word_1_683' title='bbox 506 3560 820 3613; x_wconf 77' lang='lat' dir='ltr'>Aristoteles</span> <span class='ocrx_word' id='word_1_684' title='bbox 873 3565 954 3610; x_wconf 90' lang='lat' dir='ltr'>est</span> <span class='ocrx_word' id='word_1_685' title='bbox 1009 3562 1189 3619; x_wconf 84' lang='lat' dir='ltr'>homo,</span> <span class='ocrx_word' id='word_1_686' title='bbox 1248 3567 1300 3612; x_wconf 92' lang='lat' dir='ltr'>et</span> <span class='ocrx_word' id='word_1_687' title='bbox 1353 3562 1534 3611; x_wconf 88' lang='lat' dir='ltr'>Cicero</span> <span class='ocrx_word' id='word_1_688' title='bbox 1593 3566 1672 3610; x_wconf 92' lang='lat' dir='ltr'>est</span> <span class='ocrx_word' id='word_1_689' title='bbox 1722 3560 1899 3619; x_wconf 85' lang='lat' dir='ltr'>homo,</span> <span class='ocrx_word' id='word_1_690' title='bbox 1932 3562 1984 3608; x_wconf 92' lang='lat' dir='ltr'>et</span> <span class='ocrx_word' id='word_1_691' title='bbox 2032 3557 2147 3607; x_wconf 70' lang='lat' dir='ltr'>hinc</span> 
     </span>
    </p>
   </div>
   <div class='ocr_carea' id='block_1_87' title="bbox 506 3630 2147 3699">
    <p class='ocr_par' dir='ltr' id='par_1_87' title="bbox 506 3630 2147 3699">
     <span class='ocr_line' id='line_1_87' title="bbox 506 3630 2147 3699; baseline -0.003 -17"><span class='ocrx_word' id='word_1_692' title='bbox 506 3634 651 3683; x_wconf 88' lang='lat' dir='ltr'>trina</span> <span class='ocrx_word' id='word_1_693' title='bbox 701 3633 1033 3697; x_wconf 86' lang='lat' dir='ltr'>nuncupatio</span> <span class='ocrx_word' id='word_1_694' title='bbox 1094 3635 1145 3684; x_wconf 93' lang='lat' dir='ltr'>in</span> <span class='ocrx_word' id='word_1_695' title='bbox 1195 3634 1482 3699; x_wconf 90' lang='lat' dir='ltr'>quemdam</span> <span class='ocrx_word' id='word_1_696' title='bbox 1535 3634 1634 3683; x_wconf 91' lang='lat' dir='ltr'>sub</span> <span class='ocrx_word' id='word_1_697' title='bbox 1683 3632 1869 3682; x_wconf 91' lang='lat' dir='ltr'>eodem</span> <span class='ocrx_word' id='word_1_698' title='bbox 1927 3630 2147 3680; x_wconf 89' lang='lat' dir='ltr'>nomine</span> 
     </span>
    </p>
   </div>
   <div class='ocr_carea' id='block_1_88' title="bbox 511 3701 2148 3769">
    <p class='ocr_par' dir='ltr' id='par_1_88' title="bbox 511 3701 2148 3769">
     <span class='ocr_line' id='line_1_88' title="bbox 511 3701 2148 3769; baseline -0.003 -15"><span class='ocrx_word' id='word_1_699' title='bbox 511 3718 800 3755; x_wconf 88' lang='lat' dir='ltr'>numerum</span> <span class='ocrx_word' id='word_1_700' title='bbox 831 3712 1201 3769; x_wconf 87' lang='lat' dir='ltr'>componatur,</span> <span class='ocrx_word' id='word_1_701' title='bbox 1234 3707 1532 3756; x_wconf 86' lang='lat' dir='ltr'>secundum</span> <span class='ocrx_word' id='word_1_702' title='bbox 1579 3717 1737 3768; x_wconf 86' lang='lat' dir='ltr'>quem</span> <span class='ocrx_word' id='word_1_703' title='bbox 1785 3708 1928 3752; x_wconf 90' lang='lat' dir='ltr'>recte</span> <span class='ocrx_word' id='word_1_704' title='bbox 1979 3701 2148 3756; x_wconf 78' lang='lat' dir='ltr'>Plato,</span> 
     </span>
    </p>
   </div>
   <div class='ocr_carea' id='block_1_89' title="bbox 513 3775 2150 3841">
    <p class='ocr_par' dir='ltr' id='par_1_89' title="bbox 513 3775 2150 3841">
     <span class='ocr_line' id='line_1_89' title="bbox 513 3775 2150 3841; baseline -0.004 -15"><span class='ocrx_word' id='word_1_705' title='bbox 513 3776 847 3835; x_wconf 84' lang='lat' dir='ltr'>Aristoteles,</span> <span class='ocrx_word' id='word_1_706' title='bbox 880 3778 1082 3841; x_wconf 86' lang='lat' dir='ltr'>Cicero,</span> <span class='ocrx_word' id='word_1_707' title='bbox 1115 3783 1221 3829; x_wconf 89' lang='lat' dir='ltr'>tres</span> <span class='ocrx_word' id='word_1_708' title='bbox 1250 3777 1496 3828; x_wconf 86' lang='lat' dir='ltr'>homines</span> <span class='ocrx_word' id='word_1_709' title='bbox 1542 3792 1657 3827; x_wconf 90' lang='lat' dir='ltr'>esse</span> <span class='ocrx_word' id='word_1_710' title='bbox 1711 3775 1965 3825; x_wconf 91' lang='lat' dir='ltr'>dicuntur</span> <span class='ocrx_word' id='word_1_711' title='bbox 1997 3785 2008 3821; x_wconf 92' lang='lat'><strong>:</strong></span> <span class='ocrx_word' id='word_1_712' title='bbox 2041 3785 2150 3822; x_wconf 91' lang='lat' dir='ltr'>non</span> 
     </span>
    </p>
   </div>
   <div class='ocr_carea' id='block_1_90' title="bbox 514 3844 2150 3914">
    <p class='ocr_par' dir='ltr' id='par_1_90' title="bbox 514 3844 2150 3914">
     <span class='ocr_line' id='line_1_90' title="bbox 514 3844 2150 3914; baseline -0.005 -15"><span class='ocrx_word' id='word_1_713' title='bbox 514 3854 693 3899; x_wconf 88' lang='lat' dir='ltr'>tamen</span> <span class='ocrx_word' id='word_1_714' title='bbox 745 3850 986 3899; x_wconf 85' lang='lat' dir='ltr'>similiter</span> <span class='ocrx_word' id='word_1_715' title='bbox 1043 3851 1311 3914; x_wconf 88' lang='lat' dir='ltr'>(quamvis</span> <span class='ocrx_word' id='word_1_716' title='bbox 1362 3848 1473 3899; x_wconf 89' lang='lat' dir='ltr'>sint</span> <span class='ocrx_word' id='word_1_717' title='bbox 1536 3850 1662 3908; x_wconf 90' lang='lat' dir='ltr'>tres)</span> <span class='ocrx_word' id='word_1_718' title='bbox 1743 3848 1912 3905; x_wconf 87' lang='lat' dir='ltr'>Pater,</span> <span class='ocrx_word' id='word_1_719' title='bbox 1971 3844 2150 3901; x_wconf 90' lang='lat' dir='ltr'>Filius,</span> 
     </span>
    </p>
   </div>
   <div class='ocr_carea' id='block_1_91' title="bbox 520 3914 2157 3987">
    <p class='ocr_par' dir='ltr' id='par_1_91' title="bbox 520 3914 2157 3987">
     <span class='ocr_line' id='line_1_91' title="bbox 520 3914 2157 3987; baseline -0.007 -14"><span class='ocrx_word' id='word_1_720' title='bbox 520 3919 749 3987; x_wconf 88' lang='lat' dir='ltr'>Spiritus</span> <span class='ocrx_word' id='word_1_721' title='bbox 779 3926 1015 3985; x_wconf 85' lang='lat' dir='ltr'>sanctus,</span> <span class='ocrx_word' id='word_1_722' title='bbox 1063 3927 1116 3972; x_wconf 88' lang='lat' dir='ltr'>et</span> <span class='ocrx_word' id='word_1_723' title='bbox 1156 3922 1311 3984; x_wconf 82' lang='lat' dir='ltr'>juxta</span> <span class='ocrx_word' id='word_1_724' title='bbox 1366 3921 1559 3971; x_wconf 88' lang='lat' dir='ltr'>borum</span> <span class='ocrx_word' id='word_1_725' title='bbox 1607 3931 1892 3968; x_wconf 89' lang='lat' dir='ltr'>numerum</span> <span class='ocrx_word' id='word_1_726' title='bbox 1931 3921 2051 3965; x_wconf 89' lang='lat' dir='ltr'>actu</span> <span class='ocrx_word' id='word_1_727' title='bbox 2084 3914 2157 3963; x_wconf 83' lang='lat' dir='ltr'>di-</span> 
     </span>
    </p>
   </div>
   <div class='ocr_carea' id='block_1_92' title="bbox 518 3989 2160 4057">
    <p class='ocr_par' dir='ltr' id='par_1_92' title="bbox 518 3989 2160 4057">
     <span class='ocr_line' id='line_1_92' title="bbox 518 3989 2160 4057; baseline -0.006 -12"><span class='ocrx_word' id='word_1_728' title='bbox 518 3994 691 4049; x_wconf 85' lang='lat' dir='ltr'>cendi.</span> <span class='ocrx_word' id='word_1_729' title='bbox 723 3996 864 4043; x_wconf 89' lang='lat' dir='ltr'>trina</span> <span class='ocrx_word' id='word_1_730' title='bbox 919 3995 988 4042; x_wconf 91' lang='lat' dir='ltr'>sit</span> <span class='ocrx_word' id='word_1_731' title='bbox 1044 3995 1375 4057; x_wconf 85' lang='lat' dir='ltr'>nuncupatio</span> <span class='ocrx_word' id='word_1_732' title='bbox 1425 3994 1539 4051; x_wconf 90' lang='lat' dir='ltr'>Dei,</span> <span class='ocrx_word' id='word_1_733' title='bbox 1592 3989 1844 4055; x_wconf 89' lang='lat' dir='ltr'>quoniam</span> <span class='ocrx_word' id='word_1_734' title='bbox 1902 3992 1955 4037; x_wconf 89' lang='lat' dir='ltr'>et</span> <span class='ocrx_word' id='word_1_735' title='bbox 2010 3989 2160 4037; x_wconf 87' lang='lat' dir='ltr'>Pater</span> 
     </span>
    </p>
   </div>
   <div class='ocr_carea' id='block_1_93' title="bbox 521 4061 2162 4127">
    <p class='ocr_par' dir='ltr' id='par_1_93' title="bbox 521 4061 2162 4127">
     <span class='ocr_line' id='line_1_93' title="bbox 521 4061 2162 4127; baseline -0.005 -10"><span class='ocrx_word' id='word_1_736' title='bbox 521 4070 601 4117; x_wconf 91' lang='lat' dir='ltr'>est</span> <span class='ocrx_word' id='word_1_737' title='bbox 633 4066 792 4125; x_wconf 90' lang='lat' dir='ltr'>Deus,</span> <span class='ocrx_word' id='word_1_738' title='bbox 825 4071 877 4115; x_wconf 89' lang='lat' dir='ltr'>et</span> <span class='ocrx_word' id='word_1_739' title='bbox 904 4066 1072 4115; x_wconf 90' lang='lat' dir='ltr'>Filius</span> <span class='ocrx_word' id='word_1_740' title='bbox 1121 4070 1201 4116; x_wconf 86' lang='lat' dir='ltr'>est</span> <span class='ocrx_word' id='word_1_741' title='bbox 1252 4067 1410 4122; x_wconf 85' lang='lat' dir='ltr'>Deus,</span> <span class='ocrx_word' id='word_1_742' title='bbox 1456 4070 1509 4115; x_wconf 91' lang='lat' dir='ltr'>et</span> <span class='ocrx_word' id='word_1_743' title='bbox 1555 4062 1789 4127; x_wconf 91' lang='lat' dir='ltr'>Spiritus</span> <span class='ocrx_word' id='word_1_744' title='bbox 1834 4064 2050 4110; x_wconf 88' lang='lat' dir='ltr'>sanctus</span> <span class='ocrx_word' id='word_1_745' title='bbox 2080 4061 2162 4108; x_wconf 88' lang='lat' dir='ltr'>est</span> 
     </span>
    </p>
   </div>
   <div class='ocr_carea' id='block_1_94' title="bbox 520 4130 2161 4201">
    <p class='ocr_par' dir='ltr' id='par_1_94' title="bbox 520 4130 2161 4201">
     <span class='ocr_line' id='line_1_94' title="bbox 520 4130 2161 4201; baseline -0.005 -14"><span class='ocrx_word' id='word_1_746' title='bbox 520 4140 664 4188; x_wconf 89' lang='lat' dir='ltr'>Deus</span> <span class='ocrx_word' id='word_1_747' title='bbox 697 4151 709 4199; x_wconf 88' lang='lat'><strong>;</strong></span> <span class='ocrx_word' id='word_1_748' title='bbox 737 4151 867 4195; x_wconf 91' lang='lat' dir='ltr'>non,</span> <span class='ocrx_word' id='word_1_749' title='bbox 917 4138 1156 4201; x_wconf 89' lang='lat' dir='ltr'>inquam,</span> <span class='ocrx_word' id='word_1_750' title='bbox 1196 4138 1334 4187; x_wconf 88' lang='lat' dir='ltr'>trina</span> <span class='ocrx_word' id='word_1_751' title='bbox 1382 4137 1497 4187; x_wconf 78' lang='lat' dir='ltr'>haec</span> <span class='ocrx_word' id='word_1_752' title='bbox 1541 4133 1869 4197; x_wconf 90' lang='lat' dir='ltr'>nuncupatio</span> <span class='ocrx_word' id='word_1_753' title='bbox 1912 4130 2161 4194; x_wconf 91' lang='lat' dir='ltr'>componi</span> 
     </span>
    </p>
   </div>
   <div class='ocr_carea' id='block_1_95' title="bbox 518 4203 2164 4274">
    <p class='ocr_par' dir='ltr' id='par_1_95' title="bbox 518 4203 2164 4274">
     <span class='ocr_line' id='line_1_95' title="bbox 518 4203 2164 4274; baseline -0.006 -13"><span class='ocrx_word' id='word_1_754' title='bbox 518 4213 702 4274; x_wconf 86' lang='lat' dir='ltr'>potest</span> <span class='ocrx_word' id='word_1_755' title='bbox 731 4210 786 4258; x_wconf 90' lang='lat' dir='ltr'>in</span> <span class='ocrx_word' id='word_1_756' title='bbox 818 4210 1046 4273; x_wconf 86' lang='lat' dir='ltr'>aliquem</span> <span class='ocrx_word' id='word_1_757' title='bbox 1074 4210 1173 4259; x_wconf 89' lang='lat' dir='ltr'>sub</span> <span class='ocrx_word' id='word_1_758' title='bbox 1196 4210 1299 4259; x_wconf 84' lang='lat' dir='ltr'>hoc</span> <span class='ocrx_word' id='word_1_759' title='bbox 1351 4210 1567 4259; x_wconf 90' lang='lat' dir='ltr'>nomine</span> <span class='ocrx_word' id='word_1_760' title='bbox 1615 4219 1918 4265; x_wconf 89' lang='lat' dir='ltr'>numerum,</span> <span class='ocrx_word' id='word_1_761' title='bbox 1954 4208 2014 4253; x_wconf 87' lang='lat' dir='ltr'>ut</span> <span class='ocrx_word' id='word_1_762' title='bbox 2061 4203 2164 4251; x_wconf 90' lang='lat' dir='ltr'>sci-</span> 
     </span>
    </p>
   </div>
   <div class='ocr_carea' id='block_1_96' title="bbox 522 4278 2163 4344">
    <p class='ocr_par' dir='ltr' id='par_1_96' title="bbox 522 4278 2163 4344">
     <span class='ocr_line' id='line_1_96' title="bbox 522 4278 2163 4344; baseline -0.007 -12"><span class='ocrx_word' id='word_1_763' title='bbox 522 4283 646 4332; x_wconf 82' lang='lat' dir='ltr'>licet</span> <span class='ocrx_word' id='word_1_764' title='bbox 678 4286 821 4331; x_wconf 92' lang='lat' dir='ltr'>recte</span> <span class='ocrx_word' id='word_1_765' title='bbox 856 4280 960 4332; x_wconf 90' lang='lat' dir='ltr'>dici</span> <span class='ocrx_word' id='word_1_766' title='bbox 992 4282 1178 4344; x_wconf 88' lang='lat' dir='ltr'>possit,</span> <span class='ocrx_word' id='word_1_767' title='bbox 1210 4281 1386 4342; x_wconf 90' lang='lat' dir='ltr'>Pater,</span> <span class='ocrx_word' id='word_1_768' title='bbox 1417 4280 1604 4336; x_wconf 87' lang='lat' dir='ltr'>Filius.</span> <span class='ocrx_word' id='word_1_769' title='bbox 1651 4278 1880 4341; x_wconf 89' lang='lat' dir='ltr'>Spiritus</span> <span class='ocrx_word' id='word_1_770' title='bbox 1927 4278 2163 4334; x_wconf 88' lang='lat' dir='ltr'>sanctus,</span> 
     </span>
    </p>
   </div>
   <div class='ocr_carea' id='block_1_97' title="bbox 521 4346 2164 4417">
    <p class='ocr_par' dir='ltr' id='par_1_97' title="bbox 521 4346 2164 4417">
     <span class='ocr_line' id='line_1_97' title="bbox 521 4346 2164 4417; baseline -0.007 -13"><span class='ocrx_word' id='word_1_771' title='bbox 521 4353 633 4405; x_wconf 86' lang='lat' dir='ltr'>sint</span> <span class='ocrx_word' id='word_1_772' title='bbox 661 4360 770 4404; x_wconf 90' lang='lat' dir='ltr'>tres</span> <span class='ocrx_word' id='word_1_773' title='bbox 802 4355 900 4403; x_wconf 92' lang='lat' dir='ltr'>Dii.</span> <span class='ocrx_word' id='word_1_774' title='bbox 958 4355 1089 4403; x_wconf 86' lang='lat' dir='ltr'>Nam</span> <span class='ocrx_word' id='word_1_775' title='bbox 1144 4354 1290 4417; x_wconf 89' lang='lat' dir='ltr'>quod</span> <span class='ocrx_word' id='word_1_776' title='bbox 1347 4353 1413 4402; x_wconf 88' lang='lat' dir='ltr'>de</span> <span class='ocrx_word' id='word_1_777' title='bbox 1470 4353 1553 4400; x_wconf 88' lang='lat' dir='ltr'>his</span> <span class='ocrx_word' id='word_1_778' title='bbox 1612 4355 1695 4400; x_wconf 91' lang='lat' dir='ltr'>ter</span> <span class='ocrx_word' id='word_1_779' title='bbox 1748 4348 1945 4397; x_wconf 92' lang='lat' dir='ltr'>dicitur</span> <span class='ocrx_word' id='word_1_780' title='bbox 1984 4346 2164 4417; x_wconf 89' lang='lat' dir='ltr'>homo,</span> 
     </span>
    </p>
   </div>
   <div class='ocr_carea' id='block_1_98' title="bbox 2250 3103 3815 3179">
    <p class='ocr_par' dir='ltr' id='par_1_98' title="bbox 2250 3103 3815 3179">
     <span class='ocr_line' id='line_1_98' title="bbox 2250 3103 3815 3179; baseline -0.015 -4"><span class='ocrx_word' id='word_1_781' title='bbox 2250 3128 2438 3179; x_wconf 88' lang='lat' dir='ltr'>cimus,</span> <span class='ocrx_word' id='word_1_782' title='bbox 2472 3135 2631 3179; x_wconf 90' lang='lat' dir='ltr'>unus,</span> <span class='ocrx_word' id='word_1_783' title='bbox 2683 3103 2868 3175; x_wconf 35' lang='lat' dir='ltr'>unus;</span> <span class='ocrx_word' id='word_1_784' title='bbox 2890 3115 2976 3165; x_wconf 90' lang='lat' dir='ltr'>vel</span> <span class='ocrx_word' id='word_1_785' title='bbox 3024 3115 3221 3171; x_wconf 88' lang='lat' dir='ltr'>unitas,</span> <span class='ocrx_word' id='word_1_786' title='bbox 3272 3103 3452 3162; x_wconf 83' lang='lat' dir='ltr'>unitas</span> <span class='ocrx_word' id='word_1_787' title='bbox 3480 3126 3495 3172; x_wconf 89' lang='lat'><strong>;</strong></span> <span class='ocrx_word' id='word_1_788' title='bbox 3525 3110 3629 3174; x_wconf 88' lang='lat' dir='ltr'>ejus</span> <span class='ocrx_word' id='word_1_789' title='bbox 3652 3118 3751 3155; x_wconf 90' lang='lat' dir='ltr'>vero</span> <span class='ocrx_word' id='word_1_790' title='bbox 3771 3103 3815 3179; x_wconf 48' lang='lat' dir='ltr'>si:</span> 
     </span>
    </p>
   </div>
   <div class='ocr_carea' id='block_1_99' title="bbox 2246 3173 3815 3261">
    <p class='ocr_par' dir='ltr' id='par_1_99' title="bbox 2246 3173 3815 3261">
     <span class='ocr_line' id='line_1_99' title="bbox 2246 3173 3815 3261; baseline -0.012 -15"><span class='ocrx_word' id='word_1_791' title='bbox 2246 3173 2628 3261; x_wconf 58' lang='lat' dir='ltr'>gniﬁcatione,</span> <span class='ocrx_word' id='word_1_792' title='bbox 2679 3173 2838 3253; x_wconf 84' lang='lat' dir='ltr'>quod</span> <span class='ocrx_word' id='word_1_793' title='bbox 2886 3186 2953 3236; x_wconf 88' lang='lat' dir='ltr'>ab</span> <span class='ocrx_word' id='word_1_794' title='bbox 3011 3184 3131 3261; x_wconf 77' lang='lat' dir='ltr'>ipsa</span> <span class='ocrx_word' id='word_1_795' title='bbox 3180 3183 3395 3233; x_wconf 89' lang='lat' dir='ltr'>unitate</span> <span class='ocrx_word' id='word_1_796' title='bbox 3441 3194 3598 3231; x_wconf 88' lang='lat' dir='ltr'>unum</span> <span class='ocrx_word' id='word_1_797' title='bbox 3644 3173 3815 3261; x_wconf 44' lang='lat' dir='ltr'>entire!</span> 
     </span>
    </p>
   </div>
   <div class='ocr_carea' id='block_1_100' title="bbox 2248 3244 3813 3327">
    <p class='ocr_par' dir='ltr' id='par_1_100' title="bbox 2248 3244 3813 3327">
     <span class='ocr_line' id='line_1_100' title="bbox 2248 3244 3813 3327; baseline -0.013 -8"><span class='ocrx_word' id='word_1_798' title='bbox 2248 3244 2464 3319; x_wconf 65' lang='lat' dir='ltr'>diversa</span> <span class='ocrx_word' id='word_1_799' title='bbox 2505 3244 2725 3327; x_wconf 72' lang='lat' dir='ltr'>penitus</span> <span class='ocrx_word' id='word_1_800' title='bbox 2788 3244 3214 3322; x_wconf 81' lang='lat' dir='ltr'>unumquodque</span> <span class='ocrx_word' id='word_1_801' title='bbox 3262 3258 3471 3305; x_wconf 87' lang='lat' dir='ltr'>tantum</span> <span class='ocrx_word' id='word_1_802' title='bbox 3526 3249 3689 3327; x_wconf 51' lang='lat' dir='ltr'>semel</span> <span class='ocrx_word' id='word_1_803' title='bbox 3717 3244 3813 3325; x_wconf 63' lang='lat' dir='ltr'>{lici-</span> 
     </span>
    </p>
   </div>
   <div class='ocr_carea' id='block_1_101' title="bbox 2248 3316 3814 3399">
    <p class='ocr_par' dir='ltr' id='par_1_101' title="bbox 2248 3316 3814 3399">
     <span class='ocr_line' id='line_1_101' title="bbox 2248 3316 3814 3399; baseline -0.019 -9"><span class='ocrx_word' id='word_1_804' title='bbox 2248 3354 2404 3398; x_wconf 88' lang='lat' dir='ltr'>mus;</span> <span class='ocrx_word' id='word_1_805' title='bbox 2442 3316 2524 3386; x_wconf 87' lang='lat' dir='ltr'>vel</span> <span class='ocrx_word' id='word_1_806' title='bbox 2558 3347 2679 3399; x_wconf 74' lang='lat' dir='ltr'>qure</span> <span class='ocrx_word' id='word_1_807' title='bbox 2711 3316 3044 3394; x_wconf 67' lang='lat' dir='ltr'>signiﬁcandi</span> <span class='ocrx_word' id='word_1_808' title='bbox 3082 3316 3291 3377; x_wconf 75' lang='lat' dir='ltr'>ratione</span> <span class='ocrx_word' id='word_1_809' title='bbox 3322 3331 3448 3375; x_wconf 90' lang='lat' dir='ltr'>sunt</span> <span class='ocrx_word' id='word_1_810' title='bbox 3466 3322 3633 3374; x_wconf 87' lang='lat' dir='ltr'>eadem</span> <span class='ocrx_word' id='word_1_811' title='bbox 3650 3316 3814 3368; x_wconf 78' lang='lat' dir='ltr'>dicimur</span> 
     </span>
    </p>
   </div>
   <div class='ocr_carea' id='block_1_102' title="bbox 2250 3397 3816 3475">
    <p class='ocr_par' dir='ltr' id='par_1_102' title="bbox 2250 3397 3816 3475">
     <span class='ocr_line' id='line_1_102' title="bbox 2250 3397 3816 3475; baseline -0.016 -15"><span class='ocrx_word' id='word_1_812' title='bbox 2250 3412 2536 3475; x_wconf 86' lang='lat' dir='ltr'>plusquam</span> <span class='ocrx_word' id='word_1_813' title='bbox 2572 3397 2769 3461; x_wconf 73' lang='lat' dir='ltr'>semel,</span> <span class='ocrx_word' id='word_1_814' title='bbox 2814 3408 2883 3475; x_wconf 10' lang='lat' dir='ltr'>et,</span> <span class='ocrx_word' id='word_1_815' title='bbox 2920 3399 3137 3475; x_wconf 77' lang='lat' dir='ltr'>penitus</span> <span class='ocrx_word' id='word_1_816' title='bbox 3180 3398 3399 3475; x_wconf 84' lang='lat' dir='ltr'>quidem</span> <span class='ocrx_word' id='word_1_817' title='bbox 3429 3397 3648 3475; x_wconf 53' lang='lat' dir='ltr'>“diversa</span> <span class='ocrx_word' id='word_1_818' title='bbox 3684 3399 3816 3475; x_wconf 57' lang='lat' dir='ltr'>nume:</span> 
     </span>
    </p>
   </div>
   <div class='ocr_carea' id='block_1_103' title="bbox 2251 3459 3813 3538">
    <p class='ocr_par' dir='ltr' id='par_1_103' title="bbox 2251 3459 3813 3538">
     <span class='ocr_line' id='line_1_103' title="bbox 2251 3459 3813 3538; baseline -0.017 -6"><span class='ocrx_word' id='word_1_819' title='bbox 2251 3459 2431 3533; x_wconf 52' lang='grc' dir='ltr'>ἴδωυέ</span> <span class='ocrx_word' id='word_1_820' title='bbox 2461 3495 2474 3538; x_wconf 89' lang='grc'>;</span> <span class='ocrx_word' id='word_1_821' title='bbox 2506 3477 2592 3527; x_wconf 86' lang='lat' dir='ltr'>vel</span> <span class='ocrx_word' id='word_1_822' title='bbox 2620 3459 2763 3525; x_wconf 86' lang='lat' dir='ltr'>cum</span> <span class='ocrx_word' id='word_1_823' title='bbox 2789 3459 3015 3524; x_wconf 81' lang='lat' dir='ltr'>dicimus</span> <span class='ocrx_word' id='word_1_824' title='bbox 3060 3459 3243 3527; x_wconf 81' lang='lat' dir='ltr'>homo,</span> <span class='ocrx_word' id='word_1_825' title='bbox 3293 3468 3542 3532; x_wconf 85' lang='lat' dir='ltr'>beryllus,</span> <span class='ocrx_word' id='word_1_826' title='bbox 3585 3459 3813 3538; x_wconf 38' lang='lat' dir='ltr'>inquii-ml</span> 
     </span>
    </p>
   </div>
   <div class='ocr_carea' id='block_1_104' title="bbox 2252 3530 3815 3613">
    <p class='ocr_par' dir='ltr' id='par_1_104' title="bbox 2252 3530 3815 3613">
     <span class='ocr_line' id='line_1_104' title="bbox 2252 3530 3815 3613; baseline -0.018 -8"><span class='ocrx_word' id='word_1_827' title='bbox 2252 3530 2600 3613; x_wconf 41' lang='lat' dir='ltr'>ea&#39;qum</span> <span class='ocrx_word' id='word_1_828' title='bbox 2631 3552 2775 3605; x_wconf 89' lang='lat' dir='ltr'>sunt,</span> <span class='ocrx_word' id='word_1_829' title='bbox 2825 3558 2985 3609; x_wconf 90' lang='lat' dir='ltr'>quam</span> <span class='ocrx_word' id='word_1_830' title='bbox 3031 3557 3095 3592; x_wconf 88' lang='lat' dir='ltr'>ea</span> <span class='ocrx_word' id='word_1_831' title='bbox 3141 3555 3208 3590; x_wconf 82' lang='lat' dir='ltr'>ex</span> <span class='ocrx_word' id='word_1_832' title='bbox 3256 3530 3457 3613; x_wconf 85' lang='lat' dir='ltr'>quibus</span> <span class='ocrx_word' id='word_1_833' title='bbox 3486 3530 3815 3613; x_wconf 71' lang='lat' dir='ltr'>suntdistribu-</span> 
     </span>
    </p>
   </div>
   <div class='ocr_carea' id='block_1_105' title="bbox 2255 3603 3814 3679">
    <p class='ocr_par' dir='ltr' id='par_1_105' title="bbox 2255 3603 3814 3679">
     <span class='ocr_line' id='line_1_105' title="bbox 2255 3603 3814 3679; baseline -0.017 -3"><span class='ocrx_word' id='word_1_834' title='bbox 2255 3603 2401 3679; x_wconf 77' lang='lat' dir='ltr'>tione</span> <span class='ocrx_word' id='word_1_835' title='bbox 2431 3603 2712 3672; x_wconf 72' lang='lat' dir='ltr'>numerata</span> <span class='ocrx_word' id='word_1_836' title='bbox 2744 3603 3120 3679; x_wconf 76' lang='lat' dir='ltr'>intelliguntur</span> <span class='ocrx_word' id='word_1_837' title='bbox 3150 3629 3163 3674; x_wconf 90' lang='lat'><strong>;</strong></span> <span class='ocrx_word' id='word_1_838' title='bbox 3198 3612 3289 3662; x_wconf 91' lang='lat' dir='ltr'>vel</span> <span class='ocrx_word' id='word_1_839' title='bbox 3319 3625 3439 3661; x_wconf 89' lang='lat' dir='ltr'>cum</span> <span class='ocrx_word' id='word_1_840' title='bbox 3469 3608 3670 3658; x_wconf 87' lang='lat' dir='ltr'>dicimus</span> <span class='ocrx_word' id='word_1_841' title='bbox 3700 3603 3814 3650; x_wconf 86' lang='lat' dir='ltr'>homo</span> 
     </span>
    </p>
   </div>
   <div class='ocr_carea' id='block_1_106' title="bbox 2257 3679 3819 3753">
    <p class='ocr_par' dir='ltr' id='par_1_106' title="bbox 2257 3679 3819 3753">
     <span class='ocr_line' id='line_1_106' title="bbox 2257 3679 3819 3753; baseline -0.016 -4"><span class='ocrx_word' id='word_1_842' title='bbox 2257 3699 2429 3753; x_wconf 90' lang='lat' dir='ltr'>albus,</span> <span class='ocrx_word' id='word_1_843' title='bbox 2460 3694 2550 3744; x_wconf 88' lang='lat' dir='ltr'>ubi</span> <span class='ocrx_word' id='word_1_844' title='bbox 2582 3705 2690 3741; x_wconf 91' lang='lat' dir='ltr'>non</span> <span class='ocrx_word' id='word_1_845' title='bbox 2716 3688 2808 3753; x_wconf 89' lang='lat' dir='ltr'>qui</span> <span class='ocrx_word' id='word_1_846' title='bbox 2843 3693 2924 3738; x_wconf 91' lang='lat' dir='ltr'>est</span> <span class='ocrx_word' id='word_1_847' title='bbox 2957 3688 3117 3736; x_wconf 86' lang='lat' dir='ltr'>homo</span> <span class='ocrx_word' id='word_1_848' title='bbox 3148 3684 3235 3734; x_wconf 90' lang='lat' dir='ltr'>vel</span> <span class='ocrx_word' id='word_1_849' title='bbox 3286 3683 3457 3739; x_wconf 87' lang='lat' dir='ltr'>albus,</span> <span class='ocrx_word' id='word_1_850' title='bbox 3488 3680 3596 3753; x_wconf 75' lang='lat' dir='ltr'>sed</span> <span class='ocrx_word' id='word_1_851' title='bbox 3620 3679 3716 3753; x_wconf 56' lang='lat' dir='ltr'>ipsa</span> <span class='ocrx_word' id='word_1_852' title='bbox 3739 3682 3819 3753; x_wconf 46' lang='lat' dir='ltr'>qni</span> 
     </span>
    </p>
   </div>
   <div class='ocr_carea' id='block_1_107' title="bbox 2258 3742 3816 3824">
    <p class='ocr_par' dir='ltr' id='par_1_107' title="bbox 2258 3742 3816 3824">
     <span class='ocr_line' id='line_1_107' title="bbox 2258 3742 3816 3824; baseline -0.017 -4"><span class='ocrx_word' id='word_1_853' title='bbox 2258 3742 2534 3822; x_wconf 46' lang='lat' dir='ltr'>Elissam</span> <span class='ocrx_word' id='word_1_854' title='bbox 2560 3742 2849 3824; x_wconf 75' lang='lat' dir='ltr'>singularis</span> <span class='ocrx_word' id='word_1_855' title='bbox 2878 3758 3208 3815; x_wconf 84' lang='lat' dir='ltr'>humanitas,</span> <span class='ocrx_word' id='word_1_856' title='bbox 3256 3761 3310 3805; x_wconf 87' lang='lat' dir='ltr'>et</span> <span class='ocrx_word' id='word_1_857' title='bbox 3356 3750 3625 3816; x_wconf 84' lang='lat' dir='ltr'>singularis</span> <span class='ocrx_word' id='word_1_858' title='bbox 3666 3742 3816 3824; x_wconf 59' lang='lat' dir='ltr'>albedf).</span> 
     </span>
    </p>
   </div>
   <div class='ocr_carea' id='block_1_108' title="bbox 2260 3816 3816 3906">
    <p class='ocr_par' dir='ltr' id='par_1_108' title="bbox 2260 3816 3816 3906">
     <span class='ocr_line' id='line_1_108' title="bbox 2260 3816 3816 3906; baseline -0.014 -16"><span class='ocrx_word' id='word_1_859' title='bbox 2260 3816 2538 3906; x_wconf 17' lang='lat' dir='ltr'>qu‘aiidem</span> <span class='ocrx_word' id='word_1_860' title='bbox 2571 3816 2848 3906; x_wconf 42' lang='lat' dir='ltr'>estualbus,</span> <span class='ocrx_word' id='word_1_861' title='bbox 2884 3833 3190 3906; x_wconf 79' lang='lat' dir='ltr'>numerata_</span> <span class='ocrx_word' id='word_1_862' title='bbox 3213 3830 3361 3876; x_wconf 91' lang='lat' dir='ltr'>sunt.</span> <span class='ocrx_word' id='word_1_863' title='bbox 3407 3825 3528 3883; x_wconf 68' lang='lat' dir='ltr'>Quae</span> <span class='ocrx_word' id='word_1_864' title='bbox 3570 3816 3816 3906; x_wconf 40' lang='lat' dir='ltr'>verq&#39;sigﬁl:</span> 
     </span>
    </p>
   </div>
   <div class='ocr_carea' id='block_1_109' title="bbox 2260 3883 3817 3966">
    <p class='ocr_par' dir='ltr' id='par_1_109' title="bbox 2260 3883 3817 3966">
     <span class='ocr_line' id='line_1_109' title="bbox 2260 3883 3817 3966; baseline -0.018 -3"><span class='ocrx_word' id='word_1_865' title='bbox 2260 3883 2684 3964; x_wconf 40' lang='lat' dir='ltr'>licendi-Quone</span> <span class='ocrx_word' id='word_1_866' title='bbox 2715 3883 2899 3954; x_wconf 74' lang='lat' dir='ltr'>eadem</span> <span class='ocrx_word' id='word_1_867' title='bbox 2948 3905 3089 3958; x_wconf 86' lang='lat' dir='ltr'>sunt,</span> <span class='ocrx_word' id='word_1_868' title='bbox 3139 3899 3423 3963; x_wconf 86' lang='lat' dir='ltr'>plusquam</span> <span class='ocrx_word' id='word_1_869' title='bbox 3466 3894 3615 3946; x_wconf 84' lang='lat' dir='ltr'>semel</span> <span class='ocrx_word' id='word_1_870' title='bbox 3655 3883 3817 3966; x_wconf 51' lang='lat' dir='ltr'>dicende</span> 
     </span>
    </p>
   </div>
   <div class='ocr_carea' id='block_1_110' title="bbox 2261 3957 3821 4036">
    <p class='ocr_par' dir='ltr' id='par_1_110' title="bbox 2261 3957 3821 4036">
     <span class='ocr_line' id='line_1_110' title="bbox 2261 3957 3821 4036; baseline -0.015 0"><span class='ocrx_word' id='word_1_871' title='bbox 2261 3957 2608 4036; x_wconf 60' lang='lat' dir='ltr'>numeramus</span> <span class='ocrx_word' id='word_1_872' title='bbox 2633 3976 3029 4027; x_wconf 84' lang='lat' dir='ltr'>distributione.</span> <span class='ocrx_word' id='word_1_873' title='bbox 3082 3957 3182 4022; x_wconf 72' lang='lat' dir='ltr'>vél</span> <span class='ocrx_word' id='word_1_874' title='bbox 3237 3957 3303 4021; x_wconf 76' lang='lat' dir='ltr'>ea</span> <span class='ocrx_word' id='word_1_875' title='bbox 3333 3984 3452 4033; x_wconf 66' lang='lat' dir='ltr'>quas</span> <span class='ocrx_word' id='word_1_876' title='bbox 3478 3979 3595 4016; x_wconf 88' lang='lat' dir='ltr'>vers</span> <span class='ocrx_word' id='word_1_877' title='bbox 3633 3966 3699 4036; x_wconf 73' lang='lat' dir='ltr'>est</span> <span class='ocrx_word' id='word_1_878' title='bbox 3727 3957 3821 4005; x_wconf 74' lang='grc' dir='ltr'>εἱευι</span> 
     </span>
    </p>
   </div>
   <div class='ocr_carea' id='block_1_111' title="bbox 2262 4034 3821 4107">
    <p class='ocr_par' dir='ltr' id='par_1_111' title="bbox 2262 4034 3821 4107">
     <span class='ocr_line' id='line_1_111' title="bbox 2262 4034 3821 4107; baseline -0.017 -1"><span class='ocrx_word' id='word_1_879' title='bbox 2262 4034 2460 4107; x_wconf 79' lang='lat' dir='ltr'>dicitur</span> <span class='ocrx_word' id='word_1_880' title='bbox 2488 4050 2841 4102; x_wconf 87' lang='lat' dir='ltr'>distributio:</span> <span class='ocrx_word' id='word_1_881' title='bbox 2895 4051 2955 4097; x_wconf 92' lang='lat' dir='ltr'>ut</span> <span class='ocrx_word' id='word_1_882' title='bbox 3014 4059 3135 4095; x_wconf 90' lang='lat' dir='ltr'>cum</span> <span class='ocrx_word' id='word_1_883' title='bbox 3190 4044 3256 4094; x_wconf 89' lang='lat' dir='ltr'>de</span> <span class='ocrx_word' id='word_1_884' title='bbox 3309 4042 3532 4091; x_wconf 86' lang='lat' dir='ltr'>Platone</span> <span class='ocrx_word' id='word_1_885' title='bbox 3563 4042 3612 4087; x_wconf 87' lang='lat' dir='ltr'>et</span> <span class='ocrx_word' id='word_1_886' title='bbox 3635 4034 3821 4107; x_wconf 65' lang='lat' dir='ltr'>Cicerune</span> 
     </span>
    </p>
   </div>
   <div class='ocr_carea' id='block_1_112' title="bbox 2264 4104 3819 4191">
    <p class='ocr_par' dir='ltr' id='par_1_112' title="bbox 2264 4104 3819 4191">
     <span class='ocr_line' id='line_1_112' title="bbox 2264 4104 3819 4191; baseline -0.017 -14"><span class='ocrx_word' id='word_1_887' title='bbox 2264 4128 2547 4191; x_wconf 87' lang='lat' dir='ltr'>loquentes</span> <span class='ocrx_word' id='word_1_888' title='bbox 2602 4120 2850 4179; x_wconf 89' lang='lat' dir='ltr'>dicimus,</span> <span class='ocrx_word' id='word_1_889' title='bbox 2905 4119 3088 4191; x_wconf 83' lang='lat' dir='ltr'>homo,</span> <span class='ocrx_word' id='word_1_890' title='bbox 3150 4116 3334 4191; x_wconf 79' lang='lat' dir='ltr'>homo,</span> <span class='ocrx_word' id='word_1_891' title='bbox 3399 4104 3819 4191; x_wconf 69' lang='lat' dir='ltr'>numerantes</span> 
     </span>
    </p>
   </div>
   <div class='ocr_carea' id='block_1_113' title="bbox 2267 4170 3821 4261">
    <p class='ocr_par' dir='ltr' id='par_1_113' title="bbox 2267 4170 3821 4261">
     <span class='ocr_line' id='line_1_113' title="bbox 2267 4170 3821 4261; baseline -0.016 -12"><span class='ocrx_word' id='word_1_892' title='bbox 2267 4170 2671 4261; x_wconf 29' lang='lat' dir='ltr'>illbquui‘sunt</span> <span class='ocrx_word' id='word_1_893' title='bbox 2719 4170 2882 4256; x_wconf 82' lang='lat' dir='ltr'>quam</span> <span class='ocrx_word' id='word_1_894' title='bbox 2930 4170 3171 4261; x_wconf 77' lang='lat' dir='ltr'>diversas</span> <span class='ocrx_word' id='word_1_895' title='bbox 3219 4170 3821 4261; x_wconf 49' lang='lat' dir='ltr'>bu_manitates,ab‘sl‘leff</span> 
     </span>
    </p>
   </div>
   <div class='ocr_carea' id='block_1_114' title="bbox 2269 4242 3821 4336">
    <p class='ocr_par' dir='ltr' id='par_1_114' title="bbox 2269 4242 3821 4336">
     <span class='ocr_line' id='line_1_114' title="bbox 2269 4242 3821 4336; baseline -0.018 -15"><span class='ocrx_word' id='word_1_896' title='bbox 2269 4242 2508 4336; x_wconf 62' lang='grc' dir='ltr'><strong>ξίιῖτῦῑῖ</strong></span> <span class='ocrx_word' id='word_1_897' title='bbox 2533 4242 2683 4322; x_wconf 74' lang='lat' dir='ltr'>alter,</span> <span class='ocrx_word' id='word_1_898' title='bbox 2712 4242 2767 4314; x_wconf 41' lang='lat' dir='ltr'>e‘t</span> <span class='ocrx_word' id='word_1_899' title='bbox 2795 4262 2931 4312; x_wconf 90' lang='lat' dir='ltr'>alter</span> <span class='ocrx_word' id='word_1_900' title='bbox 2961 4261 3038 4336; x_wconf 79' lang='lat' dir='ltr'>ab</span> <span class='ocrx_word' id='word_1_901' title='bbox 3056 4260 3228 4336; x_wconf 75' lang='lat' dir='ltr'>altera</span> <span class='ocrx_word' id='word_1_902' title='bbox 3250 4254 3641 4336; x_wconf 39' lang='lat' dir='ltr'>dicitur-horno.</span> <span class='ocrx_word' id='word_1_903' title='bbox 3678 4242 3821 4336; x_wconf 47' lang='lat' dir='ltr'>Yet:</span> 
     </span>
    </p>
   </div>
   <div class='ocr_carea' id='block_1_115' title="bbox 2270 4317 3823 4409">
    <p class='ocr_par' dir='ltr' id='par_1_115' title="bbox 2270 4317 3823 4409">
     <span class='ocr_line' id='line_1_115' title="bbox 2270 4317 3823 4409; baseline -0.005 -20"><span class='ocrx_word' id='word_1_904' title='bbox 2420 4317 2560 4391; x_wconf 81' lang='lat' dir='ltr'>non</span> <span class='ocrx_word' id='word_1_905' title='bbox 2620 4317 2745 4389; x_wconf 86' lang='lat' dir='ltr'>vere</span> <span class='ocrx_word' id='word_1_906' title='bbox 2796 4340 2892 4391; x_wconf 91' lang='lat' dir='ltr'>est,</span> <span class='ocrx_word' id='word_1_907' title='bbox 2952 4333 3042 4383; x_wconf 90' lang='lat' dir='ltr'>sed</span> <span class='ocrx_word' id='word_1_908' title='bbox 3091 4331 3325 4409; x_wconf 80' lang='lat' dir='ltr'>quadam</span> <span class='ocrx_word' id='word_1_909' title='bbox 3377 4317 3823 4409; x_wconf 46' lang='lat' dir='ltr'>imitatione‘diiiﬁr</span> 
     </span>
    </p>
   </div>
   <div class='ocr_carea' id='block_1_116' title="bbox 524 4393 3819 4491">
    <p class='ocr_par' dir='ltr' id='par_1_116' title="bbox 524 4393 3819 4491">
     <span class='ocr_line' id='line_1_116' title="bbox 524 4393 3819 4491; baseline -0.01 -14"><span class='ocrx_word' id='word_1_910' title='bbox 524 4430 748 4491; x_wconf 90' lang='lat' dir='ltr'>propter</span> <span class='ocrx_word' id='word_1_911' title='bbox 776 4426 1090 4483; x_wconf 83' lang='lat' dir='ltr'>formarum,</span> <span class='ocrx_word' id='word_1_912' title='bbox 1121 4393 1243 4489; x_wconf 52' lang='grc' dir='ltr'>ᾅδω</span> <span class='ocrx_word' id='word_1_913' title='bbox 1302 4425 1368 4474; x_wconf 89' lang='lat' dir='ltr'>de</span> <span class='ocrx_word' id='word_1_914' title='bbox 1423 4424 1531 4473; x_wconf 90' lang='lat' dir='ltr'>illis</span> <span class='ocrx_word' id='word_1_915' title='bbox 1586 4423 1642 4471; x_wconf 92' lang='lat' dir='ltr'>in</span> <span class='ocrx_word' id='word_1_916' title='bbox 1690 4434 1799 4471; x_wconf 92' lang='lat' dir='ltr'>uno</span> <span class='ocrx_word' id='word_1_917' title='bbox 1838 4418 2058 4468; x_wconf 90' lang='lat' dir='ltr'>nomine</span> <span class='ocrx_word' id='word_1_918' title='bbox 2088 4416 2163 4465; x_wconf 89' lang='lat' dir='ltr'>di-</span> <span class='ocrx_word' id='word_1_919' title='bbox 2193 4419 2241 4485; x_wconf 81' lang='grc' dir='ltr'>Ι)</span> <span class='ocrx_word' id='word_1_920' title='bbox 2273 4393 2599 4467; x_wconf 85' lang='lat' dir='ltr'>distributio.</span> <span class='ocrx_word' id='word_1_921' title='bbox 2622 4411 2840 4491; x_wconf 46' lang='lat' dir='ltr'>Utncum</span> <span class='ocrx_word' id='word_1_922' title='bbox 2872 4420 3052 4491; x_wconf 48' lang='lat' dir='ltr'>unum,</span> <span class='ocrx_word' id='word_1_923' title='bbox 3089 4393 3262 4491; x_wconf 69' lang='lat' dir='ltr'>apium</span> <span class='ocrx_word' id='word_1_924' title='bbox 3322 4398 3463 4480; x_wconf 76' lang='lat' dir='ltr'>quod</span> <span class='ocrx_word' id='word_1_925' title='bbox 3495 4400 3597 4491; x_wconf 51' lang='lat' dir='ltr'>test,</span> <span class='ocrx_word' id='word_1_926' title='bbox 3623 4395 3668 4442; x_wconf 68' lang='lat' dir='ltr'>et</span> <span class='ocrx_word' id='word_1_927' title='bbox 3704 4393 3819 4491; x_wconf 49' lang='grc'>1211³2</span> 
     </span>
    </p>
   </div>
   <div class='ocr_carea' id='block_1_117' title="bbox 528 4489 2160 4559">
    <p class='ocr_par' dir='ltr' id='par_1_117' title="bbox 528 4489 2160 4559">
     <span class='ocr_line' id='line_1_117' title="bbox 528 4489 2160 4559; baseline -0.008 -10"><span class='ocrx_word' id='word_1_928' title='bbox 528 4489 739 4555; x_wconf 81' lang='lat' dir='ltr'>cuntur,</span> <span class='ocrx_word' id='word_1_929' title='bbox 800 4497 1181 4555; x_wconf 82' lang='lat' dir='ltr'>diversitatem,</span> <span class='ocrx_word' id='word_1_930' title='bbox 1231 4496 1532 4559; x_wconf 84' lang='lat' dir='ltr'>singulares</span> <span class='ocrx_word' id='word_1_931' title='bbox 1586 4508 1706 4557; x_wconf 76' lang='lat' dir='ltr'>quae</span> <span class='ocrx_word' id='word_1_932' title='bbox 1761 4506 1858 4556; x_wconf 89' lang='lat' dir='ltr'>per</span> <span class='ocrx_word' id='word_1_933' title='bbox 1902 4504 1958 4539; x_wconf 84' lang='lat' dir='ltr'>se</span> <span class='ocrx_word' id='word_1_934' title='bbox 2006 4489 2160 4538; x_wconf 72' lang='lat' dir='ltr'>factm</span> 
     </span>
    </p>
   </div>
   <div class='ocr_carea' id='block_1_118' title="bbox 526 4565 2162 4633">
    <p class='ocr_par' dir='ltr' id='par_1_118' title="bbox 526 4565 2162 4633">
     <span class='ocr_line' id='line_1_118' title="bbox 526 4565 2162 4633; baseline -0.009 -13"><span class='ocrx_word' id='word_1_935' title='bbox 526 4575 654 4621; x_wconf 86' lang='lat' dir='ltr'>sunt</span> <span class='ocrx_word' id='word_1_936' title='bbox 688 4569 1071 4633; x_wconf 87' lang='lat' dir='ltr'>appellationes</span> <span class='ocrx_word' id='word_1_937' title='bbox 1100 4572 1460 4632; x_wconf 85' lang='lat' dir='ltr'>aggregantur</span> <span class='ocrx_word' id='word_1_938' title='bbox 1488 4568 1541 4616; x_wconf 91' lang='lat' dir='ltr'>in</span> <span class='ocrx_word' id='word_1_939' title='bbox 1574 4576 1877 4618; x_wconf 87' lang='lat' dir='ltr'>numerum,</span> <span class='ocrx_word' id='word_1_940' title='bbox 1919 4565 1979 4611; x_wconf 92' lang='lat' dir='ltr'>ut</span> <span class='ocrx_word' id='word_1_941' title='bbox 2025 4574 2162 4633; x_wconf 84' lang='lat' dir='ltr'>quo-</span> 
     </span>
    </p>
   </div>
   <div class='ocr_carea' id='block_1_119' title="bbox 528 4631 2163 4704">
    <p class='ocr_par' dir='ltr' id='par_1_119' title="bbox 528 4631 2163 4704">
     <span class='ocr_line' id='line_1_119' title="bbox 528 4631 2163 4704; baseline -0.009 -12"><span class='ocrx_word' id='word_1_942' title='bbox 528 4645 672 4692; x_wconf 89' lang='lat' dir='ltr'>niam</span> <span class='ocrx_word' id='word_1_943' title='bbox 702 4631 1077 4704; x_wconf 82' lang='lat' dir='ltr'>unusquisque</span> <span class='ocrx_word' id='word_1_944' title='bbox 1105 4656 1134 4690; x_wconf 90' lang='lat' dir='ltr'>a</span> <span class='ocrx_word' id='word_1_945' title='bbox 1164 4631 1426 4703; x_wconf 66' lang='lat' dir='ltr'>suaque</span> <span class='ocrx_word' id='word_1_946' title='bbox 1482 4652 1592 4688; x_wconf 91' lang='lat' dir='ltr'>non</span> <span class='ocrx_word' id='word_1_947' title='bbox 1651 4641 1731 4686; x_wconf 89' lang='lat' dir='ltr'>est</span> <span class='ocrx_word' id='word_1_948' title='bbox 1777 4634 1996 4684; x_wconf 88' lang='lat' dir='ltr'>alterius</span> <span class='ocrx_word' id='word_1_949' title='bbox 2033 4631 2163 4680; x_wconf 90' lang='lat' dir='ltr'>sub-</span> 
     </span>
    </p>
   </div>
   <div class='ocr_carea' id='block_1_120' title="bbox 527 4707 2164 4775">
    <p class='ocr_par' dir='ltr' id='par_1_120' title="bbox 527 4707 2164 4775">
     <span class='ocr_line' id='line_1_120' title="bbox 527 4707 2164 4775; baseline -0.009 -11"><span class='ocrx_word' id='word_1_950' title='bbox 527 4714 769 4764; x_wconf 85' lang='lat' dir='ltr'>sistentia</span> <span class='ocrx_word' id='word_1_951' title='bbox 799 4713 991 4763; x_wconf 90' lang='lat' dir='ltr'>dicitur</span> <span class='ocrx_word' id='word_1_952' title='bbox 1022 4714 1198 4771; x_wconf 90' lang='lat' dir='ltr'>homo,</span> <span class='ocrx_word' id='word_1_953' title='bbox 1229 4714 1332 4775; x_wconf 91' lang='lat' dir='ltr'>ipsi</span> <span class='ocrx_word' id='word_1_954' title='bbox 1386 4711 1546 4761; x_wconf 85' lang='lat' dir='ltr'>simul</span> <span class='ocrx_word' id='word_1_955' title='bbox 1594 4710 1841 4760; x_wconf 87' lang='lat' dir='ltr'>dicantur</span> <span class='ocrx_word' id='word_1_956' title='bbox 1886 4718 2001 4754; x_wconf 87' lang='lat' dir='ltr'>esse</span> <span class='ocrx_word' id='word_1_957' title='bbox 2056 4707 2164 4751; x_wconf 90' lang='lat' dir='ltr'>tres</span> 
     </span>
    </p>
   </div>
   <div class='ocr_carea' id='block_1_121' title="bbox 528 4776 2162 4848">
    <p class='ocr_par' dir='ltr' id='par_1_121' title="bbox 528 4776 2162 4848">
     <span class='ocr_line' id='line_1_121' title="bbox 528 4776 2162 4848; baseline -0.007 -14"><span class='ocrx_word' id='word_1_958' title='bbox 528 4784 794 4835; x_wconf 85' lang='lat' dir='ltr'>homines.</span> <span class='ocrx_word' id='word_1_959' title='bbox 824 4786 887 4835; x_wconf 87' lang='lat' dir='ltr'>Et</span> <span class='ocrx_word' id='word_1_960' title='bbox 915 4786 1161 4848; x_wconf 82' lang='lat' dir='ltr'>quamvis</span> <span class='ocrx_word' id='word_1_961' title='bbox 1189 4783 1394 4834; x_wconf 87' lang='lat' dir='ltr'>ratione</span> <span class='ocrx_word' id='word_1_962' title='bbox 1424 4779 1830 4847; x_wconf 84' lang='lat' dir='ltr'>signiﬁcationis</span> <span class='ocrx_word' id='word_1_963' title='bbox 1880 4776 2021 4826; x_wconf 86' lang='lat' dir='ltr'>illius</span> <span class='ocrx_word' id='word_1_964' title='bbox 2057 4787 2162 4848; x_wconf 79' lang='lat' dir='ltr'>qua</span> 
     </span>
    </p>
   </div>
   <div class='ocr_carea' id='block_1_122' title="bbox 528 4844 2164 4919">
    <p class='ocr_par' dir='ltr' id='par_1_122' title="bbox 528 4844 2164 4919">
     <span class='ocr_line' id='line_1_122' title="bbox 528 4844 2164 4919; baseline -0.009 -13"><span class='ocrx_word' id='word_1_965' title='bbox 528 4870 724 4906; x_wconf 89' lang='lat' dir='ltr'>nomen</span> <span class='ocrx_word' id='word_1_966' title='bbox 755 4844 1033 4919; x_wconf 77' lang='lat' dir='ltr'>quodlibet</span> <span class='ocrx_word' id='word_1_967' title='bbox 1084 4844 1663 4919; x_wconf 45' lang='lat' dir='ltr'>appellativum&#39;quale</span> <span class='ocrx_word' id='word_1_968' title='bbox 1710 4848 1911 4914; x_wconf 89' lang='lat' dir='ltr'>aliquid</span> <span class='ocrx_word' id='word_1_969' title='bbox 1958 4844 2164 4909; x_wconf 80' lang='lat' dir='ltr'>signiﬁ-</span> 
     </span>
    </p>
   </div>
   <div class='ocr_carea' id='block_1_123' title="bbox 529 4920 2163 4991">
    <p class='ocr_par' dir='ltr' id='par_1_123' title="bbox 529 4920 2163 4991">
     <span class='ocr_line' id='line_1_123' title="bbox 529 4920 2163 4991; baseline -0.008 -14"><span class='ocrx_word' id='word_1_970' title='bbox 529 4942 651 4977; x_wconf 90' lang='lat' dir='ltr'>care</span> <span class='ocrx_word' id='word_1_971' title='bbox 699 4928 908 4985; x_wconf 87' lang='lat' dir='ltr'>dicitur,</span> <span class='ocrx_word' id='word_1_972' title='bbox 959 4928 1205 4991; x_wconf 88' lang='lat' dir='ltr'>repetitio</span> <span class='ocrx_word' id='word_1_973' title='bbox 1254 4926 1491 4989; x_wconf 91' lang='lat' dir='ltr'>ejusdem</span> <span class='ocrx_word' id='word_1_974' title='bbox 1545 4924 1779 4975; x_wconf 87' lang='lat' dir='ltr'>nominis</span> <span class='ocrx_word' id='word_1_975' title='bbox 1828 4920 1937 4975; x_wconf 85' lang='lat' dir='ltr'>ﬁat,</span> <span class='ocrx_word' id='word_1_976' title='bbox 1984 4930 2163 4991; x_wconf 87' lang='lat' dir='ltr'>rerum</span> 
     </span>
    </p>
   </div>
   <div class='ocr_carea' id='block_1_124' title="bbox 528 4990 2167 5061">
    <p class='ocr_par' dir='ltr' id='par_1_124' title="bbox 528 4990 2167 5061">
     <span class='ocr_line' id='line_1_124' title="bbox 528 4990 2167 5061; baseline -0.007 -12"><span class='ocrx_word' id='word_1_977' title='bbox 528 5004 706 5049; x_wconf 84' lang='lat' dir='ltr'>tamen</span> <span class='ocrx_word' id='word_1_978' title='bbox 758 4999 944 5049; x_wconf 89' lang='lat' dir='ltr'>eodem</span> <span class='ocrx_word' id='word_1_979' title='bbox 983 4990 1203 5049; x_wconf 87' lang='lat' dir='ltr'>nomine</span> <span class='ocrx_word' id='word_1_980' title='bbox 1261 5004 1343 5048; x_wconf 89' lang='lat' dir='ltr'>est</span> <span class='ocrx_word' id='word_1_981' title='bbox 1391 4996 1681 5061; x_wconf 76' lang='lat' dir='ltr'>prmdicata</span> <span class='ocrx_word' id='word_1_982' title='bbox 1734 4990 2024 5044; x_wconf 84' lang='lat' dir='ltr'>numeratis</span> <span class='ocrx_word' id='word_1_983' title='bbox 2084 4990 2167 5039; x_wconf 92' lang='lat' dir='ltr'>di-</span> 
     </span>
    </p>
   </div>
   <div class='ocr_carea' id='block_1_125' title="bbox 528 5061 2165 5134">
    <p class='ocr_par' dir='ltr' id='par_1_125' title="bbox 528 5061 2165 5134">
     <span class='ocr_line' id='line_1_125' title="bbox 528 5061 2165 5134; baseline -0.007 -15"><span class='ocrx_word' id='word_1_984' title='bbox 528 5072 774 5121; x_wconf 89' lang='lat' dir='ltr'>versitas.</span> <span class='ocrx_word' id='word_1_985' title='bbox 806 5071 957 5129; x_wconf 90' lang='lat' dir='ltr'>Quod</span> <span class='ocrx_word' id='word_1_986' title='bbox 986 5085 1116 5120; x_wconf 90' lang='lat' dir='ltr'>vero</span> <span class='ocrx_word' id='word_1_987' title='bbox 1149 5071 1307 5120; x_wconf 85' lang='lat' dir='ltr'>tertio</span> <span class='ocrx_word' id='word_1_988' title='bbox 1337 5071 1595 5134; x_wconf 88' lang='lat' dir='ltr'>repetitur</span> <span class='ocrx_word' id='word_1_989' title='bbox 1630 5069 1733 5117; x_wconf 85' lang='lat' dir='ltr'>hoc</span> <span class='ocrx_word' id='word_1_990' title='bbox 1776 5076 1988 5119; x_wconf 90' lang='lat' dir='ltr'>nomen,</span> <span class='ocrx_word' id='word_1_991' title='bbox 2021 5061 2165 5134; x_wconf 88' lang='lat' dir='ltr'>quod</span> 
     </span>
    </p>
   </div>
   <div class='ocr_carea' id='block_1_126' title="bbox 530 5133 2169 5203">
    <p class='ocr_par' dir='ltr' id='par_1_126' title="bbox 530 5133 2169 5203">
     <span class='ocr_line' id='line_1_126' title="bbox 530 5133 2169 5203; baseline -0.008 -10"><span class='ocrx_word' id='word_1_992' title='bbox 530 5148 611 5193; x_wconf 92' lang='lat' dir='ltr'>est</span> <span class='ocrx_word' id='word_1_993' title='bbox 635 5144 793 5198; x_wconf 88' lang='lat' dir='ltr'>Deus,</span> <span class='ocrx_word' id='word_1_994' title='bbox 825 5156 945 5192; x_wconf 90' lang='lat' dir='ltr'>cum</span> <span class='ocrx_word' id='word_1_995' title='bbox 982 5146 1034 5192; x_wconf 91' lang='lat' dir='ltr'>et</span> <span class='ocrx_word' id='word_1_996' title='bbox 1062 5144 1222 5192; x_wconf 88' lang='lat' dir='ltr'>Pater</span> <span class='ocrx_word' id='word_1_997' title='bbox 1277 5146 1621 5203; x_wconf 86' lang='lat' dir='ltr'>nuncupatur</span> <span class='ocrx_word' id='word_1_998' title='bbox 1681 5140 1840 5195; x_wconf 86' lang='lat' dir='ltr'>Deus,</span> <span class='ocrx_word' id='word_1_999' title='bbox 1904 5138 1955 5183; x_wconf 91' lang='lat' dir='ltr'>et</span> <span class='ocrx_word' id='word_1_1000' title='bbox 2005 5133 2169 5183; x_wconf 88' lang='lat' dir='ltr'>Filius</span> 
     </span>
    </p>
   </div>
   <div class='ocr_carea' id='block_1_127' title="bbox 532 5209 2170 5279">
    <p class='ocr_par' dir='ltr' id='par_1_127' title="bbox 532 5209 2170 5279">
     <span class='ocr_line' id='line_1_127' title="bbox 532 5209 2170 5279; baseline -0.007 -14"><span class='ocrx_word' id='word_1_1001' title='bbox 532 5218 879 5279; x_wconf 90' lang='lat' dir='ltr'>nuncupatur</span> <span class='ocrx_word' id='word_1_1002' title='bbox 932 5215 1091 5273; x_wconf 91' lang='lat' dir='ltr'>Deus,</span> <span class='ocrx_word' id='word_1_1003' title='bbox 1151 5218 1205 5264; x_wconf 89' lang='lat' dir='ltr'>et</span> <span class='ocrx_word' id='word_1_1004' title='bbox 1257 5212 1484 5277; x_wconf 88' lang='lat' dir='ltr'>Spiritus</span> <span class='ocrx_word' id='word_1_1005' title='bbox 1543 5215 1761 5260; x_wconf 89' lang='lat' dir='ltr'>sanctus</span> <span class='ocrx_word' id='word_1_1006' title='bbox 1824 5209 2170 5279; x_wconf 80' lang='lat' dir='ltr'>nuncupatur</span> 
     </span>
    </p>
   </div>
   <div class='ocr_carea' id='block_1_128' title="bbox 531 5275 2169 5348">
    <p class='ocr_par' dir='ltr' id='par_1_128' title="bbox 531 5275 2169 5348">
     <span class='ocr_line' id='line_1_128' title="bbox 531 5275 2169 5348; baseline -0.009 -9"><span class='ocrx_word' id='word_1_1007' title='bbox 531 5275 863 5345; x_wconf 73' lang='lat' dir='ltr'>Deus,sicut</span> <span class='ocrx_word' id='word_1_1008' title='bbox 892 5288 1125 5336; x_wconf 90' lang='lat' dir='ltr'>nominis</span> <span class='ocrx_word' id='word_1_1009' title='bbox 1181 5275 1389 5337; x_wconf 86' lang='lat' dir='ltr'>ratione</span> <span class='ocrx_word' id='word_1_1010' title='bbox 1447 5280 1802 5348; x_wconf 86' lang='lat' dir='ltr'>signiﬁcandi,</span> <span class='ocrx_word' id='word_1_1011' title='bbox 1866 5277 1942 5326; x_wconf 86' lang='lat' dir='ltr'>sic</span> <span class='ocrx_word' id='word_1_1012' title='bbox 1997 5281 2051 5326; x_wconf 87' lang='lat' dir='ltr'>et</span> <span class='ocrx_word' id='word_1_1013' title='bbox 2091 5275 2169 5326; x_wconf 87' lang='lat' dir='ltr'>rei</span> 
     </span>
    </p>
   </div>
   <div class='ocr_carea' id='block_1_129' title="bbox 531 5349 2169 5423">
    <p class='ocr_par' dir='ltr' id='par_1_129' title="bbox 531 5349 2169 5423">
     <span class='ocr_line' id='line_1_129' title="bbox 531 5349 2169 5423; baseline -0.011 -10"><span class='ocrx_word' id='word_1_1014' title='bbox 531 5360 697 5418; x_wconf 89' lang='lat' dir='ltr'>illius,</span> <span class='ocrx_word' id='word_1_1015' title='bbox 730 5372 793 5408; x_wconf 83' lang='lat' dir='ltr'>ex</span> <span class='ocrx_word' id='word_1_1016' title='bbox 826 5374 933 5423; x_wconf 84' lang='lat' dir='ltr'>qua</span> <span class='ocrx_word' id='word_1_1017' title='bbox 980 5359 1172 5408; x_wconf 89' lang='lat' dir='ltr'>borum</span> <span class='ocrx_word' id='word_1_1018' title='bbox 1222 5359 1447 5421; x_wconf 89' lang='lat' dir='ltr'>quisque</span> <span class='ocrx_word' id='word_1_1019' title='bbox 1505 5356 1697 5404; x_wconf 89' lang='lat' dir='ltr'>dicitur</span> <span class='ocrx_word' id='word_1_1020' title='bbox 1752 5352 1911 5405; x_wconf 89' lang='lat' dir='ltr'>Deus.</span> <span class='ocrx_word' id='word_1_1021' title='bbox 1962 5349 2169 5423; x_wconf 78' lang='lat' dir='ltr'>ratione</span> 
     </span>
    </p>
   </div>
   <div class='ocr_carea' id='block_1_130' title="bbox 529 5418 2172 5499">
    <p class='ocr_par' dir='ltr' id='par_1_130' title="bbox 529 5418 2172 5499">
     <span class='ocr_line' id='line_1_130' title="bbox 529 5418 2172 5499; baseline -0.01 -14"><span class='ocrx_word' id='word_1_1022' title='bbox 529 5430 793 5499; x_wconf 89' lang='lat' dir='ltr'>propositi</span> <span class='ocrx_word' id='word_1_1023' title='bbox 824 5418 1069 5496; x_wconf 76' lang='lat' dir='ltr'>repetitio</span> <span class='ocrx_word' id='word_1_1024' title='bbox 1100 5431 1174 5480; x_wconf 85' lang='lat' dir='ltr'>ﬁt.</span> <span class='ocrx_word' id='word_1_1025' title='bbox 1206 5418 1439 5499; x_wconf 76' lang='lat' dir='ltr'>ideoque</span> <span class='ocrx_word' id='word_1_1026' title='bbox 1469 5426 1555 5499; x_wconf 83' lang='lat' dir='ltr'>isti</span> <span class='ocrx_word' id='word_1_1027' title='bbox 1584 5424 1728 5499; x_wconf 83' lang='lat' dir='ltr'>quod</span> <span class='ocrx_word' id='word_1_1028' title='bbox 1758 5418 2172 5499; x_wconf 73' lang='lat' dir='ltr'>ex__repetitione</span> 
     </span>
    </p>
   </div>
   <div class='ocr_carea' id='block_1_131' title="bbox 532 5494 2174 5564">
    <p class='ocr_par' dir='ltr' id='par_1_131' title="bbox 532 5494 2174 5564">
     <span class='ocr_line' id='line_1_131' title="bbox 532 5494 2174 5564; baseline -0.01 -9"><span class='ocrx_word' id='word_1_1029' title='bbox 532 5494 787 5555; x_wconf 74' lang='lat' dir='ltr'>videntur</span> <span class='ocrx_word' id='word_1_1030' title='bbox 817 5494 927 5553; x_wconf 78' lang='lat' dir='ltr'>tres</span> <span class='ocrx_word' id='word_1_1031' title='bbox 972 5504 1222 5564; x_wconf 89' lang='lat' dir='ltr'>unitates,</span> <span class='ocrx_word' id='word_1_1032' title='bbox 1270 5514 1380 5550; x_wconf 90' lang='lat' dir='ltr'>non</span> <span class='ocrx_word' id='word_1_1033' title='bbox 1424 5497 1621 5547; x_wconf 84' lang='lat' dir='ltr'>facient</span> <span class='ocrx_word' id='word_1_1034' title='bbox 1666 5494 2025 5558; x_wconf 88' lang='lat' dir='ltr'>pluralitatem</span> <span class='ocrx_word' id='word_1_1035' title='bbox 2074 5504 2174 5564; x_wconf 42' lang='lat' dir='ltr'>nu:</span> 
     </span>
    </p>
   </div>
   <div class='ocr_carea' id='block_1_132' title="bbox 542 5561 2175 5635">
    <p class='ocr_par' dir='ltr' id='par_1_132' title="bbox 542 5561 2175 5635">
     <span class='ocr_line' id='line_1_132' title="bbox 542 5561 2175 5635; baseline -0.01 -8"><span class='ocrx_word' id='word_1_1036' title='bbox 542 5578 693 5635; x_wconf 89' lang='lat' dir='ltr'>meri,</span> <span class='ocrx_word' id='word_1_1037' title='bbox 725 5578 777 5626; x_wconf 91' lang='lat' dir='ltr'>id</span> <span class='ocrx_word' id='word_1_1038' title='bbox 807 5581 887 5626; x_wconf 90' lang='lat' dir='ltr'>est</span> <span class='ocrx_word' id='word_1_1039' title='bbox 910 5561 1237 5626; x_wconf 86' lang='lat' dir='ltr'>numeralem</span> <span class='ocrx_word' id='word_1_1040' title='bbox 1272 5570 1647 5635; x_wconf 87' lang='lat' dir='ltr'>pluralitatem,</span> <span class='ocrx_word' id='word_1_1041' title='bbox 1680 5567 1736 5616; x_wconf 91' lang='lat' dir='ltr'>in</span> <span class='ocrx_word' id='word_1_1042' title='bbox 1779 5580 1841 5616; x_wconf 90' lang='lat' dir='ltr'>eo</span> <span class='ocrx_word' id='word_1_1043' title='bbox 1888 5564 2032 5628; x_wconf 91' lang='lat' dir='ltr'>quod</span> <span class='ocrx_word' id='word_1_1044' title='bbox 2071 5561 2175 5624; x_wconf 87' lang='lat' dir='ltr'>ipsi</span> 
     </span>
    </p>
   </div>
   <div class='ocr_carea' id='block_1_133' title="bbox 540 5638 2176 5704">
    <p class='ocr_par' dir='ltr' id='par_1_133' title="bbox 540 5638 2176 5704">
     <span class='ocr_line' id='line_1_133' title="bbox 540 5638 2176 5704; baseline -0.012 0"><span class='ocrx_word' id='word_1_1045' title='bbox 540 5653 669 5704; x_wconf 90' lang='lat' dir='ltr'>sunt</span> <span class='ocrx_word' id='word_1_1046' title='bbox 698 5653 835 5703; x_wconf 90' lang='lat' dir='ltr'>sicut</span> <span class='ocrx_word' id='word_1_1047' title='bbox 860 5652 1115 5701; x_wconf 89' lang='lat' dir='ltr'>videntur</span> <span class='ocrx_word' id='word_1_1048' title='bbox 1171 5660 1286 5697; x_wconf 87' lang='lat' dir='ltr'>esse</span> <span class='ocrx_word' id='word_1_1049' title='bbox 1344 5647 1467 5692; x_wconf 85' lang='lat' dir='ltr'>tres.</span> <span class='ocrx_word' id='word_1_1050' title='bbox 1523 5641 1642 5690; x_wconf 90' lang='lat' dir='ltr'>Non</span> <span class='ocrx_word' id='word_1_1051' title='bbox 1700 5639 1842 5689; x_wconf 87' lang='lat' dir='ltr'>enim</span> <span class='ocrx_word' id='word_1_1052' title='bbox 1872 5653 1995 5688; x_wconf 91' lang='lat' dir='ltr'>vere</span> <span class='ocrx_word' id='word_1_1053' title='bbox 2048 5638 2176 5685; x_wconf 90' lang='lat' dir='ltr'>sunt</span> 
     </span>
    </p>
   </div>
   <div class='ocr_carea' id='block_1_134' title="bbox 541 5710 2176 5789">
    <p class='ocr_par' dir='ltr' id='par_1_134' title="bbox 541 5710 2176 5789">
     <span class='ocr_line' id='line_1_134' title="bbox 541 5710 2176 5789; baseline -0.013 -10"><span class='ocrx_word' id='word_1_1054' title='bbox 541 5734 667 5779; x_wconf 84' lang='lat' dir='ltr'>tres.</span> <span class='ocrx_word' id='word_1_1055' title='bbox 699 5728 852 5789; x_wconf 86' lang='lat' dir='ltr'>Quod</span> <span class='ocrx_word' id='word_1_1056' title='bbox 882 5721 1137 5779; x_wconf 86' lang='lat' dir='ltr'>nimirum</span> <span class='ocrx_word' id='word_1_1057' title='bbox 1169 5732 1231 5768; x_wconf 80' lang='lat' dir='ltr'>ex</span> <span class='ocrx_word' id='word_1_1058' title='bbox 1263 5714 1665 5789; x_wconf 75' lang='lat' dir='ltr'>comparatione</span> <span class='ocrx_word' id='word_1_1059' title='bbox 1710 5710 2007 5789; x_wconf 76' lang='lat' dir='ltr'>intelligere</span> <span class='ocrx_word' id='word_1_1060' title='bbox 2047 5723 2176 5774; x_wconf 80' lang='lat' dir='ltr'>pos-</span> 
     </span>
    </p>
   </div>
   <div class='ocr_carea' id='block_1_135' title="bbox 543 5780 2176 5864">
    <p class='ocr_par' dir='ltr' id='par_1_135' title="bbox 543 5780 2176 5864">
     <span class='ocr_line' id='line_1_135' title="bbox 543 5780 2176 5864; baseline -0.012 -10"><span class='ocrx_word' id='word_1_1061' title='bbox 543 5780 751 5864; x_wconf 69' lang='lat' dir='ltr'>sumus,</span> <span class='ocrx_word' id='word_1_1062' title='bbox 788 5801 832 5851; x_wconf 89' lang='lat' dir='ltr'>si</span> <span class='ocrx_word' id='word_1_1063' title='bbox 864 5794 1063 5849; x_wconf 83' lang='lat' dir='ltr'>scilicet</span> <span class='ocrx_word' id='word_1_1064' title='bbox 1092 5790 1433 5842; x_wconf 85' lang='lat' dir='ltr'>advertamus</span> <span class='ocrx_word' id='word_1_1065' title='bbox 1460 5784 1527 5838; x_wconf 84' lang='lat' dir='ltr'>ad</span> <span class='ocrx_word' id='word_1_1066' title='bbox 1578 5798 1664 5839; x_wconf 89' lang='lat' dir='ltr'>res</span> <span class='ocrx_word' id='word_1_1067' title='bbox 1712 5780 2091 5845; x_wconf 86' lang='lat' dir='ltr'>numerabiles,</span> <span class='ocrx_word' id='word_1_1068' title='bbox 2120 5782 2176 5834; x_wconf 88' lang='lat' dir='ltr'>id</span> 
     </span>
    </p>
   </div>
   <div class='ocr_carea' id='block_1_136' title="bbox 2274 4455 3820 4542">
    <p class='ocr_par' dir='ltr' id='par_1_136' title="bbox 2274 4455 3820 4542">
     <span class='ocr_line' id='line_1_136' title="bbox 2274 4455 3820 4542; baseline -0.017 -5"><span class='ocrx_word' id='word_1_1069' title='bbox 2274 4455 2835 4538; x_wconf 30' lang='lat' dir='ltr'>{aliis&#39;iu’u’d’</span> <span class='ocrx_word' id='word_1_1070' title='bbox 2862 4455 2960 4528; x_wconf 89' lang='lat' dir='ltr'>est.</span> <span class='ocrx_word' id='word_1_1071' title='bbox 3006 4475 3171 4525; x_wconf 89' lang='lat' dir='ltr'>Verbi</span> <span class='ocrx_word' id='word_1_1072' title='bbox 3224 4455 3403 4537; x_wconf 65' lang='lat' dir='ltr'>gratia</span> <span class='ocrx_word' id='word_1_1073' title='bbox 3436 4485 3449 4521; x_wconf 89' lang='lat'><strong>:</strong></span> <span class='ocrx_word' id='word_1_1074' title='bbox 3494 4455 3820 4542; x_wconf 39' lang='lat' dir='ltr'>Cicerguem‘fl</span> 
     </span>
    </p>
   </div>
   <div class='ocr_carea' id='block_1_137' title="bbox 2277 4530 3818 4623">
    <p class='ocr_par' dir='ltr' id='par_1_137' title="bbox 2277 4530 3818 4623">
     <span class='ocr_line' id='line_1_137' title="bbox 2277 4530 3818 4623; baseline -0.015 -15"><span class='ocrx_word' id='word_1_1075' title='bbox 2277 4530 2755 4623; x_wconf 63' lang='lat' dir='ltr'>ejus—singularem</span> <span class='ocrx_word' id='word_1_1076' title='bbox 2804 4549 3036 4623; x_wconf 82' lang='lat' dir='ltr'>aliquam</span> <span class='ocrx_word' id='word_1_1077' title='bbox 3098 4530 3476 4623; x_wconf 56' lang='lat' dir='ltr'>proprietatem</span> <span class='ocrx_word' id='word_1_1078' title='bbox 3528 4530 3818 4623; x_wconf 43' lang='lat' dir='ltr'>intelligit-IEva</span> 
     </span>
    </p>
   </div>
   <div class='ocr_carea' id='block_1_138' title="bbox 2277 4606 3816 4681">
    <p class='ocr_par' dir='ltr' id='par_1_138' title="bbox 2277 4606 3816 4681">
     <span class='ocr_line' id='line_1_138' title="bbox 2277 4606 3816 4681; baseline -0.023 0"><span class='ocrx_word' id='word_1_1079' title='bbox 2277 4606 2674 4681; x_wconf 53' lang='lat' dir='ltr'>dicimusuuno</span> <span class='ocrx_word' id='word_1_1080' title='bbox 2721 4606 2958 4679; x_wconf 79' lang='lat' dir='ltr'>nomine,</span> <span class='ocrx_word' id='word_1_1081' title='bbox 3016 4606 3216 4678; x_wconf 57' lang='lat' dir='ltr'>homo;</span> <span class='ocrx_word' id='word_1_1082' title='bbox 3255 4617 3418 4667; x_wconf 85' lang='lat' dir='ltr'>homo</span> <span class='ocrx_word' id='word_1_1083' title='bbox 3457 4628 3471 4662; x_wconf 88' lang='lat'><strong>:</strong></span> <span class='ocrx_word' id='word_1_1084' title='bbox 3522 4609 3596 4660; x_wconf 88' lang='lat' dir='ltr'>vel</span> <span class='ocrx_word' id='word_1_1085' title='bbox 3645 4606 3816 4681; x_wconf 49' lang='lat' dir='ltr'>diversis:</span> 
     </span>
    </p>
   </div>
   <div class='ocr_carea' id='block_1_139' title="bbox 2278 4670 3816 4755">
    <p class='ocr_par' dir='ltr' id='par_1_139' title="bbox 2278 4670 3816 4755">
     <span class='ocr_line' id='line_1_139' title="bbox 2278 4670 3816 4755; baseline -0.02 -1"><span class='ocrx_word' id='word_1_1086' title='bbox 2278 4706 2490 4755; x_wconf 85' lang='lat' dir='ltr'>Marcus</span> <span class='ocrx_word' id='word_1_1087' title='bbox 2517 4698 2715 4749; x_wconf 84' lang='lat' dir='ltr'>Tullius</span> <span class='ocrx_word' id='word_1_1088' title='bbox 2745 4692 2930 4744; x_wconf 87' lang='lat' dir='ltr'>Cicero</span> <span class='ocrx_word' id='word_1_1089' title='bbox 2947 4670 2977 4741; x_wconf 61' lang='grc' dir='ltr'>ἐ</span> <span class='ocrx_word' id='word_1_1090' title='bbox 3007 4694 3061 4740; x_wconf 90' lang='lat' dir='ltr'>et</span> <span class='ocrx_word' id='word_1_1091' title='bbox 3087 4670 3250 4745; x_wconf 78' lang='lat' dir='ltr'>ensis,</span> <span class='ocrx_word' id='word_1_1092' title='bbox 3286 4686 3506 4751; x_wconf 87' lang='lat' dir='ltr'>gladius,</span> <span class='ocrx_word' id='word_1_1093' title='bbox 3533 4690 3688 4755; x_wconf 72' lang='lat' dir='ltr'>mucrq</span> <span class='ocrx_word' id='word_1_1094' title='bbox 3711 4688 3732 4755; x_wconf 39' lang='grc'>;¹</span> 
     </span>
    </p>
   </div>
   <div class='ocr_carea' id='block_1_140' title="bbox 2277 4740 3815 4835">
    <p class='ocr_par' dir='ltr' id='par_1_140' title="bbox 2277 4740 3815 4835">
     <span class='ocr_line' id='line_1_140' title="bbox 2277 4740 3815 4835; baseline -0.023 -8"><span class='ocrx_word' id='word_1_1095' title='bbox 2277 4776 2490 4827; x_wconf 89' lang='lat' dir='ltr'>diversa</span> <span class='ocrx_word' id='word_1_1096' title='bbox 2518 4784 2636 4835; x_wconf 68' lang='lat' dir='ltr'>quas</span> <span class='ocrx_word' id='word_1_1097' title='bbox 2666 4780 2847 4830; x_wconf 87' lang='lat' dir='ltr'>supra,</span> <span class='ocrx_word' id='word_1_1098' title='bbox 2899 4764 3043 4814; x_wconf 89' lang='lat' dir='ltr'>unde</span> <span class='ocrx_word' id='word_1_1099' title='bbox 3067 4740 3486 4835; x_wconf 18' lang='lat' dir='ltr'>htamenv‘unum</span> <span class='ocrx_word' id='word_1_1100' title='bbox 3518 4756 3632 4835; x_wconf 75' lang='lat' dir='ltr'>sunt</span> <span class='ocrx_word' id='word_1_1101' title='bbox 3678 4740 3815 4835; x_wconf 41' lang='lat' dir='ltr'>inutili:</span> 
     </span>
    </p>
   </div>
   <div class='ocr_carea' id='block_1_141' title="bbox 2279 4811 3813 4912">
    <p class='ocr_par' dir='ltr' id='par_1_141' title="bbox 2279 4811 3813 4912">
     <span class='ocr_line' id='line_1_141' title="bbox 2279 4811 3813 4912; baseline -0.022 -14"><span class='ocrx_word' id='word_1_1102' title='bbox 2279 4811 3233 4912; x_wconf 43' lang='lat' dir='ltr'>gebvdduzalbum,</span> <span class='ocrx_word' id='word_1_1103' title='bbox 3283 4830 3478 4912; x_wconf 67' lang='lat' dir='ltr'>allium,</span> <span class='ocrx_word' id='word_1_1104' title='bbox 3518 4817 3735 4907; x_wconf 73' lang='lat' dir='ltr'>lpqueudo</span> 
     </span>
    </p>
   </div>
   <div class='ocr_carea' id='block_1_142' title="bbox 2279 4893 3813 4981">
    <p class='ocr_par' dir='ltr' id='par_1_142' title="bbox 2279 4893 3813 4981">
     <span class='ocr_line' id='line_1_142' title="bbox 2279 4893 3813 4981; baseline -0.022 -11"><span class='ocrx_word' id='word_1_1105' title='bbox 2279 4893 2498 4981; x_wconf 57' lang='lat' dir='ltr'>gorpore</span> <span class='ocrx_word' id='word_1_1106' title='bbox 2529 4928 2591 4963; x_wconf 83' lang='lat' dir='ltr'>ex</span> <span class='ocrx_word' id='word_1_1107' title='bbox 2623 4924 2729 4975; x_wconf 91' lang='lat' dir='ltr'>quo</span> <span class='ocrx_word' id='word_1_1108' title='bbox 2761 4905 3177 4981; x_wconf 68' lang='lat' dir='ltr'>constatbomo,</span> <span class='ocrx_word' id='word_1_1109' title='bbox 3211 4901 3376 4981; x_wconf 36' lang='lat' dir='ltr'>etude</span> <span class='ocrx_word' id='word_1_1110' title='bbox 3418 4897 3613 4981; x_wconf 71' lang='lat' dir='ltr'>bomine</span> <span class='ocrx_word' id='word_1_1111' title='bbox 3640 4893 3813 4981; x_wconf 41' lang='lat' dir='ltr'>ipse}?</span> 
     </span>
    </p>
   </div>
   <div class='ocr_carea' id='block_1_143' title="bbox 2279 4954 3813 5041">
    <p class='ocr_par' dir='ltr' id='par_1_143' title="bbox 2279 4954 3813 5041">
     <span class='ocr_line' id='line_1_143' title="bbox 2279 4954 3813 5041; baseline -0.02 0"><span class='ocrx_word' id='word_1_1112' title='bbox 2279 4954 2487 5041; x_wconf 50' lang='lat'>233$?“</span> <span class='ocrx_word' id='word_1_1113' title='bbox 2520 5000 2582 5036; x_wconf 82' lang='lat' dir='ltr'>ex</span> <span class='ocrx_word' id='word_1_1114' title='bbox 2615 4954 2696 5033; x_wconf 57' lang='lat' dir='ltr'>go.</span> <span class='ocrx_word' id='word_1_1115' title='bbox 2728 4983 2858 5030; x_wconf 77' lang='lat' dir='ltr'>Item</span> <span class='ocrx_word' id='word_1_1116' title='bbox 2890 4954 3177 5037; x_wconf 59' lang='lat' dir='ltr'>rationale,</span> <span class='ocrx_word' id='word_1_1117' title='bbox 3214 4971 3483 5031; x_wconf 84' lang='lat' dir='ltr'>rationale,</span> <span class='ocrx_word' id='word_1_1118' title='bbox 3536 4954 3813 5041; x_wconf 47' lang='lat' dir='ltr'>loquendofl</span> 
     </span>
    </p>
   </div>
   <div class='ocr_carea' id='block_1_144' title="bbox 2280 5037 3810 5123">
    <p class='ocr_par' dir='ltr' id='par_1_144' title="bbox 2280 5037 3810 5123">
     <span class='ocr_line' id='line_1_144' title="bbox 2280 5037 3810 5123; baseline -0.024 -10"><span class='ocrx_word' id='word_1_1119' title='bbox 2280 5037 2565 5123; x_wconf 56' lang='lat' dir='ltr'>die—spiritu</span> <span class='ocrx_word' id='word_1_1120' title='bbox 2600 5053 2850 5108; x_wconf 81' lang='lat' dir='ltr'>hominis,</span> <span class='ocrx_word' id='word_1_1121' title='bbox 2882 5053 2934 5098; x_wconf 80' lang='lat' dir='ltr'>et</span> <span class='ocrx_word' id='word_1_1122' title='bbox 2980 5048 3045 5097; x_wconf 90' lang='lat' dir='ltr'>de</span> <span class='ocrx_word' id='word_1_1123' title='bbox 3095 5044 3321 5123; x_wconf 74' lang='lat' dir='ltr'>homine</span> <span class='ocrx_word' id='word_1_1124' title='bbox 3362 5037 3810 5123; x_wconf 35' lang='lat' dir='ltr'>quihconstst</span> 
     </span>
    </p>
   </div>
   <div class='ocr_carea' id='block_1_145' title="bbox 2281 5099 3811 5188">
    <p class='ocr_par' dir='ltr' id='par_1_145' title="bbox 2281 5099 3811 5188">
     <span class='ocr_line' id='line_1_145' title="bbox 2281 5099 3811 5188; baseline -0.024 -4"><span class='ocrx_word' id='word_1_1125' title='bbox 2281 5099 2617 5183; x_wconf 43' lang='lat' dir='ltr'>ll‘aacrautem</span> <span class='ocrx_word' id='word_1_1126' title='bbox 2644 5138 2761 5188; x_wconf 66' lang='lat' dir='ltr'>qua}</span> <span class='ocrx_word' id='word_1_1127' title='bbox 2797 5099 2907 5171; x_wconf 84' lang='lat' dir='ltr'>non</span> <span class='ocrx_word' id='word_1_1128' title='bbox 2935 5132 3067 5188; x_wconf 88' lang='lat' dir='ltr'>vere</span> <span class='ocrx_word' id='word_1_1129' title='bbox 3100 5120 3198 5173; x_wconf 87' lang='lat' dir='ltr'>est,</span> <span class='ocrx_word' id='word_1_1130' title='bbox 3234 5115 3325 5164; x_wconf 89' lang='lat' dir='ltr'>sed</span> <span class='ocrx_word' id='word_1_1131' title='bbox 3378 5099 3644 5163; x_wconf 81' lang='lat' dir='ltr'>imitatione</span> <span class='ocrx_word' id='word_1_1132' title='bbox 3679 5099 3811 5188; x_wconf 39' lang='lat' dir='ltr'>dicit?</span> 
     </span>
    </p>
   </div>
   <div class='ocr_carea' id='block_1_146' title="bbox 2279 5176 3810 5256">
    <p class='ocr_par' dir='ltr' id='par_1_146' title="bbox 2279 5176 3810 5256">
     <span class='ocr_line' id='line_1_146' title="bbox 2279 5176 3810 5256; baseline -0.022 -2"><span class='ocrx_word' id='word_1_1133' title='bbox 2279 5176 2606 5256; x_wconf 69' lang='lat' dir='ltr'>distributio,</span> <span class='ocrx_word' id='word_1_1134' title='bbox 2640 5176 2765 5245; x_wconf 57' lang='lat' dir='ltr'>vero</span> <span class='ocrx_word' id='word_1_1135' title='bbox 2790 5191 3007 5242; x_wconf 90' lang='lat' dir='ltr'>nomine</span> <span class='ocrx_word' id='word_1_1136' title='bbox 3058 5187 3270 5237; x_wconf 88' lang='lat' dir='ltr'>iteratio</span> <span class='ocrx_word' id='word_1_1137' title='bbox 3332 5188 3555 5236; x_wconf 85' lang='lat' dir='ltr'>vocatur,</span> <span class='ocrx_word' id='word_1_1138' title='bbox 3600 5188 3675 5226; x_wconf 86' lang='lat' dir='ltr'>seu</span> <span class='ocrx_word' id='word_1_1139' title='bbox 3716 5176 3810 5256; x_wconf 51' lang='lat' dir='ltr'>rege:</span> 
     </span>
    </p>
   </div>
   <div class='ocr_carea' id='block_1_147' title="bbox 2283 5246 3807 5326">
    <p class='ocr_par' dir='ltr' id='par_1_147' title="bbox 2283 5246 3807 5326">
     <span class='ocr_line' id='line_1_147' title="bbox 2283 5246 3807 5326; baseline -0.02 0"><span class='ocrx_word' id='word_1_1140' title='bbox 2283 5275 2421 5326; x_wconf 90' lang='lat' dir='ltr'>titio.</span> <span class='ocrx_word' id='word_1_1141' title='bbox 2457 5246 2789 5322; x_wconf 76' lang='lat' dir='ltr'>Collectione</span> <span class='ocrx_word' id='word_1_1142' title='bbox 2819 5276 2946 5313; x_wconf 89' lang='lat' dir='ltr'>vero</span> <span class='ocrx_word' id='word_1_1143' title='bbox 2975 5272 3340 5314; x_wconf 88' lang='lat' dir='ltr'>numeramus,</span> <span class='ocrx_word' id='word_1_1144' title='bbox 3374 5268 3487 5326; x_wconf 90' lang='lat' dir='ltr'>cum</span> <span class='ocrx_word' id='word_1_1145' title='bbox 3526 5264 3618 5301; x_wconf 87' lang='lat' dir='ltr'>uno</span> <span class='ocrx_word' id='word_1_1146' title='bbox 3661 5246 3807 5326; x_wconf 50' lang='lat' dir='ltr'>nagile</span> 
     </span>
    </p>
   </div>
   <div class='ocr_carea' id='block_1_148' title="bbox 2280 5310 3807 5397">
    <p class='ocr_par' dir='ltr' id='par_1_148' title="bbox 2280 5310 3807 5397">
     <span class='ocr_line' id='line_1_148' title="bbox 2280 5310 3807 5397; baseline -0.026 1"><span class='ocrx_word' id='word_1_1147' title='bbox 2465 5348 2517 5394; x_wconf 88' lang='lat' dir='ltr'>et</span> <span class='ocrx_word' id='word_1_1148' title='bbox 2549 5338 2713 5391; x_wconf 81' lang='lat' dir='ltr'>semel</span> <span class='ocrx_word' id='word_1_1149' title='bbox 2739 5336 2985 5390; x_wconf 88' lang='lat' dir='ltr'>dicimus,</span> <span class='ocrx_word' id='word_1_1150' title='bbox 3023 5332 3104 5380; x_wconf 90' lang='lat' dir='ltr'>vel</span> <span class='ocrx_word' id='word_1_1151' title='bbox 3150 5310 3339 5394; x_wconf 78' lang='lat' dir='ltr'>plures</span> <span class='ocrx_word' id='word_1_1152' title='bbox 3379 5325 3605 5376; x_wconf 83' lang='lat' dir='ltr'>unitates,</span> <span class='ocrx_word' id='word_1_1153' title='bbox 3641 5310 3807 5397; x_wconf 86' lang='lat' dir='ltr'>ut</span> 
     </span>
    </p>
   </div>
   <div class='ocr_carea' id='block_1_149' title="bbox 2281 5387 3805 5480">
    <p class='ocr_par' dir='ltr' id='par_1_149' title="bbox 2281 5387 3805 5480">
     <span class='ocr_line' id='line_1_149' title="bbox 2281 5387 3805 5480; baseline 0.008 -12"><span class='ocrx_word' id='word_1_1154' title='bbox 2281 5419 2362 5469; x_wconf 90' lang='lat' dir='ltr'>vel</span> <span class='ocrx_word' id='word_1_1155' title='bbox 2394 5417 2549 5480; x_wconf 88' lang='lat' dir='ltr'>plura</span> <span class='ocrx_word' id='word_1_1156' title='bbox 2577 5426 2705 5468; x_wconf 87' lang='lat' dir='ltr'>una,</span> <span class='ocrx_word' id='word_1_1157' title='bbox 2757 5412 2817 5457; x_wconf 91' lang='lat' dir='ltr'>ut</span> <span class='ocrx_word' id='word_1_1158' title='bbox 2875 5387 3168 5459; x_wconf 43' lang='lat' dir='ltr'>homines;</span> <span class='ocrx_word' id='word_1_1159' title='bbox 3194 5415 3301 5480; x_wconf 56' lang='lat'>9&quot;“</span> <span class='ocrx_word' id='word_1_1160' title='bbox 3342 5409 3536 5480; x_wconf 44' lang='lat' dir='ltr'>“cui?”</span> <span class='ocrx_word' id='word_1_1161' title='bbox 3581 5387 3805 5480; x_wconf 45' lang='lat'>“3.2:?</span> 
     </span>
    </p>
   </div>
   <div class='ocr_carea' id='block_1_150' title="bbox 2282 5460 3803 5547">
    <p class='ocr_par' dir='ltr' id='par_1_150' title="bbox 2282 5460 3803 5547">
     <span class='ocr_line' id='line_1_150' title="bbox 2282 5460 3803 5547; baseline -0.024 -5"><span class='ocrx_word' id='word_1_1162' title='bbox 2282 5460 2425 5547; x_wconf 57' lang='lat' dir='ltr'>sunt:</span> <span class='ocrx_word' id='word_1_1163' title='bbox 2456 5492 2509 5538; x_wconf 90' lang='lat' dir='ltr'>et</span> <span class='ocrx_word' id='word_1_1164' title='bbox 2539 5500 2600 5535; x_wconf 90' lang='lat' dir='ltr'>ea</span> <span class='ocrx_word' id='word_1_1165' title='bbox 2631 5460 2705 5533; x_wconf 39' lang='lat' dir='ltr'>ex.</span> <span class='ocrx_word' id='word_1_1166' title='bbox 2728 5481 2923 5545; x_wconf 84' lang='lat' dir='ltr'>quibus</span> <span class='ocrx_word' id='word_1_1167' title='bbox 2957 5479 3102 5547; x_wconf 82' lang='lat' dir='ltr'>sunt,</span> <span class='ocrx_word' id='word_1_1168' title='bbox 3132 5460 3232 5547; x_wconf 77' lang='lat' dir='ltr'>sub</span> <span class='ocrx_word' id='word_1_1169' title='bbox 3277 5469 3607 5547; x_wconf 41' lang='lat' dir='ltr'>unonillorum</span> <span class='ocrx_word' id='word_1_1170' title='bbox 3642 5460 3803 5547; x_wconf 46' lang='lat' dir='ltr'>T229:</span> 
     </span>
    </p>
   </div>
   <div class='ocr_carea' id='block_1_151' title="bbox 2281 5527 3802 5611">
    <p class='ocr_par' dir='ltr' id='par_1_151' title="bbox 2281 5527 3802 5611">
     <span class='ocr_line' id='line_1_151' title="bbox 2281 5527 3802 5611; baseline -0.021 -2"><span class='ocrx_word' id='word_1_1171' title='bbox 2281 5527 3039 5611; x_wconf 60' lang='grc' dir='ltr'>ῖέῖῗιιῖιῖιῖεἷιῑῐέιιὶῦὦωυηί,</span> <span class='ocrx_word' id='word_1_1172' title='bbox 3070 5527 3155 5593; x_wconf 66' lang='lat' dir='ltr'>vel</span> <span class='ocrx_word' id='word_1_1173' title='bbox 3195 5539 3466 5604; x_wconf 88' lang='lat' dir='ltr'>multiplici</span> <span class='ocrx_word' id='word_1_1174' title='bbox 3509 5527 3802 5611; x_wconf 56' lang='grc' dir='ltr'>ηυωοςᾳειιυςξ</span> 
     </span>
    </p>
   </div>
   <div class='ocr_carea' id='block_1_152' title="bbox 2283 5599 3801 5692">
    <p class='ocr_par' dir='ltr' id='par_1_152' title="bbox 2283 5599 3801 5692">
     <span class='ocr_line' id='line_1_152' title="bbox 2283 5599 3801 5692; baseline -0.023 -7"><span class='ocrx_word' id='word_1_1175' title='bbox 2283 5599 2367 5685; x_wconf 55' lang='lat' dir='ltr'>et“</span> <span class='ocrx_word' id='word_1_1176' title='bbox 2833 5634 2953 5679; x_wconf 67' lang='lat' dir='ltr'>qua:</span> <span class='ocrx_word' id='word_1_1177' title='bbox 2995 5599 3420 5692; x_wconf 41' lang='lat' dir='ltr'>collectione_&#39;ﬁt</span> <span class='ocrx_word' id='word_1_1178' title='bbox 3462 5599 3801 5692; x_wconf 36' lang='lat' dir='ltr'>sumetur,“</span> 
     </span>
    </p>
   </div>
   <div class='ocr_carea' id='block_1_153' title="bbox 2286 5654 3801 5760">
    <p class='ocr_par' dir='ltr' id='par_1_153' title="bbox 2286 5654 3801 5760">
     <span class='ocr_line' id='line_1_153' title="bbox 2286 5654 3531 5692; baseline -0.023 -7"><span class='ocrx_word' id='word_1_1179' title='bbox 2286 5654 2335 5685; x_wconf 77' lang='grc' dir='ltr'>ει</span> <span class='ocrx_word' id='word_1_1180' title='bbox 2395 5654 2507 5681; x_wconf 70' lang='lat' dir='ltr'>uim:</span> <span class='ocrx_word' id='word_1_1181' title='bbox 2563 5654 2776 5692; x_wconf 64' lang='lat' dir='ltr'>quiue-iu</span> <span class='ocrx_word' id='word_1_1182' title='bbox 2833 5654 2953 5679; x_wconf 76' lang='grc' dir='ltr'>ιμιυν</span> <span class='ocrx_word' id='word_1_1183' title='bbox 2995 5654 3309 5667; x_wconf 52' lang='lat' dir='ltr'>unum&quot;---</span> <span class='ocrx_word' id='word_1_1184' title='bbox 3363 5654 3418 5662; x_wconf 86' lang='lat'>..-</span> <span class='ocrx_word' id='word_1_1185' title='bbox 3473 5654 3531 5658; x_wconf 61' lang='lat'>_,</span> 
     </span>
     <span class='ocr_line' id='line_1_154' title="bbox 2286 5654 3801 5760; baseline -0.024 -3"><span class='ocrx_word' id='word_1_1186' title='bbox 2286 5700 2688 5757; x_wconf 89' lang='lat' dir='ltr'>distributionis</span> <span class='ocrx_word' id='word_1_1187' title='bbox 2716 5694 2960 5760; x_wconf 89' lang='lat' dir='ltr'>partibus</span> <span class='ocrx_word' id='word_1_1188' title='bbox 2989 5691 3217 5740; x_wconf 90' lang='lat' dir='ltr'>constat.</span> <span class='ocrx_word' id='word_1_1189' title='bbox 3243 5686 3343 5736; x_wconf 89' lang='lat' dir='ltr'>Sed</span> <span class='ocrx_word' id='word_1_1190' title='bbox 3371 5688 3438 5760; x_wconf 82' lang='lat' dir='ltr'>et</span> <span class='ocrx_word' id='word_1_1191' title='bbox 3462 5678 3629 5760; x_wconf 20' lang='lat' dir='ltr'>buj&#39;u&#39;sj</span> <span class='ocrx_word' id='word_1_1192' title='bbox 3641 5654 3801 5760; x_wconf 44' lang='lat' dir='ltr'>[F3301]</span> 
     </span>
    </p>
   </div>
   <div class='ocr_carea' id='block_1_154' title="bbox 2286 5736 3800 5845">
    <p class='ocr_par' dir='ltr' id='par_1_154' title="bbox 2286 5736 3800 5845">
     <span class='ocr_line' id='line_1_155' title="bbox 2286 5736 3800 5845; baseline -0.027 -14"><span class='ocrx_word' id='word_1_1193' title='bbox 2286 5736 2688 5845; x_wconf 38' lang='lat' dir='ltr'>diligebat;</span> <span class='ocrx_word' id='word_1_1194' title='bbox 3333 5758 3498 5825; x_wconf 88' lang='lat' dir='ltr'>partes</span> <span class='ocrx_word' id='word_1_1195' title='bbox 3525 5736 3654 5801; x_wconf 62' lang='lat' dir='ltr'>illius</span> <span class='ocrx_word' id='word_1_1196' title='bbox 3685 5736 3800 5788; x_wconf 70' lang='lat' dir='ltr'>dillﬂ&#39;</span> 
     </span>
    </p>
   </div>
  </div>
