4022 6174
224 234 345 291 H77

1265 232 1589 295 GILBERTI
1625 226 1971 294 PORRE‘I‘E
2008 236 2543 296 COMMENTARIA.

3463 227 3607 290 1278

224 359 443 411 butionis
464 372 585 431 quas
616 364 970 412 numerantur
1009 364 1120 411 tam
1166 363 1477 413 nominibus
1519 377 1677 427 quam
1727 378 1846 428 pro-
1878 364 1931 431 Α
1962 366 2225 428 exemplo,
2258 380 2363 430 quo
2395 372 2505 416 tam
2540 378 2643 415 vox
2690 375 2850 427 quam
2902 360 3218 424 signiﬁcatio
3268 354 3453 431 eadem
3501 358 3604 431 est,

228 431 527 493 prietatibue
554 430 786 490 diversa,
813 437 866 483 et
915 448 979 483 ea
1031 447 1152 495 quae
1200 439 1343 494 sunt,
1373 441 1423 484 et
1457 450 1518 484 ea
1548 450 1609 484 ex
1650 435 1848 498 quibus

229 509 352 559 sunt,
382 506 440 550 ut
469 503 630 553 homo
660 505 935 568 beryllus;
968 507 1054 553 vel
1082 519 1189 569 qua
1219 519 1327 556 non
1359 507 1410 555 id
1442 508 1586 570 quod
1624 512 1722 563 est,
1759 507 1848 556 sed

227 588 287 624 ea
310 589 366 624 ex
394 575 588 637 quibus
619 580 716 634 est,
750 581 807 625 ut
840 578 1000 626 homo
1032 578 1215 638 albus;
1242 578 1323 626 vel
1354 582 1534 641 partes
1566 578 1705 627 illius
1735 592 1853 641 quas

226 646 503 696 imitatione
536 646 733 697 dicitur
784 648 1109 706 distributio,
1167 650 1313 699 nulla
1375 649 1664 712 cujuslibet
1728 663 1855 713 pro-

225 718 365 782 positi
394 719 627 767 nominis
658 719 965 781 pluralitate
1033 721 1281 771 collectio
1329 726 1595 771 numerat.
1641 721 1697 769 In
1750 722 1856 769 illis

225 790 352 840 enim
381 790 589 839 duabus
624 789 907 841 diversitas
950 792 1151 855 absque
1198 791 1423 850 unione,
1456 792 1511 841 in
1556 794 1657 841 hac
1697 794 1856 841 tertia

226 860 389 910 unitas
438 859 646 923 absque
691 862 999 911 diversitate
1049 863 1381 913 collectionis
1428 866 1854 913 numerationem

225 932 327 982 ﬁeri
373 946 480 981 non
532 932 813 995 permittit.
871 936 1055 997 Itaque
1110 935 1498 999 relinquuntur
1552 934 1857 985 collectioni

223 1008 385 1067 partes
412 1004 556 1053 illius
596 1004 1015 1064 distributionis,
1063 1020 1170 1070 qua
1222 1007 1311 1056 illa
1358 1021 1479 1069 quas
1520 1007 1858 1070 signiﬁcandi

224 1076 412 1125 ratione
447 1075 636 1125 eadem
668 1081 795 1126 sunt
824 1077 1108 1141 plusquam
1164 1079 1332 1128 semel
1395 1078 1644 1137 dicendo,
1679 1082 1737 1127 ut
1793 1078 1857 1127 de

223 1146 431 1196 diversis
466 1146 647 1210 homo,
704 1148 888 1209 homo,
945 1154 1052 1198 tam
1103 1162 1168 1199 ea
1225 1164 1345 1214 quae
1406 1154 1549 1206 sunt,
1583 1164 1742 1213 quam
1798 1165 1860 1199 ea

228 1232 289 1267 ex
316 1218 503 1281 quibus
533 1225 661 1268 sunt
685 1233 1053 1269 numeramus.
1087 1221 1215 1278 Qum
1264 1223 1426 1284 igitur
1473 1221 1680 1270 duabus
1714 1222 1862 1284 prio-

233 1288 370 1337 ribus
389 1301 445 1337 re
475 1294 527 1338 et
558 1292 775 1339 nomine
816 1290 1028 1340 diversa
1074 1292 1489 1350 distribuuntur,
1540 1306 1707 1341 unum
1756 1293 1862 1341 sci-

230 1358 339 1409 licet
364 1363 414 1409 et
463 1361 607 1409 aliud
657 1375 843 1415 unum.
896 1376 1007 1412 non
1048 1362 1173 1413 facit
1216 1364 1458 1413 collectio
1503 1364 1609 1413 duo
1640 1363 1857 1426 aliquid,

232 1437 282 1480 et
306 1432 440 1494 quod
472 1434 631 1481 tertia
662 1431 924 1496 repetitur
952 1432 1035 1483 bis
1066 1448 1254 1494 unum,
1275 1448 1383 1484 non
1415 1440 1496 1484 est
1525 1436 1627 1484 nisi
1658 1448 1860 1484 unum:

224 1504 309 1553 sed
332 1518 445 1567 qum
504 1505 605 1553 sub
664 1506 853 1554 eodem
913 1508 1133 1556 nomine
1190 1513 1378 1570 quarta
1446 1506 1861 1563 distribuuntur,

222 1588 340 1624 vere
373 1581 594 1638 propter
623 1589 808 1625 rerum
840 1590 961 1639 quas
993 1582 1136 1635 sunt,
1169 1583 1221 1626 et
1248 1592 1310 1627 ex
1336 1580 1532 1642 quibus
1561 1582 1703 1635 sunt,
1738 1592 1864 1641 pro-

226 1649 491 1709 prietatem
523 1646 809 1705 diversam,
843 1662 1011 1698 unum
1044 1652 1098 1697 et
1145 1650 1289 1699 aliud
1338 1664 1521 1707 unum,
1550 1654 1602 1699 et
1648 1654 1865 1712 propter

229 1719 454 1782 ejusdem
488 1721 725 1769 nominis
756 1720 1206 1784 signiﬁcationem
1255 1723 1519 1784 eamdem,
1550 1722 1629 1771 bis
1677 1735 1862 1776 unum,

231 1794 330 1841 duo
365 1791 562 1855 aliquid
593 1797 737 1855 sunt,
770 1800 830 1843 ut
890 1794 1054 1844 homo
1108 1796 1288 1853 homo,
1336 1795 1582 1845 homines
1624 1796 1749 1845 duo.
1782 1795 1868 1843 Sic

222 1864 382 1927 igitur
416 1876 673 1913 numerus
702 1879 843 1914 unus
868 1870 921 1915 et
948 1866 1087 1915 idem
1122 1872 1223 1923 est,
1252 1873 1303 1916 et
1350 1868 1442 1931 qui
1493 1868 1547 1915 in
1580 1868 1738 1916 rebus
1769 1874 1865 1923 est,

229 1940 407 1998 etquo
438 1948 805 1994 numeramus,
843 1937 930 1986 vel
980 1936 1302 2001 colligendo,
1351 1939 1434 1987 vel
1474 1938 1865 1994 distribuendo,

221 2007 299 2056 vel
352 2007 460 2056 veri
523 2008 759 2057 nominis
814 2009 1211 2070 distributione,
1263 2010 1345 2059 vel
1396 2009 1735 2074 repetitione.
1765 2009 1868 2057 Sed

219 2078 479 2139 quoniam,
515 2079 656 2128 sicut
684 2079 1005 2143 praedictum
1036 2084 1132 2139 est,
1181 2080 1285 2130 alia
1331 2083 1463 2131 ratio
1495 2085 1576 2131 est
1617 2083 1669 2129 in
1709 2080 1871 2129 rebus

220 2146 349 2210 ipsis
380 2161 667 2197 numerum
697 2148 1049 2205 consistendi,
1082 2150 1183 2199 alia
1234 2166 1317 2200 res
1368 2152 1510 2214 ipsas
1540 2152 1730 2200 eodem
1765 2164 1870 2198 nu-

222 2220 477 2276 merandi,
511 2224 655 2270 recte
691 2221 938 2270 dividens
983 2224 1100 2271 ait:
1157 2223 1303 2271 Unus
1354 2224 1571 2286 quidem
1622 2226 1701 2271 est
1762 2234 1870 2284 quo

226 2303 585 2346 numeramus,
605 2291 740 2340 alter
770 2304 897 2340 vero
920 2294 1009 2355 qui
1044 2294 1096 2341 iu
1122 2294 1284 2343 rebus
1305 2294 1729 2343 numerabilibus
1750 2306 1873 2342 con-

226 2366 343 2423 stat,
374 2376 496 2411 vere
528 2364 771 2412 diversus
799 2364 865 2412 ab
898 2363 981 2413 his
1009 2363 1065 2413 in
1088 2364 1285 2428 quibus
1328 2371 1427 2416 est.
1479 2366 1690 2415 Etenim
1725 2364 1871 2428 quod

224 2440 306 2483 est
334 2447 518 2493 unum,
550 2447 634 2483 res
687 2440 766 2484 est
828 2435 1020 2485 unitati
1082 2437 1346 2499 subjecta,
1396 2439 1481 2487 cui
1529 2438 1731 2487 scilicet
1786 2444 1873 2492 vel

220 2505 339 2579 ipsa
370 2506 549 2554 unitas
578 2508 759 2579 inest,
790 2512 847 2556 ut
897 2508 1062 2579 albo;
1128 2511 1210 2558 vel
1265 2512 1437 2568 adest,
1496 2515 1555 2559 ut
1616 2509 1870 2579 albedini.

228 2576 410 2626 Unitas
442 2590 570 2625 vero
602 2582 683 2627 est
711 2577 764 2627 id
802 2592 909 2642 quo
940 2578 1115 2642 ipsum
1167 2580 1253 2630 cui
1302 2580 1462 2639 inest,
1497 2588 1551 2630 et
1580 2582 1753 2643 ipsum
1784 2576 1871 2627 cui

226 2648 393 2703 adest,
425 2647 656 2697 dicimus
688 2662 899 2698 unum:
934 2655 991 2699 ut
1038 2651 1214 2701 album
1266 2666 1454 2714 unum,
1504 2652 1693 2701 albedo
1744 2664 1870 2699 una.

228 2719 430 2768 Rursus
459 2732 522 2767 ea
552 2733 670 2783 qua)
727 2720 954 2769 dicimus
1008 2736 1122 2771 esse
1180 2724 1288 2772 duo
1336 2725 1390 2771 in
1438 2724 1600 2772 rebus
1639 2726 1780 2778 sunt,
1818 2722 1871 2770 id

221 2794 321 2849 est,
344 2804 426 2839 res
462 2796 592 2839 sunt
632 2791 878 2841 dualitati
938 2793 1185 2843 similiter
1240 2795 1515 2857 subjectae.
1573 2808 1693 2857 quae
1750 2793 1871 2842 dum

218 2867 348 2911 sunt
377 2878 391 2910 :
424 2866 484 2910 ut
516 2862 761 2911 homines
792 2864 917 2920 duo,
952 2864 1035 2912 vel
1067 2864 1274 2928 lapides
1305 2868 1431 2915 duo.
1481 2867 1717 2914 Dualitas
1742 2877 1871 2913 vero

216 2932 356 2982 nihil
391 2936 490 2989 est,
518 2932 571 2981 id
604 2937 701 2989 est,
736 2946 843 2982 non
876 2938 957 2983 est
991 2935 1193 2998 aliquid
1224 2934 1310 2984 cui
1339 2936 1421 2985 vel
1452 2937 1591 2985 adsit
1613 2937 1695 2984 vel
1745 2934 1873 2983 insit

216 3004 468 3061 dualitas,
500 3004 629 3067 quia
659 3003 795 3053 nihil
846 3006 892 3055 ei
942 3011 1035 3055 aut
1090 3004 1267 3056 inesse
1310 3013 1402 3057 aut
1458 3008 1643 3057 adesse
1676 3009 1867 3069 potest,

1961 434 2104 485 idem
2123 425 2372 487 ostendit
2403 439 2631 486 dicens:
2673 425 2834 483 Velut
2878 434 2923 481 si
2967 442 3308 505 communem
3357 425 3609 505 naturali-

1963 511 2045 556 ter
2078 510 2483 571 appellationem
2517 522 2614 557 usu
2665 506 3008 561 contrahens,
3057 504 3124 552 ad
3175 513 3341 549 unum
3368 512 3430 547 ex
3461 497 3608 545 illius

1964 584 2172 629 tantum
2204 581 2477 631 intellectu
2511 581 2702 640 dicam,
2734 578 2828 635 sol,
2864 577 2958 633 sol,
2995 576 3093 632 sol,
3128 586 3237 622 non
3270 582 3455 620 eorum
3486 580 3607 631 quas

1965 656 2109 705 sunt,
2142 656 2193 701 et
2228 666 2413 701 eorum
2446 652 2643 715 quibus
2678 655 2805 699 sunt
2835 646 3137 712 pluralitate
3174 650 3280 692 tres
3327 641 3465 715 soles
3506 653 3611 715 nus

1966 724 2260 771 meratione
2292 712 2577 779 eﬁ‘ecerim,
2612 722 2699 771 sed
2734 725 2941 770 tantum
2990 718 3053 766 de
3105 730 3211 765 uno
3252 712 3396 776 quod
3428 715 3527 768 est,
3560 713 3611 759 et

1966 797 2173 842 tantum
2203 808 2367 843 unum
2400 808 2506 858 quo
2539 800 2617 843 est
2646 792 2963 856 repetitione
2994 788 3153 837 toties
3181 786 3320 834 idem
3353 788 3432 832 ter
3469 794 3611 844 pne-

1967 865 2276 915 dicaverim.
3030 934 3033 935 ν
3092 932 3104 935 _
3404 928 3415 935 _
3529 924 3585 935 Ν

2029 936 2145 1008 Non
2176 938 2360 1000 igitur,
2399 937 2523 1003 etc.]
2579 937 2657 986 Ab
2714 936 2970 1008 exemplis
3026 932 3203 1008 infert,
3268 928 3418 1008 quasi
3457 940 3497 1008 τη
3526 925 3610 973 Di-

1969 1007 2139 1057 cendo
2171 997 2397 1057 diversis
2428 997 2536 1057 non
2569 1006 2957 1071 signiﬁcatione
2988 1004 3078 1053 sed
3110 1014 3239 1051 voce
3276 997 3605 1077 nominibus,

1969 1077 2351 1139 ensis,mucro,
2384 1079 2625 1143 gladius;
2658 1083 2709 1128 et
2762 1092 2869 1127 uno
2912 1082 3017 1125 tam
3063 1086 3194 1123 voce
3246 1083 3408 1133 quam
3451 1081 3610 1129 signi-

1969 1150 2219 1201 ﬁcatione
2254 1154 2515 1202 nomine:
2571 1155 2669 1209 sol,
2721 1152 2816 1208 sol,
2859 1150 2955 1208 sol,
3004 1160 3113 1197 non
3158 1143 3284 1194 facit
3322 1153 3605 1220 numerum

1970 1222 2284 1283 praedicatio
2315 1223 2629 1286 repetitione
2658 1223 2820 1271 trina.
2877 1220 3128 1269 Similiter
3174 1229 3301 1279 ergo
3349 1212 3393 1261 si
3442 1215 3494 1261 et
3542 1211 3608 1259 de

1969 1292 2149 1356 Patre,
2178 1309 2237 1343 ac
2263 1295 2327 1343 de
2358 1296 2493 1344 Filio
2528 1296 2660 1357 ejus,
2700 1298 2750 1343 et
2773 1294 2838 1342 de
2860 1291 3137 1341 amborum
3174 1286 3375 1350 Spiritu
3419 1287 3606 1331 sancto

1970 1366 2125 1413 tertio
2150 1366 2469 1428 prmdicetur
2502 1365 2661 1423 Deus,
2694 1378 2802 1413 non
2854 1362 3054 1412 idcirco
3097 1358 3260 1434 trina
3298 1357 3443 1434 haac_
3469 1366 3609 1434 prae:

1973 1424 2171 1485 dicatio
2202 1438 2612 1499 praedicatorum
2676 1449 2958 1485 numerum
3010 1431 3153 1483 facit.
3218 1431 3331 1479 Hoc
3359 1428 3522 1484 enim,
3555 1424 3608 1473 id

1972 1510 2052 1553 est
2084 1508 2185 1556 hoc
2210 1522 2435 1558 numero
2471 1522 2665 1566 rerum,
2720 1508 2820 1555 hoc
2877 1507 3093 1576 nomine
3154 1501 3295 1576 quod
3338 1503 3417 1576 est
3449 1499 3607 1576 Deus,

1972 1578 2383 1637 praedicatur-um
2416 1580 2554 1628 trina
2611 1576 2923 1641 praedicatio
2983 1575 3087 1625 illis
3132 1574 3277 1629 solis,
3311 1574 3369 1619 ut
3414 1568 3611 1631 praedi-

1972 1652 2115 1696 ctum
2147 1654 2244 1706 est,
2278 1652 2533 1707 imminet,
2567 1652 2617 1699 id
2650 1655 2745 1708 est,
2784 1662 2897 1698 esse
2929 1648 3156 1704 videtur,
3189 1645 3277 1707 qui
3324 1644 3462 1690 inter
3500 1652 3610 1694 eos,

1896 1739 1943 1802 Β
1977 1718 2027 1766 id
2048 1724 2159 1802 est,
2191 1721 2421 1802 Patrem,
2473 1727 2525 1802 et
2572 1721 2787 1802 Filium,
2832 1725 2885 1769 et
2909 1718 3189 1802 “Spiritum
3220 1717 3615 1802 sanguini-sua

1971 1793 2229 1853 opinione
2289 1794 2495 1843 iaciunt
2550 1794 2837 1857 quamdam
2891 1791 3197 1840 distantiam
3278 1784 3613 1863 meritorum,

1972 1865 2171 1926 quibus
2201 1866 2409 1915 Patrem
2446 1866 2593 1923 Filio,
2627 1871 2680 1915 et
2726 1866 2916 1914 Filium
2976 1862 3176 1925 Spiritu
3226 1862 3409 1908 sancto
3453 1862 3619 1918 majo-

1972 1949 2086 1984 rem
2123 1950 2239 1986 esse
2272 1939 2475 1987 dicunt.
2509 1937 2802 1988 Catholicis
2837 1934 2971 1984 nihil
2997 1948 3125 1983 vero
3165 1928 3618 1981 constituentibus

1973 2008 2075 2059 hac
2110 2010 2412 2061 differentia
2442 2010 2778 2068 meritorum,
2828 2009 2881 2057 id
2928 2012 3010 2057 est
3057 2020 3165 2056 non
3214 2002 3618 2054 continentibus

1973 2096 2036 2131 ex
2063 2082 2180 2141 hac,
2214 2098 2333 2147 qum
2365 2085 2430 2133 ab
2463 2083 2580 2132 aliis
2632 2082 2870 2146 ﬁngitur,
2921 2078 3235 2129 meritorum
3288 2074 3615 2147 diversitate,

1972 2146 2389 2216 praedicatorum
2425 2156 2525 2205 hoc
2556 2156 2773 2204 nomine
2814 2153 2955 2216 quod
3002 2156 3083 2201 est
3129 2152 3292 2206 Deus,
3335 2146 3617 2195 diversita-

1972 2231 2106 2289 tem,
2138 2230 2418 2292 ipsamque
2458 2228 2769 2291 prmdictam
2816 2226 3038 2275 formam
3092 2218 3421 2286 ponentibus
3479 2230 3615 2275 esse,

1976 2305 2036 2349 ut
2065 2302 2179 2364 ipsa
2213 2307 2311 2358 est,
2359 2302 2412 2351 id
2464 2306 2561 2358 est,
2624 2314 2782 2350 unam
2846 2296 3189 2362 singulariter
3244 2306 3377 2349 esse,
3438 2303 3617 2368 neque

1976 2385 2092 2421 esse
2131 2374 2271 2423 aliud
2305 2388 2466 2437 quam
2499 2379 2579 2423 est
2607 2375 2782 2437 ipsum
2819 2372 2962 2435 quod
3007 2374 3104 2427 est,
3150 2369 3201 2416 id
3251 2370 3347 2423 est,
3393 2374 3618 2440 omnino

1976 2444 2271 2508 simplicem
2305 2432 2485 2499 όύσίαν
2516 2432 2641 2493 esse
2674 2432 3040 2506 opinantibus,
3099 2453 3214 2488 esse
3271 2440 3412 2485 recte
3469 2432 3620 2481 vide-

1976 2523 2064 2567 tur
2098 2520 2163 2567 de
2192 2518 2378 2567 eodem
2416 2518 2704 2581 praedicato
2732 2517 2871 2566 facta
2923 2514 3188 2578 repetitio,
3228 2510 3406 2573 potius
3458 2518 3620 2581 quam

1976 2591 2175 2639 diversi
2214 2579 2489 2653 praedicati
2529 2590 2881 2644 enumeratio,
2927 2601 3046 2636 cum
3101 2585 3315 2639 dicitur,
3348 2579 3623 2653 Pateruest

1976 2662 2136 2723 Deus,
2168 2650 2332 2709 Filius
2364 2667 2444 2709 est
2472 2662 2635 2719 Deus,
2666 2661 2893 2722 Spiritus
2937 2662 3153 2707 sanctus
3200 2659 3280 2730 est
3308 2653 3468 2730 Deus.
3504 2650 3621 2697 Non

1978 2732 2117 2781 enim
2152 2734 2380 2781 diversae
2413 2734 2660 2781 essentia:
2693 2732 2774 2779 his
2804 2732 2973 2779 tribus
3004 2724 3465 2801 propositionibus
3485 2733 3625 2801 pras-

1976 2804 2167 2854 dicatas
2201 2807 2346 2852 sunt.
2381 2804 2555 2866 Atque
2587 2804 2702 2852 hinc
2733 2801 3015 2857 trinitatis,
3046 2800 3211 2871 idest
3258 2794 3313 2871 hi
3343 2799 3451 2842 tres
3500 2794 3623 2871 qui-

1973 2877 2201 2925 busdam
2234 2876 2649 2937 proprietatibus
2681 2888 2711 2922 a
2740 2888 2794 2921 se
2831 2874 3059 2921 invicem
3087 2867 3302 2945 diversi,
3334 2870 3462 2945 sunt
3490 2867 3617 2945 ‘sin-

1972 2948 2231 3011 gulariter
2260 2950 2313 2996 et
2344 2947 2657 3010 simpliciter
2686 2961 2827 2995 unus
2861 2946 2999 2994 Deus
3031 2958 3043 2993 :
3076 2941 3226 3018 velus
3259 2939 3423 2996 ensis,
3454 2939 3615 3018 atque

1974 3008 2182 3077 mucro,
2216 3034 2325 3068 una
2369 3008 2628 3082 singulari
2687 3019 2979 3082 praedicata
3033 3015 3311 3065 nominum
3359 3008 3618 3082 qualitate

211 3075 547 3168 isedtantunm
590 3080 694 3168 f3le
735 3076 985 3168 dualitas.
1010 3091 1119 3160 qua.
1162 3080 1269 3129 duo
1318 3079 1564 3168 Ῑξρῐιξίηθε
1620 3079 1703 3127 νεὶ
1732 3080 1867 3159 ,δυο
1900 3101 1942 3168 C
1977 3106 2116 3141 unus
2144 3075 2492 3154 singulariter
2522 3075 2749 3154 gladius.
2783 3089 2912 3140 Item
2945 3089 3088 3138 velut
3116 3085 3214 3147 sol,
3247 3082 3344 3142 sol,
3377 3080 3477 3139 sol,
3508 3092 3618 3129 una

212 3146 428 3211 lapides
474 3147 613 3196 ﬁunt
666 3147 791 3197 duo.
841 3147 988 3197 Sicut
1036 3150 1177 3199 enim
1226 3150 1501 3214 qualitate,
1564 3164 1673 3199 non
1729 3151 1865 3212 ipsa,

212 3221 313 3270 sed
344 3221 646 3284 subjectum
678 3222 832 3283 cujus
861 3222 993 3284 ipsa,
1054 3224 1209 3285 quale
1267 3228 1345 3273 est
1376 3236 1389 3273 ε
1449 3226 1524 3273 ita
1569 3224 1866 3287 quantitate

203 3305 324 3341 non
347 3292 483 3355 ipsa,
517 3292 611 3340 sed
641 3293 786 3355 quod
818 3294 872 3341 ei
928 3294 1227 3356 subjectum
1288 3299 1385 3351 est,
1446 3299 1705 3358 quantum
1767 3296 1866 3341 est.

202 3364 449 3428 Ideoque
483 3377 591 3413 non
620 3363 799 3413 unitas
849 3365 980 3426 ipsa,
1027 3366 1120 3413 sed
1176 3367 1319 3429 quod
1360 3368 1406 3417 ei
1446 3367 1743 3429 subjectum
1769 3369 1867 3422 est,

211 3450 388 3486 unum
416 3440 497 3485 est
528 3452 540 3495 ;
572 3450 671 3485 nec
703 3435 934 3485 dualitas
962 3437 1095 3500 ipsa,
1124 3439 1215 3486 sed
1266 3439 1410 3502 quod
1470 3440 1518 3488 ei
1567 3438 1868 3501 subjectum

195 3512 309 3564 est,
344 3512 485 3557 recte
526 3507 724 3557 dicitur
754 3508 881 3557 duo.
916 3507 1174 3565 Quamvis
1200 3513 1356 3573 tropo
1389 3524 1496 3573 quo
1541 3523 1735 3558 nomen
1793 3508 1870 3557 ef-

200 3579 392 3628 fectus
423 3579 489 3627 ad
523 3591 735 3628 causam
786 3581 1159 3637 traneumitur,
1226 3582 1406 3630 unitas
1459 3582 1575 3645 ipsa
1634 3594 1757 3638 una,
1818 3588 1873 3636 et

202 3648 456 3699 dualitas
484 3650 618 3712 ipsa,
651 3649 705 3698 id
736 3654 817 3698 est
848 3651 1026 3699 unitas
1084 3654 1138 3699 et
1204 3654 1396 3708 unitas,
1461 3652 1568 3701 duo
1614 3652 1824 3701 dicatur
1857 3666 1870 3712 ;

200 3728 267 3773 et
300 3721 488 3770 eodem
521 3721 682 3770 modo
713 3720 875 3770 estin
908 3723 1113 3771 caeteris
1167 3726 1420 3782 numeris,
1473 3724 1521 3773 id
1559 3728 1638 3772 est
1690 3727 1867 3773 terna-

200 3792 297 3843 rio
330 3798 384 3842 et
413 3792 778 3855 quaternario,
811 3797 862 3841 et
896 3794 1169 3856 deinceps.
1200 3794 1331 3843 Nam
1383 3808 1504 3844 vere
1552 3798 1728 3844 omnis
1775 3808 1871 3843 nu.

198 3878 403 3915 merus
435 3877 539 3913 non
574 3864 785 3912 numeri
819 3864 1006 3927 ipsius,
1057 3866 1149 3913 sed
1200 3880 1379 3916 rerum
1430 3866 1531 3916 sibi
1564 3868 1871 3930 supposita-

198 3950 335 3986 rum
370 3939 453 3984 est
481 3947 761 3995 numerus,
794 3948 945 3998 quas,
1001 3935 1141 3985 sicut
1187 3951 1328 4000 smpe
1358 3939 1471 4001 jam
1503 3938 1756 3995 diximus,
1788 3936 1869 3987 vel

196 4006 557 4061 collectione,
590 4019 710 4068 qua:
742 4019 949 4069 semper
978 4021 1103 4057 vere
1161 4009 1487 4071 pluralitatis
1543 4015 1639 4069 est,
1689 4015 1741 4060 et
1789 4024 1870 4059 eo-

197 4091 338 4128 rum
372 4090 497 4140 qna)
528 4082 671 4134 sunt,
704 4081 757 4126 et
784 4092 971 4127 eorum
1003 4093 1067 4128 ex
1099 4079 1297 4143 quibus
1326 4087 1470 4137 sunt,
1493 4096 1868 4144 numeramus;

196 4149 296 4198 vel
338 4148 737 4209 distributione,
772 4162 891 4211 qua:
925 4163 1033 4199 non
1068 4164 1299 4214 semper.
1358 4154 1492 4216 Ergo
1542 4155 1597 4203 in
1645 4167 1869 4202 numero

200 4220 311 4283 qui
345 4219 545 4268 dicitur
566 4218 891 4279 numeratio,
922 4234 1029 4283 quo
1066 4220 1266 4271 scilicet
1294 4236 1659 4282 numeramus,
1708 4236 1867 4286 saepe,

196 4291 359 4341 sicut
388 4290 712 4354 predictum
774 4295 872 4348 est,
933 4294 1185 4354 repetitio
1245 4295 1405 4343 unius
1470 4294 1621 4358 quasi
1684 4298 1871 4347 multa.

189 4378 333 4413 rum
370 4364 636 4413 unitatum
668 4376 787 4412 eam
846 4377 967 4426 quas
1014 4364 1127 4413 sola
1160 4364 1462 4415 imitatione
1510 4368 1703 4416 dicitur
1752 4369 1871 4431 plu-

1976 3163 2232 3227 singulari
2264 3163 2451 3221 forma,
2483 3176 2624 3211 unus
2651 3162 2749 3211 sol.

2039 3225 2145 3284 Sed
2190 3236 2283 3283 hoc
2343 3235 2574 3293 interim,
2634 3232 2757 3299 etc.]
2813 3233 3100 3295 Hucusque
3171 3225 3497 3291 singularem
3558 3235 3617 3270 ac

1977 3305 2276 3370 simplicem
2310 3308 2476 3355 Patris
2506 3309 2558 3355 et
2595 3305 2709 3354 Filii
2757 3309 2809 3354 et
2851 3305 3078 3368 Spiritus
3114 3299 3390 3350 amborum
3440 3307 3617 3370 essen-

1975 3369 2102 3430 tiam
2129 3395 2234 3444 qua
2264 3381 2641 3443 unusquisque
2674 3379 2885 3429 illorum
2929 3383 2981 3428 et
3026 3381 3123 3433 est,
3157 3379 3211 3425 et
3258 3374 3397 3421 Deus
3430 3369 3619 3447 rest,_'et

1975 3456 2086 3502 tres
2120 3439 2247 3502 sunt
2278 3439 2603 3507 unus’Deu-s,
2641 3449 2961 3513 theologicis
3011 3447 3314 3498 rationibus
3361 3439 3615 3492 ostendit.

1974 3525 2127 3573 Nunc
2157 3525 2383 3573 diversis
2424 3523 2846 3586 proprietatibus
2907 3536 3022 3571 esse
3080 3519 3321 3569 diversos
3378 3513 3615 3566 eosdem,

1977 3609 2208 3659 quorum
2266 3609 2375 3643 non
2436 3595 2538 3643 nisi
2600 3594 2883 3657 singularis
2942 3608 3002 3642 ac
3076 3590 3296 3653 simplex
3384 3587 3618 3659 est‘es-

1976 3654 2169 3723 s—entia,
2206 3666 2536 3715 naturalium
2572 3654 2869 3714 rationibus
2917 3666 3285 3713 demonstrare
3330 3658 3457 3707 vult.
3489 3654 3617 3712 Qua:

1973 3736 2193 3787 illorum
2225 3738 2279 3785 in
2310 3737 2408 3785 hac
2436 3737 2638 3785 unitate
2670 3735 2965 3793 diversitas,
3010 3740 3070 3784 ut
3116 3734 3451 3795 aliquatenus
3498 3738 3618 3788 pos-

1975 3809 2043 3857 sit
2097 3808 2345 3869 intelligi,
2401 3821 2601 3871 genera
2668 3808 2994 3856 naturalium
3080 3802 3617 3876 praedicamentorum

1975 3877 2158 3929 omnia
2187 3883 2585 3936 commemorat,
2624 3883 2675 3928 et
2705 3892 2841 3942 quae,
2877 3883 2928 3928 et
2958 3878 3187 3942 qualiter
3232 3874 3297 3923 de
3340 3873 3617 3929 creaturis,

1976 3956 2026 4000 et
2066 3950 2132 3999 de
2190 3950 2301 3999 Deo
2360 3950 2626 4009 dicantur,
2684 3950 2977 4013 praemittit.
3034 3943 3432 3999 Attendendum
3487 3951 3618 4013 vero

1975 4035 2133 4084 quam
2176 4021 2462 4071 artiﬁciose
2512 4010 2704 4070 transit
2751 4022 2816 4071 ad
2866 4020 3178 4070 eorumdem
3228 4010 3614 4091 ostendendam

1976 4093 2359 4151 diversitatem,
2389 4107 2617 4156 quorum
2668 4094 2929 4143 unitatem
2977 4092 3299 4149 ostenderat,
3332 4093 3613 4159 occasione

1973 4164 2224 4213 videlicet
2272 4163 2636 4225 exemplorum
2686 4176 2805 4226 quae
2863 4164 2929 4213 ad
2976 4160 3383 4223 intelligendam
3431 4157 3613 4202 unita-

1974 4241 2081 4286 tem
2112 4236 2412 4285 induxerat.
2440 4234 2657 4284 Dixerat
2686 4237 2826 4283 enim
2861 4250 2874 4283 :
2905 4236 3038 4284 Cum
3087 4232 3284 4282 dicitur
3330 4230 3470 4276 Deus
3516 4226 3615 4272 Pa-

1974 4312 2075 4365 ter,
2107 4309 2249 4357 Deus
2279 4306 2456 4365 Filius,
2505 4306 2645 4355 Deus
2688 4306 2920 4369 Spiritus
2975 4310 3212 4366 sanctus,
3255 4299 3500 4363 repetitio
3544 4295 3612 4343 de

1978 4380 2165 4429 eodem
2197 4378 2364 4443 magis
2389 4392 2547 4441 quam
2598 4379 2932 4428 enumeratio
2989 4374 3186 4426 diversi
3236 4373 3452 4421 videtur
3499 4378 3513 4417 ε
3564 4369 3618 4415 et

187 4435 486 4517 ralitatem
518 4433 660 4483 facit.
696 4434 753 4483 in
803 4448 997 4517 rerum.
1039 4449 1163 4485 vero
1197 4450 1440 4527 Anumero
1488 4438 1579 4501 qui
1624 4452 1748 4489 vere
1775 4444 1873 4522 est
1902 4462 1946 4527 Β
1979 4463 2046 4499 ne
2077 4451 2197 4513 quis
2233 4433 2519 4503 dubita-ret,
2551 4448 2820 4497 multivoci
2871 4453 3029 4512 atque
3078 4444 3293 4496 univoci
3342 4450 3616 4527 compara-

192 4520 273 4556 ex
308 4507 557 4571 ipsarum
588 4519 765 4555 rerum
819 4507 1145 4577 proprietate
1192 4508 1419 4565 diversa,
1468 4522 1578 4557 non
1622 4511 1864 4573 repetitio

1979 4507 2123 4571 tione
2154 4520 2473 4577 ﬁrmaverat,
2515 4519 2740 4570 dicens:
2800 4507 2959 4569 Velut
3011 4520 3173 4577 ensis,
3232 4527 3438 4570 mucro,
3502 4510 3619 4573 gla-

188 4578 382 4653 unius
415 4580 669 4653 (πίρωμις
702 4576 856 4653 quasi
894 4579 962 4625 sit
1008 4578 1277 4653 quitatem
1328 4581 1629 4638 multarum.
1689 4583 1871 4645 plura-
1982 4592 2155 4653 dius;
2213 4591 2361 4641 velut
2414 4576 2511 4648 sol,
2592 4591 2687 4653 sol,
2750 4591 2845 4641 sol.
2907 4591 3011 4640 Sed
3068 4590 3123 4638 in
3162 4576 3265 4637 bis
3319 4590 3426 4634 tam
3503 4582 3621 4645 ejus

190 4650 431 4727 litatem
462 4646 632 4727 facit;
664 4646 795 4727 υς.ηεὶ
829 4648 894 4727 de
942 4649 1128 4727 eodem
1195 4652 1245 4727 in
1304 4653 1455 4727 vocis
1494 4654 1728 4727 materia,
1761 4667 1871 4704 non
1981 4646 2237 4727 quodest
2265 4676 2424 4726 quam
2454 4646 2571 4725 ejus
2600 4646 2705 4725 quo
2764 4667 2843 4712 est
2888 4662 3132 4726 repetitio
3183 4659 3320 4708 facta
3351 4659 3451 4706 est.
3483 4656 3619 4703 (lum

188 4720 263 4769 in
340 4732 526 4768 rerum
584 4718 973 4781 signiﬁcatione
1030 4720 1261 4770 diversis
1314 4723 1623 4773 nominibus
1678 4725 1864 4787 dicam,

1981 4718 2109 4784 vero
2132 4718 2328 4783 dicitur
2347 4718 2505 4789 Deus',
2528 4718 2687 4788 Deus,
2706 4733 2866 4796 Dens,
2889 4718 3118 4796 primum
3146 4731 3209 4780 de
3237 4730 3413 4785 Patre,
3435 4738 3621 4775 secun-

190 4791 653 4869 gladiusunus,
696 4803 882 4869 mucro
941 4805 1100 4869 unus,
1160 4796 1305 4869 ensis
1364 4810 1559 4869 unus:
1620 4801 1672 4869 et
1730 4802 1871 4846 recte
1982 4806 2109 4854 dum
2141 4806 2205 4854 de
2241 4804 2394 4866 Filio,
2446 4806 2661 4854 tertium
2724 4805 2788 4854 de
2834 4791 3038 4869 Spiritu
3085 4808 3312 4853 sancto:
3369 4798 3514 4864 quod
3570 4800 3622 4845 et

187 4862 483 4926 prmmisi,
515 4860 559 4910 si
625 4862 690 4910 de
748 4862 933 4911 eodem
996 4863 1188 4913 dicam.
1255 4865 1519 4923 Quoniam
1577 4868 1718 4917 enim
1770 4869 1864 4918 hoc

1982 4877 2094 4940 ipse
2125 4878 2310 4939 aperit,
2344 4860 2571 4925 dicens:
2632 4876 2777 4925 Deus
2833 4860 3007 4938 Pater,
3062 4879 3201 4926 Deus
3247 4860 3432 4927 Filius,
3480 4870 3620 4919 Deus

185 4933 507 4997 quodlibet
535 4946 731 4982 nomen
759 4933 1075 5012 naturaliter
1106 4940 1187 4984 est
1224 4951 1510 4986 commune
1558 4940 1870 4997 multorum,
1980 4933 2209 5010 Spiritus
2240 4953 2474 5004 sanctus,
2511 4961 2692 4997 eorum
2754 4949 2970 5011 quidem
2996 4933 3004 4938 ⁷
3028 4948 3119 5012 qui
3176 4950 3303 4995 sunt
3350 4944 3490 4992 Deus
3520 4954 3620 5012 nu-

180 5012 252 5082 et
288 5019 427 5082 quae
457 5008 605 5082 sunt,
644 5009 695 5053 et
724 5018 787 5053 ex
820 5003 1018 5082 quibus
1070 5011 1212 5082 sunt,
1272 5014 1504 5082 possunt
1548 5010 1763 5072 quidem
1808 5025 1870 5059 ex
1984 5003 2207 5068 nieratio
2238 5018 2375 5066 facta
2405 5003 2501 5076 est,
2534 5018 2652 5081 ejus
2681 5003 2807 5068 vero
2839 5033 2945 5082 quo
2981 5003 3106 5069 suist
3148 5019 3309 5074 Deus,
3353 5011 3619 5077 repetitio.

178 5077 506 5127 intellectu
530 5077 864 5125 diversorum
925 5079 1039 5126 haec
1092 5078 1275 5127 eadem
1330 5084 1424 5128 aut
1480 5081 1692 5131 diversa
1745 5097 1872 5146 pro-

182 5150 371 5209 ferri,
409 5153 588 5197 tamen
620 5162 682 5196 ex
714 5147 989 5197 intellectu
1036 5150 1195 5199 unius
1242 5150 1347 5199 dici
1380 5163 1394 5199 :
1425 5165 1487 5203 eo
1526 5154 1667 5215 quod
1700 5159 1876 5218 potest

184 5234 365 5270 unus
403 5218 695 5281 singularis
724 5219 953 5282 gladius,
989 5224 1042 5269 et
1094 5222 1157 5270 ab
1208 5236 1316 5271 una
1372 5223 1627 5287 singulari
1681 5230 1875 5275 natura

174 5297 281 5343 tot
347 5305 547 5340 vocum
598 5290 906 5340 diversitate
950 5295 1220 5341 vocabulis
1268 5295 1588 5357 appellatus,
1638 5299 1874 5359 agnosci.

180 5364 345 5412 Haec
374 5363 525 5411 enim
556 5374 677 5423 qua:
703 5362 837 5411 forte
888 5362 1220 5413 diversarum
1272 5367 1535 5416 unitatum
1572 5370 1748 5431 putari
1785 5382 1875 5431 po-

174 5440 315 5485 test
362 5435 692 5490 numeratio,
753 5448 859 5483 non
927 5439 1009 5484 est
1066 5439 1367 5488 numeratio
1415 5440 1725 5497 multarum,
1783 5441 1874 5489 sed

172 5506 403 5569 potius
468 5510 550 5555 est
614 5506 774 5554 unius
830 5510 1041 5555 tantum
1093 5510 1318 5559 iteratio.
1382 5511 1444 5559 Et
1498 5513 1689 5576 repetit
1734 5513 1873 5561 idem

166 5577 555 5640 exemplum,
594 5576 819 5627 dicens:
849 5576 1006 5627 Velut
1054 5578 1096 5626 si
1135 5593 1197 5627 ex
1248 5580 1521 5631 intellectu
1574 5584 1731 5631 unius
1759 5588 1876 5632 tan-

162 5658 345 5710 tum,
388 5655 447 5699 et
475 5650 618 5714 quod
650 5656 752 5711 est,
782 5654 834 5699 et
864 5664 971 5714 quo
998 5656 1095 5713 est,
1128 5651 1201 5702 ita
1223 5653 1461 5703 dicamus
1496 5670 1623 5705 voce
1654 5656 1878 5705 diversis

167 5723 562 5775 nominibus.
594 5722 756 5783 ensis,
789 5736 994 5783 muero,
1028 5724 1258 5785 gladius,
1306 5729 1551 5789 repetitio
1594 5730 1673 5777 est
1728 5741 1876 5792 qum-

161 5797 334 5848 dam
414 5794 678 5861 ejusdem,
737 5807 847 5845 non
905 5794 1206 5847 numeratio
1262 5797 1719 5862 diversorum;et
1769 5801 1875 5853 alio

1984 5090 2085 5139 Sed
2116 5090 2219 5138 hoc
2249 5087 2515 5139 divisione
2557 5090 2747 5140 melius
2793 5090 3135 5154 intelligetur.
3186 5091 3240 5139 ln
3288 5084 3621 5154 naturalibus

1985 5162 2126 5211 enim
2158 5160 2301 5209 aliud
2338 5165 2416 5209 est
2445 5162 2587 5223 quod
2649 5168 2744 5219 est,
2796 5163 2936 5212 aliud
2968 5150 3100 5226 _quo
3146 5166 3242 5210 est.
3292 5161 3423 5209 Item
3478 5150 3621 5203 aliud

1984 5233 2306 5293 numeratio,
2338 5233 2484 5281 aliud
2523 5234 2750 5283 iteratio.
2776 5235 2871 5283 His
2896 5236 3058 5298 igitur
3082 5234 3183 5284 sibi
3230 5230 3463 5281 invicem
3484 5228 3621 5291 jun-

1985 5306 2101 5366 ctis,
2134 5309 2365 5366 quatuor
2411 5305 2644 5367 partium
2694 5306 2884 5355 divisio
2940 5306 3195 5356 nascitur.
3246 5306 3377 5353 Nam
3428 5310 3620 5348 vocum

1985 5376 2238 5437 dictione,
2271 5380 2365 5425 aut
2394 5381 2614 5439 atraque
2647 5376 2862 5436 scilicet,
2896 5390 2950 5427 et
2986 5392 3107 5442 quae
3151 5380 3294 5433 sunt,
3336 5377 3388 5424 et
3429 5370 3625 5435 quibus

1985 5452 2111 5496 sunt
2140 5452 2514 5506 numerantur,
2558 5452 2650 5497 aut
2688 5453 2909 5513 utraque
2952 5453 3312 5513 repetuntur;
3348 5450 3441 5493 aut
3468 5454 3626 5503 repe-

1986 5522 2176 5568 tuntur
2204 5532 2323 5581 quae
2356 5523 2499 5575 sunt,
2533 5520 2625 5568 sed
2686 5525 3040 5569 numerantur
3091 5519 3287 5583 quibus
3331 5519 3455 5565 sunt
3484 5527 3498 5573 ;
3532 5514 3627 5560 aut

1985 5595 2343 5639 numerantur
2376 5604 2495 5654 quas
2523 5595 2665 5649 sunt,
2712 5592 2803 5641 sed
2852 5596 3169 5655 repetuntur
3228 5590 3425 5654 quibus
3478 5586 3623 5634 sunt.

1986 5662 2216 5725 Utraque
2273 5667 2631 5712 numerantur
2689 5677 2831 5727 saepe
2893 5666 3117 5714 diversis
3180 5662 3508 5718 nominibus,
3565 5659 3629 5706 ut

1988 5734 2167 5793 homo,
2194 5732 2324 5796 lapis
2352 5750 2365 5796 ;
2398 5747 2537 5797 saepe
2570 5735 2777 5796 eodem,
2809 5740 2868 5785 ut
2906 5738 2973 5786 de
3003 5737 3218 5787 Platone
3264 5738 3319 5786 et
3345 5733 3626 5790 Cicerone,

1987 5805 2170 5865 homo,
2201 5804 2380 5865 homo,
2441 5806 2526 5857 vel
2577 5806 2840 5860 homines.
2888 5809 3126 5877 Utraque
3174 5808 3494 5876 repetuntur
3524 5817 3626 5857 ste-
