4022 6174
339 198 477 259 1281

1410 195 1735 256 GILBEBTI
1774 196 2118 255 PORRETE
2156 197 2690 258 COMMENTARIA.

3616 204 3758 263 1282

332 340 445 377 non
509 320 775 379 convenit,
832 321 1274 385 proprietatibus,
1331 322 1516 387 plures
1570 336 1798 373 numero
1860 322 1990 372 sint.
2022 324 2391 390 Aexemplat.
2449 326 2564 375 Non
2625 326 2769 376 enim
2828 327 2919 387 ait,
2974 326 3186 387 relatio,
3249 327 3344 379 sed
3408 327 3473 379 ad
3540 330 3760 394 aliquid,

331 399 504 458 Quem
538 409 826 447 numerum
857 394 1067 455 conﬁci,
1103 396 1159 444 id
1211 400 1293 444 est
1338 396 1554 459 probari
1600 410 1667 445 ex
1714 397 1990 460 subjecto-

334 485 457 520 rum
494 470 606 518 sive
659 465 1071 516 subsistentium
1135 466 1299 527 dicas,
1359 468 1470 517 sive
1521 468 1995 517 subsistentiarnm

341 541 494 591 inter
525 554 581 589 se
612 538 1040 587 snbstantialiter
1069 537 1445 597 conformium,
1494 539 1584 587 illa
1631 553 1791 602 quam
1832 540 1995 589 dissi-

337 611 603 662 militudo
634 609 989 658 accidentium
1021 608 1152 659 facit
1192 609 1518 665 diversitate,
1576 612 1841 672 superius,
1872 626 1993 662 cum

340 686 408 733 de
444 682 769 733 naturalium
802 681 1070 729 numerati
1102 694 1388 743 ageremus
1440 682 1765 744 pluralitate,
1808 684 2000 745 expla-

341 760 536 805 natum
568 758 666 802 est.
700 754 771 801 De
798 766 904 815 qua
938 766 1012 809 re,
1046 750 1101 800 id
1135 758 1216 801 est
1246 752 1314 801 de
1358 753 1576 803 illorum
1630 767 1871 811 numero,
1904 766 1998 818 qui

342 843 457 879 una
487 824 750 890 singulari
812 839 872 874 ac
929 824 1181 888 simplici.
1235 831 1289 875 et
1344 827 1408 875 ab
1458 828 1712 875 omnibus
1739 824 1849 875 illis
1877 842 1997 887 qua

342 901 587 964 priorum
625 900 950 960 potestatem
1006 895 1314 959 posteriora
1362 897 1712 955 comitantur,
1764 898 2000 947 solitaria

344 972 582 1021 essentia
613 974 738 1018 sunt
769 968 1117 1030 singulariter
1152 982 1214 1018 ac
1242 969 1561 1030 simpliciter
1594 982 1734 1018 unus
1775 976 1827 1018 et
1883 975 1998 1019 tan-

344 1042 626 1093 tummodo
658 1040 819 1095 Dens,
876 1040 1113 1088 breviter
1172 1040 1657 1097 considerabimus,
1718 1040 1762 1089 si
1822 1043 1996 1104 prius-

340 1127 504 1177 quam
538 1113 639 1161 hoe
696 1110 1120 1169 consideremus,
1182 1111 1600 1174 pramiserimus
1656 1111 1807 1172 illud,
1866 1126 2001 1175 que-

343 1183 694 1233 madmodum
727 1181 1155 1244 unumquodque
1182 1188 1326 1245 quod
1358 1183 1423 1231 de
1454 1183 1563 1231 Deo
1601 1181 1813 1239 dicitur,
1847 1188 1900 1232 et
1933 1184 1998 1232 de

339 1257 463 1320 ipso
496 1254 841 1316 pradicatur.

405 1330 606 1385 Decem,
637 1326 762 1390 ete.]
796 1325 891 1374 Hic
923 1327 1456 1376 commemerandum
1520 1330 1622 1385 est,
1678 1327 1823 1390 quod
1878 1342 1998 1377 cum

336 1400 624 1449 facultates
654 1397 952 1447 secundum
975 1410 1178 1459 genera
1209 1411 1387 1446 rerum
1438 1396 1503 1446 de
1540 1396 1739 1460 quibus
1777 1397 1834 1447 in
1865 1399 1997 1461 ipsis

339 1471 519 1533 agitur
548 1470 776 1518 diversa
814 1468 942 1525 sint,
1001 1467 1054 1515 id
1116 1471 1213 1526 est,
1269 1466 1547 1523 naturalis,
1596 1469 1994 1530 mathematica,

339 1543 668 1605 theologica,
702 1539 891 1597 civilis,
925 1540 1202 1589 rationalis
1234 1554 1246 1587 :
1282 1554 1391 1589 una
1420 1545 1601 1590 tamen
1650 1548 1747 1599 est,
1793 1541 2000 1591 scilicet

340 1614 619 1673 naturalis,
656 1625 776 1674 qua
811 1610 867 1659 in
897 1611 1152 1660 humana
1193 1611 1481 1661 locutionis
1539 1626 1637 1661 usu
1698 1615 1998 1676 promptior

2110 396 2251 458 quod
2285 397 2349 445 de
2379 397 2639 447 relatione
2673 396 2780 447 dici
2814 412 2925 448 non
2954 402 3153 462 potest.
3202 399 3363 450 Nulla
3410 412 3641 464 namque
3680 417 3765 451 re-

2108 465 2253 523 latio,
2289 467 2380 516 sed
2412 468 2465 517 id
2502 473 2709 517 tantum
2760 469 2825 518 de
2873 484 2980 533 quo
3026 471 3141 532 ipsa
3193 470 3533 535 pradicatur,
3566 473 3629 521 ad
3665 472 3766 521 ali—

2108 538 2237 601 quid
2268 544 2349 588 est
2382 553 2394 587 :
2427 541 2566 590 sicut
2596 541 2746 590 nulla
2775 542 3005 604 qualitas
3050 544 3226 605 qualis
3272 548 3370 600 est,
3420 544 3510 593 sed
3558 544 3609 592 id
3651 549 3764 593 tan-

2108 614 2224 659 tum
2254 611 2319 659 de
2349 624 2455 671 quo
2491 612 2687 661 dicitur
2717 614 2835 675 ipsa
2873 629 2885 672 ;
2919 612 3051 676 ipsa,
3087 615 3327 677 inquam,
3365 628 3469 663 non
3518 616 3635 678 ejus
3668 629 3761 678 ge-

2110 694 2213 730 nus
2245 697 2257 733 :
2292 682 2356 731 de
2388 696 2713 746 quocunque
2752 684 2893 732 enim
2927 686 3126 747 aliquid
3176 686 3519 748 pradicatur.
3557 687 3760 748 impos-

2109 752 2261 801 sibile
2294 758 2377 801 est
2412 767 2584 815 genus
2614 755 2855 817 ejusdem
2900 755 3197 817 pradicari.
3248 756 3480 819 Ideoque
3526 758 3761 819 qualitas

2109 828 2189 871 est
2213 824 2441 886 qualitas
2470 840 2667 887 genere
2725 827 3011 889 cujuslibet
3072 826 3368 889 qualitatis,
3416 828 3574 890 quale
3635 840 3759 877 vero

2108 898 2191 943 est
2221 895 2373 957 quale
2403 897 2663 958 qualitate
2701 897 2989 960 cujuslibet
3018 900 3246 961 generis.
3279 899 3350 947 Ac
3380 912 3475 961 per
3505 898 3605 947 hoc
3636 899 3759 946 nul-

2108 965 2217 1014 lum
2253 967 2413 1029 quale
2446 968 2679 1031 qualitas
2710 974 2811 1029 est,
2848 974 2901 1019 et
2930 969 3076 1017 nulla
3107 970 3337 1031 qualitas
3376 970 3564 1032 qualis.
3602 968 3758 1017 Simi-

2109 1037 2229 1086 liter
2264 1038 2466 1087 uullum
2499 1040 2644 1102 quod
2677 1044 2759 1088 est
2788 1040 2854 1089 ad
2904 1041 3103 1103 aliquid
3152 1041 3344 1089 relatio
3389 1045 3485 1097 est,
3524 1042 3578 1089 et
3616 1041 3761 1089 nulla

2109 1108 2298 1157 relatio
2326 1116 2405 1159 est
2434 1112 2499 1160 ad
2531 1110 2759 1174 aliquid.
2787 1112 2910 1168 Sed,
2945 1113 3082 1161 sicut
3110 1111 3310 1161 dictum
3342 1116 3439 1169 est,
3473 1112 3523 1160 id
3556 1112 3621 1161 de
3649 1126 3757 1175 quo

2109 1178 2228 1242 ipsa
2258 1180 2473 1236 dicitur,
2506 1186 2587 1230 est
2615 1182 2678 1229 ad
2715 1182 2938 1245 aliquid,
2971 1181 3025 1231 id
3073 1188 3154 1231 est
3196 1182 3439 1231 relatum.
3478 1184 3598 1245 Ipsa
3625 1197 3756 1231 vero

2111 1259 2192 1301 est
2217 1253 2427 1311 relatio,
2460 1267 2567 1301 non
2601 1256 2847 1312 relatum,
2884 1259 2938 1303 et
2966 1259 3145 1303 tamen
3178 1255 3320 1303 idem
3353 1269 3527 1317 genus
3562 1255 3752 1304 relatio

2109 1328 2161 1373 et
2190 1324 2436 1373 relatum.
2471 1325 2568 1373 Ubi
2598 1338 2812 1387 quoque
2834 1330 2887 1374 et
2915 1327 3150 1389 quando,
3185 1330 3239 1375 et
3264 1326 3479 1383 habere,
3512 1332 3563 1376 et
3591 1326 3754 1376 situm

2111 1411 2245 1458 esse,
2280 1404 2331 1447 et
2360 1398 2557 1459 facere,
2604 1403 2657 1446 et
2714 1400 2841 1460 pati,
2889 1400 3108 1448 nomina
3157 1404 3283 1449 sunt
3330 1400 3757 1462 generalissima,

2110 1481 2219 1516 non
2254 1482 2441 1516 eorum
2474 1482 2593 1530 qua
2624 1467 3010 1531 pradicantur,
3043 1469 3136 1518 sed
3189 1484 3374 1519 eorum
3437 1471 3502 1519 de
3561 1471 3761 1533 quibus

2110 1537 2501 1600 pradicantur.
2532 1538 2770 1601 ideoque
2807 1554 2836 1587 a
2866 1539 3302 1601 pradicamentis
3336 1554 3617 1603 generum,
3650 1554 3761 1590 non

2111 1623 2143 1658 a
2169 1608 2464 1672 generibus
2500 1608 3039 1672 pradicamentorum
3075 1610 3347 1659 dicuntur.
3377 1610 3494 1660 Non
3530 1612 3672 1660 enim
3705 1614 3761 1660 in

347 1689 446 1742 est,
481 1687 537 1733 et
567 1684 623 1731 in
659 1683 1152 1732 transferendorum
1198 1696 1515 1732 sermonum
1560 1685 1999 1747 proportionibus
2030 1682 2077 1746 Β
2110 1680 2227 1730 loco
2259 1680 2410 1730 locus
2445 1685 2543 1737 est,
2577 1695 2675 1730 nec
2704 1682 2758 1729 in
2788 1686 3031 1740 tempore
3066 1685 3299 1744 tempus.
3334 1695 3434 1731 nec
3472 1682 3634 1731 habet
3668 1682 3762 1731 ha-

348 1756 518 1819 prior.
550 1754 699 1809 Nam,
730 1753 881 1802 verbi
903 1753 1091 1815 gratia,
1119 1757 1378 1815 quantum
1416 1758 1468 1804 et
1496 1754 1652 1818 quale
1690 1756 1741 1803 in
1776 1761 1996 1805 natura-

350 1827 496 1876 libus
526 1828 668 1874 recte
698 1824 993 1873 dicuntur:
1027 1829 1085 1872 ut
1113 1829 1350 1886 quantus
1398 1829 1451 1873 et
1493 1825 1665 1888 qualis
1715 1826 1878 1875 homo
1918 1826 2001 1875 vel

352 1896 535 1959 lapis;
566 1895 684 1943 hac
712 1894 897 1943 eadem
942 1893 1008 1943 ab
1054 1894 1186 1956 ipsis
1240 1894 1593 1952 naturalibus,
1641 1898 2002 1959 proportionis

354 1966 583 2029 alicujus
612 1964 798 2014 habita
828 1962 1057 2023 ratione,
1090 1966 1156 2013 ad
1206 1970 1401 2015 catera
1457 1966 1856 2016 transferuntur
1886 1984 1899 2018 :
1944 1973 2004 2017 ut

352 2037 564 2086 dicatur
594 2040 647 2085 et
674 2037 729 2084 in
762 2035 1155 2083 mathematicis
1205 2039 1410 2098 quanta
1454 2039 1507 2084 et
1550 2037 1726 2099 qualis
1753 2037 1914 2099 linea,
1949 2042 2001 2088 et

351 2110 407 2159 in
441 2109 762 2172 theologicis
791 2112 1026 2171 quantus
1056 2112 1109 2157 et
1160 2109 1332 2171 qualis
1373 2109 1535 2170 Deus,
1559 2115 1613 2159 et
1644 2111 1699 2158 in
1752 2110 2001 2161 civilibus

352 2186 556 2245 quanta
608 2185 659 2229 et
713 2180 887 2243 qualis
945 2182 1312 2242 prapositura,
1384 2183 1440 2229 et
1511 2182 1567 2229 in
1643 2182 2000 2232 rationalibus

350 2256 555 2315 quanta
585 2256 638 2300 et
666 2252 837 2314 qualis
866 2251 1142 2299 honestas.
1204 2249 1461 2300 Similiter
1510 2250 1671 2301 etiam
1733 2252 1822 2301 illa
1877 2268 1999 2316 qua

349 2328 477 2373 sunt
506 2336 539 2372 a
568 2322 870 2371 rationibus
900 2322 1227 2371 naturalium
1260 2338 1274 2371 :
1324 2326 1383 2371 ut
1428 2321 1759 2372 contrarium
1805 2325 2001 2375 dicitur

349 2396 583 2460 primum
640 2399 693 2444 et
748 2395 961 2457 proprie
1023 2394 1077 2443 in
1137 2394 1473 2443 naturalibus
1539 2395 1722 2444 album
1796 2398 1996 2459 nigro;

349 2467 545 2517 deinde
576 2464 631 2514 in
660 2466 1054 2515 mathematicis
1081 2466 1270 2515 albedo
1307 2465 1581 2529 nigridini,
1616 2472 1667 2515 et
1696 2466 1752 2515 in
1785 2468 1999 2518 theolo-

350 2540 485 2602 gicis
516 2542 609 2587 aut
632 2536 884 2586 civilibus
944 2538 1145 2587 malum
1202 2538 1388 2597 bono;
1446 2544 1499 2587 et
1553 2537 1998 2589 inrationalibus

347 2611 546 2659 falsum
576 2622 722 2657 vero.
752 2608 820 2657 Et
847 2608 912 2656 ad
945 2608 1090 2657 hunc
1132 2608 1350 2657 modum
1395 2610 1626 2670 plurima
1672 2612 1995 2660 naturalium

351 2682 583 2745 propria,
611 2688 826 2742 sumpta
854 2693 915 2727 ex
964 2680 1095 2742 ipsis
1142 2680 1509 2741 proportionis
1558 2679 1739 2744 aliqua
1769 2681 1993 2739 ratione,

354 2753 422 2802 ad
458 2752 563 2802 alia
597 2751 1012 2800 transferuntur.
1076 2751 1231 2800 Hunc
1282 2749 1447 2815 igitur
1506 2752 1793 2801 verborum
1840 2768 1995 2803 usum

349 2822 701 2887 philosophus
729 2821 831 2871 ista
863 2835 973 2871 non
1005 2823 1165 2871 modo
1196 2836 1259 2871 ex
1290 2823 1605 2885 quotidiana
1628 2825 1870 2873 omnium
1897 2825 1995 2874 ho-

347 2896 553 2944 minum
586 2892 877 2950 locutione,
910 2906 1097 2942 verum
1153 2892 1309 2942 etiam
1360 2907 1420 2941 ex
1462 2894 1843 2956 scripturarum
1875 2910 1995 2958 qua

350 2981 382 3016 a
407 2962 837 3029 diligentissimis
858 2969 1019 3027 atque
1048 2963 1438 3027 probatissimis
1489 2965 1613 3013 viris
1662 2966 1817 3015 edita
1850 2974 1993 3022 sunt,

2110 1750 2270 1810 bitus,
2304 1765 2405 1800 nec
2432 1751 2643 1801 sistitur
2695 1750 2849 1809 situs,
2914 1766 3013 1801 nec
3072 1752 3198 1801 facit
3239 1753 3396 1812 actio,
3430 1765 3531 1801 nec
3561 1754 3762 1815 patitur

2108 1823 2285 1885 passio
2318 1837 2330 1883 ;
2364 1823 2456 1872 sed
2488 1837 2608 1886 qua
2644 1823 2888 1886 subjecta
2918 1828 3044 1873 sunt
3073 1822 3171 1880 eis,
3205 1823 3460 1873 dicuntur
3492 1838 3559 1872 ex
3601 1823 3757 1889 ipsis,

2111 1898 2163 1943 et
2194 1894 2250 1942 in
2283 1895 2420 1955 loco,
2454 1900 2503 1944 et
2537 1895 2589 1943 in
2622 1898 2865 1957 tempore
2915 1909 3053 1953 esse,
3103 1899 3155 1945 et
3203 1895 3420 1955 habere,
3448 1900 3500 1945 et
3542 1895 3677 1954 sisti,
3707 1901 3760 1945 et

2108 1965 2305 2022 facere,
2336 1972 2388 2014 et
2420 1965 2546 2028 pati.

2170 2037 2285 2085 Haec
2318 2037 2497 2099 igitur,
2530 2038 2655 2099 etc.]
2682 2036 3229 2087 Pradicamentornm
3281 2039 3525 2087 omnium
3574 2039 3757 2089 decem

2109 2121 2305 2170 genera
2339 2108 2532 2170 posuit,
2565 2122 2709 2157 nunc
2740 2108 2927 2157 eadem
2962 2122 3070 2157 non
3102 2108 3221 2157 dico
3252 2124 3469 2171 genere,
3502 2110 3593 2159 sed
3625 2125 3759 2174 pra-

2112 2178 2413 2227 dicamenta
2438 2180 2635 2235 omnia,
2672 2179 2725 2227 in
2756 2178 2969 2227 duobus
2999 2179 3129 2227 locis
3162 2180 3491 2229 naturalium
3535 2182 3759 2245 colligit,

2111 2264 2232 2313 qua
2267 2254 2411 2310 sunt,
2443 2250 2744 2299 substantia
2804 2256 2855 2299 et
2910 2248 3182 2299 accidens.
3232 2250 3501 2314 Quidquid
3550 2252 3651 2301 hoc
3683 2258 3765 2302 est

2109 2320 2519 2371 subsistentium
2578 2336 2715 2377 esse,
2774 2322 3091 2371 earumdem
3156 2323 3457 2372 substantia
3543 2324 3759 2373 dicitur.

2106 2393 2259 2452 Quod
2311 2393 2494 2455 utique
2554 2397 2680 2442 eunt
2734 2393 2974 2442 omnium
3037 2394 3447 2443 subsistentium
3502 2395 3762 2457 speciales

2108 2465 2489 2521 subsistentia,
2527 2469 2579 2513 et
2607 2478 2793 2514 omnes
2824 2479 2888 2513 ex
2924 2464 3123 2528 quibus
3152 2465 3236 2515 ha
3266 2467 3576 2529 compositas
3611 2471 3753 2524 sunt,

2108 2536 2328 2595 scilicet,
2359 2536 2669 2584 eornmdem
2703 2536 3129 2595 subsistentium,
3165 2551 3259 2599 per
3319 2551 3452 2600 quas
3505 2538 3617 2601 ipsa
3660 2538 3758 2587 sibi

2108 2607 2403 2659 conformis
2433 2611 2579 2665 sunt,
2610 2606 2908 2669 generales,
2968 2611 3021 2655 et
3080 2621 3267 2655 omnes
3326 2620 3421 2670 per
3476 2621 3610 2664 quas
3642 2609 3760 2670 ipsa

2109 2678 2395 2731 dissimilia
2421 2682 2566 2734 sunt,
2599 2676 3001 2726 diiierentiales.
3037 2678 3161 2726 Hac
3190 2692 3319 2727 vero
3351 2692 3471 2741 qua
3512 2694 3540 2727 a
3572 2678 3761 2742 logicis

2107 2751 2366 2801 dicuntur
2387 2749 2748 2798 subsistentia
2781 2749 2892 2797 sive
2926 2748 3263 2806 substantia,
3300 2750 3343 2797 si
3387 2749 3508 2811 quis
3552 2754 3760 2812 quaerat

2108 2822 2237 2888 quid
2272 2822 2382 2869 sint
2409 2820 2549 2884 apud
2609 2820 3015 2869 mathematicos
3081 2834 3295 2883 genere,
3342 2821 3754 2883 respondemus,

2108 2893 2377 2956 simplices
2407 2890 2622 2954 quidem
2663 2890 2819 2940 alicui
2868 2904 3059 2939 novem
3107 2904 3363 2953 generum
3415 2891 3669 2955 supponi,
3704 2896 3760 2940 ut

2107 2961 2367 3015 animatio
2430 2960 2755 3025 supponitur
2810 2961 3035 3019 babitui,
3082 2961 3417 3011 rationalitas
3464 2962 3752 3024 qualitati;

348 3035 677 3113 auctoritate
697 3034 985 3113 accipiens,
1016 3049 1137 3113 cum
1157 3035 1511 3113 ostendisset
1532 3038 1831 3087 secundum
1863 3038 1993 3101 quid
2026 3047 2069 3113 ο
2099 3034 2423 3113 compositas
2454 3047 2597 3091 vero,
2637 3038 2694 3082 ut
2755 3032 3227 3113 astu-humanitas,
3258 3037 3573 3113 etweatera
3610 3048 3749 3113 spe-

345 3110 525 3171 Pater,
546 3113 602 3158 et.
630 3108 747 3171 ejus
774 3106 959 3164 Filius,
983 3112 1037 3157 et
1066 3107 1346 3157 amborum
1378 3108 1624 3169 Spiritus,
1651 3123 1815 3158 unum
1848 3115 1988 3168 sunt,

343 3186 400 3233 et
432 3182 672 3231 dicturus
701 3183 839 3229 esset
871 3180 1169 3229 secundum
1200 3194 1320 3242 qua
1349 3179 1469 3243 ipsi,
1498 3181 1588 3243 qui
1620 3183 1735 3231 sine
1766 3196 1991 3232 numero

340 3257 473 3304 sunt
504 3266 662 3312 unus,
698 3251 879 3314 plures
907 3253 1067 3300 etiam
1098 3265 1325 3300 numero
1373 3257 1515 3308 sunt,
1549 3253 1808 3315 quoniam
1856 3259 1909 3303 et
1938 3254 1991 3303 id

340 3327 646 3379 secundum
677 3326 823 3389 quod
882 3338 1049 3373 unum
1106 3329 1251 3380 sunt,
1301 3329 1355 3373 et
1407 3339 1473 3373 ea
1521 3326 1819 3375 secundum
1872 3341 1991 3390 qua

340 3403 471 3448 sunt
501 3397 677 3460 plures
706 3397 771 3445 de
800 3396 931 3458 ipsis
962 3397 1341 3458 pradicantur,
1363 3400 1506 3444 recte
1533 3398 1773 3447 omnium
1794 3412 1994 3461 genera

341 3466 673 3518 naturalium
704 3466 1243 3529 pradicamentorum
1281 3470 1598 3527 enumerat;
1650 3471 1705 3516 et
1758 3481 1878 3530 qua
1927 3482 1993 3519 ex

345 3552 458 3603 quo
488 3551 671 3595 sensu,
707 3536 791 3585 vel
827 3538 894 3585 de
923 3536 1361 3594 subsistentibus,
1393 3536 1478 3585 vel
1538 3537 1603 3586 de
1666 3539 1773 3588 Deo
1818 3540 1994 3589 dican-

348 3616 458 3670 tur,
491 3609 754 3658 divisione
786 3607 1038 3656 declarat.
1077 3607 1164 3657 Ait
1194 3622 1320 3671 ergo
1354 3622 1365 3657 :
1417 3608 1729 3658 Traduntur
1765 3624 1795 3660 a
1828 3611 1995 3673 philo-

352 3680 559 3741 s0phis,
592 3679 820 3728 maxime
851 3679 917 3727 ab
948 3678 1253 3728 Aristarcho
1301 3681 1357 3726 et
1401 3680 1700 3739 Aristotele,
1740 3682 1995 3743 pradica-

358 3755 543 3800 menta
576 3763 798 3799 numero
828 3762 1045 3798 suorum
1075 3762 1330 3811 generum
1359 3749 1546 3798 decem
1585 3752 1824 3809 omnino,
1857 3767 1996 3814 pra-

353 3826 435 3873 ter
464 3836 585 3885 qua
616 3820 820 3870 scilicet
851 3822 901 3869 in
937 3821 1084 3869 nulla
1112 3820 1362 3870 facultate
1407 3820 1609 3885 aliquid
1648 3824 1991 3887 pradicatur,

350 3899 403 3944 et
435 3908 555 3957 qua
585 3894 650 3943 de
677 3892 838 3941 rebus
863 3892 1115 3941 omnibus
1172 3892 1567 3952 universaliter,
1603 3894 1656 3942 id
1706 3899 1804 3951 est,
1844 3896 1994 3946 nullo

346 3966 415 4017 de
448 3980 557 4029 quo
588 3964 788 4028 aliquid
820 3964 924 4013 dici
955 3964 1239 4013 conveniat
1269 3969 1512 4027 excepto,
1538 3965 1622 4014 vel
1671 3968 1883 4029 proprie
1910 3969 1995 4018 vel

347 4039 785 4101 transnmptione
816 4037 992 4100 aliqua
1022 4037 1383 4100 pradicantur
1413 4050 1426 4097 ;
1458 4042 1511 4086 et
1553 4051 1673 4099 qua
1724 4039 1815 4088 illa
1866 4040 1995 4104 sint,

349 4110 625 4175 supponit.

414 4182 478 4230 Id
500 4184 574 4231 est
596 4180 914 4243 substantia,
946 4182 1069 4248 etc.]
1092 4182 1205 4231 Hoc
1229 4194 1423 4230 nomen
1444 4182 1587 4245 quod
1624 4189 1701 4233 est
1745 4186 1995 4236 substan-

352 4253 433 4303 tia
464 4268 571 4303 non
603 4268 632 4303 a
662 4268 857 4317 genere
910 4253 1254 4310 naturalium,
1304 4254 1396 4303 sed
1428 4268 1458 4302 a
1489 4255 1759 4304 communi
1790 4259 1997 4308 ratione

354 4324 598 4376 omnium
629 4339 751 4388 qua
784 4330 910 4374 sunt
965 4339 1081 4373 esse
1139 4323 1567 4385 subsistentium,
1625 4326 1851 4375 inditum
1898 4334 1994 4390 est,

352 4409 467 4445 non
503 4396 676 4445 solum
724 4396 829 4445 illis
886 4409 1006 4458 qua
1064 4400 1191 4444 sunt
1232 4409 1350 4444 esse
1394 4394 1451 4443 in
1497 4397 1874 4457 subsistentiis,
1908 4405 1999 4453 sed

354 4465 520 4517 etiam
552 4466 657 4515 illis
686 4480 917 4531 quorum
949 4468 1077 4529 ipsa
1116 4471 1241 4515 sunt
1288 4480 1402 4515 esse
1454 4468 1510 4514 in
1541 4465 1793 4517 omnibus
1824 4473 2004 4523 subsi-

352 4538 638 4589 stentibus.
701 4539 963 4596 Quoniam
1025 4546 1205 4587 tamen
1262 4539 1521 4591 omnium.
1553 4537 1608 4587 id
1666 4545 1747 4589 est
1790 4546 1842 4591 et
1882 4560 2001 4595 cor-

353 4610 622 4674 poralium
654 4614 706 4658 et
769 4611 1187 4673 incorporalium
1245 4609 1672 4671 subsistentium,
1732 4616 1878 4675 quod
1934 4618 2001 4668 ab

356 4681 573 4730 illorum
629 4680 976 4731 subsistentia
1033 4679 1305 4731 communi
1366 4682 1826 4744 generalissimum
1884 4703 2001 4738 esse

358 4764 557 4801 nomen
587 4765 697 4801 non
732 4752 977 4811 habetur,
1008 4766 1148 4815 sape
1176 4750 1346 4801 Latini
1377 4753 1479 4801 hoc
1526 4767 1623 4815 pro
1671 4770 1733 4804 eo
1774 4764 2002 4819 ponunt.

359 4826 515 4875 Unde
547 4831 602 4875 et
630 4827 686 4875 in
716 4824 926 4887 Isagogi
984 4822 1337 4887 Porphyrius,
1400 4825 1487 4873 ubi
1544 4825 1619 4875 ait
1650 4841 1663 4874 :
1695 4826 2005 4882 Substantia

360 4902 443 4948 est
473 4898 748 4960 quiddam.
781 4895 1057 4960 supponit,
1090 4900 1143 4946 et
1183 4896 1292 4958 ipsa
1351 4902 1432 4945 est
1481 4910 1674 4959 genus.
1706 4898 1875 4956 Quem
1907 4903 2004 4952 iste

360 4968 607 5032 sequitur
639 4984 650 5018 :
686 4981 781 5032 pro
812 4968 1052 5016 omnium
1112 4966 1518 5016 subsistentium
1575 4970 2004 5034 generalissimo,

359 5042 451 5095 ait,
484 5040 805 5091 substantia.
863 5038 1096 5097 Qualitas
1147 5052 1273 5087 vero
1330 5036 1388 5086 in
1445 5039 1838 5091 mathematicis
1893 5060 2008 5094 om-

354 5112 507 5163 nium
560 5113 875 5177 qualitatum
937 5109 1401 5173 generalissimum
1462 5115 1559 5167 est,
1622 5116 1675 5161 et
1735 5118 2008 5177 quantitas

357 5186 600 5237 omnium
633 5184 1017 5248 quantitatum.
1071 5183 1135 5233 Et
1177 5186 1307 5232 sunt
1348 5182 1494 5245 quod
1534 5184 1807 5242 dicuntur,
1840 5202 1948 5238 non
1980 5205 2010 5239 a

358 5259 533 5307 causis
567 5272 687 5321 qua
732 5259 787 5306 in
839 5256 971 5319 ipsis
1022 5255 1411 5319 intelligantur,
1474 5256 1565 5305 sed
1616 5256 1681 5305 ab
1727 5258 2009 5311 efﬁciendo

361 5344 425 5379 ea
456 5329 513 5379 in
544 5330 739 5393 quibus
800 5332 927 5377 sunt
987 5328 1351 5382 subsistentia,
1415 5328 1501 5376 ille
1550 5328 1768 5390 quidem
1810 5332 2011 5394 qualia,

363 5400 462 5450 iste
497 5416 622 5450 vero
652 5405 874 5463 quanta.
937 5400 999 5449 Et
1051 5399 1438 5449 attendendum
1496 5400 1640 5462 quod
1700 5402 1741 5450 si
1788 5402 2013 5454 dixisset

360 5472 520 5536 quale
547 5478 599 5522 et
627 5479 906 5536 quantum,
962 5484 1071 5520 non
1129 5472 1307 5519 minus
1366 5471 1742 5521 convenientia
1800 5476 2013 5535 posuis-

358 5547 441 5592 set
470 5544 731 5605 exempla.
765 5541 1005 5600 Qualitas
1036 5542 1179 5590 enim
1219 5545 1272 5590 et
1302 5541 1459 5604 quale
1486 5542 1583 5590 etsi
1621 5542 1832 5592 diversa
1868 5557 2010 5603 sunt,

358 5628 469 5664 non
532 5619 709 5664 tamen
769 5615 981 5663 diversa
1037 5626 1256 5674 genere.
1314 5612 1570 5662 Similiter
1626 5614 1903 5675 quantitas
1960 5620 2015 5665 et

357 5691 637 5749 quantum.
666 5686 816 5735 Unde
848 5688 895 5735 et
932 5685 1134 5747 reliqua
1180 5698 1397 5749 genera,
1442 5698 1550 5734 non
1610 5686 2010 5738 mathematica

359 5757 750 5820 abstractionis,
782 5758 878 5808 sed
923 5755 1183 5807 naturalis
1224 5756 1647 5821 participationis
1697 5758 2014 5810 nominibus

2105 3108 2285 3165 ciales,
2334 3120 2467 3169 quas
2523 3120 2587 3155 ex
2640 3105 2987 3169 generalibus
3072 3109 3229 3167 atque
3305 3103 3748 3154 diﬁ'erentialibus

2104 3182 2351 3229 constare
2384 3176 2564 3225 nullus
2594 3177 2824 3238 ignorat,
2856 3176 3084 3224 dicimus
3140 3189 3256 3225 esse
3302 3175 3611 3224 eorumdem
3655 3190 3748 3237 ge-

2105 3264 2297 3300 nerum
2333 3262 2561 3312 quorum
2594 3247 2862 3310 simplices
2888 3246 2994 3297 illa
3026 3252 3153 3296 sunt
3180 3262 3301 3310 qua
3331 3262 3475 3307 ipsas
3526 3261 3747 3309 compo-

2106 3327 2289 3371 nunt:
2325 3327 2382 3368 ut
2416 3320 2726 3368 humanitas
2782 3332 2975 3381 genere
3033 3323 3114 3367 est
3169 3318 3312 3381 quod
3374 3319 3649 3374 animatio.
3699 3323 3752 3368 et

2103 3390 2231 3442 item
2262 3390 2404 3453 quod
2436 3389 2827 3449 rationalitas;
2888 3394 2941 3439 et
2996 3389 3242 3439 similiter
3297 3390 3593 3439 secundum
3652 3404 3749 3440 ca-

2105 3468 2248 3513 teras
2282 3460 2364 3511 sui
2395 3465 2577 3523 partes
2607 3466 2687 3510 est
2720 3462 2907 3510 eadem
2934 3461 3197 3525 quidquid
3227 3466 3354 3510 sunt
3384 3462 3534 3525 ipsa.
3566 3460 3629 3510 Et
3680 3462 3754 3509 sic

2105 3533 2323 3598 quidem
2371 3532 2551 3595 aliqua
2610 3532 3170 3596 pradicamentorum,
3260 3546 3377 3595 qua
3465 3530 3755 3581 abstractio

2104 3602 2483 3655 mathematica
2519 3605 2629 3651 suis
2673 3604 2929 3666 supponit
2977 3604 3283 3665 generibus.
3334 3603 3488 3665 logici
3548 3603 3756 3652 subsis-

2103 3675 2300 3725 tentias
2330 3675 2440 3723 sive
2488 3674 2814 3723 substantias
2874 3675 3166 3737 appellant,
3216 3678 3407 3723 catera
3456 3688 3586 3723 vero
3637 3688 3763 3723 om-

2107 3746 2200 3796 nia
2229 3744 2591 3809 quorumlibet
2625 3758 2904 3808 generum,
2949 3745 3250 3795 accidentia
3307 3746 3607 3795 nominant.
3656 3746 3757 3795 Sed

2108 3818 2361 3881 quoniam
2421 3816 2535 3865 hac
2595 3831 2663 3865 ex
2720 3816 2893 3880 logica
2950 3816 3155 3865 ratione
3212 3817 3751 3878 pradicamentorum

2109 3890 2326 3939 nomine
2357 3892 2499 3946 sunt,
2550 3888 2939 3937 attendendum
3000 3892 3096 3945 est,
3155 3902 3381 3950 quorum
3442 3889 3754 3937 substantia

2109 3962 2219 4009 sint
2248 3960 2331 4009 illa
2362 3959 2777 4022 pradicamenta
2831 3972 2951 4021 qua
3007 3959 3260 4008 dicuntur
3322 3960 3654 4017 substantia,
3708 3963 3760 4009 et

2109 4047 2333 4096 quorum
2372 4030 2482 4080 sint
2510 4032 2806 4080 accidentia
2833 4031 2925 4080 illa
2957 4045 3078 4094 qua
3104 4036 3365 4080 vocantur
3417 4031 3711 4080 accidentia
3742 4047 3755 4089 ;

2110 4110 2163 4153 et
2191 4103 2416 4152 dicimus
2441 4105 2581 4164 quod
2616 4102 3001 4163 subsistentia,
3028 4106 3080 4150 et
3123 4115 3305 4151 eorum
3348 4116 3577 4164 quorum
3632 4107 3757 4151 sunt

2110 4189 2224 4225 esse
2282 4175 2537 4223 dicuntur
2592 4174 2923 4231 substantia,
2964 4179 3021 4223 ut
3085 4174 3435 4237 corporalitas
3513 4174 3754 4221 omnium

2110 4260 2393 4308 corporum
2451 4250 2531 4295 est
2584 4246 2881 4295 substantia
2936 4246 3157 4307 (scilicet
3214 4259 3395 4294 eorum
3472 4249 3551 4293 est
3622 4244 3755 4294 illud

2111 4332 2226 4367 esse
2256 4332 2362 4380 quo
2396 4318 2820 4381 unumquodque
2856 4318 3093 4379 ipsorum
3122 4321 3201 4366 est
3222 4316 3460 4379 aliquid),
3486 4319 3539 4364 et
3570 4330 3751 4365 eorum

2111 4404 2228 4453 qua
2260 4403 2380 4439 cum
2412 4403 2518 4438 non
2552 4392 2658 4438 sint
2689 4391 2990 4452 aliquorum
3024 4403 3158 4446 esse,
3190 4393 3367 4437 tamen
3407 4388 3459 4436 id
3497 4388 3641 4450 quod
3678 4392 3759 4437 est

2113 4475 2229 4510 esse
2291 4463 2593 4523 sequuntur
2646 4476 2658 4507 :
2725 4464 2784 4509 ut
2841 4460 3027 4509 eadem
3101 4460 3445 4522 corporalitas
3519 4459 3755 4508 colorum

2114 4532 2415 4581 substantia
2439 4538 2534 4591 est,
2569 4544 2678 4581 non
2707 4530 2915 4580 scilicet
2945 4546 3009 4581 eo
3041 4531 3182 4595 quod
3216 4532 3332 4594 ipsa
3364 4531 3431 4579 sit
3480 4529 3607 4579 illud
3640 4545 3757 4579 esse

2109 4604 2367 4660 colorum,
2400 4617 2506 4665 quo
2570 4603 2796 4666 quilibet
2842 4601 3053 4653 illorum
3112 4604 3180 4651 sit
3234 4602 3452 4666 aliquid,
3485 4602 3575 4651 sed
3610 4601 3757 4666 quod

2108 4675 2212 4725 nisi
2246 4688 2343 4736 per
2372 4688 2485 4722 eam
2513 4674 2693 4722 nullus
2723 4674 2868 4723 color
2902 4675 3004 4723 dici
3036 4674 3101 4723 de
3160 4688 3379 4735 corpore
3440 4674 3624 4736 possit.
3659 4674 3757 4721 Ac-

2110 4746 2341 4797 cidentia
2372 4759 2496 4794 vero
2526 4746 2591 4795 de
2622 4746 2728 4794 illis
2758 4744 2974 4808 quidem
3021 4745 3336 4795 substantiis
3382 4760 3501 4809 qua
3552 4761 3613 4796 ex
3644 4760 3760 4795 esse

2110 4821 2254 4872 sunt.
2289 4814 2491 4878 aliquid
2545 4816 2820 4876 dicuntur,
2878 4816 2989 4865 sive
3043 4815 3099 4864 in
3160 4818 3235 4866 eis
3293 4822 3487 4873 creata,
3528 4816 3640 4867 sive
3669 4832 3760 4866 ex-

2111 4890 2375 4939 trinsecus
2407 4886 2571 4936 afﬁxa
2601 4888 2725 4947 sint,
2756 4887 2849 4936 sed
2910 4888 2985 4935 eis
3041 4893 3244 4936 tantum
3304 4902 3425 4951 qua
3468 4902 3584 4937 esse
3620 4892 3763 4943 sunt,

2113 4961 2383 5014 accidunt,
2412 4959 2537 5021 quia
2567 4959 2665 5007 illis
2723 4964 2863 5007 recte
2920 4972 3029 5006 non
3090 4962 3283 5014 inesse,
3316 4958 3410 5007 sed
3460 4960 3646 5009 adesse
3682 4959 3766 5008 di-

2113 5035 2329 5082 cuntur.
2361 5029 2516 5079 Unde
2550 5030 2633 5077 his
2664 5029 2873 5077 duobus
2934 5030 3173 5077 omnium
3218 5029 3762 5092 pradicamentorum

2113 5104 2244 5154 locis
2280 5102 2619 5159 naturalium,
2652 5100 2702 5149 id
2753 5104 2831 5149 est
2878 5101 3192 5149 substantia
3233 5106 3283 5150 et
3334 5101 3615 5160 accidenti,
3647 5102 3763 5165 ipsa

2114 5177 2535 5243 pradicamenta
2596 5178 2781 5221 auctor
2839 5186 3171 5235 supponens,
3225 5172 3355 5243 ait:
3417 5171 3544 5221 Hac
3601 5174 3763 5234 igitur

2114 5242 2531 5313 pradicamenta
2565 5245 2693 5293 talia
2735 5248 2863 5293 sunt
2908 5243 3261 5292 relationibus
3304 5242 3491 5305 logica
3545 5243 3762 5293 faculta-

2115 5312 2203 5380 tis,
2234 5316 2409 5381 qualia
2443 5316 2531 5364 illa
2562 5316 2805 5379 subjecta
2858 5316 2922 5363 de
2978 5314 3173 5377 quibus
3231 5328 3293 5362 ea
3354 5312 3609 5361 convenit
3656 5314 3761 5365 dici

2117 5392 2476 5458 permiserint.
2507 5390 2641 5439 Nam
2690 5404 2815 5453 pars
2862 5401 3046 5438 eorum
3097 5387 3639 5451 pradicamentorum
3688 5394 3769 5437 est

2117 5468 2234 5517 loco
2265 5462 2488 5513 rationis
2518 5461 2837 5521 substantia,
2883 5473 2992 5508 non
3048 5460 3206 5508 modo
3256 5458 3313 5507 in
3358 5458 3767 5507 subsistentium

2119 5533 2514 5599 suppositione,
2552 5546 2656 5594 qua
2688 5546 2914 5594 quorum
2961 5529 3069 5579 sint
3116 5544 3228 5579 esse
3274 5529 3667 5591 manifestatur,
3711 5532 3768 5580 ut

2118 5612 2272 5660 Plato
2304 5609 2383 5655 est
2411 5618 2608 5666 corpus
2640 5617 2652 5662 ;
2692 5617 2877 5652 verum
2911 5602 3069 5651 etiam
3112 5602 3165 5650 in
3214 5602 3538 5665 reliquarum
3584 5612 3757 5662 rerus

2122 5679 2526 5748 praedicatione,
2557 5690 2665 5739 qua
2692 5675 2821 5739 quid
2848 5746 2857 5748 _
2881 5674 3022 5748 adsit
3071 5674 3118 5724 ei
3151 5675 3299 5739 quod
3342 5678 3422 5725 est
3475 5688 3589 5725 esse
3620 5689 3767 5725 com-

2122 5746 2390 5820 plexionis
2419 5748 2804 5812 consequentia
2831 5746 3133 5798 declaratur
3162 5756 3175 5799 :
3221 5751 3281 5799 ut
3326 5760 3522 5812 corpus
3564 5750 3648 5797 est
3680 5760 3770 5798 co-
