4022 6174
445 183 581 239 1283

1683 164 1755 225 IN
1793 162 2061 224 LIBRUM
2097 159 2191 219 DE
2229 161 2605 223 TRINITATB

3658 178 3761 240 {Ws

439 309 690 358 loratum.
724 305 851 354 Pars
905 314 1032 352 vero
1086 296 1634 364 praedicamsntorum
1694 293 1811 343 loco
1858 288 2083 364 rationis
2115 288 2167 354 Α
2200 286 2468 364 videmur,
2496 294 2549 341 et.
2576 289 2884 364 qualitatem
2914 291 3135 356 quidem
3162 305 3418 345 vocamus
3444 294 3495 346 id
3544 311 3637 361 quo
3679 303 3767 363 3m.

443 384 524 429 est
552 380 607 428 in
638 390 865 426 numero
891 360 1245 430 accidentium
1278 383 1290 418 :
1323 367 1524 417 scilicet
1583 379 1704 415 cum
1768 365 1834 413 de
1878 360 2083 412 subsis-

444 449 683 502 tentibus
714 448 978 505 dicantur,
1010 448 1190 493 tamen
1250 452 1437 490 eorum
1486 436 1863 487 subsistentias
1925 430 2099 483 comi-

445 528 647 574 tantur.
679 520 742 568 Et
766 518 842 567 sic
872 515 1089 581 quidem
1140 509 1465 562 naturalium
1514 522 1725 581 genere,
1758 517 2098 581 quascunque

444 596 806 662 praedicantur
865 576 1185 639 naturalium
1217 582 1501 662 Apropriis‘
1531 580 1854 662 rationibus,
1888 576 2097 628 subsis-

443 653 627 720 tentia;
658 664 740 714 vel
768 661 1064 711 accidentia
1085 657 1451 707 nominantur.
1479 655 1542 702 At
1563 667 1683 702 cum
1714 653 1834 716 quis
1864 662 2101 700 conver-

442 741 567 791 terit
596 738 710 785 haec
742 732 1155 798 praedicamsnta
1212 727 1269 777 in
1334 727 1568 775 divinam
1626 724 2095 798 praedicationem,

441 824 562 861 cum
593 796 792 857 scilicet
820 805 887 853 de
919 805 1023 853 Deo
1060 800 1340 865 praedicari
1368 798 1631 856 dicantur,
1664 797 1777 845 sive
1828 796 2092 865 substan-

440 885 549 939 tias,
581 881 690 929 sive
721 877 1020 941 qualitates,
1054 864 1180 936 etc.,
1213 873 1408 920 cuneta
1444 882 1564 931 quas
1621 864 1914 941 praedicari
1971 878 2095 941 pos-

442 937 571 1004 sunt
600 937 883 1001 imitantur
912 962 925 1005 ;
960 946 1010 995 id
1043 949 1139 1001 est,
1164 943 1408 1006 quamvis
1440 941 1583 1006 quod
1618 940 1681 989 de
1730 941 1834 988 Deo
1892 937 2098 1001 praedi-

443 1030 596 1075 catur
625 1020 938 1071 nominatur
967 1015 1287 1071 substantia,
1318 1013 1403 1061 vel
1452 1010 1696 1075 qualitas,
1739 1009 1823 1058 vel
1880 1008 2096 1072 quanti-

442 1102 545 1157 tas,
570 1095 656 1145 vel
687 1095 866 1155 aliquo
897 1089 1221 1139 naturalium
1254 1084 1475 1134 nomine
1509 1084 1829 1157 appelletur.
1863 1094 1981 1157 non
2018 1084 2095 1129 ta-

441 1152 566 1219 men
592 1171 671 1217 est
700 1152 845 1229 quod
876 1161 1091 1216 dicitur,
1124 1159 1215 1208 sed
1245 1158 1423 1220 aliqua
1466 1155 1692 1229 rationis
1741 1152 2092 1229 proportione

442 1242 517 1291 ita
549 1222 860 1289 nominatur
892 1234 993 1293 ;ad
1026 1230 1223 1293 aliquid
1287 1242 1431 1286 vero,
1466 1228 1519 1276 id
1576 1229 1656 1275 est
1715 1222 1930 1276 relatio.
1982 1235 2088 1271 non

444 1312 680 1367 omnino,
713 1308 765 1357 id
802 1311 883 1356 est
912 1316 1251 1367 nequaquam
1282 1301 1419 1349 sicut
1447 1298 1501 1347 id
1532 1311 1638 1360 quo
1694 1298 1827 1345 Deus
1874 1298 1972 1352 est,
2006 1307 2094 1356 po-

446 1387 552 1433 test
580 1382 644 1431 de
676 1380 793 1442 ipso
820 1376 1119 1441 praedicari.

506 1454 642 1503 Nam
680 1436 1020 1512 substantia]
1052 1443 1214 1504 Quasi
1242 1460 1255 1497 :
1288 1442 1426 1492 Vere
1461 1454 1582 1506 quae
1617 1440 1685 1489 de
1722 1440 1833 1489 Deo
1896 1436 2092 1500 praedi-

446 1534 658 1580 cantur,
688 1535 797 1571 non
830 1524 957 1569 sunt
985 1518 1126 1581 quod
1159 1515 1526 1564 nominantur.
1550 1512 1686 1561 Nam
1718 1523 1839 1573 qua
1869 1513 2092 1558 vocatur

448 1598 565 1660 ejus
596 1594 916 1652 substantia,
948 1591 1001 1639 in
1036 1588 1125 1638 illo
1157 1586 1375 1660 quidem
1415 1584 1478 1633 de
1508 1581 1963 1660 quopraedicatur
1992 1583 2087 1639 est,

448 1655 541 1719 sed
574 1681 682 1717 non
717 1665 770 1714 in
834 1678 899 1713 eo
956 1675 1079 1711 vere
1137 1664 1217 1709 est
1276 1657 1593 1711 substantia,
1620 1655 1674 1703 id
1736 1658 1836 1711 est,
1868 1667 1975 1703 non
2027 1666 2091 1701 ea

444 1740 671 1790 veritate
726 1735 950 1785 rationis
1005 1746 1113 1796 qua
1170 1730 1366 1779 dicitur
1446 1728 1745 1776 substantia
1817 1723 2094 1796 quodlibet

446 1811 577 1862 illud
611 1823 747 1864 esse,
779 1822 885 1871 quo
928 1794 1229 1855 subﬁsislens
1254 1806 1336 1851 est
1387 1798 1608 1863 aliquid,
1668 1801 1748 1847 est
1794 1794 2095 1871 substantia

446 1883 593 1947 quod
624 1883 678 1930 in
713 1894 776 1929 eo
794 1866 898 1939 'est,
934 1877 1025 1926 sed
1086 1875 1266 1947 aliqua
1312 1871 1537 1947 rationis
1592 1866 1942 1947 prOportion_e
2007 1880 2095 1947 vo-

448 1936 601 2005 catur
630 1936 949 2002 substantia.
1017 1936 1190 1994 Verbi
1244 1944 1431 2007 gratia,
1490 1954 1686 2003 corpus
1731 1942 1810 1988 est
1871 1936 2091 2001 aliquid,

448 2027 498 2075 id
531 2030 628 2083 est,
664 2027 744 2073 est
773 2035 971 2086 corpus
999 2023 1052 2068 et
1087 2017 1377 2067 coloratum
1420 2016 1480 2086 et
1534 2012 1810 2086 lineatum.
1838 2010 1955 2086 _S_cd
1982 2022 2092 2086 quo

448 2098 517 2147 sit
546 2081 757 2159 corpus,
788 2081 894 2157 quo
923 2091 1239 2145 coloratum,
1270 2100 1377 2159 quo
1420 2084 1696 2139 lineatum,
1741 2081 2092 2159 dividendum

449 2173 531 2218 est
562 2183 573 2228 ;
608 2152 662 2217 at
690 2152 771 2216 est
807 2152 1034 2228 quidem
1096 2158 1467 2228 corporalitate
1527 2168 1754 2228 corp_us,_
1797 2152 2092 2228 coloratum

449 2222 642 2295 colore,
675 2222 1155 2287 linea-lineatam.
1221 2228 1323 2279 Sed
1379 2226 1557 2276 adhuc
1613 2222 1961 2273 dividendum
1984 2227 2091 2295 est,

447 2292 646 2375 quibus
702 2309 817 2357 huc
867 2305 1140 2355 rationum
1192 2301 1322 2350 locis
1380 2297 1804 2375 contineantur}
1862 2298 1915 2342 et
1967 2292 2094 2375 dici:

445 2364 565 2431 mus
593 2380 738 2445 quod
770 2392 880 2428 non
914 2374 1261 2438 corporalitas
1316 2370 1546 2419 colorem
1604 2370 1697 2416 aut
1743 2364 1962 2445 lineam,
1994 2365 2088 2445 sed

445 2436 677 2503 color-et
709 2451 852 2499 linea
910 2436 1339 2510 corporalitatem
1401 2442 1718 2503 sequuntur.
1756 2436 1891 2510 iNon
1946 2437 2088 2484 enim

442 2524 557 2573 haec
612 2509 1028 2584 corporalitatis,
1090 2516 1183 2565 sed
1274 2514 1465 2563 horum
1525 2509 1873 2584 corporalitas
1929 2521 2091 2557 causa

443 2598 542 2644 est.
601 2579 727 2652 Qua-
776 2592 985 2641 ratione
1042 2587 1127 2636 illa
1175 2585 1411 2647 corporis
1466 2586 1548 2631 est
1598 2594 1731 2637 esse,
1776 2579 1905 2652 haec
1959 2592 2088 2652 vero

444 2667 497 2714 in
533 2650 724 2715 eodem
750 2675 973 2726 corpore
1005 2658 1084 2708 illi
1147 2657 1360 2707 adsunt.
1422 2654 1655 2716 Ideoque
1704 2651 1932 2726 primum
1979 2650 2087 2711 illa,

445 2738 640 2788 deinde
662 2736 806 2800 quod
834 2724 893 2785 ea
953 2747 1146 2795 corpus
1214 2734 1309 2789 est,
1341 2742 1467 2777 vera
1522 2726 1729 2800 ratione
1776 2728 1858 2774 est
1896 2724 2089 2774 horum

445 2796 768 2859 substantia.
828 2807 952 2855 Hmc
996 2817 1125 2852 vero
1182 2802 1412 2865 primum
1471 2796 1838 2860 corporalitas,
1881 2800 1935 2844 et
1994 2809 2089 2857 per

442 2895 558 2931 eam
592 2878 835 2942 corporis
892 2874 1228 2926 accidentia:
1288 2870 1373 2920 bis
1426 2870 1569 2920 enim
1623 2867 2089 2942 vere_substat,e_t

441 2936 800 3015 corporal‘itas
857 2948 942 2998 cui
994 2946 1211 3015 adsunt,
1266 2947 1320 2992 et
1374 2954 1568 3003 corpus
1621 2939 1706 3015 cui
1756 2938 1996 3015 insuntn
2032 2936 2085 2985 id

438 3006 568 3073 vero
598 3021 742 3086 quod
779 3025 858 3071 est
885 3021 1045 3073 Deus,
1076 3014 1220 3095 quod
1256 3018 1353 3073 est,
1386 3025 1493 3061 non
1522 3082 1535 3095 ‘
1560 3011 1719 3059 modo
1754 3010 1808 3095 in
1853 3022 1924 3089 .se
1955 3006 2081 3095 si‘m-
2112 3027 2154 3095 ϐ

440 3094 564 3157 plex
586 3076 682 3150 est,
706 3092 796 3143 sed
830 3092 987 3141 etiam
1037 3076 1107 3137 ab
1158 3086 1242 3135 his
1292 3098 1414 3148 quas
1472 3082 1674 3157 adesse
1719 3076 2081 3129 subsistentiis

440 3153 631 3226 solent,
663 3166 737 3214 ita
770 3163 1066 3214 solitarium
1122 3163 1219 3213 est,
1265 3160 1326 3206 ut
1386 3159 1582 3226 prater
1712 3165 1902 3226 unum
1960 3164 2087 3212 pro-

438 3224 687 3301 prietate,
732 3234 1001 3296 singulare
1059 3227 1497 3301 dissimilitudine
1555 3224 1916 3283 individuum,
1978 3235 2084 3285 quo

439 3298 538 3363 est,
568 3307 717 3356 aliud
764 3305 964 3369 aliquid
1010 3316 1115 3367 quo
1164 3315 1278 3351 esse
1326 3298 1650 3361 intelligatur
1710 3307 2086 3369 prorsusnon

438 3379 650 3435 habeat,
688 3365 919 3441 ideoque
955 3365 1056 3423 nec
1084 3374 1279 3436 ipsum,
1318 3384 1417 3419 nec
1448 3382 1555 3441 quo
1590 3369 1729 3416 Deus
1760 3370 1839 3415 est
1870 3365 2086 3428 subjec-

440 3449 605 3499 tionis
626 3440 845 3498 ratione
886 3446 1155 3510 aliquibus
1206 3443 1430 3491 substat.
1496 3440 1832 3501 Quapropter
1888 3450 2086 3510 nequa-

442 3535 602 3585 quam
662 3520 884 3569 rationis
940 3517 1266 3581 proprietate
1327 3516 1551 3561 vocatur
1608 3510 1926 3568 substantia,
1992 3509 2085 3557 sed

441 3582 699 3657 quoniam
732 3606 794 3640 eo
826 3594 965 3640 Deus
1017 3587 1230 3652 proprie
1288 3590 1382 3642 est,
1443 3588 1584 3633 recte
1639 3582 1949 3657 nominatur
2006 3595 2087 3630 es-

443 3650 633 3713 sentia.
666 3661 801 3722 Quia
831 3650 1151 3711 tamen-non
1183 3661 1263 3707 est
1287 3660 1436 3705 tanta
1486 3654 1780 3704 dictionum
1826 3650 1997 3713 copia,
2032 3655 2090 3700 ut

441 3749 669 3799 quaeque
701 3733 813 3783 suis
845 3732 1052 3796 possint
1090 3728 1397 3778 nominibus
1445 3724 1712 3787 designari
1756 3722 1920 3783 (sicut
1951 3736 2088 3785 prte-

444 3795 722 3867 diximus),
757 3795 1009 3856 humanae
1039 3800 1324 3853 locutionis
1356 3814 1482 3849 usus
1513 3798 1578 3847 ab
1610 3796 1744 3853 aliis,
1779 3800 1831 3845 et
1859 3795 2089 3844 maxime

448 3896 479 3930 a
509 3880 861 3937 naturalibus,
894 3878 961 3927 ad
991 3879 1123 3927 alias
1152 3875 1453 3928 facultates,
1519 3885 1584 3920 ex
1624 3870 1808 3938 aliqua
1863 3868 2090 3918 rationis

448 3954 816 4018 prOportione,
846 3951 1068 4001 nomina
1099 3946 1370 3997 transfert.
1403 3944 1472 3994 Ut
1501 3943 1772 4007 quoniam,
1814 3941 1954 4018 sicut
1998 3939 2090 4018 ‘di-

448 4010 637 4082 cimus,
697 4010 909 4085 corpus,
969 4021 1147 4070 album
1203 4031 1473 4079 magnum,
1518 4028 1713 4076 corpus
1768 4010 2087 4085 substantia,

446 4095 625 4145 album
657 4082 939 4159 qualitate,
969 4103 1221 4155 magnum
1249 4088 1585 4152 quantitate;
1626 4086 1697 4159 ita
1746 4097 1964 4159 quoque
2013 4082 2089 4159 di-

444 4168 615 4217 cimus
666 4155 826 4223 Deus,
882 4165 1079 4229 justus,
1139 4162 1442 4210 maximus:
1506 4157 1659 4222 quasi
1730 4156 1930 4205 dictum
2002 4155 2088 4229 sit,

444 4241 584 4289 Deus
626 4226 946 4296 substantia,
1000 4236 1177 4299 justus
1233 4232 1508 4296 qualitate,
1565 4230 1827 4279 maximus
1883 4226 2091 4299 quanti-

442 4315 550 4361 tate
583 4328 596 4371 ;
630 4311 859 4360 dicimus
888 4298 1127 4367 nomina,
1157 4318 1278 4355 cum
1326 4300 1628 4351 substantia
1685 4302 1867 4357 Deum,
1925 4298 2090 4362 quali-

444 4386 551 4431 tate
581 4382 801 4444 iustum,
856 4381 1155 4444 quantitate
1211 4374 1501 4426 maximum
1553 4374 1912 4430 nominamus,
1967 4383 2087 4419 cum

446 4456 623 4503 tamen
658 4454 795 4502 nihil
826 4453 1019 4500 horum
1060 4448 1280 4498 rationis
1332 4450 1424 4495 aut
1481 4445 1689 4508 generis
1746 4444 2088 4506 proprietate,

447 4524 540 4572 sed
589 4528 798 4573 tantum
866 4519 1249 4584 proportionali
1315 4516 1747 4579 transumptione
1830 4514 2089 4562 dicamus.

450 4594 600 4651 Quod
640 4595 811 4657 igitur
845 4595 898 4642 in
930 4594 1019 4641 illo
1055 4592 1406 4641 substantiam
1467 4589 1822 4657 nominamus,
1857 4600 1967 4635 non
2016 4590 2096 4636 est

455 4664 809 4727 subjectionis
840 4665 1045 4713 ratione
1097 4661 1239 4724 quod
1297 4660 1506 4715 dicitur,
1565 4659 1653 4707 sed
1712 4658 1848 4707 ultra
1879 4671 2095 4707 omnem

451 4747 571 4797 quas
602 4734 971 4783 accidentibus
1026 4740 1106 4782 est
1160 4730 1399 4794 subjecta
1459 4730 1811 4778 substantiam
1874 4732 1953 4777 est
2010 4742 2098 4777 es-

451 4802 646 4864 sentia,
680 4807 882 4866 absque
918 4803 1166 4852 omnibus
1196 4815 1314 4863 quae
1346 4804 1571 4861 possunt
1617 4799 1857 4848 accidere
1912 4797 2097 4847 solita-

449 4876 531 4925 ria
589 4876 828 4924 omnino.
883 4875 1010 4924 Item
1072 4873 1315 4937 qualitas,
1379 4875 1431 4921 et
1485 4876 1676 4920 caetera
1705 4884 1823 4934 quia
1881 4872 2097 4919 evenire

449 4950 679 5009 queunt,
715 4950 773 4993 ut
801 4944 1127 5008 quantitates
1158 4957 1264 4992 non
1298 4945 1423 4991 sunt
1453 4940 1506 4990 in
1569 4943 1674 4989 Deo
1722 4942 1863 5005 quod
1907 4954 2100 4989 vocan-

448 5020 558 5066 tur.
622 5017 858 5075 Quorum
918 5016 1156 5065 omnium
1216 5019 1274 5063 ut
1325 5015 1419 5062 ﬁat
1489 5013 1718 5076 amplior
1781 5012 2098 5070 intellectus,

450 5088 697 5151 exempla
729 5088 1010 5137 subdenda
1036 5092 1204 5135 sunt:
1242 5100 1361 5149 quae
1420 5089 1548 5134 sunt
1596 5084 1924 5147 hujusmodi,
1971 5098 2100 5134 nam

453 5174 573 5209 cum
607 5160 719 5210 sive
754 5160 821 5209 de
852 5159 1029 5217 Patre,
1062 5160 1172 5207 sive
1208 5158 1272 5207 de
1328 5157 1475 5213 Filio,
1536 5156 1647 5205 sive
1700 5156 1764 5203 de
1821 5157 2100 5205 amborum

452 5231 650 5294 Spiritu
686 5231 984 5294 loquentes,
1017 5230 1240 5278 dicimus
1299 5229 1457 5289 Deus,
1514 5226 1761 5275 videmur
1806 5241 1943 5282 eam,
1995 5241 2102 5290 qua

455 5303 645 5353 horum
678 5305 837 5353 trium
875 5302 1101 5365 quilibet
1131 5306 1229 5358 est,
1282 5300 1587 5363 signiﬁcare
1640 5300 2015 5358 substantiam,
2051 5304 2103 5350 et

448 5375 819 5437 signiﬁcamus
879 5375 1113 5438 quidem,
1174 5373 1266 5422 sed
1322 5388 1431 5421 non
1489 5388 1607 5422 eam
1668 5387 1787 5436 quae
1849 5373 1993 5421 illius
2037 5373 2105 5422 sit

446 5445 670 5497 rationis
731 5448 887 5511 cujus
940 5451 1068 5497 sunt
1129 5459 1251 5509 qua:
1313 5446 1367 5493 in
1424 5444 1746 5495 naturalium
1790 5458 1982 5507 genere
2013 5460 2103 5508 ap-

448 5518 725 5580 pellantur
748 5518 851 5565 hoc
881 5519 1116 5573 nomine,
1171 5517 1276 5564 imo
1331 5530 1445 5565 eam
1504 5530 1624 5580 quae
1686 5516 1754 5564 sit
1798 5515 2106 5580 principalis

452 5594 503 5636 et
537 5595 736 5638 interna
771 5592 1021 5645 essentia,
1058 5590 1194 5638 ultra
1248 5603 1461 5638 omnem
1527 5589 1849 5637 naturalium
1883 5602 2005 5651 quia
2039 5603 2105 5638 ex

459 5663 702 5723 tempore
738 5660 955 5711 initium
1010 5662 1173 5711 habet
1223 5662 1603 5712 substantiam.
1661 5660 1789 5709 Cum
1849 5674 1975 5709 vero
2041 5664 2106 5710 de

470 5732 709 5794 quolibet
742 5745 926 5782 eorum
958 5731 1184 5783 dicimus
1200 5732 1397 5796 justus,
1442 5732 1754 5797 qualitatem
1809 5730 2110 5794 signiﬁcare

2209 366 2294 411 tus
2323 362 2519 413 dicitur
2547 378 2561 423 ;
2593 363 2685 413 sed
2720 368 2901 414 tamen
2931 378 3042 414 non
3089 367 3293 417 ratione
3339 370 3771 429 mathematicorum

2208 435 2556 493 accidentem.
2593 438 2682 487 sed
2715 438 2895 499 potius
2953 452 3069 488 eam
3123 454 3244 503 quas
3272 440 3344 490 sit
3380 442 3665 503 substantia,
3691 462 3776 500 non

2207 508 2424 570 quidem
2456 509 2807 573 subjectionis
2837 512 3063 570 ratione,
3097 513 3211 575 sed,
3240 513 3376 563 sicut
3404 515 3681 577 praedictum
3704 528 3775 581 est,

2208 581 2344 631 ultra
2372 596 2488 632 eam
2519 597 2639 645 quae
2672 598 2704 632 a
2733 584 3069 648 subjectione
3093 592 3317 635 vocatur
3345 590 3686 640 substantiam.

2266 654 2440 718 Neque
2468 654 2649 721 enim]
2676 654 2839 729 Quasi
2870 670 2884 705 :
2946 658 3081 709 Vere
3133 672 3243 708 non
3295 660 3563 723 qualitate,
3594 664 3671 713 sed
3702 680 3781 729 qua

2206 726 2408 777 dictum
2440 733 2521 778 est
2548 728 2869 790 substantia,
2928 730 2993 779 de
3052 730 3266 781 illorum
3323 734 3556 796 quolibet
3604 726 3781 791 dicimus

2200 801 2399 862 justus.
2434 800 2624 864 Neque
2659 802 2803 851 enim
2836 802 2984 851 aliud
3015 808 3095 851 est
3124 805 3265 867 quod
3294 804 3411 868 ipse
3467 812 3555 863 est,
3583 811 3702 859 aliud
3724 818 3781 864 est

2207 872 2349 934 quod
2377 872 2555 935 justus
2590 878 2686 923 est.
2719 873 2975 924 Videlicet
3007 889 3117 925 non
3174 883 3256 926 est
3305 878 3451 927 aliud
3507 894 3605 943 quo
3626 882 3779 945 justus,

2206 948 2272 1020 ab
2304 960 2369 995 eo
2398 948 2652 1020 quo‘ipse
2685 952 2783 1020 est,
2818 947 2909 996 sed
2944 948 3123 1011 potius
3152 949 3286 998 idem
3320 954 3401 999 est
3436 952 3541 1001 Deo
3569 969 3682 1009 esse,
3704 972 3779 1020 quo

2199 1017 2347 1080 justo
2375 1032 2387 1067 :
2422 1016 2622 1067 scilicet
2651 1018 2842 1067 eodem
2874 1033 2984 1082 quo
3018 1025 3117 1078 est,
3170 1022 3351 1083 justus
3403 1028 3497 1072 est.
3550 1024 3664 1075 Item
3692 1016 3780 1077 cum

2204 1090 2400 1138 dicitur
2426 1102 2651 1152 magnus
2680 1090 2765 1138 vel
2796 1091 3079 1148 maximus,
3114 1105 3211 1153 per
3241 1093 3341 1141 hoc
3362 1094 3504 1156 quod
3530 1099 3782 1159 magnitudo

2204 1161 2520 1224 quantitatis
2549 1159 2768 1224 prepria
2802 1166 2900 1218 est,
2932 1162 3288 1225 quantitatem
3348 1166 3635 1227 signiﬁcare
3672 1170 3781 1219 vide-

2201 1245 2322 1280 mur
2356 1237 2441 1281 :et
2470 1232 2832 1295 signiﬁcamus
2881 1234 3116 1295 quidem,
3174 1234 3265 1283 sed
3327 1248 3437 1284 non
3495 1236 3782 1297 accidentem,

2200 1303 2306 1351 lmo
2335 1316 2452 1351 eam
2483 1316 2603 1365 quae
2635 1302 2703 1351 sit
2735 1304 2849 1365 ipsa
2879 1304 3196 1361 substantia,
3232 1306 3419 1369 utique
3463 1308 3579 1356 talis
3618 1311 3781 1372 qualem

2201 1388 2315 1423 esse
2347 1375 2599 1428 diximus,
2630 1373 2834 1423 scilicet
2866 1374 3006 1424 ultra
3034 1376 3413 1426 substantiam.
3462 1378 3594 1429 Vere
3631 1380 3784 1443 utique.

2197 1447 2341 1497 Idem
2373 1448 2517 1497 enim
2551 1448 2633 1495 est
2668 1460 2785 1496 esse
2815 1448 2944 1505 Deo,
2976 1449 3119 1511 quod
3153 1462 3371 1512 magno,
3404 1450 3457 1499 id
3487 1456 3579 1509 est,
3616 1452 3786 1516 quilibet

2197 1518 2387 1567 horum
2422 1517 2606 1575 trium,
2643 1518 2830 1567 eodem
2862 1532 2969 1581 quo
3000 1524 3096 1577 est,
3127 1534 3354 1584 magnus
3385 1524 3479 1571 est.

2260 1595 2338 1643 De
2365 1594 2539 1654 [arma
2570 1590 2730 1653 enim,
2766 1591 2893 1658 etc.]
2923 1592 3081 1651 Quasi
3113 1609 3127 1643 :
3172 1593 3325 1651 Quod
3382 1593 3441 1643 in
3498 1610 3559 1645 eo
3609 1599 3787 1660 qualitas

2120 1661 2169 1727 B
2199 1665 2310 1714 sive
2342 1665 2618 1728 quantitas
2647 1667 2888 1720 vocatur,
2920 1677 3031 1712 non
3062 1667 3145 1713 est
3172 1664 3314 1728 quod
3374 1665 3583 1721 dicitur,
3610 1670 3688 1718 sed
3724 1671 3786 1720 ille

2204 1750 2364 1799 quam
2401 1736 2635 1785 diximus
2664 1734 2972 1799 singularis.
3011 1741 3065 1785 et
3096 1736 3345 1800 simplex,
3380 1752 3442 1786 ac
3494 1739 3707 1791 solitaria
3741 1744 3785 1792 ab

2203 1809 2452 1857 omnibus
2482 1821 2605 1871 quae
2636 1806 2879 1857 accidere
2912 1807 3089 1856 solent
3116 1809 3356 1857 essentia
3387 1824 3399 1868 ;
3450 1814 3503 1859 et
3554 1811 3622 1859 sic
3650 1814 3785 1861 rectis-

2202 1882 2334 1929 sime
2364 1883 2591 1928 vocatur
2624 1878 2889 1941 quidquid
2924 1879 2978 1927 in
3011 1893 3075 1927 eo
3105 1879 3257 1942 quasi
3322 1885 3446 1942 post
3497 1882 3784 1935 substantiam

2200 1955 2457 2015 tanquam
2490 1950 2660 1999 forma
2690 1950 2905 1999 diversa
2934 1950 3000 1999 ab
3028 1952 3217 2001 eadem
3255 1953 3555 2002 substantia
3587 1957 3785 2018 praedice-

2201 2027 2307 2073 tur.
2337 2020 2597 2085 Superius
2622 2022 2763 2070 enim
2823 2020 2927 2071 hoc
2980 2021 3121 2071 idem
3186 2022 3607 2074 demonstratum
3659 2028 3784 2077 estde

2199 2094 2373 2143 forma
2402 2094 2533 2156 ejus,
2566 2091 2823 2155 quoniam
2856 2091 3055 2143 scilicet
3084 2092 3147 2151 is,
3178 2094 3232 2143 id
3292 2099 3376 2144 est
3419 2094 3574 2151 Deus,
3602 2098 3661 2145 sit
3696 2111 3785 2146 vera

2199 2164 2389 2225 forma,
2422 2168 2475 2213 et
2509 2164 2626 2226 ejus
2656 2164 3030 2224 singularitats
3068 2178 3236 2214 unum
3265 2180 3413 2226 vere,
3445 2170 3499 2215 et
3547 2169 3664 2216 adeo
3700 2169 3788 2217 sim-

2200 2236 2322 2298 plex
2352 2234 2408 2283 in
2440 2248 2512 2291 se,
2539 2237 2592 2283 et
2635 2235 2702 2284 ab
2739 2232 2824 2282 his
2886 2248 3008 2297 quae
3069 2234 3248 2284 solent
3312 2235 3504 2285 adesse
3535 2237 3784 2292 solitarium,

2199 2307 2343 2369 quod
2375 2318 2475 2355 nec
2504 2319 2565 2355 ex
2596 2305 2714 2367 ejus
2744 2304 3006 2368 partibus,
3053 2318 3153 2355 nec
3202 2320 3269 2355 ex
3328 2305 3441 2357 illis
3489 2309 3786 2357 accidentibus

2200 2382 2279 2427 est
2309 2377 2444 2441 ejus,
2476 2375 2568 2440 qui
2600 2382 2824 2441 propter
2854 2375 2958 2426 hoc
2992 2380 3074 2426 est
3103 2376 3154 2426 id
3188 2376 3338 2441 quod
3388 2383 3487 2437 est,
3519 2380 3616 2428 ulla
3654 2379 3787 2442 plure-

2198 2451 2337 2500 litae.

2261 2521 2363 2570 Sed
2413 2519 2535 2579 hac,
2610 2521 2733 2584 etc.]
2814 2520 3022 2577 Quasi:
3105 2519 3456 2579 Substautiaa,
3544 2522 3783 2586 qualitates,

2199 2592 2527 2657 quantitates
2554 2591 2826 2649 dicuntur,
2860 2605 2980 2655 quae
3011 2592 3386 2655 praedicantur
3438 2593 3546 2643 sive
3594 2594 3649 2643 de
3694 2594 3785 2642 sub-

2199 2664 2514 2715 sistentibus
2545 2662 2646 2719 bis,
2678 2676 2772 2711 seu
2805 2662 2870 2712 de
2906 2664 3035 2712 Deo.
3067 2662 3171 2712 Sed
3222 2663 3515 2728 diligenter
3561 2664 3783 2715 attenden-

2198 2738 2325 2787 dum
2356 2739 2452 2791 est,
2486 2734 2629 2798 quod
2660 2734 2767 2783 alio
2801 2747 2961 2784 sensu
3007 2748 3167 2797 quam
3219 2740 3540 2786 ceterorum
3584 2749 3782 2800 generum

2201 2807 2620 2872 praedicamenta
2649 2806 2715 2855 de
2743 2804 2878 2869 ipsis
2925 2805 3196 2855 dicuntur.
3244 2806 3382 2856 Nam
3431 2807 3542 2857 haec
3584 2807 3783 2871 praedica-

2198 2883 2380 2929 menta
2410 2876 2538 2926 talia
2567 2880 2708 2932 sunt,
2762 2880 2819 2925 ut
2871 2890 2934 2925 ex
2992 2876 3076 2924 his
3126 2876 3191 2926 de
3240 2879 3446 2941 quibus
3490 2879 3783 2942 pmdicantur

2196 2952 2380 3007 insint,
2414 2952 2465 2997 et
2491 2951 2548 2997 ut
2577 2949 2736 2997 etiam
2767 2947 2901 2997 illud
2958 2948 3133 3010 ipsum
3186 2951 3244 2997 in
3304 2964 3415 3014 quo
3466 2955 3584 3000 sunt
3634 2950 3781 2998 faciant

2194 3038 2310 3074 esse
2338 3021 2485 3086 quod
2516 3021 2791 3070 dicuntur.
2824 3020 2881 3069 In
2913 3021 3119 3070 caeteris
3153 3020 3401 3084 quidem,
3429 3037 3546 3087 quas
3577 3036 3667 3073 non
3692 3026 3782 3070 sunt

2192 3095 2351 3150 Deus,
2384 3091 2575 3147 divise,
2606 3090 2662 3139 id
2699 3095 2796 3149 est,
2825 3094 2887 3141 ut
2914 3092 3265 3155 praedicando
3298 3095 3469 3144 multa
3518 3094 3688 3158 quibus
3726 3098 3781 3142 est

2190 3167 2235 3215 is
2263 3165 2330 3215 ds
2359 3177 2466 3227 quo
2498 3162 2789 3226 loquimur,
2821 3163 2893 3212 ita
2920 3164 3203 3225 partiatur,
3232 3169 3297 3214 ut
3328 3180 3493 3215 unum
3546 3166 3783 3230 praedicau-

2190 3236 2276 3296 do,
2310 3236 2415 3285 alia
2445 3234 2695 3297 plurima,
2727 3248 2847 3297 quas
2878 3233 2945 3283 de
2975 3236 3093 3297 ipso
3142 3236 3431 3298 praedicari
3475 3242 3687 3301 possunt,
3725 3249 3781 3285 re-

2189 3307 2413 3371 linquat.
2442 3306 2503 3355 In
2537 3306 2643 3354 Deo
2669 3319 2796 3354 vero
2828 3305 3115 3368 conjuncte
3145 3312 3306 3369 atque
3337 3309 3592 3371 copulate,
3613 3309 3695 3357 hoc
3710 3311 3779 3362 est,

2192 3383 2251 3427 ut
2279 3375 2590 3441 praedicatio
2625 3376 2898 3439 quaelibet,
2935 3376 3048 3426 sive
3070 3391 3177 3441 qua
3207 3379 3579 3441 substantiam,
3595 3380 3688 3428 sive
3705 3390 3781 3441 qua

2192 3449 2517 3513 qualitatem,
2551 3445 2664 3497 sive
2694 3462 2801 3511 qua
2830 3448 3181 3511 quantitatem
3216 3449 3451 3500 dicimus
3482 3452 3777 3515 praedicatus.

2192 3520 2328 3570 nihil
2359 3534 2466 3583 quo
2498 3517 2569 3567 sit
2598 3516 2644 3567 is
2700 3519 2765 3567 de
2814 3532 2922 3582 quo
2980 3519 3277 3583 loquimur,
3336 3523 3701 3583 praedicandum
3726 3520 3780 3567 di-

2193 3590 2549 3640 mittat:hoc
2608 3589 2814 3639 modo:
2874 3602 3000 3639 nam
3055 3604 3177 3640 cum
3238 3591 3471 3643 dicimus
3527 3592 3777 3656 aliquidsst

2194 3659 2515 3717 substantia,
2548 3664 2641 3709 aut
2690 3660 2892 3724 aliquid
2954 3664 3035 3709 est
3091 3660 3253 3710 homo
3312 3663 3396 3713 vel
3450 3664 3775 3717 Deus,hocits

2193 3735 2408 3791 dicitur,
2442 3732 2594 3797 quasi
2626 3735 2801 3796 ipsum
2832 3734 2897 3782 de
2926 3747 3035 3796 quo
3094 3733 3208 3784 haec
3243 3736 3334 3785 vel
3395 3737 3484 3786 illa
3514 3736 3774 3800 predicatur

2194 3806 2514 3863 substantia,
2547 3805 2616 3853 sit
2644 3805 2963 3861 substantia,
2992 3804 3043 3854 id
3093 3809 3174 3854 est
3209 3820 3335 3856 eum
3387 3808 3451 3857 de
3496 3822 3594 3871 quo
3630 3806 3774 3855 dicitur

2194 3879 2352 3928 faciat
2384 3892 2499 3927 esse
2556 3877 2699 3940 quod
2758 3875 2969 3935 dicitur,
3024 3876 3226 3927 scilicet
3282 3878 3443 3929 faciat
3497 3885 3551 3929 ut
3598 3879 3703 3928 illud
3724 3875 3772 3924 sit

2193 3949 2515 4010 substantia,
2554 3948 2656 3997 hoc
2686 3952 2782 4003 est,
2816 3948 2885 3996 sit
2914 3947 3077 3997 homo
3108 3949 3191 3998 vel
3244 3950 3404 4000 Deus.
3455 3952 3593 4010 Quod
3633 3948 3771 4011 utique

2193 4022 2335 4071 facit.
2372 4021 2474 4071 Sed
2505 4022 2751 4084 quamvls
2782 4020 2993 4069 dicendi
3043 4021 3239 4070 modus
3292 4021 3435 4073 idem
3482 4025 3560 4081 sit,
3589 4036 3686 4071 cum
3723 4019 3769 4067 de

2196 4094 2373 4156 aliquo
2404 4092 2599 4141 dicitur
2629 4095 2710 4140 est
2740 4091 2919 4148 homo,
2952 4094 3006 4140 et
3032 4092 3097 4141 de
3128 4093 3309 4156 aliquo
3335 4096 3524 4144 dicitur
3558 4099 3629 4144 est
3650 4094 3769 4145 Deus,

2193 4180 2354 4215 sensu
2384 4169 2564 4214 tamen
2598 4178 2659 4213 ex
2717 4177 2825 4227 quo
2882 4164 3096 4219 dicitur,
3158 4164 3389 4215 alterum
3448 4168 3679 4217 dictorum
3724 4162 3769 4210 ab

2193 4237 2362 4287 altero
2395 4235 2579 4284 distat.
2612 4235 2873 4293 Quoniam
2906 4234 3111 4285 scilicet
3140 4238 3185 4285 is
3214 4239 3305 4299 qui
3350 4238 3647 4301 predicatur
3688 4246 3770 4283 esse

2196 4310 2376 4368 homo,
2410 4307 2659 4371 quamvis
2689 4308 2757 4356 sit
2787 4307 2969 4367 homo,
3001 4320 3109 4357 non
3142 4313 3324 4358 tamen
3376 4314 3459 4359 est
3503 4310 3676 4373 integre
3699 4306 3771 4353 hoc

2120 4399 2166 4464 D
2199 4382 2373 4464 ipsum
2402 4377 2555 4464 quod
2581 4375 2906 4439 praedicatur
2943 4377 3209 4464 homonid
3264 4384 3346 4429 est
3402 4395 3504 4430 non
3558 4384 3669 4464 toto”
3694 4387 3769 4464 quo

2201 4456 2280 4502 est
2304 4450 2629 4515 praedicatur
2684 4464 2801 4499 esse
2866 4450 3011 4513 quod
3070 4454 3150 4499 est
3204 4465 3261 4500 in
3322 4467 3385 4502 eo
3442 4452 3573 4516 quod
3627 4448 3770 4500 dicitur

2200 4526 2361 4574 homo
2398 4538 2515 4573 esse
2548 4539 2561 4582 ;
2594 4522 2685 4571 sed
2718 4523 2807 4585 qui
2839 4522 2942 4570 hoc
2966 4521 3031 4571 de
3062 4521 3246 4586 aliquo
3276 4524 3423 4583 dicit,
3455 4525 3666 4588 plurima,
3690 4517 3771 4582 (11ιὶ-

2201 4599 2302 4646 bus
2330 4594 2474 4644 idem
2505 4595 2618 4655 ipse
2645 4597 2743 4649 est,
2775 4595 2841 4642 de
2876 4594 2995 4657 ipso
3028 4593 3204 4642 adhuc
3234 4596 3481 4656 dicenda,
3512 4597 3556 4644 id
3593 4598 3657 4644 est
3679 4603 3769 4653 que-

2201 4669 2392 4723 litates,
2420 4665 2619 4729 quibus
2650 4668 2732 4713 est
2786 4663 2974 4727 qualis,
3007 4668 3061 4713 et
3124 4666 3470 4727 quantitates,
3518 4666 3679 4729 quibus
3712 4661 3766 4708 est

2203 4743 2460 4803 quantus,
2490 4735 2764 4797 relinquit.
2796 4737 2869 4784 Ac
2898 4748 2995 4798 per
3022 4735 3125 4785 hoc
3155 4750 3255 4785 nec
3285 4738 3339 4785 in
3369 4752 3433 4787 eo
3470 4737 3597 4801 quod
3626 4731 3767 4781 dicitur

2205 4825 2322 4861 esse
2378 4808 2679 4859 substantia
2730 4807 2885 4870 plene
2966 4807 3290 4870 praedicatur
3346 4813 3510 4859 totum
3569 4820 3655 4870 quo
3699 4804 3765 4851 αἱ·

2205 4882 2357 4942 Quod
2389 4882 2529 4930 enim
2562 4884 2641 4929 est
2669 4893 2789 4929 cum
2848 4892 2913 4927 eo
2968 4892 3077 4941 quo
3125 4885 3223 4937 est,
3257 4882 3355 4931 hoc
3386 4881 3497 4930 aliis
3523 4879 3656 4928 debet
3683 4884 3765 4942 qui;

2205 4938 2313 5004 non
2344 4953 2481 5001 ﬁunt
2511 4951 2693 5009 homo,
2724 4950 2777 4999 id
2808 4953 2890 4999 est
2918 4938 3036 5013 quin
3083 4964 3421 5015 nequaquam
3467 4950 3680 5016 praedicet
3703 4938 3764 5016 qui

2207 5025 2335 5074 dicit
2363 5027 2443 5073 est
2472 5023 2655 5072 homo.
2687 5020 2780 5070 Ille
2812 5035 2939 5070 vero
2974 5021 3040 5069 de
3074 5035 3180 5085 quo
3209 5023 3404 5073 dicitur
3446 5015 3520 5071 est
3567 5022 3690 5075 Deus,
3714 5015 3766 5062 εει

2207 5095 2443 5159 perfecte
2472 5094 2575 5142 hoc
2605 5093 2781 5156 ipsum
2809 5091 2950 5155 quod
2994 5091 3192 5142 dicitur
3240 5108 3377 5157 esse,
3429 5093 3609 5143 scilicet
3652 5088 3763 5159 Deus.

2206 5154 2260 5217 id
2287 5172 2368 5216 est
2402 5166 2535 5215 nihil
2561 5154 2781 5227 prorsus
2831 5154 2946 5228 quo
3002 5166 3117 5228 ipse
3174 5167 3242 5215 sit
3296 5154 3371 5217 de
3418 5167 3525 5229 ipso
3550 5163 3688 5214 adhuc
3710 5154 3761 5205 di-

2207 5238 2438 5288 cendum
2460 5236 2736 5299 relinquit.
2766 5235 2883 5298 Ipse
2914 5237 3056 5286 enim
3114 5237 3249 5286 nihil
3302 5238 3441 5287 aliud
3486 5240 3557 5285 est
3584 5240 3762 5296 prorsus,

2208 5311 2311 5359 nisi
2343 5310 2393 5359 id
2454 5307 2624 5357 solum
2682 5308 2957 5370 singulare
3014 5314 3067 5357 et
3130 5309 3355 5371 simplex
3410 5307 3539 5372 quod
3582 5308 3672 5368 ipse
3693 5300 3757 5372 est

2205 5381 2353 5431 Nihil
2380 5379 2583 5428 scilicet
2613 5392 2719 5442 quo
2752 5379 2865 5440 ipse
2896 5378 2967 5428 sit
2997 5379 3177 5436 habet,
3210 5370 3311 5429 nisi
3360 5370 3642 5443 singularem
3669 5370 3759 5443 sim-

2210 5454 2512 5518 plicemque
2542 5441 2850 5499 essentiam.
2886 5449 2959 5499 Ea
2986 5464 3221 5514 namque
3252 5457 3303 5501 et
3333 5456 3426 5505 est.
3447 5441 3507 5500 iet
3554 5450 3669 5518 Deus
3689 5441 3756 5488 esi-

2209 5515 2281 5575 λθ
2310 5536 2404 5586 per
2431 5522 2552 5579 hoc,
2583 5520 2712 5584 quia
2739 5520 2988 5570 videlicet
3018 5523 3108 5584 qui
3139 5523 3206 5571 de
3240 5522 3325 5573 illo
3377 5522 3495 5571 dicit
3539 5523 3603 5569 est
3648 5515 3756 5586 Deus.

2209 5596 2287 5645 nil
2312 5580 2426 5657 quo
2456 5592 2573 5655 ipse
2601 5580 2678 5641 sit
2712 5592 2929 5647 dimisit,
2966 5580 3109 5642 recte
3140 5598 3314 5655 potest
3342 5593 3438 5643 dici
3465 5589 3588 5656 quod
3618 5586 3687 5635 ille
3700 5580 3755 5657 est

2212 5648 2549 5726 hoc‘ipsu'm
2624 5663 2798 5712 solum
2859 5664 3003 5726 quod
3059 5648 3379 5727 praedicatur
3422 5648 3541 5722 esse,
3577 5668 3667 5707 cum
3710 5648 3753 5727 fle

2210 5740 2331 5803 ipso
2360 5718 2560 5787 dicitur
2588 5737 2671 5785 est
2698 5733 2842 5786 Deus
2871 5718 2891 5784 Ξ
2918 5737 2970 5785 et
3032 5718 3135 5786 hoc
3190 5736 3395 5800 quidem
3446 5718 3752 5791 “mapali-
