4022 6174
507 184 645 253 1287

1748 195 1820 253 ΙΝ
1859 190 2125 249 LIBRUM
2164 188 2254 245 DE
2293 191 2668 247 TRINITATE

3677 204 3771 259 l288

502 323 625 387 piis,
660 321 709 373 id
748 325 848 387 est,
885 318 1061 390 οὐσία,
1096 317 1259 391 εῗδὲα,
1287 317 1417 391 ὕλη,
1448 320 1513 371 de
1557 320 1734 385 aliquo
1776 320 1905 369 dicit
1934 330 2112 380 sempr-

2222 316 2475 391 _quidem
2517 316 2693 376 οὐσία,
2753 331 3145 391 semper__vero
3201 317 3496 379 aeternitate,
3544 320 3777 389 intelligitur

502 402 601 454 est,
634 398 1005 447 universorum
1039 407 1159 457 quae
1188 394 1424 450 fuerunt,
1453 398 1505 443 et
1535 399 1675 449 sunt,
1709 396 1762 441 et
1794 392 1973 440 futura
1999 393 2143 443 sunt,

502 470 759 519 universa
788 472 1032 530 tempora
1063 465 1345 527 colligere:
1376 466 1576 514 scilicet
1606 470 1658 515 et
1687 465 1778 513 illa
1824 462 2005 512 omnia
2042 461 2154 523 qui-

502 541 605 590 bus
636 540 717 589 vel
746 539 865 602 fuit,
894 538 978 585 vel
1011 541 1106 595 est,
1139 536 1220 585 vel
1249 535 1368 593 erit,
1401 536 1544 598 quod
1595 549 1805 597 semper
1853 547 1967 583 esse
2028 544 2151 594 pro-

503 614 658 676 ponit
694 628 707 672 ;
745 616 795 660 et
825 612 1050 659 aliorum
1092 609 1333 657 omnium
1383 610 1624 666 nomina,
1671 608 1865 670 quibus
1912 615 2149 676 quocun-

501 674 605 746 que
635 684 794 732 modo
826 683 909 731 vel
944 682 1182 739 fuerunt,
1204 680 1290 729 vel
1322 684 1467 738 sunt,
1498 682 1580 730 vel
1611 681 1792 729 futura
1812 682 1954 733 sunt,
1988 680 2040 724 et
2066 674 2149 721 his

498 755 591 805 illa
620 755 830 804 confert
861 753 1107 814 dicendo,
1141 766 1354 815 semper
1375 757 1473 801 est.
1506 752 1633 800 Cum
1666 752 1825 806 enim,
1859 750 1969 797 sive
2017 760 2147 809 prae-

495 828 781 878 teritorum
811 828 953 875 inter
982 840 1056 882 se,
1088 825 1173 874 vel
1206 839 1323 873 cum
1348 825 1572 883 cmteris,
1616 822 1728 873 sive
1776 819 2143 884 praesentium,

496 898 609 949 sive
641 899 963 953 futurorum,
1008 895 1252 945 similiter
1304 896 1445 944 facta
1493 895 1725 953 collatio,
1776 894 1945 941 multa
1990 890 2143 939 colli-

495 971 671 1033 gendo
706 971 859 1033 plura
889 968 1192 1030 relinquit:
1248 971 1305 1016 ut
1357 982 1475 1015 cum
1527 965 1725 1015 dicitur
1775 965 1911 1020 heri,
1962 963 2142 1019 hodie,

494 1056 629 1103 cras,
661 1041 853 1104 pridie,
888 1040 1160 1102 perendie,
1195 1038 1386 1099 horno,
1429 1042 1569 1099 ante,
1611 1043 1747 1099 post,
1797 1048 1960 1092 nunc,
1992 1034 2141 1094 olim,

494 1114 655 1162 modo
693 1128 705 1171 ;
742 1116 795 1161 et
824 1112 867 1160 si
899 1110 1043 1174 quod
1073 1110 1216 1158 aliud
1278 1114 1374 1169 est,
1408 1110 1552 1172 quod
1611 1107 1822 1171 proprie
1866 1106 1953 1153 vel
2001 1120 2139 1167 pras-

491 1200 635 1243 sens,
670 1185 754 1234 vel
782 1183 1137 1247 praeteritum,
1174 1181 1260 1230 vel
1318 1182 1576 1237 futurum,
1636 1180 1720 1229 vel
1783 1178 2139 1227 communiter

489 1259 683 1307 horum
714 1256 993 1320 quodlibet
1023 1253 1381 1317 signiﬁcetur,
1417 1253 1628 1302 collatio
1664 1250 1775 1302 hinc
1807 1265 1913 1315 qua
1943 1250 2138 1297 dicitur

486 1342 787 1393 nunquam,
821 1328 905 1376 vel
939 1340 1153 1388 semper
1184 1328 1283 1383 est,
1317 1326 1456 1374 sicut
1512 1324 1714 1374 dictum
1768 1328 1864 1378 est,
1914 1322 2134 1370 omnino

486 1392 696 1450 nullum
729 1400 1068 1462 relinquens,
1102 1395 1346 1446 omnium
1375 1398 1555 1446 omnia
1610 1401 1856 1458 tempora
1913 1392 2132 1455 colligit.

488 1471 645 1521 Unde
677 1476 817 1521 recte
849 1472 922 1519 ait
954 1484 966 1518 :

554 1543 700 1604 Quod
721 1558 833 1592 cum
869 1541 1063 1589 dicitur
1119 1541 1324 1605 aliquid
1374 1555 1572 1603 semper
1629 1554 1750 1599 esse,
1799 1537 2133 1601 signiﬁcatur

487 1614 627 1680 quod
657 1614 796 1662 omni
822 1611 1112 1673 praeterito,
1147 1610 1271 1677 etc.]
1302 1611 1470 1671 Quod,
1520 1610 1571 1659 id
1619 1615 1717 1669 est,
1768 1623 1977 1670 semper
2017 1621 2131 1656 esse

2260 388 2579 463 mternitatis
2607 403 2729 440 cum
2760 388 3095 453 temporibus
3124 390 3226 438 hoc
3258 403 3411 463 sensu
3469 391 3588 441 facta
3612 388 3781 463 collatio,

2257 459 2448 509 uthac
2478 460 2728 522 dictione,
2762 476 2881 525 quas
2937 466 3018 511 est
3074 475 3296 524 semper,
3336 461 3514 511 dictum
3570 459 3781 528 accipiatur

2257 548 2379 585 eum
2412 536 2574 584 fuisse
2602 549 2707 584 non
2762 536 2922 584 modo
2977 534 3103 583 dum
3164 534 3396 591 fuerunt,
3425 548 3531 598 quis
3582 538 3706 590 fuisse
3729 544 3783 592 di.

2256 613 2471 663 cuntur,
2505 621 2691 656 verum
2749 605 2865 657 sine
2923 607 3104 669 aliqua
3152 606 3233 655 vel
3284 608 3479 661 actuali,
3508 610 3576 656 vel
3621 616 3785 664 naturali

2254 681 2620 737 inchoatione,
2674 684 2959 742 antequam
3033 678 3233 728 fuerint
3290 684 3341 728 et
3394 692 3497 728 esse
3547 681 3649 731 dum
3690 700 3786 747 que-

2252 766 2358 816 que
2390 752 2679 815 praasentia
2736 756 2880 809 sunt,
2940 751 3023 800 vel
3080 756 3221 805 actu,
3282 750 3364 799 vel
3415 752 3576 801 saltem
3621 760 3784 811 natura;

2251 828 2305 873 et
2334 824 2573 873 futurum
2605 838 2721 873 esse
2755 837 2866 872 non
2928 823 3087 873 modo
3144 823 3269 871 dum
3327 828 3614 887 erunt,quaa
3662 828 3784 877 futura

2250 900 2393 952 sunt,
2452 896 2543 945 sed
2608 897 2771 945 etiam
2830 896 2945 945 sine
3000 894 3199 944 actuali
3261 894 3341 943 vel
3403 896 3603 944 naturali
3661 902 3784 948 termi-

2247 982 2319 1018 no
2356 984 2368 1020 :
2400 970 2581 1030 potius
2610 982 2771 1032 quam
2802 969 2912 1018 sive
2945 972 3087 1029 actu,
3120 967 3232 1017 sive
3287 967 3463 1015 saltem
3515 972 3674 1019 natura
3714 986 3784 1021 non

2246 1045 2423 1089 erunt.
2455 1042 2518 1090 Et
2547 1042 2622 1089 sic
2650 1041 2867 1103 quidem
2895 1039 3105 1090 excedit
3161 1043 3397 1100 tempora
3449 1040 3784 1095 internitebant

2243 1114 2382 1177 ipsa,
2417 1112 2649 1162 dictione
2680 1126 2799 1176 qua:
2831 1111 2897 1161 de
2927 1112 3035 1160 Deo
3068 1109 3282 1169 dicitur,
3324 1123 3519 1173 semper
3560 1110 3672 1159 facta
3712 1115 3784 1162 col-

2244 1185 2392 1234 latio.
2427 1185 2678 1234 Collectio
2735 1197 2863 1232 vero
2915 1182 3098 1231 omnia
3156 1181 3350 1245 quibus
3397 1180 3477 1229 vel
3520 1181 3711 1235 fuerunt.
3731 1186 3784 1233 vel

2244 1262 2386 1314 sunt,
2414 1257 2499 1305 vel
2530 1256 2713 1306 futura
2749 1258 2892 1313 sunt,
2924 1254 3009 1303 vel
3045 1258 3190 1313 actu,
3222 1253 3308 1302 vel
3367 1257 3560 1310 natura,
3588 1254 3786 1304 universo-

2241 1341 2358 1377 rum
2390 1334 2632 1391 teuipora
2660 1326 2854 1390 colligit
2891 1341 2903 1386 ;
2934 1324 3027 1389 qui
3084 1325 3149 1374 ad
3208 1325 3326 1387 ipsa
3381 1325 3625 1373 consortio
3674 1327 3785 1375 colla-

2238 1399 2408 1449 tionis
2438 1399 2749 1463 respiciens,
2781 1399 2855 1447 ait
2886 1413 2899 1446 :
2934 1399 3071 1446 Deus
3102 1409 3312 1458 semper
3340 1400 3433 1444 est.
3467 1395 3557 1443 Sed
3604 1399 3785 1457 quoniam

2238 1486 2349 1521 non
2380 1477 2505 1521 sunt
2533 1471 2717 1531 multa,
2750 1470 2835 1519 vel
2857 1467 3035 1525 simul,
3072 1467 3157 1516 vel
3204 1466 3580 1521 decedentium,
3603 1468 3669 1516 vel
3709 1481 3785 1516 suc-

2239 1544 2543 1593 cedentium
2572 1541 2994 1597 continuatioue,
3032 1540 3227 1599 quibus
3283 1539 3420 1587 Deus
3477 1538 3553 1594 sit,
3593 1539 3711 1587 nulla
3738 1546 3786 1587 est

2238 1616 2397 1664 etiam
2430 1614 2717 1664 multitudo
2753 1626 3024 1661 morarum
3056 1610 3257 1675 quibus
3306 1608 3434 1659 illud
3486 1623 3587 1657 esse
3608 1612 3719 1672 quod
3741 1613 3786 1657 si-

488 1679 554 1736 ex
593 1687 696 1735 hoc
727 1683 1028 1733 collationis
1060 1687 1221 1745 atque
1252 1683 1581 1732 collectionis
1609 1696 1789 1743 sensu,
1822 1685 1997 1744 potest
2050 1695 2129 1730 se-
2160 1683 2207 1747 Β
2237 1686 2554 1750 gniﬁcamus
2614 1699 2731 1735 cum
2790 1682 3020 1732 dicimus
3077 1684 3218 1731 Deus
3279 1686 3376 1743 est,
3430 1680 3588 1729 duret.
3626 1679 3786 1744 Ideoque

483 1758 724 1807 cundum
758 1754 1112 1818 philosophos
1164 1753 1289 1812 dici,
1324 1759 1376 1803 et
1435 1755 1500 1803 de
1559 1754 1692 1803 caelo
1724 1757 1778 1802 et
1824 1752 1889 1802 de
1920 1754 2128 1803 caeteris

480 1828 803 1890 corporibus
834 1825 1196 1889 perpetuitate
1228 1826 1309 1874 sui
1345 1831 1524 1875 motus
1567 1824 1980 1874 immortalibus.
2021 1825 2127 1873 Cu-

474 1899 699 1965 J‘uslibet
727 1897 870 1947 enim
904 1896 1117 1946 illorum
1144 1896 1196 1945 id
1254 1910 1359 1959 quo
1410 1901 1489 1945 est
1535 1894 1739 1959 aliquid
1784 1908 2125 1958 nequaquam

483 1976 564 2021 est
594 1970 891 2019 solitarium
926 1984 939 2019 :
972 1970 1081 2017 imo
1109 1973 1235 2018 sunt
1268 1971 1319 2016 in
1351 1967 1588 2031 quolibet
1640 1968 1846 2016 illorum
1894 1968 2124 2025 diversa,

484 2058 595 2094 non
628 2042 786 2091 modo
832 2041 1271 2105 proprietatibus,
1326 2054 1512 2090 verum
1570 2040 1731 2090 etiam
1789 2040 2121 2103 generibus:

483 2130 713 2180 quorum
743 2114 1017 2179 aliquibus
1047 2114 1433 2164 decedentibus
1459 2114 1562 2163 alia
1596 2113 1907 2169 succedunt,
1942 2126 2002 2159 ac
2032 2126 2125 2173 per

477 2188 583 2237 hoc
615 2184 1278 2248 temporumdiversitale,
1329 2191 1381 2234 et
1430 2200 1567 2240 esse,
1600 2189 1653 2233 et
1692 2184 1894 2232 moveri
1926 2183 2121 2230 dicun-

476 2264 585 2309 tur.
613 2258 752 2306 Nam
778 2256 936 2318 juxta
965 2270 1250 2304 numerum
1284 2270 1459 2304 rerum
1492 2269 1612 2318 quae
1664 2254 1861 2303 durant
1914 2257 2122 2314 tempo-

474 2330 640 2387 ribus,
674 2326 911 2389 ipsorum
948 2340 1164 2389 quoque
1196 2328 1391 2389 quibus
1422 2326 1639 2383 durant,
1690 2329 1769 2374 est
1814 2327 2116 2386 temporum

468 2412 731 2449 numerus
768 2412 781 2447 :
813 2410 1043 2460 quorum
1080 2403 1252 2445 tamen
1288 2397 1461 2460 aliqua
1495 2396 1869 2445 decedentium
1915 2398 1967 2442 et
1995 2407 2119 2442 suc-

471 2469 781 2520 cedentium
820 2467 1249 2523 continuatione,
1280 2468 1364 2516 vel
1396 2467 1554 2516 simul
1585 2466 1800 2515 essendi
1849 2463 2117 2514 consortio

469 2540 753 2597 uniuntur,
788 2554 849 2589 ac
880 2553 974 2602 per
1036 2538 1138 2589 hoc
1192 2539 1360 2589 multa
1416 2544 1660 2602 tempora
1691 2550 1855 2586 unum
1887 2541 2115 2599 tempus,

469 2612 523 2662 id
557 2617 655 2670 est,
707 2625 851 2660 unus
902 2624 1097 2671 annus,
1159 2625 1296 2660 unus
1352 2612 1572 2665 mensis,
1624 2623 1765 2659 unus
1817 2608 1948 2665 dies,
2009 2622 2115 2657 una

469 2684 621 2743 hora,
659 2697 825 2733 unum
859 2687 1189 2732 momentum
1221 2683 1492 2732 dicuntur.
1524 2683 1587 2732 At
1635 2682 1699 2731 de
1752 2681 1862 2729 Deo
1902 2694 2010 2728 non
2041 2681 2117 2729 ita

470 2755 687 2813 dicitur,
720 2768 931 2818 semper
987 2758 1083 2811 est,
1143 2757 1195 2802 et
1250 2752 1568 2815 intelligitur
1627 2753 1841 2816 quidem
1902 2751 2112 2800 collatio

472 2831 633 2890 atque
665 2826 926 2883 collectio,
964 2827 1055 2875 sed
1110 2826 1303 2876 differt.
1360 2828 1488 2875 Nam
1546 2827 1603 2874 in
1642 2824 1849 2874 caeteris
1878 2839 1995 2888 quae
2027 2824 2111 2872 di-

466 2903 665 2948 cuntur
695 2912 908 2961 semper
933 2914 1067 2956 esse,
1102 2904 1343 2961 tempore
1374 2898 1704 2962 temporibus
1732 2898 2109 2946 conferuntur.

464 2970 523 3020 In
557 2971 659 3020 hoc
702 2984 824 3019 vero
887 2969 1160 3019 aeternitas
1215 2970 1566 3033 temporibus.
1626 2969 1768 3018 Deus
1822 2968 1966 3017 enim
2031 2972 2111 3016 est

2236 1760 2329 1822 qui
2361 1756 2507 1815 dicit,
2542 1757 2682 1805 Deus
2714 1768 2926 1816 semper
2982 1756 3079 1807 est,
3140 1750 3389 1816 quamvis
3443 1763 3607 1800 eorum
3647 1752 3787 1822 quibus

2234 1820 2442 1881 confert
2496 1827 2871 1891 temporalium
2929 1838 3200 1874 morarum
3260 1822 3513 1872 inﬁnitam
3566 1820 3787 1870 multitudi-

2233 1916 2356 1951 nem
2390 1899 2620 1964 colligat,
2651 1897 3055 1948 multitudinem
3082 1900 3265 1945 tamen
3298 1894 3503 1943 illarum
3543 1892 3704 1956 quibus
3720 1892 3786 1941 du-

2230 1978 2311 2023 ret
2345 1972 2473 2021 illud
2534 1971 2678 2036 quod
2746 1970 2954 2019 confert
3014 1966 3161 2031 (quia
3217 1967 3368 2015 nulla
3423 1968 3534 2024 est),
3562 1965 3787 2013 nullatenus

2231 2044 2478 2108 colligere
2538 2046 2731 2106 potest.
2783 2042 2922 2089 Deus
2985 2041 3127 2088 enim
3187 2051 3401 2100 semper
3462 2041 3552 2108 est,
3601 2036 3785 2108 quoniam

2232 2107 2444 2179 semper
2469 2114 2610 2179 quod
2640 2127 2761 2163 cum
2794 2109 3182 2175 temporalibus
3228 2107 3541 2172 temporalia
3577 2107 3788 2179 conferan-

2229 2176 2364 2243 tur,'
2400 2176 2749 2249 utrorumque
2807 2183 3119 2232 collatorum
3178 2185 3421 2243 tempora
3478 2178 3690 2241 colligit:
3732 2176 3787 2224 bis

2228 2259 2320 2309 ubi
2354 2264 2589 2309 aeternus
2635 2255 3025 2320 temporalibus
3068 2254 3364 2313 confertur,
3413 2251 3465 2299 in
3510 2252 3581 2300 eis
3618 2249 3786 2313 quidem,

2227 2331 2423 2394 quibus
2452 2329 2745 2383 confertur,
2780 2325 3064 2375 diversitas
3099 2324 3510 2388 praeteritorum,
3535 2326 3582 2370 et
3616 2333 3787 2394 presen-

2225 2390 2383 2459 t'ium,
2422 2406 2474 2451 et
2502 2402 2808 2450 futurorum
2865 2398 3109 2448 omnium
3169 2396 3396 2444 collecta
3446 2393 3727 2456 intelligitur.
3749 2390 3785 2437 la

2226 2489 2288 2524 eo
2319 2479 2497 2523 autem
2528 2486 2635 2537 quo
2678 2470 2969 2525 confertur,
3022 2468 3270 2532 quamvis
3325 2468 3436 2530 ipse
3495 2465 3654 2523 fuisse,
3689 2476 3787 2537 esse,

2225 2545 2439 2596 futurus
2466 2534 2580 2594 ess—e
2612 2543 2834 2597 dicatur,
2894 2539 3024 2605 quia
3081 2544 3261 2590 tamen
3322 2538 3521 2593 eadem,
3577 2540 3623 2585 et
3664 2534 3787 2597 singu-

2221 2618 2340 2680 lari,
2372 2622 2424 2667 et
2455 2615 2681 2679 simplici
2741 2628 2891 2663 mora
2947 2613 3267 2663 aeternitatis
3330 2608 3627 2672 intelligitur
3658 2605 3784 2680 fuisse,

2220 2695 2273 2740 et
2302 2679 2514 2739 futurus
2546 2702 2680 2745 esse,
2712 2701 2819 2751 qua
2849 2686 2952 2735 hoc
3000 2685 3224 2733 instanti
3274 2695 3411 2739 esse,
3442 2681 3624 2743 absque
3658 2679 3785 2740 cujus-

2220 2764 2351 2814 libet
2380 2762 2705 2813 diversitatis
2735 2759 3054 2809 collectione
3100 2756 3386 2819 praesentis
3430 2759 3507 2803 est
3556 2752 3782 2813 temporis;

2218 2842 2384 2901 utque
2416 2834 2655 2899 apertius
2684 2848 2748 2882 ex
2778 2829 3182 2894 comparatione
3213 2827 3539 2901 intelligatur
3581 2822 3697 2888 quod
3737 2822 3783 2869 di-

2218 2898 2371 2966 citur,
2405 2898 2545 2957 inter
2571 2902 2973 2963 nostrarum,id
3023 2906 3105 2950 est
3147 2898 3517 2963 temporalium
3561 2908 3718 2966 rerum,
3744 2908 3783 2941 ac

2218 2980 2524 3030 divinarum
2557 2990 2813 3041 praesens,
2845 2975 2990 3039 quod
3047 2978 3340 3035 utrumque
3392 2975 3487 3027 est,
3518 2982 3642 3017 nunc
3686 2965 3781 3014 idem

463 3042 610 3106 quod
641 3043 739 3099 est,
772 3055 880 3091 non
940 3055 1091 3115 mora
1148 3041 1443 3115 temporis,
1472 3041 1571 3115 sed
1615 3040 1958 3115 aeternitatis.
1992 3040 2103 3088 Cas-

2222 3040 2570 3115 signiﬁcatur,
2598 3052 2695 3098 hac
2731 3046 2992 3107 dictione,
3021 3059 3127 3109 qua
3182 3043 3384 3093 dicitur
3431 3042 3781 3115 nunc,___tantam

461 3118 578 3163 tera
608 3127 734 3163 vero
766 3127 887 3176 quae
917 3112 1160 3177 quolibet
1190 3114 1349 3162 modo
1384 3112 1484 3161 sibi
1518 3113 1745 3161 invicem
1777 3111 2103 3170 adunantur,

460 3186 668 3236 scilicet
724 3186 805 3234 vel
864 3186 1161 3235 intrinseco
1218 3184 1596 3243 concretionis,
1656 3185 1741 3234 vel
1806 3184 2104 3232 extrinseco

461 3258 748 3323 cujuslibet
808 3255 1163 3319 appositionis
1247 3257 1455 3313 habitu,
1542 3257 1705 3307 moris
1784 3262 2105 3318 temporum,

461 3345 599 3395 quas
624 3330 961 3378 diversorum
994 3328 1225 3378 diversis
1254 3329 1529 3379 habilibus
1578 3330 1815 3379 diversas
1864 3330 1976 3391 ipse
2007 3327 2106 3377 ho-

458 3416 580 3452 rum
609 3401 849 3449 omnium
910 3405 1098 3449 auctor
1157 3402 1552 3459 accommodat,
1616 3402 1834 3449 durant.
1886 3400 2107 3448 Excedit

457 3473 616 3521 etiam
662 3469 849 3519 omnia
909 3474 1154 3531 tempora
1206 3471 1321 3520 haec
1375 3472 1691 3522 mteruitatis
1746 3472 1839 3521 Dei
1899 3473 1961 3519 ad
2021 3471 2104 3521 illa

456 3543 598 3592 facta
627 3541 888 3591 collectio.
940 3542 1145 3590 Dicitur
1197 3542 1341 3591 enim
1400 3545 1539 3592 Deus
1588 3557 1799 3606 semper
1825 3557 1959 3599 esse,
1991 3556 2101 3590 non

454 3613 617 3663 modo
652 3614 776 3675 quia
822 3612 923 3661 fuit
978 3613 1121 3661 omni
1180 3615 1469 3676 praeterito,
1503 3619 1586 3664 est
1641 3614 1787 3663 omni
1833 3614 2101 3676 praesenti,

456 3686 558 3735 erit
588 3684 734 3733 omni
768 3684 945 3732 futuro
983 3699 995 3743 ;
1053 3698 1239 3734 verum
1299 3685 1458 3735 etiam
1517 3691 1641 3735 ante
1698 3693 1751 3736 et
1782 3691 1890 3748 post
1920 3686 2102 3735 omnia

452 3762 721 3821 tempora,
772 3756 856 3805 vel
915 3761 966 3805 et
1029 3761 1148 3806 actu
1206 3760 1257 3807 et
1310 3764 1526 3823 natura,
1565 3758 1647 3807 vel
1691 3759 1876 3808 saltem
1909 3763 2101 3806 natura

455 3827 854 3892 temporalium.
886 3828 1016 3876 Nam
1047 3842 1204 3877 omne
1235 3830 1376 3891 quod
1412 3830 1529 3887 fuit,
1581 3831 1662 3879 vel
1701 3834 1798 3887 est,
1846 3830 1930 3878 vel
1980 3830 2097 3885 erit,

459 3901 673 3949 essendi
704 3899 917 3948 initium
943 3899 1027 3947 vel
1083 3900 1290 3962 habuit,
1347 3901 1431 3950 vel
1478 3902 1655 3960 habet,
1694 3902 1779 3950 vel
1836 3899 2097 3960 habebit;

456 3972 616 4020 finem
646 3984 771 4020 vero
802 3975 1065 4033 quantum
1125 3972 1189 4020 ad
1226 3976 1404 4021 actum
1465 3972 1682 4036 quidem
1731 3987 1841 4022 non
1896 3971 2096 4030 omnia,

457 4043 550 4093 sed
580 4047 838 4106 quantum
876 4042 941 4090 ad
1001 4048 1266 4100 naturam,
1315 4049 1367 4094 et
1426 4050 1491 4094 ad
1549 4045 1692 4094 illius
1719 4060 1826 4109 quo
1882 4048 2098 4093 auctore

454 4118 581 4165 sunt
615 4118 955 4177 potestatem,
988 4114 1171 4165 omnia
1227 4115 1446 4166 habent.
1504 4118 1670 4180 Eque
1727 4117 1924 4166 etenim
1975 4114 2100 4164 uni-

449 4200 605 4235 versa
630 4185 877 4249 subjecta
908 4185 1025 4249 ejus
1081 4188 1337 4250 potestati
1402 4194 1547 4249 sunt,
1584 4193 1641 4238 ut
1696 4188 1919 4248 scilicet,
1961 4186 2099 4237 sicut

454 4272 791 4321 quacunque
822 4271 930 4306 non
967 4257 1206 4314 fuerunt,
1240 4265 1469 4322 possunt
1516 4260 1702 4317 fuisse,
1733 4265 1785 4309 et
1838 4273 2097 4323 quaecun-

452 4345 554 4393 que
588 4344 696 4379 non
732 4334 877 4385 sunt,
911 4330 992 4378 vel
1024 4343 1131 4379 non
1164 4336 1341 4389 erunt,
1374 4337 1601 4394 possunt
1632 4347 1748 4382 esse
1778 4348 1789 4393 ;
1821 4333 1896 4381 ita
1933 4332 2094 4380 etiam

2215 3110 2454 3182 interest,
2488 3110 2630 3184 quod
2663 3122 2908 3168 nostrum
2938 3130 3099 3175 nunc,
3131 3115 3184 3164 id
3214 3118 3300 3163 est
3356 3110 3681 3184 quorumlibet
3723 3119 3783 3153 ns-

2215 3178 2470 3244 turalium
2499 3178 2727 3249 instans,
2762 3188 2889 3238 facit
2940 3200 3121 3237 rerum
3172 3184 3408 3234 naturali
3462 3182 3625 3230 saltem
3656 3178 3768 3226 deces

2216 3264 2369 3314 sione
2402 3269 2453 3313 et
2483 3263 2840 3317 successione,
2872 3259 2956 3308 vel
2995 3271 3176 3307 earum
3234 3269 3360 3319 quas
3417 3256 3531 3303 actu
3574 3263 3665 3299 non
3704 3260 3783 3321 mof

2214 3340 2413 3387 ventur
2442 3350 2561 3385 cum
2589 3335 2691 3383 illi?
2729 3347 2849 3398 quae
2885 3336 3004 3381 actu
3036 3335 3326 3378 moventur
3376 3323 3652 3398 consortio,
3674 3332 3780 3382 quem

2214 3422 2437 3459 currens
2466 3411 2694 3470 tempus,
2727 3395 2779 3455 et
2835 3403 3154 3453 collectione
3212 3400 3543 3448 diversarum
3594 3395 3705 3442 inter
3744 3402 3781 3470 se

2212 3495 2485 3531 morarum
2538 3462 3035 3541 sempiteruitatem.
3093 3474 3350 3523 Divinum
3406 3483 3535 3541 vero,
3578 3478 3709 3519 nunc,
3746 3462 3781 3508 id

2213 3558 2295 3602 est
2326 3551 2551 3609 instans,
2585 3552 2726 3612 quod
2759 3546 3097 3611 signiﬁcatur
3124 3558 3243 3593 cum
3282 3544 3477 3592 dicitur
3516 3540 3779 3612 Deusmnnnc

2211 3630 2291 3675 est
2326 3639 2337 3673 :
2370 3639 2495 3673 vere
2528 3608 2865 3687 permanens,
2899 3632 3071 3680 neque
3100 3616 3206 3665 ulla
3264 3615 3374 3687 rei
3402 3626 3506 3677 qua
3540 3608 3779 3687 intelligitur

2211 3698 2349 3746 Deus
2382 3684 2735 3753 esse,iactuali
2765 3691 2850 3740 vel
2883 3688 3112 3739 naturali
3168 3684 3485 3736 decessione
3538 3686 3585 3731 et
3626 3689 3776 3727 succes-

2210 3767 2362 3817 sione
2395 3780 2617 3816 movens
2652 3778 2789 3823 sese,
2820 3767 2980 3826 atque
3008 3760 3088 3809 ita
3115 3758 3437 3817 consistens,
3467 3753 3669 3826 quodet
3690 3759 3774 3796 cum

2208 3839 2401 3888 dicitur
2432 3840 2572 3887 Deus
2600 3836 2720 3891 fuit,
2774 3824 2915 3883 Deus
2972 3832 3088 3885 erit.
3134 3830 3327 3879 eadem
3387 3824 3624 3890 singulari
3646 3830 3773 3899 mora

2207 3913 2393 3971 fuisse,
2424 3917 2476 3962 et
2506 3912 2718 3960 futurus
2748 3921 2862 3957 esse
2896 3902 3253 3969 proponitur:
3286 3915 3426 3966 quae,
3475 3912 3586 3948 cum
3614 3894 3773 3972 dicitur

2207 3986 2349 4035 Deus
2380 3968 2475 4043 est,
2510 3984 2794 4046 cogitatur,
2828 3968 3183 4029 aeternitatem
3213 3976 3363 4025 facit.
3391 3974 3511 4046 Non
3550 3968 3669 4020 enim
3698 3968 3779 4046 ejus

2208 4071 2311 4120 qoo
2340 4057 2504 4105 fuisse
2535 4043 2734 4103 dicitur
2760 4052 3031 4105 abscessu,
3066 4048 3152 4096 vel
3186 4047 3304 4110 ejus
3336 4060 3441 4109 quo
3492 4043 3673 4092 futurus
3699 4044 3777 4082 esse

2208 4117 2531 4193 proponitur
2559 4138 2795 4179 accessu,
2828 4122 2920 4172 sed
2957 4122 3073 4185 ejus
3108 4134 3217 4183 quo
3244 4120 3442 4168 dicitur
3485 4127 3591 4165 esse
3630 4117 3780 4193 perm?

2208 4187 2413 4260 neu-tia,
2441 4200 2578 4247 sicut
2609 4210 2747 4250 esse,
2779 4195 2851 4243 ita
2880 4194 3044 4242 fuisse
3097 4197 3156 4241 ut
3202 4191 3421 4239 futurus
3448 4200 3570 4260 esse
3606 4187 3779 4260 μορυς

2207 4244 2749 4331 hoc
2778 4265 2918 4313 sicut
2972 4268 3053 4312 est
3115 4275 3223 4311 una
3279 4257 3576 4323 singularia
3608 4244 3657 4331 si
3688 4244 3779 4331 ίοίξίς

2206 4342 2390 4400 vidua,
2422 4346 2472 4391 et
2506 4327 2748 4401 simplex,
2782 4340 2835 4386 et
2868 4335 3106 4385 solitaria
3167 4333 3418 4392 essentia,
3465 4342 3560 4401 qua
3603 4327 3777 4401 telflfmlf

452 4415 789 4464 quaecunque
820 4401 1056 4478 fuerunt,
1090 4408 1317 4464 possunt
1347 4388 1454 4452 n'on
1514 4405 1697 4461 fuisse,
1750 4388 1801 4454 et
1851 4416 2099 4467 quascun-

2501 4388 2935 4467 est,.erit'Deus:
2995 4407 3073 4455 ita
3123 4408 3203 4453 est
3262 4388 3413 4461 una,
3454 4388 3778 4478 singularite}

452 4486 555 4535 que
586 4477 712 4521 sunt
753 4472 837 4521 vel
894 4477 1072 4529 erunt,
1126 4481 1354 4534 possunt
1410 4489 1515 4524 non
1581 4490 1717 4525 esse.
1782 4475 2100 4525 Naturalitcr

453 4544 597 4593 enim
630 4542 837 4591 nullum
870 4543 1217 4593 intervallum
1276 4561 1416 4595 unus
1475 4547 1791 4610 simpliciter
1848 4545 2102 4597 terminat

457 4614 600 4661 ﬁnis.
633 4614 783 4662 Unde
815 4619 868 4663 et
898 4615 1239 4665 intervallum
1271 4623 1515 4671 vocatur.
1570 4620 1713 4682 quod
1769 4619 1973 4668 scilicet
2031 4618 2107 4667 di-

455 4683 628 4733 versis
660 4684 984 4747 interjaceus
1016 4688 1274 4746 terminis,
1340 4704 1525 4739 eorum
1585 4691 1890 4753 pluralitate
1938 4691 2104 4739 valle-

452 4758 558 4830 tur.
597 4755 854 4830 Sicheuim
888 4760 1223 4830 etypawuﬁ,
1255 4762 1357 4810 hoc
1392 4767 1472 4811 est
1501 4763 1640 4811 linea
1696 4762 1921 4812 diversis
1968 4777 2104 4825 pun-

452 4827 551 4908 ctis
583 4842 595 4885 ;
620 4831 671 4876 et
694 4822 1097 4908 ξμιςτολήξξιοὸ
1118 4822 1199 4908 est
1212 4822 1441 4908 diversis
1454 4822 2064 4908 superﬁciesypapn—xiq
2087 4852 2100 4901 ;

449 4902 501 4947 et
533 4896 766 4971 etspsdv,
798 4898 900 4948 hoc
930 4896 1011 4951 est
1054 4902 1287 4952 solidum
1341 4904 1565 4954 diversis
1594 4896 1901 4971 ἐπιπέδὸίςξ
1929 4896 1981 4954 et
2011 4896 2102 4956 in;

446 4969 716 5032 terjacens
751 4971 998 5029 vellatur,
1059 4976 1112 5021 et
1162 4976 1426 5025 vallatum
1485 4976 1786 5035 interiacet.
1849 4969 2105 5029 Similiter

447 5054 596 5103 ergo,
632 5043 890 5104 quoniam
924 5046 1271 5109 asternalege
1332 5053 1536 5097 natura;
1585 5049 1850 5099 sancitum
1898 5055 1993 5110 est,
2046 5056 2104 5100 ut

451 5117 663 5162 constet
691 5116 933 5177 genitum
982 5116 1131 5173 nihil,
1190 5124 1490 5182 temporum
1550 5135 1765 5185 quoque
1822 5124 2104 5173 intervalla

451 5197 563 5234 non
600 5199 727 5245 uno,
759 5186 849 5235 sed
886 5186 1114 5237 diversis
1152 5191 1528 5249 terminantur,
1588 5193 1798 5242 essendi
1854 5194 2103 5245 videlicet

452 5257 684 5306 naturali
720 5259 951 5308 statione
1002 5264 1161 5323 atque
1220 5261 1582 5313 inchoatione.
1640 5266 1906 5330 Quidquid
1957 5266 2099 5316 enim

451 5340 605 5377 mora
634 5330 895 5391 temporis
954 5345 1061 5379 non
1123 5333 1242 5381 dico
1304 5337 1604 5394 actualiter,
1638 5337 1728 5386 sed
1782 5339 2102 5389 naturaliter

450 5399 624 5455 durat,
657 5401 973 5450 naturaliter
994 5408 1044 5451 et
1072 5401 1309 5462 inchoat,
1342 5412 1394 5454 et
1452 5412 1548 5463 est,
1584 5413 1636 5456 et
1678 5408 1895 5457 desinit.
1947 5410 2101 5467 Quod

449 5483 577 5519 vero
612 5485 763 5521 mora
793 5473 1112 5525 aeternitatis
1143 5476 1320 5534 durat,
1371 5476 1508 5528 sicut
1560 5492 1667 5527 non
1719 5488 1857 5536 actu,
1893 5482 1965 5529 ita
2004 5496 2102 5531 nec

448 5546 644 5614 natura
678 5543 885 5606 incipit,
918 5547 1003 5594 vel
1031 5546 1231 5596 desinit
1285 5563 1420 5598 esse.
1475 5550 1709 5614 Ideoque
1775 5565 1873 5600 nec
1932 5554 2099 5601 inter-

445 5612 649 5661 vallum
683 5620 862 5675 potest
896 5619 1095 5676 vocari,
1128 5622 1181 5668 et
1223 5620 1336 5669 sine
1380 5612 1681 5684 aliquorum
1728 5623 2100 5672 decedentium

451 5688 505 5733 et
532 5688 937 5738 succedentium
968 5694 1135 5754 motu,
1169 5696 1249 5741 est
1296 5696 1442 5743 omni
1490 5695 1773 5757 temporali
1820 5695 2101 5745 intervallo

416 5776 419 5777 ν
456 5758 779 5818 protensior.
810 5759 942 5811 Cum
973 5775 1100 5824 ergo
1120 5776 1330 5826 semper
1359 5778 1474 5816 esse
1521 5767 1719 5818 dicitur
1764 5768 1925 5829 Deus,
1986 5779 2101 5819 esse

2214 4466 2511 4544 individua,
2538 4466 2590 4533 et
2620 4482 2864 4544 simplex,
2897 4483 2949 4529 et
2980 4478 3214 4528 solitaria
3262 4490 3431 4532 mora,
3464 4485 3573 4538 qua
3618 4466 3774 4544 vocatur

2213 4542 2505 4617 aeternitas,
2536 4570 2643 4619 qua
2674 4542 2816 4603 Deus
2854 4552 2969 4615 ipse
3020 4550 3139 4609 fuit,
3197 4554 3295 4605 est,
3348 4553 3401 4598 et
3445 4547 3539 4595 erit
3587 4542 3772 4619 {statim};

2617 4603 2670 4675 et
2700 4629 2797 4681 est,
2832 4603 2893 4673 et.
2912 4627 2993 4672 est
3049 4603 3205 4694 Deus,
3248 4603 3301 4671 et
3353 4623 3589 4694 aeternus.

2211 4683 2307 4757 est,
2341 4704 2394 4749 et
2424 4683 2520 4748 est.
2558 4699 2716 4756 Deus,
2761 4695 3009 4745 essentia.
3063 4693 3153 4741 Est
3205 4705 3330 4740 vero
3391 4692 3610 4739 aeternus
3653 4683 3768 4757 ωεξτὲ-

2209 4774 2275 4823 Ει
2296 4746 2374 4822 sic
2405 4770 2622 4834 quidem
2656 4746 2761 4817 hoc
2791 4766 3007 4817 nomine
3037 4763 3182 4828 quod
3218 4767 3297 4812 est
3350 4774 3505 4834 nunc,
3533 4746 3771 4834 cnmhtlifl:

2208 4820 2488 4901 tﬁurIDelus
2517 4845 2599 4891 est
2629 4853 2792 4896 nunc,
2826 4851 2937 4888 una
2964 4820 3172 4887 tantum
3202 4831 3490 4898 singularis
3527 4820 3771 4901 intelligit?

2212 4897 2373 4969 mora,
2406 4927 2523 4977 qua:
2555 4916 2775 4961 vocatur
2822 4911 3113 4965 aeternitas,
3163 4920 3268 4969 qua
3301 4897 3471 4954 etiam
3499 4898 3603 4977 life

2208 4988 2295 5050 pi)
2327 4965 2508 5041 fuisse,
2542 4986 2594 5033 et
2623 4984 2738 5031 sine
2769 4981 2872 5029 line
2903 4982 3117 5029 futurus
3147 4965 3481 5050 praedicatur.
3528 4970 3641 5018 Cum

2209 5028 3188 5119 de'ali—quo'temporaliiproponitur,
3239 5053 3295 5098 ut
3339 5047 3494 5095 homo
3547 5028 3767 5119 ηοξ-ξ’

2208 5130 2290 5178 vel
2323 5108 2512 5177 ccelum
2546 5108 2691 5174 nuhc
2723 5129 2805 5173 est
2835 5108 3106 5186 (quoniam
3159 5121 3275 5169 haec
3317 5131 3424 5167 non
3473 5126 3570 5163 uno
3602 5108 3766 5186 tantum.

2207 5200 2300 5251 sed
2332 5198 2595 5262 pluribus,
2631 5194 2712 5245 ve!
2752 5181 2927 5250 simul,
2984 5192 3069 5241 vel
3123 5190 3488 5241 decedentium
3541 5186 3588 5262 et

2206 5246 2446 5322 dentium
2482 5246 2705 5317 naturali
2739 5246 2925 5314 saltem
2954 5266 3103 5312 motu
3152 5266 3312 5319 sunt),
3366 5271 3467 5308 non
3514 5256 3585 5303 est
3619 5246 3766 5316 ωηῐυξη

2206 5360 2333 5399 una,
2365 5344 2460 5391 sed
2497 5341 2679 5404 plures
2710 5352 2891 5393 morae,
2923 5347 3151 5399 quarum
3198 5346 3338 5394 saepe
3379 5333 3468 5404 aut
3505 5323 3764 5404 ἀὶτςετδξιξξξ

2485 5384 2815 5476 quandoque
2836 5384 2967 5463 una,
2998 5384 3325 5469 quandoque
3373 5401 3470 5450 alia
3489 5470 3495 5476 ἢ
3513 5398 3599 5476 εει,

2202 5463 2427 5551 ﬁliique
2455 5463 2581 5533 illud
2608 5463 2886 5546 quodlibet
2916 5463 3062 5551 nuuc
3092 5492 3208 5551 esse
3238 5463 3763 5551 pronuntiatur:112°i

2204 5525 2391 5611 eadem
2414 5571 2578 5619 saepe,
2610 5525 2703 5603 sed
2751 5553 2855 5601 alia
2912 5550 3096 5606 fuisse,
3132 5525 3663 5619 alialfuturumneese-

2207 5632 2439 5689 nomini,
2467 5599 2670 5678 scilicet
2700 5639 2860 5682 nunc,
2894 5624 3039 5687 quod
3072 5623 3191 5679 hoc,
3227 5623 3294 5671 de
3346 5631 3447 5682 quo
3476 5668 3479 5673 _
3504 5612 3677 5689 dictum

2208 5665 2417 5685 μυωιυι
2468 5665 2670 5678 ουκ-νυ.
2700 5665 2860 5682 μ..-,,,
2937 5665 3039 5671 ,ημ-
3072 5665 3191 5679 __"
3231 5665 3292 5671 ___
3391 5665 3437 5667 7V
3476 5668 3479 5673 h

2203 5669 2544 5759 aeternitatis.
2576 5700 2736 5764 unius
2753 5697 2852 5764 __de
2885 5665 3762 5764 lico,{tempgruajiguyortigf

2204 5750 3018 5843 Wiisaa‘iéssaaiéuur
3030 5750 3051 5767 "
3068 5750 3167 5831 ιοίῤ
3187 5750 3551 5830 litamen;
3569 5750 3758 5806 ιοωροτι·

2210 5766 2452 5779 Μ
