4024 6184
178 236 284 289 i289

1170 235 1491 291 GILBERTI
1528 235 1872 291 ΡΟΒΗΕΤᾸΞ
1912 238 2443 300 COMMENTARIA.

3376 254 3512 306 1290

168 362 282 438 libus
300 359 495 424 adjicias
525 361 777 438 semper),
811 359 973 409 facies
1002 360 1143 410 hanc
1165 360 1609 438 propositionem,
1643 364 1758 438 ejus
1790 368 1841 431 Α
1873 370 1998 438 mat.
2035 368 2186 418 Unde
2217 371 2557 420 manifestum
2596 380 2677 423 est
2706 374 2847 437 quod
2880 375 2997 438 ipsa
3027 388 3135 425 non
3171 376 3236 425 ab
3266 376 3512 427 habendo

172 432 284 496 quod
314 437 377 482 est
404 445 545 481 nunc
606 431 816 482 illarum
878 445 1173 489 morarum,
1210 446 1330 495 quas
1380 435 1611 483 subsunt
1656 434 1759 483 hoc

179 505 353 553 nomine
392 503 720 552 locutionum
784 503 1108 552 vicissitudo
1166 508 1476 563 commutat,
1524 504 1764 553 omnium

179 575 496 623 decedentium
539 579 591 624 et
647 574 1071 631 succedentium,
1139 581 1285 624 motu
1346 577 1496 639 quasi
1552 590 1766 625 cursum

176 647 408 710 quemdam
434 648 634 711 jugem,
667 646 785 695 sine
832 646 1260 703 intermissione,
1310 648 1767 711 indefessumque,

176 719 270 768 sine
295 719 670 775 terminatione,
732 733 793 767 ac
850 732 947 781 per
1007 718 1107 767 hoc
1156 724 1491 782 perpetuum,
1537 722 1768 783 quadam

171 792 432 840 aeternitatis
463 790 761 839 imitatione
794 804 806 838 :
840 789 1011 853 quod,
1044 788 1097 837 id
1133 794 1231 845 est,
1266 804 1388 853 quin
1426 806 1616 839 cursus
1646 804 1770 854 per-

174 862 374 924 petuitas,
404 862 718 910 collectione
750 875 1021 910 morarum
1079 861 1275 923 quibus
1330 861 1399 911 sit
1446 866 1642 918 motus,
1692 864 1772 910 est

171 947 276 981 vero
298 934 492 982 nomine
525 931 947 995 sempiternitas.
1009 931 1203 981 Differt
1254 936 1436 981 tamen
1494 948 1523 982 a
1578 946 1770 996 perpe-

168 1003 341 1059 tuitate,
368 1005 612 1065 quoniam
647 1004 747 1053 hoc
803 1002 1025 1052 nomine
1084 1003 1227 1065 quod
1290 1009 1371 1052 est
1437 1005 1771 1067 perpetuitas

166 1075 436 1137 intelligitur
471 1074 587 1123 sine
623 1075 912 1123 collatione
972 1073 1251 1132 collectio;
1298 1075 1401 1123 hoc
1448 1089 1593 1131 vero,
1626 1073 1770 1137 quod

166 1150 236 1194 est
261 1143 648 1208 sempiternitas,
681 1158 801 1193 cum
832 1142 1186 1203 collectione;
1210 1144 1423 1193 collatio
1455 1145 1772 1194 aeternitatis

166 1219 313 1265 autem
340 1216 546 1265 nomine
576 1220 851 1271 neutrum,
886 1214 937 1263 id
972 1223 1073 1270 est,
1124 1228 1301 1278 neque
1344 1214 1562 1265 collatio
1596 1230 1770 1278 neque

165 1287 384 1337 collectio.
411 1288 557 1335 Sicut
585 1285 728 1336 enim
759 1286 1077 1350 priedictum
1111 1290 1212 1346 est,
1249 1300 1357 1335 una
1405 1287 1683 1346 singulari,
1720 1294 1773 1339 et

161 1357 400 1407 individua
429 1363 481 1407 et
514 1357 766 1421 simplici,
800 1362 853 1407 et
886 1357 1131 1406 solitaria
1188 1370 1335 1405 mora
1383 1371 1502 1420 quae
1546 1361 1773 1406 vocatur

161 1432 408 1485 aeternitas,
440 1431 581 1479 Deus
616 1430 939 1492 praedicatur
970 1431 1190 1492 proprie
1236 1434 1476 1479 aeternus
1508 1446 1520 1480 :
1565 1431 1680 1479 hinc
1719 1434 1777 1481 et

159 1502 261 1551 sine
288 1501 546 1565 principio.
579 1505 631 1550 et
661 1501 933 1550 decisione
966 1504 1018 1549 et
1048 1500 1462 1550 continuatione
1515 1500 1640 1550 ideo
1687 1515 1771 1550 ca-

157 1587 260 1622 rere
289 1571 485 1633 dicitur,
516 1574 645 1636 quia
678 1573 815 1620 Deus
845 1585 907 1619 ea
941 1585 1051 1634 qua
1081 1570 1198 1627 fuit,
1233 1576 1285 1620 et
1315 1581 1411 1627 est,
1445 1576 1500 1621 et
1545 1573 1664 1630 erit,
1697 1586 1774 1621 es-

161 1645 311 1693 sentia
336 1644 570 1707 simplici,
606 1658 707 1693 nec
737 1648 877 1702 actu,
911 1657 1009 1692 nec
1040 1648 1234 1693 natura
1286 1642 1484 1692 desinit
1523 1657 1660 1704 esse,
1694 1644 1773 1693 vel

1875 436 1927 484 in
1960 452 2016 486 se
2052 439 2319 503 spiritum,
2352 442 2575 506 spiritus
2606 449 2684 495 est
2708 436 2997 503 {similiter
3035 453 3085 497 et
3116 448 3279 497 homo
3313 462 3421 497 non
3447 449 3512 498 ab

1872 507 2120 583 habendo
2151 512 2206 561 in
2240 528 2293 562 se
2326 515 2617 573 hominem,
2650 517 2812 567 homo
2850 522 2947 567 est.
3006 518 3091 568 Sic
3156 534 3281 583 ergo
3330 518 3517 583 praedi-

1874 580 2009 654 catio
2039 582 2142 631 alia
2167 590 2263 639 est.
2297 599 2403 648 qua
2436 600 2559 636 vere
2616 588 2889 638 inhmrens
2940 580 3520 654 inhaerere—praedica-

1875 652 1961 697 tur
1991 665 2004 708 ;
2041 653 2141 702 alia
2171 669 2291 717 quin
2326 658 2570 719 quamvis
2626 659 2797 707 forma
2862 652 3402 717 inhaerentium-ﬁat,
3437 666 3515 710 ta—

1876 734 1997 770 meu
2031 726 2105 773 ita
2137 729 2495 778 exterioribus
2552 731 2728 788 datur,
2789 737 2849 781 ut
2909 747 2970 781 ea
2998 731 3130 781 nihil
3161 732 3321 781 alicui
3355 734 3519 782 inhie-

1874 806 1990 843 rere
2035 798 2393 862 intelligatur.
2455 802 2621 865 Cujus
2680 803 3086 865 praedicationis
3136 804 3515 863 differentiam,

1875 868 2017 943 quod
2051 870 2251 943 scilicet
2279 872 2380 920 alia
2412 874 2479 922 sit
2506 873 2906 932 inhaerentium,
2952 874 3052 923 alia
3092 889 3200 925 non
3247 874 3517 925 inhaeren-

1876 940 2028 1010 tium.
2067 941 2141 989 sic
2171 943 2311 991 idem
2346 944 2627 993 conductis
2680 945 2731 993 in
2780 960 2947 995 unum
3001 947 3238 1009 utrisque
3278 945 3387 1010 jam
3428 960 3518 1009 po-

1876 1008 1989 1056 sitis
2022 1014 2301 1076 exemplis,
2357 1014 2561 1064 facilius
2624 1016 3061 1066 internoscimus.
3095 1008 3329 1067 Attende
3373 1008 3515 1079 quod

1875 1092 1985 1129 non
2015 1083 2090 1131 ait
2120 1086 2411 1142 nescimus,
2449 1088 2539 1135 sed
2572 1086 3005 1138 internoscimus.
3056 1090 3188 1138 Nam
3243 1087 3298 1136 in
3346 1103 3518 1152 oppo-

1877 1152 2009 1208 sitis,
2044 1159 2096 1204 et
2125 1158 2355 1206 maxime
2389 1158 2493 1207 illis
2522 1172 2644 1222 quae
2677 1166 2734 1208 ut
2764 1161 2829 1209 ad
2864 1159 3089 1224 aliquid,
3137 1165 3229 1209 aut
3278 1164 3336 1209 ut
3366 1160 3521 1209 habi-

1876 1226 1961 1271 tus
1992 1228 2045 1273 et
2074 1228 2317 1288 privatio,
2352 1233 2446 1278 aut
2503 1234 2561 1279 ut
2620 1230 2902 1281 affirmatio
2968 1236 3021 1281 et
3079 1231 3297 1293 negotio
3347 1245 3518 1294 oppo-

1877 1299 2102 1353 nuntur,
2130 1298 2388 1361 quoniam
2448 1302 2610 1349 unius
2665 1304 2801 1351 ratio
2863 1304 3263 1366 quodammodo
3321 1303 3522 1365 pendet

1880 1378 1943 1414 ex
1976 1368 2159 1428 altero,
2194 1376 2244 1419 et
2307 1371 2680 1421 vicissitudine
2736 1388 2882 1422 nunc
2952 1374 3071 1430 hoc,
3159 1388 3305 1423 nunc
3386 1372 3519 1422 illud

1879 1440 2180 1490 attendenti
2229 1443 2441 1491 facilius
2499 1444 2763 1506 contingit
2818 1446 3097 1508 utriusque
3156 1443 3409 1508 cognitio,
3469 1449 3522 1492 et

1878 1509 2215 1560 manifestius
2274 1518 2420 1574 patet
2494 1512 2809 1570 differentia,
2867 1515 2909 1562 si
2986 1513 3267 1577 utriusque
3324 1515 3376 1561 in
3436 1514 3519 1561 sui

1880 1577 1945 1625 ad
1999 1594 2053 1629 se
2104 1581 2568 1644 comparationem
2642 1584 2944 1645 propositis,
3002 1585 3067 1633 ab
3140 1599 3247 1633 uno
3331 1597 3516 1632 eorum

1880 1649 2082 1714 aliquid
2145 1658 2467 1707 removetur.
2532 1658 2589 1702 ut
2664 1655 2813 1704 alteri
2873 1656 3216 1714 conferatur;
3273 1659 3365 1704 aut
3422 1653 3515 1703 uni

158 1715 456 1780 οωρὶῑςρνο
489 1717 588 1765 hac
636 1722 812 1787 tamen
864 1716 1195 1787 perpetuitas
1252 1720 1304 1764 et
1351 1715 1769 1787 sempiternitas,
1798 1724 1844 1786 Β
1877 1722 2171 1781 confertur,
2206 1726 2356 1774 utab
2417 1725 2583 1773 altero
2639 1731 2993 1774 removeatur.
3040 1725 3109 1775 Ut
3167 1726 3217 1773 in
3278 1725 3379 1781 his,
3427 1726 3518 1787 qui

156 1789 379 1850 quoniam
435 1792 662 1850 utraque
721 1785 804 1835 sui
859 1800 1049 1834 cursus
1093 1784 1596 1834 interminabilitate
1653 1800 1769 1835 eam

153 1873 262 1922 qua:
288 1861 387 1908 sine
414 1862 561 1908 motu
593 1864 675 1907 est
710 1857 1162 1906 interminabilem
1197 1856 1509 1905 instantiam
1554 1858 1770 1906 (eterni-

149 1933 262 1980 tatis
286 1931 528 1992 imitatur,
559 1944 700 1993 smpe
732 1930 972 1993 ponitur,
1006 1942 1127 1977 cum
1156 1928 1363 1977 scilicet
1392 1928 1533 1977 Deus
1575 1942 1771 1991 perpe-

152 2008 268 2052 tuus
294 2018 346 2052 ac
374 2005 730 2066 sempiternus
763 2008 1002 2050 vocatur.

210 2076 393 2133 Rursus,
428 2076 550 2140 etc.]
584 2075 733 2133 Quod
769 2074 915 2123 nulla
982 2086 1068 2122 res
1125 2071 1195 2122 sit
1246 2073 1474 2136 aliquid,
1518 2074 1600 2123 vel
1648 2074 1767 2123 loco

149 2163 251 2212 quo
278 2149 442 2203 homo,
475 2152 526 2197 et
555 2145 863 2210 huiusmodi
923 2144 1029 2193 alia
1085 2158 1200 2194 esse
1258 2144 1474 2202 alicubi,
1518 2151 1569 2195 et
1630 2147 1768 2195 Deus

147 2223 329 2286 ubique
360 2235 469 2271 esse
499 2219 693 2268 dicitur
725 2233 737 2279 ;
770 2220 853 2266 vel
886 2221 1140 2286 tempore
1172 2230 1279 2279 quo
1329 2218 1509 2286 homo,
1562 2222 1615 2267 et
1662 2218 1766 2266 hu-

139 2285 357 2354 jusmodi
391 2287 673 2353 quodlibet
728 2300 842 2335 esse
894 2285 1207 2348 aliquando,
1255 2289 1307 2334 et
1363 2285 1506 2334 Deus
1553 2300 1768 2349 semper

144 2375 256 2411 esse
292 2360 677 2424 pronuntiatur,
711 2358 990 2419 hucusque
1025 2354 1179 2404 dixit.
1205 2354 1362 2403 Nunc
1386 2355 1452 2404 de
1501 2355 1682 2404 habitu
1714 2361 1768 2405 et

140 2436 336 2484 actione
364 2434 499 2481 idem
534 2431 662 2479 dicit
697 2431 771 2479 ita
805 2443 815 2476 :
862 2428 1085 2483 Rursus,
1138 2427 1336 2476 habere
1376 2433 1432 2476 et
1477 2428 1668 2485 facere,
1709 2428 1764 2478 id

137 2511 215 2555 est
240 2503 445 2554 habitus
476 2508 530 2553 et
560 2503 718 2557 actio,
752 2501 938 2550 eodem
971 2499 1131 2548 modo
1163 2512 1270 2561 quo
1293 2499 1440 2548 locus
1470 2505 1523 2548 et
1554 2504 1765 2563 tempus

136 2578 201 2627 de
229 2578 326 2626 Deo
357 2581 404 2625 et
433 2576 549 2624 aliis
572 2574 954 2637 prmdicantur.
1013 2570 1176 2620 Verbi
1227 2569 1401 2634 gratia
1451 2574 1646 2620 etenim
1700 2572 1765 2621 de

134 2650 342 2697 homine
371 2648 613 2707 dicimus,
644 2643 994 2709 praedicando
1030 2643 1289 2703 habitum,
1322 2643 1548 2691 vestitus
1577 2658 1590 2701 ;
1627 2656 1765 2705 prie-

132 2720 350 2769 dicando
382 2718 668 2776 actionem,
707 2716 889 2764 currit.
937 2716 1009 2763 l)e
1061 2714 1171 2763 Deo
1222 2727 1368 2769 vero,
1418 2714 1763 2775 praedicando

129 2791 382 2847 habitum,
441 2792 635 2837 cuncta
691 2786 993 2851 possidens,
1055 2789 1108 2833 et
1185 2785 1530 2847 praedicando
1603 2786 1761 2835 actio-

125 2877 272 2919 nem,
302 2862 449 2924 regit.
470 2861 601 2908 Ecce
633 2857 775 2921 quod
842 2857 924 2904 his
974 2856 1172 2914 verbis,
1196 2869 1380 2904 rursus
1420 2855 1572 2918 quasi
1606 2860 1765 2918 prout

125 2935 195 2983 de
225 2947 284 2982 eo
310 2933 421 2982 loco
454 2936 505 2981 et
534 2935 773 2993 tempore
806 2928 1057 2981 diximus,
1111 2924 1248 2974 nihil
1302 2925 1366 2974 de
1409 2926 1669 2989 uirisque,
1710 2926 1762 2975 id

124 3008 213 3055 est
241 3018 404 3067 neque
435 3004 499 3051 de
531 2999 747 3049 homine
781 3012 953 3061 neque
986 2999 1051 3046 de
1097 2996 1207 3045 Deo
1264 2996 1463 3045 dictum
1523 3000 1605 3045 est
1636 3011 1645 3044 :
1690 2998 1765 3046 ita

1876 1791 2037 1841 homo
2069 1799 2185 1856 est;
2222 1800 2277 1843 ut
2305 1797 2468 1851 Plato,
2496 1796 2581 1843 vel
2634 1797 2836 1853 Cicero,
2869 1797 2954 1845 vel
3010 1798 3270 1859 Typhon;
3298 1795 3379 1844 vel
3422 1794 3518 1857 qui

1877 1863 2017 1913 Deus
2047 1869 2141 1919 est.
2176 1872 2235 1915 ut
2263 1866 2435 1920 Pater.
2501 1867 2581 1915 vel
2631 1867 2808 1927 Filius,
2879 1867 2964 1916 vel
3010 1866 3241 1930 Spiritus
3282 1871 3515 1913 sanctus.

1872 1937 2024 1995 Quod
2057 1938 2251 1988 dicitur
2280 1941 2492 1988 illorum
2517 1939 2743 2002 quilibet
2792 1955 2906 1989 esse
2964 1941 3145 1997 homo,
3177 1940 3258 1989 vel
3302 1939 3513 1987 illorum

1872 2010 2097 2070 quilibet
2126 2024 2242 2060 esse
2273 2012 2429 2066 Deus,
2463 2010 2698 2060 refertur
2728 2011 2792 2060 ad
2820 2012 3193 2068 substantiam,
3239 2024 3347 2061 non
3396 2024 3516 2073 quae

1873 2084 1968 2142 est,
2001 2081 2090 2130 sed
2125 2096 2230 2145 qua
2262 2085 2358 2135 est.
2406 2082 2458 2130 id
2519 2085 2617 2138 est,
2668 2095 2777 2130 non
2837 2082 2903 2131 ad
2960 2082 3363 2138 subsistentem,
3421 2080 3512 2129 sed

1871 2153 1936 2201 ad
1960 2152 2379 2201 subsistentiam.
2410 2152 2529 2200 Non
2589 2154 2732 2201 enim
2786 2154 3086 2203 subsistens
3140 2156 3374 2212 tantum,
3422 2150 3515 2200 sed

1871 2225 2026 2273 etiam
2085 2224 2434 2273 subsistentia
2494 2224 2800 2287 appellatur
2854 2225 3174 2281 substantia,
3232 2239 3294 2273 eo
3369 2222 3514 2286 quod

1874 2300 2098 2359 utraque
2131 2294 2517 2351 accidentibus,
2545 2294 2768 2345 diversis
2823 2299 2999 2345 tamen
3058 2296 3357 2345 rationibus
3397 2295 3517 2342 sub-

1870 2371 2031 2416 stant.
2063 2366 2370 2416 Subsistens
2395 2365 2558 2429 igitur
2586 2370 2667 2415 est
2701 2367 3024 2429 substantia,
3075 2380 3186 2416 non
3243 2380 3350 2429 qua
3404 2366 3510 2414 ali-

1869 2452 1974 2501 qua
2004 2452 2180 2487 rerum
2213 2443 2292 2487 est
2330 2436 2583 2500 aliquid:
2646 2437 2780 2486 nihil
2839 2440 2980 2488 enim
3042 2438 3367 2488 subsistente
3430 2444 3512 2486 est

1871 2509 2092 2573 aliquid,
2125 2509 2212 2557 sed
2249 2513 2329 2557 est
2354 2509 2443 2557 illa
2499 2509 2802 2557 substantia
2861 2524 2977 2573 qua:
3029 2514 3109 2559 est
3138 2509 3361 2574 aliquid.
3385 2510 3515 2559 Sub-

1870 2580 2117 2631 sistentia
2150 2596 2277 2630 vero
2309 2585 2390 2629 est
2446 2580 2767 2635 substantia,
2818 2595 2928 2631 non
2982 2584 3066 2631 cui
3116 2583 3245 2645 quid
3290 2584 3513 2643 nitatur,

1870 2666 1977 2716 quo
2007 2653 2123 2715 ipsa
2151 2650 2354 2713 aliquid
2411 2652 2495 2711 sit,
2546 2652 2637 2701 sed
2696 2666 2803 2714 qua
2859 2653 3032 2701 solum
3091 2652 3393 2702 subsistens
3434 2658 3517 2702 est

1870 2724 2089 2789 aliquid,
2121 2724 2173 2771 id
2206 2727 2301 2780 est,
2334 2726 2415 2771 est
2461 2722 2644 2783 homo,
2698 2724 2783 2771 vel
2847 2728 2925 2772 est
2975 2724 3137 2779 Deus,
3178 2728 3237 2773 ut
3292 2722 3518 2786 quilibet

1868 2795 2078 2843 illorum
2124 2795 2656 2856 praenominatorum.
2732 2793 2986 2843 Similiter
3037 2795 3129 2856 qui
3183 2794 3363 2858 justus
3420 2799 3515 2850 est,

1869 2865 1970 2913 hoc
1995 2865 2135 2927 quod
2170 2864 2364 2913 dicitur
2394 2878 2510 2913 esse
2540 2863 2737 2925 justus,
2784 2865 3014 2913 refertur
3070 2865 3134 2913 ad
3184 2864 3517 2925 qualitatem,

1869 2938 1920 2985 id
1972 2942 2051 2985 est
2107 2936 2428 2999 intelligitur
2485 2951 2600 2985 esse
2662 2935 2843 3000 justus
2902 2936 3178 3000 qualitate,
3237 2951 3345 2986 nou
3397 2949 3517 2999 quae

1869 3007 2048 3070 aliquo
2069 3008 2169 3055 sibi
2201 3009 2408 3056 nitente
2468 3008 2537 3055 sit
2590 3007 2815 3071 aliquid,
2871 3008 2962 3056 sed
3021 3021 3130 3070 qua
3168 3008 3370 3057 scilicet
3398 3007 3519 3056 sub-

125 3076 271 3140 quod
302 3076 458 3149 dictio
491 3071 836 3149 intelligenda
867 3068 1063 3149 sitmde
1121 3082 1184 3117 eo
1232 3068 1384 3149 quod-
1425 3074 1505 3118 est
1547 3081 1680 3149 esse,
1711 3068 1762 3117 id
1797 3082 1839 3149 ρ
1877 3068 2090 3149 δίεῇθυε,
2128 3077 2212 3126 cui
2267 3076 2385 3140 ipsa
2440 3077 2648 3134 nititur,
2678 3068 2781 3126 ‘est
2840 3068 3064 3141 aliquid;
3124 3078 3177 3127 id
3235 3082 3332 3135 εει,
3389 3092 3519 3127 νει-α

125 3152 211 3197 est
241 3161 297 3197 ex
328 3147 427 3195 hoc
458 3158 639 3200 sensu,
671 3142 815 3205 quod
846 3141 1099 3189 vestitum
1138 3152 1275 3194 esse,
1306 3140 1387 3187 vel
1421 3152 1635 3188 currere
1668 3140 1767 3188 ho-

123 3222 341 3274 minem,
374 3217 635 3279 sitipsum
670 3213 873 3276 aliquid
904 3225 1054 3271 esse;
1104 3214 1156 3259 et
1189 3210 1332 3273 quod
1382 3212 1545 3259 Deum
1595 3212 1765 3273 possi-

122 3295 253 3342 dere
282 3296 471 3342 cuncta
501 3290 584 3339 vel
615 3301 818 3351 regere,
852 3287 921 3335 sit
950 3299 1071 3335 eum
1102 3284 1303 3348 aliquid
1335 3298 1449 3334 esse
1476 3300 1488 3343 ;
1524 3286 1769 3348 quamvis

119 3365 218 3429 qui
251 3365 472 3413 vestitus
507 3365 587 3409 est
616 3361 693 3407 vel
742 3358 925 3417 currit,
963 3356 1048 3429 sit
1086 3356 1318 3429 aliquid,
1352 3360 1404 3429 et
1447 3358 1537 3420 qui
1577 3362 1769 3406 cuncta

116 3426 365 3498 possidet
394 3433 475 3482 vel
507 3432 665 3493 regit,
698 3428 899 3492 aliquid
933 3426 1020 3476 sit.
1077 3428 1177 3477 Sed
1237 3427 1415 3476 omnis
1453 3433 1585 3498 haec
1616 3429 1766 3477 habi-

118 3497 279 3555 tuum
312 3510 471 3568 atque
513 3503 783 3551 actionum
833 3499 1143 3561 praedicatio
1193 3497 1547 3547 exterioribus
1593 3499 1767 3547 datur.

113 3579 297 3641 thue
328 3576 428 3625 hoc
458 3574 575 3624 aliis
605 3572 782 3620 verbis
813 3572 1021 3618 dicatur
1053 3585 1063 3617 :
1096 3570 1223 3619 Hinc
1276 3571 1472 3627 omnia,
1509 3569 1561 3617 id
1610 3573 1692 3617 est
1722 3574 1773 3618 et

113 3640 343 3699 habitus
372 3652 424 3697 et
449 3648 704 3699 actiones,
742 3643 806 3691 de
837 3642 1032 3705 quibus
1062 3654 1207 3689 nunc
1236 3640 1527 3702 loquimur,
1565 3644 1618 3688 et
1656 3641 1771 3689 loca

115 3725 178 3772 et
209 3727 470 3785 tempore,
503 3718 567 3767 de
597 3716 792 3777 quibus
823 3713 1188 3785 praediximus,
1238 3712 1647 3785 quodammodo
1692 3726 1770 3785 re-

107 3782 372 3843 feruntur
400 3791 463 3839 ad
498 3787 660 3843 aliud,
686 3786 738 3834 id
771 3789 853 3835 est
883 3783 1004 3833 aliis
1034 3798 1196 3847 quam
1237 3782 1323 3831 his
1368 3784 1567 3845 quibus
1610 3782 1774 3846 quod-

102 3869 255 3919 libet
301 3865 601 3914 subsistens
658 3863 738 3908 est
789 3856 1011 3920 aliquid,
1070 3859 1223 3918 putat
1279 3868 1434 3903 mens
1494 3854 1775 3904 rationalis

104 3936 339 4001 aliquod
374 3931 801 4001 subsistentium,
828 3929 927 4001 vel
979 3941 1094 4001 esse
1139 3925 1355 4001 alicubi,
1392 3926 1637 4001 vel-esse
1686 3924 1775 4001 ali:

102 3997 366 4076 quando,
401 3999 886 4076 facere_aliquid_;
948 4003 1002 4048 et
1056 3999 1219 4076 Deum
1273 3997 1356 4047 vel
1423 3997 1774 4076 ubiquekvel

99 4069 334 4143 semper
363 4090 497 4128 esse,
536 4073 618 4123 vel
674 4072 950 4135 possidere
1008 4070 1106 4143 vel
1152 4083 1342 4143 regere
1366 4082 1487 4143 qum
1539 4069 1776 4143 possidet

98 4158 211 4204 aut
240 4138 403 4212 regit.
443 4146 569 4194 Nam
603 4145 700 4192 etsi
733 4143 853 4205 quis
896 4140 1199 4189 naturalem
1258 4138 1500 4187 habitum
1560 4140 1771 4202 cogitet,

93 4236 277 4291 quem
313 4217 472 4269 multi
498 4215 803 4279 philosOphi
835 4213 1089 4291 digerunt
1137 4225 1253 4291 esse
1301 4212 1681 4291 substantiam,
1722 4215 1776 4259 et

91 4283 235 4361 éjue
260 4292 353 4341 vel
401 4302 619 4338 accessu
678 4284 1099 4347 generationem,
1152 4283 1235 4332 vel
1286 4283 1538 4332 abscessu
1590 4296 1775 4331 corru-

84 4356 367 4434 ptionem
400 4360 713 4422 contingere
749 4371 759 4405 :
796 4360 852 4405 ut
892 4359 1208 4434 animatum,
1241 4359 1539 4434 manutum,
1571 4356 1775 4434 capita:

82 4423 247 4493 tum,
285 4438 343 4483 et
376 4428 712 4494 hujus-modi,
772 4441 869 4475 nec
932 4439 993 4474 eo
1049 4425 1209 4473 etiam
1268 4424 1321 4472 id
1354 4423 1507 4485 cujus
1538 4424 1601 4470 ad
1634 4424 1776 4474 aliud

78 4519 389 4560 concursu
418 4504 645 4550 vocatur
702 4499 937 4557 habitus,
997 4510 1114 4545 esse
1175 4494 1377 4556 aliquid
1436 4494 1775 4555 intelligitur.

76 4584 240 4631 Nam
284 4576 391 4625 etsi
422 4587 537 4623 esse
564 4569 860 4631 hominem,
893 4568 1036 4631 quod
1091 4571 1174 4615 est
1230 4580 1362 4625 esse,
1411 4565 1612 4627 aliquid
1660 4579 1782 4615 con.

80 4655 235 4707 fert,
280 4647 373 4697 vel
406 4644 581 4694 aufert
607 4644 797 4705 partim
859 4642 1173 4694 animatum,
1223 4635 1415 4698 partim
1466 4637 1782 4699 capitatum,

76 4722 313 4789 partim
350 4720 659 4771 manutum,
693 4713 914 4789 minime
949 4709 1242 4789 tamen‘vel
1270 4721 1483 4786 corpus,
1516 4708 1615 4789 cui.
1652 4722 1785 4789 con-_-

64 4778 374 4859 jungitur
428 4788 609 4837 anima
642 4801 655 4843 ;
717 4783 801 4832 vel
836 4788 1081 4859 truncus
1138 4778 1356 4859 humani
1391 4780 1665 4859 corporis,
1699 4781 1782 4829 cui

72 4849 489 4927 Iconi-ungitur
524 4860 682 4919 caput
717 4872 729 4913 ;
766 4853 851 4902 vel
883 4853 1133 4927 lacertus,
1166 4851 1249 4927 cui
1281 4849 1629 4927 conjungitur
1672 4865 1783 4899 ma-

70 4921 233 4998 nus;
277 4921 608 4994 et‘quorum
641 4941 906 4977 concursu
959 4927 1013 4973 in
1055 4924 1273 4998 homine
1327 4921 1787 4998 quodlibetrprie-

71 4995 400 5058 dictorum
433 5002 630 5050 dicitur
666 5000 899 5055 habitus,
957 4998 1055 5044 hac
1107 4995 1361 5059 junctura
1417 4997 1501 5041 est
1560 4995 1783 5058 aliquid.

64 5078 263 5141 Quod
305 5081 397 5124 est
428 5077 609 5121 autem
643 5085 707 5120 ex
771 5069 994 5118 alterius
1050 5068 1118 5141 ad
1169 5066 1392 5141 alterum
1435 5078 1696 5141 concursu
1730 5069 1786 5115 in

64 5137 151 5204 ρό
190 5150 306 5214 qui
346 5150 565 5196 constat
595 5158 653 5193 ex
713 5142 808 5201 eis,
867 5143 981 5214 ipse
1033 5139 1122 5214 qui
1170 5137 1552 5214 constathaac
1589 5140 1785 5214 habere

60 5208 356 5276 dice—tur,
397 5224 457 5266 ut
508 5218 779 5265 animatus
843 5214 908 5262 ab
970 5208 1222 5259 habendo
1275 5210 1515 5269 Junctam
1574 5209 1785 5271 corpori

54 5299 389 5349 animam,
414 5296 468 5341 et
501 5290 769 5352 capitatus
801 5288 867 5336 ab
897 5284 1149 5333 habendo
1176 5281 1423 5346 junctum
1472 5285 1662 5331 trunco
1694 5284 1786 5333 hu-

48 5367 249 5419 mani
292 5364 552 5426 corporis
584 5367 763 5424 caput,
793 5362 846 5406 et
876 5361 1130 5406 manutus
1162 5355 1227 5401 ah
1274 5352 1523 5401 habendo
1568 5367 1785 5403 manum

32 5443 369 5507 junctam
402 5436 607 5484 lacerto
642 5448 653 5480 :
687 5446 749 5481 ex
926 5432 1098 5507 patet,
1159 5438 1279 5488 qum
1337 5429 1452 5473 toto
1502 5426 1681 5507 aliquo
1713 5427 1788 5476 ita

40 5499 214 5563 sunt
258 5506 513 5572 aliquid,
547 5510 605 5553 ut
636 5515 744 5552 non
779 5502 847 5548 sit
885 5500 1074 5572 aliqua
1123 5510 1244 5572 pars
1290 5499 1591 5572 eorum.__ad
1619 5511 1785 5572 quam

40 5584 302 5637 eniam,
347 5568 485 5627 dum
523 5576 737 5625 illorum
770 5571 1030 5635 quidlibet
1060 5582 1123 5616 eo
1155 5571 1266 5615 toto
1299 5580 1414 5615 esse
1468 5568 1664 5628 aliquid
1697 5584 1788 5617 co-

37 5657 259 5720 gitat,
308 5652 525 5699 intuitu
560 5645 756 5720 mentis
786 5643 1027 5704 aspiciat.
1061 5640 1127 5689 L't
1162 5638 1204 5720 si
1236 5638 1359 5700 quis
1406 5639 1641 5720 animam
1683 5641 1788 5720 rapi-

40 5710 269 5778 ritum)
311 5736 447 5772 esse
507 5719 727 5781 cogitet,
785 5723 1127 5777 nequaquam
1187 5710 1288 5781 hoc
1346 5710 1629 5769 cogitando
1690 5711 1791 5760 hoc

38 5810 206 5849 eam
254 5807 403 5844 esse
431 5780 732 5841 secundum
763 5784 996 5849 aliquam
1048 5780 1291 5845 ejusdem
1349 5784 1554 5842 partem
1606 5781 1792 5831 existi-

467 5904 736 5963 Pnsoa.
781 5893 983 5957 LXIV.

1878 3147 2084 3198 ratione
2142 3149 2354 3198 essendi
2416 3152 2497 3197 est
2547 3150 2744 3211 justus.
2799 3149 2995 3197 Eodem
3068 3150 3229 3198 modo
3287 3148 3380 3213 qui
3438 3154 3519 3197 est

1875 3234 2120 3281 magnus,
2154 3220 2254 3269 hoc
2283 3220 2427 3283 quod
2459 3220 2658 3269 dicitur
2710 3234 2825 3269 esse
2883 3234 3125 3283 magnus,
3178 3223 3407 3270 refertur
3448 3220 3513 3268 ad

1874 3294 2246 3355 quantitatem,
2279 3306 2389 3342 non
2431 3306 2550 3355 quae
2614 3292 2716 3341 alio
2767 3291 3009 3355 quolibet
3056 3292 3252 3355 aliquid
3298 3291 3387 3348 sit,
3422 3292 3515 3340 sed

1875 3378 1985 3427 qua
2008 3364 2326 3423 subsistens,
2370 3365 2453 3413 cui
2512 3363 2702 3415 nititur
2761 3364 2894 3426 ipsa,
2927 3368 3007 3413 est
3054 3364 3281 3427 aliquid,
3331 3364 3383 3412 id
3439 3370 3521 3412 est

1872 3449 2002 3484 vera
2033 3434 2244 3484 essendi
2296 3436 2503 3484 ratione
2547 3439 2626 3484 est
2683 3448 2958 3497 magnus:
3017 3435 3162 3496 quod
3220 3434 3516 3483 secundum

1876 3504 2207 3568 quantitates
2254 3502 2569 3568 spatiorum,
2621 3503 2673 3553 id
2723 3510 2803 3553 est
2866 3504 3151 3560 linearum,
3207 3505 3520 3567 superﬁcie-

1874 3590 2010 3632 rum,
2056 3577 2401 3633 soliditatum,
2463 3576 2788 3639 intelligitur
2845 3590 2981 3625 esse.
3039 3575 3182 3624 Nihil
3237 3576 3377 3625 enim
3440 3576 3522 3623 vel

1878 3652 2095 3710 puncto,
2122 3648 2206 3696 vel
2239 3648 2462 3704 unitate,
2494 3648 2575 3696 vel
2634 3660 2882 3703 numero,
2940 3648 3023 3695 vel
3076 3647 3212 3704 loco,
3244 3647 3331 3695 vel
3388 3651 3525 3694 tem-

1878 3732 2005 3781 pore
2037 3732 2287 3777 maguum
2315 3722 2410 3767 est.
2462 3717 2589 3767 Haec
2638 3731 2766 3779 ergo
2816 3723 2960 3773 sunt,
2994 3717 3045 3765 id
3096 3721 3193 3777 est,
3226 3716 3527 3766 subsisten-

1876 3789 1983 3844 tire,
2029 3787 2332 3852 qualitates,
2392 3790 2741 3852 quantitates,
2802 3790 3097 3848 spatiorum
3150 3789 3345 3850 quibus
3399 3784 3526 3835 solis

1877 3860 2172 3909 subsistens
2206 3874 2321 3908 esse
2379 3860 2581 3922 aliquid
2643 3860 2980 3921 praedicatur.
3039 3858 3168 3908 Nam
3216 3857 3272 3908 in
3299 3858 3523 3913 caeteris,

1878 3932 1930 3980 id
1963 3937 2043 3979 est
2072 3936 2387 3980 caeterorum
2448 3930 2943 3993 praedicationibus,
2992 3930 3124 3978 nihil
3180 3931 3285 3979 tale
3342 3935 3438 3985 est,
3470 3928 3522 3977 id

1880 4006 1963 4053 est
1990 4004 2138 4051 nullo
2165 4003 2414 4061 aliorum,
2448 4004 2550 4052 hoc
2599 4008 2697 4059 est,
2747 4016 2920 4065 neque
2965 4001 3358 4065 quantitatibus
3401 4002 3523 4062 illis,

1878 4074 2075 4137 quibus
2107 4074 2241 4122 nihil
2292 4080 2373 4123 est
2430 4087 2707 4138 magnum,
2766 4087 2938 4135 neque
2989 4072 3213 4121 aliorum
3267 4084 3523 4135 generum

1879 4143 2313 4206 prmdicamentis
2357 4143 2655 4192 subsistens
2716 4146 2795 4190 est
2838 4142 3057 4204 aliquid.
3109 4142 3336 4196 Etenim,
3376 4140 3521 4189 verbi

1879 4214 2066 4277 gratia,
2101 4213 2193 4276 qui
2231 4214 2358 4261 dicit
2387 4214 2617 4275 aliquem
2662 4214 2717 4261 in
2769 4213 2884 4261 foro
2933 4226 3063 4269 esse,
3111 4217 3169 4260 ut
3205 4211 3520 4266 hominem;

1880 4284 1963 4333 vel
1992 4298 2106 4332 esse
2145 4285 2361 4345 ubique,
2409 4290 2468 4332 ut
2517 4286 2702 4337 Deum,
2744 4282 2906 4330 refert
2957 4283 3170 4344 quidem
3219 4282 3283 4329 ad
3333 4281 3525 4343 praedi-

1881 4360 2184 4403 camentum
2218 4356 2361 4416 quod
2392 4357 2471 4402 est
2501 4354 2611 4414 ubi,
2639 4355 2691 4402 id
2723 4358 2803 4402 est
2832 4352 2963 4410 loco,
2996 4353 3088 4412 qui
3135 4365 3199 4400 ex
3244 4350 3525 4399 collatione

1809 4448 1853 4511 D
1887 4423 2038 4511 solet.
2072 4424 2237 4511 accipi
2282 4424 2583 4511 accidente;
2636 4422 2737 4511 hoc
2793 4436 2922 4511 esse:
2957 4421 3241 4484 intelligit;
3293 4421 3383 4469 sed
3418 4433 3524 4503 non

1889 4508 1995 4559 quo
2026 4494 2140 4543 loco
2172 4494 2367 4556 aliquis
2396 4494 2502 4547 ille.
2534 4494 2583 4541 id
2619 4496 2715 4552 est,
2753 4494 2836 4541 vel
2894 4493 3074 4547 homo,
3106 4505 3264 4554 quem
3309 4505 3424 4541 esse
3472 4491 3529 4539 in

1889 4565 2005 4615 foro
2038 4580 2051 4624 ;
2084 4564 2168 4613 vel
2213 4564 2373 4619 Deus,
2427 4578 2587 4627 quem
2652 4577 2767 4613 esse
2814 4563 2905 4612 ubi
2954 4563 3098 4618 dicit,
3143 4577 3269 4612 vera
3315 4561 3528 4611 essendi

1886 4636 2095 4684 ratione
2128 4639 2210 4684 est
2266 4635 2490 4697 aliquid,
2552 4635 2701 4684 velut
2752 4648 2875 4683 vere
2928 4638 3009 4683 est
3062 4634 3259 4695 justus,
3302 4632 3531 4695 justitia.

1888 4706 2018 4755 Item
2053 4719 2170 4754 cum
2199 4706 2341 4764 dico,
2365 4707 2541 4755 currit
2568 4706 2750 4759 homo,
2777 4706 2861 4753 vel
2897 4707 3031 4767 regit
3054 4705 3213 4760 Deus,
3244 4705 3327 4754 vel
3373 4704 3532 4753 homo

1888 4791 2035 4826 nunc
2064 4780 2162 4839 est,
2186 4777 2265 4825 vel
2300 4778 2437 4825 Deus
2496 4791 2707 4839 semper
2760 4783 2854 4835 est,
2907 4776 3133 4825 refertur
3186 4777 3402 4840 quidem
3450 4776 3534 4826 vel

1888 4850 1952 4897 ad
1988 4851 2179 4905 facere,
2214 4854 2273 4897 ut
2301 4848 2485 4905 currit,
2520 4854 2571 4898 et
2597 4849 2732 4911 regit
2764 4865 2778 4909 ;
2808 4849 2889 4898 vel
2919 4850 2984 4897 ad
3017 4852 3248 4912 tempus,
3283 4854 3339 4898 ut
3368 4862 3532 4907 nunc,

1891 4929 1944 4973 et
1974 4937 2205 4985 semper.
2237 4922 2338 4971 Sed
2372 4928 2552 4971 tamen
2614 4922 2743 4970 illud
2804 4921 3045 4971 divinum
3083 4928 3313 4981 tempus,
3344 4923 3394 4970 id
3453 4926 3533 4971 est

1890 4996 2161 5043 aeternitas
2197 4994 2437 5056 simplex,
2473 4993 2711 5054 interim,
2741 4994 2867 5042 dum
2927 4993 3127 5043 scilicet
3167 4994 3308 5055 quod
3343 4994 3539 5055 cogita-

1892 5079 2011 5113 mus
2063 5064 2292 5126 pmprim
2354 5064 2762 5125 signiﬁcationis
2827 5065 3005 5112 verbis
3079 5064 3366 5125 explanare
3425 5074 3534 5111 non

1892 5151 2196 5199 possumus,
2230 5143 2281 5185 et
2305 5138 2485 5199 aliqua
2515 5138 2883 5199 proportionis
2914 5136 3120 5185 ratione
3149 5137 3313 5185 verba
3358 5142 3535 5185 trans-

1892 5209 2133 5266 ferimus,
2166 5212 2342 5269 potest
2373 5207 2475 5256 dici
2506 5221 2736 5269 semper,
2767 5207 2912 5270 quod
2955 5208 3176 5256 verbum
3221 5221 3329 5256 non
3380 5206 3536 5256 modo

1892 5295 1955 5329 ex
1987 5280 2307 5335 collationis,
2352 5280 2442 5327 sed
2502 5283 2662 5327 etiam
2720 5279 3051 5327 collectionis
3106 5277 3302 5327 dicitur
3356 5292 3537 5328 sensu.

1892 5352 1995 5401 Sed
2028 5364 2135 5399 non
2169 5366 2181 5407 ;
2217 5351 2371 5413 quasi
2404 5366 2417 5398 :
2450 5349 2681 5399 refertur
2723 5349 2940 5411 quidem
3003 5351 3166 5397 currit
3212 5354 3265 5398 et
3310 5352 3445 5411 regit
3475 5351 3540 5399 ad

1889 5427 2081 5483 facere,
2113 5435 2248 5469 nunc
2278 5426 2330 5469 et
2378 5435 2576 5482 semper
2624 5422 2689 5469 ad
2743 5424 2982 5483 tempus;
3024 5421 3279 5483 quoniam
3334 5423 3544 5469 actione

1894 5496 2061 5543 currit
2089 5494 2171 5540 vel
2205 5493 2357 5551 regit,
2416 5499 2655 5555 tempore
2714 5505 2859 5541 nunc
2924 5494 3003 5540 vel
3062 5506 3279 5554 semper
3306 5499 3404 5543 est.
3440 5493 3543 5542 Sed

1894 5580 2002 5616 non
2035 5579 2143 5627 quo
2181 5564 2361 5626 aliquo
2397 5565 2637 5625 istorum,
2673 5563 2724 5612 id
2758 5567 2855 5620 est,
2884 5564 2970 5612 vel
3023 5578 3185 5613 cursu
3234 5563 3416 5619 homo.
3466 5567 3550 5614 vel

1894 5638 2155 5699 regimine
2211 5635 2373 5691 Deus,
2430 5636 2514 5684 vel
2577 5641 2814 5698 tempore
2877 5636 3058 5692 homo,
3114 5636 3198 5683 vel
3258 5638 3416 5691 Deus,
3476 5635 3556 5681 est

1896 5707 2116 5770 aliquid,
2146 5709 2291 5759 velut
2330 5713 2553 5771 uterque
2609 5708 2844 5770 ipsorum
2903 5712 2989 5754 est
3029 5708 3401 5767 magnitudine
3462 5704 3556 5752 ali-

1897 5778 2050 5845 quid,
2077 5780 2129 5829 id
2160 5784 2242 5829 est
2286 5791 2533 5842 magnus.
2591 5776 2849 5827 Similiter
2906 5776 3124 5826 habitus
3184 5777 3316 5828 nulli
3371 5784 3560 5827 eorum

3175 5890 3254 5951 41
