4024 6184
582 241 717 295 1291

1808 240 1881 295 ΙΝ
1921 234 2188 294 LIBRUM
2226 234 2318 290 DE
2357 236 2734 296 TRINITATE

3718 262 3813 318 4292

574 382 806 441 quorum
836 382 1101 418 concursu
1132 367 1327 417 dicitur
1380 368 1612 427 habitus,
1671 382 1789 419 esse
1857 365 2061 431 aliquid
2093 379 2223 415 con-
2253 365 2305 430 Α
2340 380 2436 415 vus
2457 367 2688 441 relativa
2720 368 2943 441 nomina
2972 374 3116 425 sunt.
3146 370 3341 434 quibus
3366 372 3422 423 de
3454 374 3523 424 his
3548 391 3639 441 qua
3681 385 3727 433 ad
3765 388 3825 439 ali.

572 439 676 489 fert
707 455 719 489 :
756 440 823 489 de
853 454 961 504 quo
995 441 1047 488 id
1081 453 1190 489 non
1218 440 1559 503 recapitulat,
1596 441 1703 498 ubi,
1759 442 1986 503 exempli
2029 441 2221 502 gratia,

574 515 770 560 caetera
801 512 867 559 de
924 511 1121 573 quibus
1184 513 1355 575 magis
1408 512 1691 561 videbatur
1747 518 2087 563 rememorat.
2153 510 2228 559 De

575 584 839 632 relatione
873 583 1010 631 idem
1049 582 1277 631 inferius
1308 581 1470 632 latius
1495 582 1743 633 dicturus
1776 589 1875 633 est.
1912 584 2056 633 Situs
2091 596 2230 645 quo-

575 667 679 716 que
710 660 763 702 et
793 654 973 716 passio
1004 653 1112 702 illis
1142 656 1208 703 de
1238 654 1435 717 quibus
1469 656 1853 717 praedicantur,
1889 670 1996 704 non
2024 653 2230 703 coul‘er-

576 732 665 775 tur
694 728 893 790 aliquid
930 742 1068 785 esse,
1100 728 1355 791 quoniam
1420 727 1554 790 ipsis
1607 734 1659 778 et
1718 730 1950 777 maxime
1981 728 2091 777 Deo
2122 739 2229 776 non

576 796 766 846 insunt
796 814 807 847 ε
843 812 966 847 nam
1003 801 1160 847 situm
1195 800 1616 861 passionemque
1644 801 1844 862 requiri
1877 801 1934 848 in
1959 799 2069 848 Deo
2120 810 2231 845 non

582 873 798 930 oportet
830 886 843 929 ;
881 884 1054 932 neque
1083 870 1226 918 enim
1259 868 1316 917 in
1351 870 1461 918 Deo
1492 875 1637 928 sunt,
1672 872 1811 920 sicut
1842 885 1940 919 nec
1969 870 2024 918 in
2071 873 2234 918 caste-

579 941 651 988 ris
684 942 1125 990 subsistentibus.

639 1012 839 1069 Janme,
872 1012 996 1077 ets.]
1043 1014 1327 1077 Hucusque
1383 1012 1823 1075 praedicationum
1878 1012 2233 1062 differentiam

581 1085 845 1148 exemplis
904 1087 1445 1147 praedicamentorum
1497 1086 1693 1134 diversi
1751 1087 1963 1145 generis
2007 1085 2234 1134 demon-

579 1158 786 1214 stravit,
846 1158 988 1206 unde
1046 1157 1368 1219 generaliter
1449 1157 1727 1206 concludit
1819 1155 2236 1221 praedicationes

577 1228 792 1278 differre
836 1230 955 1277 aliis
998 1230 1193 1287 verbis,
1238 1228 1481 1277 eamdem
1531 1227 1896 1277 diﬂ‘erentiam
1946 1228 2232 1289 replicans,

579 1299 669 1351 Ait
702 1313 828 1362 ergo
861 1313 873 1347 ;
904 1301 1093 1374 Jamne
1118 1300 1552 1374 patet,_hisgquas
1588 1302 1762 1374 posita
1792 1304 1920 1374 sunt
1951 1299 2235 1374 exemplis.

577 1386 697 1434 quas
743 1374 808 1421 sit
854 1372 1095 1421 omnium
1144 1370 1590 1435 prasdicationum
1642 1370 1992 1420 dili'erentia?
2024 1370 2233 1428 Quasii

578 1444 727 1491 Patet
760 1444 945 1505 utique
976 1443 1094 1497 hoc,
1126 1443 1269 1504 quod
1330 1444 1537 1492 scilicet
1593 1441 1713 1491 alias
1771 1444 1991 1505 quidem
2052 1456 2236 1491 earum

573 1515 732 1577 quasi
766 1518 1069 1562 monstrant
1126 1526 1259 1569 rem,
1304 1514 1355 1561 id
1413 1520 1510 1570 est,
1544 1529 1660 1563 esse
1725 1515 1990 1576 quidlibet
2033 1528 2096 1562 eo
2128 1528 2235 1576 quo

577 1588 659 1631 est
692 1600 703 1641 ;
743 1586 860 1632 alia:
896 1598 1015 1631 vero
1053 1597 1159 1631 non
1223 1597 1348 1639 rem,
1384 1584 1433 1631 id
1486 1590 1583 1641 est,
1616 1598 1720 1632 non
1776 1598 1892 1631 esse
1938 1585 2233 1647 quidquam

575 1670 639 1704 eo
677 1669 783 1716 quo
836 1662 933 1714 est,
968 1655 1061 1702 sed
1116 1654 1269 1718 quasi
1328 1656 1587 1718 quasdam
1648 1655 2084 1704 circumstantias
2142 1658 2233 1705 rei.

2342 439 2472 499 quid
2513 445 2641 489 sunt
2670 440 2962 491 relationes
2990 443 3366 505 praedicantur,
3391 439 3618 501 videam—us
3658 460 3825 509 utrumne

2340 510 2651 571 praedicatio
2677 526 2863 562 eorum
2893 514 2969 563 ita
2999 512 3088 573 sit,
3123 519 3178 564 ut
3209 516 3479 566 secundum
3526 534 3573 571 se
3607 522 3676 580 sit,
3700 540 3748 575 an
3769 530 3828 577 mi-

2340 583 2485 664 nime
2526 584 2951 664 secundum-se,
3006 587 3098 664 sed
3152 602 3212 664 ex
3269 586 3444 664 alieno
3487 592 3686 644 adventu.
3724 600 3828 664 Atqui

2340 653 2441 702 hoc
2472 668 2535 703 ex
2573 657 2977 729 comparatione
3007 656 3234 729 alicujus
3264 660 3527 710 secundum
3569 677 3614 713 se
3654 653 3825 729 mdia,

2341 732 2662 783 mentorum,
2695 733 2746 775 et
2776 728 3005 790 alicujus
3040 742 3104 777 ex
3149 728 3326 777 alieno
3370 730 3567 780 adventu
3604 728 3833 788 extrinsecus

2341 794 2619 846 afﬁxorum
2654 796 2872 860 intelligi
2902 799 3115 860 poterit.
3177 800 3231 848 Si
3287 800 3417 848 enim
3469 802 3689 854 intellectu
3732 807 3831 857 alicui

2343 867 2556 915 auferas
2586 882 2704 917 esse
2735 882 2971 927 servum,
3016 882 3127 918 non
3182 869 3303 919 dico
3356 872 3553 931 soleres,
3602 876 3675 924 sed
3714 879 3834 928 eodem

2342 938 2614 987 intellectu
2648 940 2762 1001 jam
2821 940 3104 989 abstuleris
3159 940 3322 990 alium
3370 955 3560 1006 quoque
3606 960 3694 996 esse
3729 948 3838 999 domi-

2344 1023 2471 1057 num
2505 1022 2517 1057 :
2558 1023 2623 1058 eo
2649 1011 2793 1073 quod
2823 1011 3072 1060 dominus
3130 1011 3273 1061 servi
3330 1013 3552 1062 dominus
3598 1016 3656 1065 its
3699 1017 3836 1079 dicitur,

2344 1080 2487 1143 quod
2512 1094 2619 1129 non
2650 1082 2811 1131 modo
2842 1083 2935 1144 qui
2964 1082 3218 1131 dominus
3273 1086 3351 1132 est
3400 1084 3540 1133 habet
3589 1091 3837 1149 servum,ud

2345 1153 2504 1200 etiam
2537 1165 2653 1201 esse
2684 1152 2964 1202 dominum
3023 1157 3104 1203 est
3161 1152 3357 1203 habere
3397 1168 3597 1205 servum.
3623 1156 3678 1206 At
3698 1161 3841 1222 opponit

2345 1223 2481 1284 quis,
2506 1222 2691 1272 dicens
2724 1238 2737 1271 :
2764 1222 2896 1272 Cum
2926 1223 3107 1273 album
3160 1223 3403 1274 albedine
3444 1226 3597 1276 album
3637 1230 3705 1288 sit,
3726 1242 3837 1279 nonus

2344 1293 2588 1343 similiter
2616 1295 2779 1343 etiam
2828 1295 2870 1343 si
2923 1296 3137 1345 auferas
3184 1296 3490 1355 albedinem,
3530 1300 3577 1346 in
3617 1299 3843 1349 eodemsbs-

2345 1364 2531 1414 tuleris
2561 1378 2777 1428 quoque
2809 1365 2988 1415 album
3009 1368 3033 1414 τ
3066 1366 3465 1428 Respondemus
3513 1370 3679 1430 utique,
3710 1370 3844 1418 sublati

2345 1434 2616 1492 albsdine,
2649 1437 2833 1485 album
2890 1451 3108 1500 quoque
3165 1439 3222 1486 in
3279 1438 3457 1487 eodem
3513 1453 3613 1488 esse
3654 1441 3841 1498 sublatum.

2345 1509 2482 1556 sicut
2517 1506 2731 1556 sublato
2767 1521 2943 1565 servo,
2974 1506 3228 1557 dominus
3261 1523 3468 1572 quoque
3512 1510 3560 1558 in
3602 1511 3846 1559 eodemsub-

2344 1580 2486 1627 latus
2546 1584 2645 1627 est.
2705 1579 2805 1628 Sed
2864 1582 3110 1641 quamvis
3192 1579 3307 1630 hec
3380 1595 3486 1630 sese
3542 1590 3843 1644 consequuntur,

2344 1649 2590 1699 similiter
2621 1656 2803 1699 tamen
2862 1651 3103 1707 interest,
3162 1652 3214 1699 id
3274 1657 3371 1712 est,
3425 1654 3733 1715 consequendi
3764 1651 3845 1701 ratio

575 1726 734 1781 Loca,
781 1733 1041 1788 tempora,
1098 1727 1354 1798 actiones.
1418 1728 1717 1790 passiones,
1782 1726 2019 1785 habitus,
2080 1728 2231 1789 situs,
2264 1734 2310 1798 B
2342 1734 2807 1798 exuconncxorum
2838 1723 3064 1798 internae
3111 1722 3324 1798 diversa
3368 1723 3571 1798 ratione
3596 1723 3744 1784 differt,
3763 1724 3847 1798 quod

576 1802 723 1847 recte
786 1802 941 1847 vocat
1004 1799 1077 1847 rei
1136 1797 1623 1850 circumstantias:
1677 1798 1935 1862 quoniam
1986 1800 2234 1861 quamvis

576 1881 693 1917 esse
726 1868 779 1915 in
815 1867 951 1925 loco,
978 1868 1063 1916 vel
1118 1868 1173 1916 in
1230 1872 1495 1930 tempore,
1548 1882 1658 1917 non
1718 1869 1790 1917 sit
1852 1882 1967 1917 esse
2011 1868 2232 1932 aliquid,

576 1943 752 1987 tamen
785 1937 923 1985 nihil
955 1943 1036 1987 est
1065 1938 1119 1986 in
1152 1938 1269 1988 loco
1324 1940 1409 1988 vel
1466 1940 1523 1987 in
1586 1944 1845 2001 tempore,
1904 1937 2009 1987 nisi
2055 1938 2232 2001 ipsum

577 2009 645 2058 sit
680 2008 898 2071 aliquid.
963 2008 1222 2058 Similiter
1274 2011 1526 2073 quamvis
1576 2023 1754 2071 agere,
1818 2010 1905 2058 vel
1962 2008 2091 2072 pati,
2147 2008 2233 2057 vel

575 2080 791 2140 habere,
829 2080 911 2129 vel
942 2080 1075 2142 sisti,
1107 2095 1218 2130 non
1277 2083 1345 2131 sit
1405 2096 1521 2131 esse
1581 2081 1806 2145 aliquid,
1837 2085 2022 2130 tamen
2069 2081 2232 2145 quid-

572 2151 702 2216 quid
733 2153 859 2215 agit,
895 2152 975 2201 vel
1006 2153 1224 2214 patitur,
1287 2153 1375 2201 vel
1440 2153 1622 2209 habet,
1653 2153 1734 2201 vel
1795 2154 1954 2201 situm
2010 2156 2112 2212 est,
2146 2162 2231 2207 est

570 2222 791 2285 aliquid.
825 2223 1089 2281 Quoniam
1121 2238 1246 2285 ergo
1281 2223 1413 2272 nihil
1475 2229 1558 2272 est
1615 2222 1754 2279 loco,
1804 2236 1906 2271 nec
1969 2228 2209 2285 tempore

572 2307 669 2342 nec
694 2294 925 2352 actione,
958 2306 1056 2342 nec
1087 2296 1357 2355 passione,
1390 2308 1489 2343 nec
1522 2292 1739 2351 habitu,
1772 2306 1873 2343 nec
1905 2294 2229 2350 situ,tamen

571 2377 636 2412 ea
665 2362 729 2411 de
764 2364 964 2425 quibus
997 2364 1116 2412 haec
1176 2366 1542 2427 praedicantur
1600 2369 1730 2413 sunt
1781 2363 2145 2413 subsistentiis
2176 2369 2231 2414 et

569 2434 920 2497 qualitatibus
954 2434 1156 2490 omnia.
1202 2438 1379 2498 aliqua
1432 2450 1557 2485 vero
1600 2434 1761 2485 etiam
1819 2435 2227 2485 intervallorum

569 2519 787 2553 suorum
822 2505 1232 2568 quautitatibus,
1264 2512 1407 2569 patet
1462 2507 1604 2570 quod
1668 2507 1749 2556 lim
1803 2512 1910 2555 tres
1965 2508 2225 2568 pradica-

568 2578 742 2625 tioues
775 2590 904 2631 rem,
944 2576 1047 2626 illa;
1082 2592 1209 2625 vero
1246 2577 1326 2626 rei
1355 2576 1786 2627 circumstantias
1837 2578 2224 2634 demonstrant,

571 2648 821 2710 quodque
847 2648 934 2695 illa
966 2650 1063 2697 tria
1095 2650 1171 2697 ita
1201 2651 1588 2711 praedicantur,
1617 2656 1675 2698 ut
1700 2662 1809 2698 rem
1843 2648 2223 2699 subsistentem

570 2721 648 2767 eis
678 2734 795 2767 esse
823 2720 1027 2782 aliquid
1062 2723 1371 2769 Ostendant.
1407 2722 1500 2769 illa
1540 2735 1667 2770 vero
1718 2721 1819 2769 alia
1863 2719 2226 2782 prmdicantur

574 2793 813 2854 quidem,
840 2794 932 2841 sed
995 2807 1101 2841 non
1162 2792 1236 2841 ita
1300 2797 1360 2841 ut
1416 2808 1525 2842 rem
1590 2793 1970 2842 subsistentem
2002 2794 2077 2841 eis
2107 2808 2222 2844 esse

572 2865 774 2927 aliquid
803 2864 1112 2921 ostendant,
1146 2867 1238 2913 sed
1275 2867 1459 2929 potius
1522 2867 1873 2921 extrinsecus,
1929 2864 1980 2913 id
2039 2871 2120 2914 est
2158 2881 2220 2915 ex

568 2936 794 2984 aliorum
826 2936 1221 2990 collationibus.
1258 2940 1308 2985 et
1370 2936 1596 2987 diversa)
1653 2937 1878 2985 rationis
1934 2938 2219 2987 consortiis

570 3008 1032 3056 accommodatum
1096 3008 1293 3070 aliquid
1354 3008 1746 3071 quodammodo
1805 3008 2041 3069 alligant.
2098 3010 2214 3058 Non

566 3077 733 3141 igitur
793 3078 908 3127 hinc
960 3078 1257 3127 secundum
1316 3094 1446 3137 rem,
1506 3080 1596 3128 sed
1676 3084 1819 3127 recte
1879 3079 2210 3128 extrinsecus

564 3156 886 3207 comparatae
944 3149 1359 3212 praedicationes
1414 3151 1688 3199 dicuntur.
1751 3150 1848 3199 Illa
1904 3164 2031 3198 vero
2088 3164 2207 3212 quas

559 3219 611 3269 id
640 3221 705 3268 de
728 3234 834 3280 quo
865 3221 1137 3277 dicuntur,
1170 3219 1224 3268 id
1256 3226 1339 3269 est
1391 3221 1705 3281 subsistens,
1756 3220 2062 3282 designant.
2103 3234 2213 3270 non

562 3291 682 3338 aliis
711 3305 739 3338 e
772 3292 1011 3353 regione,
1046 3291 1136 3338 sed
1176 3305 1232 3339 se
1292 3292 1423 3353 ipsis
1480 3292 1788 3354 praedicatis
1835 3304 1950 3340 esse
1987 3291 2209 3353 aliquid,

561 3366 825 3409 vocantur
855 3362 1150 3409 secundum
1212 3375 1324 3410 rem
1383 3363 1811 3424 prasdicationes,
1844 3375 1965 3424 quas
2012 3376 2209 3410 secun-

564 3431 688 3478 dum
726 3444 836 3478 rem
878 3432 1299 3492 prmdicatioues,
1324 3446 1443 3480 cum
1476 3432 1734 3482 dicuntur
1762 3433 1825 3480 de
1854 3433 2013 3481 rebus
2048 3446 2209 3483 causa

561 3515 778 3549 suarum
810 3500 1300 3559 subsistentiarum,
1334 3503 1533 3566 quibus
1579 3503 1633 3551 in
1691 3504 1799 3552 illis
1851 3504 2049 3552 adsunt
2104 3502 2205 3554 sibi

567 3572 837 3634 subjectis,
868 3577 1133 3621 vocantur
1163 3574 1379 3635 quidem
1410 3574 1730 3635 accidentia,
1757 3589 1821 3623 eo
1854 3576 1996 3637 quod
2029 3590 2203 3624 rerum

568 3642 781 3691 illarum
814 3643 1177 3693 subsistentiis
1231 3645 1464 3704 adsunt;
1522 3647 1616 3695 sed
1676 3653 1853 3695 tamen
1906 3646 2203 3695 secundum

564 3730 695 3776 rem,
729 3730 792 3765 eo
823 3720 967 3779 quod
992 3716 1120 3778 ipsis
1151 3719 1567 3767 subsistentibus
1595 3717 1715 3781 ipsa
1742 3734 1959 3782 quoque
1995 3721 2204 3780 insunt,

564 3790 615 3834 et
644 3786 830 3835 eadem
864 3802 977 3836 esse
1010 3788 1209 3851 aliquid
1262 3788 1482 3839 faciunt.
1512 3790 1640 3839 Cum
1675 3805 1799 3839 vero
1829 3789 2085 3839 dicuntur
2132 3790 2197 3841 de

557 3857 679 3917 Deo,
734 3858 827 3920 qui
885 3859 1141 3920 quoniam
1201 3860 1423 3922 simplex
1477 3866 1574 3918 est,
1626 3874 1732 3909 non
1797 3865 1877 3910 est
1932 3862 2196 3910 accidenti

548 3929 841 3991 subjectus,
877 3936 1224 3992 nuncupatur
1255 3930 1586 3993 praedicatio,
1636 3945 1743 3980 non
1802 3932 1962 3980 modo
2002 3946 2193 3982 secun-

537 3998 663 4048 dum
698 4014 826 4056 rem,
856 4014 1041 4049 verum
1078 4000 1239 4050 etiam
1286 4003 1585 4051 secundum
1639 4004 1997 4053 substantiam
2048 4002 2191 4053 illius

536 4069 600 4120 de
633 4084 739 4131 qua
769 4072 967 4121 dicitur
999 4071 1098 4120 rei.

594 4144 701 4203 Age
728 4157 881 4203 nunc,
916 4142 1039 4208 etc.]
1093 4144 1379 4207 Hucusque
1423 4145 1842 4207 praedicamenta
1890 4145 2185 4195 secundum

531 4213 770 4262 diversas
832 4216 1162 4277 praedicandi
1223 4218 1463 4265 rationes
1514 4215 1742 4275 divisit;
1794 4230 1941 4266 nunc
1996 4232 2184 4266 secun-

532 4286 658 4333 dum
690 4300 850 4347 quam
885 4287 1074 4334 harum
1136 4286 1409 4336 rationum
1464 4286 1753 4336 relationes
1803 4288 2181 4350 praedicantur,

533 4359 785 4405 ostendit.
822 4358 908 4405 Ait
938 4372 1066 4420 ergo
1101 4371 1111 4404 :
1147 4360 1253 4421 Age
1285 4373 1429 4407 nunc
1460 4360 1804 4421 speculemur
1833 4360 1897 4407 de
1920 4359 2177 4420 relativis,

531 4427 582 4473 id
616 4433 696 4475 est
752 4427 1030 4477 videamus
1090 4443 1199 4492 qua
1254 4432 1461 4479 ratione
1546 4430 1909 4492 prmdicautur
1973 4432 2175 4481 relatio-

2342 1793 2543 1842 scilicet
2574 1792 2690 1856 ipsa
2716 1793 2907 1842 albedo
2943 1792 3070 1852 albi,
3120 1794 3320 1843 accidit
3367 1796 3463 1858 ipsi
3512 1796 3635 1844 albo.
3662 1798 3745 1843 bon
3761 1796 3844 1842 enim

2339 1863 2537 1926 aliquid
2571 1864 2716 1912 aliud
2748 1863 2996 1912 albedine
3022 1864 3360 1927 intelligitur,
3406 1865 3541 1928 quod
3582 1878 3682 1914 cum
3717 1863 3847 1913 accide-

2337 1936 2405 1983 rit
2434 1935 2572 1995 albo,
2606 1934 2723 1997 ejus
2776 1936 2947 1996 gratia
3007 1935 3215 1985 dicatur
3263 1935 3455 1986 albedo
3506 1950 3607 1985 esse
3655 1936 3763 1995 albi;
3795 1935 3847 1981 sed

2336 2005 2457 2054 ideo
2511 2004 2709 2055 dicitur
2764 2004 2874 2054 albi
2958 2005 3165 2064 albedo,
3224 2007 3472 2070 quoniam
3541 2006 3642 2069 ipsa
3688 2006 3846 2055 slbediue

2335 2077 2515 2125 album
2547 2082 2645 2126 est.
2677 2076 2794 2135 Qua
2829 2076 3056 2136 sublata,
3086 2078 3138 2127 id
3181 2085 3285 2136 est,
3316 2078 3467 2142 cujus
3521 2077 3667 2141 ipsius
3701 2090 3779 2125 non
3814 2075 3851 2122 ιι·

2334 2148 2499 2196 terius
2530 2149 2603 2196 rei
2635 2149 2907 2211 abscessu,
2938 2148 3078 2212 perit
3126 2149 3383 2199 nimirum
3436 2151 3616 2199 album.
3664 2151 3715 2198 At
3735 2148 3773 2197 in
3792 2146 3851 2193 do-

2334 2217 2483 2269 mino
2515 2232 2624 2268 non
2654 2224 2735 2269 est
2764 2222 2838 2269 ita
2894 2222 3037 2269 sicut
3094 2222 3150 2270 in
3209 2222 3382 2272 albo:
3436 2224 3477 2271 si
3530 2220 3654 2271 enim
3702 2219 3850 2271 autem

2334 2290 2473 2341 sicut
2497 2290 2699 2340 dictum
2736 2296 2836 2353 est,
2868 2291 3105 2356 aliquem
3136 2307 3254 2342 esse
3314 2307 3542 2350 servum,
3570 2291 3686 2355 perit
3719 2290 3853 2354 quidem

2332 2362 2676 2418 vocabulum.
2709 2376 2817 2427 quo
2848 2363 2985 2414 alter
3015 2362 3212 2427 aliquis
3265 2366 3553 2415 vocabatur
3593 2363 3795 2420 dominos,
3825 2357 3853 2405 id

2333 2436 2417 2481 est
2442 2433 2575 2482 alter
2618 2433 2813 2498 aliquis
2861 2435 3062 2484 desinit
3116 2450 3233 2485 esse
3287 2437 3567 2495 dominus;
3616 2434 3693 2483 sed
3738 2443 3856 2480 servm

2330 2517 2439 2553 non
2467 2505 2659 2554 accidit
2686 2506 2925 2566 domino,
2959 2507 3011 2555 id
3044 2512 3125 2556 est
3154 2521 3264 2556 non
3298 2508 3436 2564 ideo,
3468 2521 3580 2556 cum
3630 2504 3774 2567 aliquis
3810 2504 3859 2548 de-

2332 2577 2461 2625 sinit
2489 2592 2605 2627 esse
2660 2592 2866 2635 servus,
2932 2579 3066 2628 alter
3121 2580 3324 2630 desinit
3369 2594 3483 2630 esse
3530 2580 3749 2633 dominus,
3771 2576 3856 2637 quod

2329 2648 2563 2699 servitus
2622 2650 2699 2698 ita
2763 2650 2974 2700 accidat
3029 2651 3271 2709 domino,
3327 2655 3465 2701 sicut
3514 2650 3680 2700 albedo
3738 2646 3859 2697 accidit

2329 2722 2450 2769 albo
2485 2736 2498 2780 ;
2531 2720 2623 2769 sed
2654 2723 2860 2772 ratione
2890 2736 3010 2785 quas
3041 2724 3094 2770 in
3143 2722 3400 2773 civilibus
3448 2722 3775 2775 consideratur,
3803 2718 3861 2763 do-

2328 2790 2475 2840 mino
2507 2792 2703 2842 accidit
2733 2794 2981 2856 quaedam
3013 2797 3274 2856 potestas,
3308 2808 3419 2858 qua
3473 2806 3655 2849 servus,
3693 2803 3742 2838 ne
3777 2788 3860 2836 ultra

2326 2863 2469 2924 quod
2501 2864 2662 2912 debet
2718 2868 3028 2927 prmeumat,
3091 2871 3397 2915 coercetur.
3454 2867 3576 2925 Quae
3609 2862 3862 2925 potestasdo-

2323 2936 2471 2983 mino
2501 2934 2767 2992 accidens,
2812 2937 3068 2999 quoniam
3125 2936 3359 3000 deperit,
3418 2936 3472 2985 id
3532 2941 3605 2985 est
3652 2948 3677 2982 s
3718 2931 3861 2980 domino

2323 3006 2544 3065 recedit,
2577 3007 2789 3056 sublato
2850 3021 3028 3069 servo,
3090 3008 3143 3056 id
3195 3013 3279 3058 est
3326 3008 3534 3058 sublata
3581 3006 3784 3055 servitute
3820 3000 3859 3046 sb

2324 3077 2512 3133 altero,
2545 3082 2751 3126 constat
2784 3092 2902 3127 eam
2934 3084 3276 3142 potestatem,
3325 3094 3436 3130 non
3498 3080 3608 3128 dico
3658 3088 3743 3123 non
3781 3073 3863 3142 scri-

2324 3146 2467 3220 dere,
2492 3147 2583 3196 sed
2602 3161 2727 3220 Anon
2757 3162 2854 3212 per
2885 3140 2948 3198 se
2999 3150 3245 3200 accidere
3306 3151 3543 3209 domino,
3588 3148 3703 3220 sicut

2322 3218 2444 3268 albo
2476 3232 2490 3266 :
2523 3218 2615 3267 sed
2668 3210 2774 3281 peri
2820 3233 3095 3270 accessum
3150 3235 3437 3272 servorum
3466 3214 3812 3285 quodammodo,
3831 3210 3862 3258 id

2321 3292 2402 3337 est
2430 3287 2640 3361 ratione
2672 3289 2772 3361 alia
2818 3304 2979 3353 quam
3037 3305 3289 3341 accessus
3345 3292 3599 3348 locorum,
3625 3287 3696 3335 vel
3734 3291 3865 3361 tempo-

2319 3373 2457 3416 rum,
2493 3361 2577 3410 vel
2612 3359 2916 3421 habituum,
2949 3361 3030 3411 vel
3070 3363 3445 3425 quorumlibet
3487 3363 3690 3411 aliorum
3727 3359 3862 3405 contin-

2317 3435 2408 3492 gat
2438 3432 2774 3481 extrinsecus
2798 3436 3192 3495 comparatum.

2379 3502 2492 3550 Non
2523 3502 2729 3565 igitur.]
2751 3502 2946 3562 Quasi:
2979 3504 3439 3566 Quandoquidem
3494 3504 3778 3554 extrinsecus
3814 3507 3865 3541 ac-

2316 3586 2469 3621 cessu
2500 3580 2812 3634 comparato
2856 3574 3044 3623 relatio
3101 3576 3453 3637 pradicatur,
3508 3572 3657 3637 igitur
3707 3576 3862 3627 nonpo-

2316 3647 2417 3691 test
2439 3643 2543 3692 dici
2574 3646 3017 3707 praedicationem
3070 3646 3374 3703 relativum,
3411 3648 3464 3696 id
3521 3651 3597 3695 est
3640 3640 3864 3692 relationem

2314 3717 2674 3776 praedicatum,
2702 3720 2788 3766 vel
2851 3718 3047 3767 addere
3091 3719 3397 3767 secundum
3445 3732 3498 3768 se
3552 3715 3792 3780 quidquam
3822 3712 3863 3755 rei

2311 3785 2377 3834 de
2408 3799 2515 3849 qua
2544 3785 2759 3847 dicitur,
2791 3789 2874 3837 vel
2902 3786 3145 3837 minuere
3202 3788 3511 3839 secundum
3566 3800 3633 3843 se.
3682 3782 3749 3831 vel
3788 3790 3862 3827 mu-

2308 3859 2424 3905 tare
2455 3857 2752 3906 secundum
2780 3872 2853 3907 se.
2888 3860 3016 3916 Qum
3060 3859 3285 3911 relativa
3334 3860 3636 3923 praedicatio
3676 3860 3762 3903 tota
3786 3861 3862 3898 ωῑι·

2307 3928 2463 3988 sistit,
2495 3929 2636 3978 sicut
2666 3929 2977 3991 praedictum
3031 3934 3125 3987 est,
3161 3944 3272 3981 non
3333 3933 3391 3980 in
3441 3945 3504 3981 eo
3550 3927 3677 3993 quod
3703 3930 3855 3974 estesse

2304 4001 2580 4062 (quoniam
2614 4001 2743 4049 uulli
2776 4002 2985 4051 confert
3013 4002 3211 4065 aliquid
3268 4006 3431 4064 esse),
3465 4003 3558 4052 sed
3612 3999 3755 4065 potius
3779 4001 3856 4070 ξομ·

2303 4071 2442 4121 sistit
2471 4072 2526 4120 in
2565 4086 2629 4122 eo
2664 4077 2871 4123 tantum
2903 4075 3048 4138 quod
3106 4079 3187 4123 est
3246 4076 3455 4126 habere
3512 4088 3565 4124 se
3596 4074 3655 4122 ad
3680 4065 3856 4138 alium}

2301 4143 2701 4205 comparatione
2730 4130 2947 4195 alterius
2994 4146 3061 4195 ad
3111 4146 3365 4196 alterum.
3408 4149 3516 4197 Nec
3561 4141 3771 4208 quolibet.
3797 4130 3852 4208 ξοδ

2300 4213 2481 4276 aliquo
2513 4217 2674 4265 modo
2705 4230 2760 4266 se
2794 4217 3045 4273 habendi,
3079 4216 3133 4266 id
3194 4223 3297 4276 est,
3360 4232 3471 4267 non
3528 4204 3626 4281 quo
3668 4208 3789 4262 modo
3808 4204 3858 4281 Ῐῡτ

2295 4271 2476 4335 corum
2504 4286 2588 4335 vel
2617 4291 2937 4349 temporum,
2996 4271 3143 4351 quod
3193 4271 3315 4351 jam
3376 4271 3675 4351 pradictum
3714 4284 3785 4337 est,
3807 4271 3855 4318 vel

2291 4358 2514 4405 aliorum
2569 4356 2905 4407 extrinsecus
2966 4359 3253 4408 afﬂxorum
3333 4353 3781 4422 comparationibus
3817 4353 3855 4390 ει

2290 4427 2355 4475 de
2385 4427 2582 4491 quibus
2613 4428 2727 4478 hac
2761 4429 3139 4491 praedicantur,
3174 4444 3231 4479 se
3261 4420 3481 4480 habent
3506 4428 3616 4487 ;sed
3646 4420 3761 4488 quod
3784 4426 3856 4463 εείε

529 4510 625 4544 nes
655 4498 720 4546 de
751 4498 834 4546 his
889 4514 1011 4562 qum
1072 4468 1382 4550 referuntur
1440 4468 1694 4564 perreas.
1756 4501 1889 4563 Ipsae
1949 4516 2183 4566 namque
2214 4468 2258 4531 Β
2292 4468 2495 4547 1181;ng
2524 4500 2589 4546 ad
2621 4513 2695 4557 ΒΘ,
2733 4468 2853 4562 αἱω
2885 4500 2986 4549 hoc
3018 4468 3191 4562 ipsu’m
3223 4502 3375 4564 quod
3410 4468 3538 4549 ειηιί
3565 4468 3854 4566 alio‘lrumu'ere

528 4574 655 4616 sunt
689 4584 782 4630 pro
817 4574 1031 4633 quibus,
1066 4573 1117 4620 id
1151 4577 1251 4636 est,
1289 4579 1345 4622 ut
1373 4574 1605 4635 qualiter
1652 4575 1780 4635 ipsas
1821 4572 2182 4635 pradicantur

533 4636 884 4703 intelligatur,
917 4656 1079 4691 omne
1109 4644 1252 4705 quod
1286 4645 1487 4693 dictum
1552 4648 1632 4692 est
1688 4645 1753 4692 de
1794 4645 2181 4707 prtedicamen-

528 4713 708 4759 torum
770 4719 930 4777 atque
990 4715 1319 4777 praedicandi
1376 4714 1707 4771 diversitate,
1758 4716 2084 4777 sumpsimus
2113 4716 2179 4765 ad

529 4778 955 4843 disputationem
990 4790 1081 4843 ;et
1110 4784 1336 4832 dicimus
1392 4786 1682 4832 relationes
1730 4783 1796 4832 de
1830 4784 1911 4832 his
1935 4798 2055 4849 qum
2088 4799 2183 4848 per

525 4865 619 4900 eas
650 4852 962 4903 referuntur
991 4855 1235 4903 relativis
1265 4854 1543 4903 relationis
1572 4856 1886 4904 nominibus
1931 4858 2008 4904 sic
2051 4870 2181 4919 prie-

534 4922 723 4982 dicari,
786 4926 1014 4987 qualiter
1070 4926 1205 4983 loca,
1266 4931 1320 4974 et
1373 4929 1634 4989 tempora,
1694 4930 1746 4975 et
1811 4931 2005 4977 caetera
2058 4942 2178 4991 quas

535 4997 884 5058 praediximus
933 4999 1007 5047 rei
1066 4997 1517 5054 circumstantias,
1545 5004 1597 5048 et
1643 4999 1981 5048 extrinsecus
2007 4999 2174 5062 afugi,

524 5067 729 5117 scilicet
760 5068 842 5116 his
898 5069 962 5117 de
1016 5070 1215 5132 quibus
1262 5069 1627 5131 praedicantur
1686 5070 1904 5119 minime
1935 5070 2175 5120 conferre

522 5138 810 5202 utaliquid
843 5140 953 5188 sint
983 5155 995 5187 :
1030 5141 1276 5203 quamvis
1335 5139 1597 5203 quidquid
1656 5142 1736 5190 eis
1777 5140 2008 5191 refertur
2063 5155 2174 5191 non

522 5223 637 5259 esse
669 5211 865 5273 aliquid
899 5224 1007 5260 non
1073 5210 1263 5273 possit.
1318 5212 1545 5261 Maxime
1605 5214 1746 5261 enim
1806 5212 1940 5273 haec,
1985 5211 2039 5260 id
2095 5217 2175 5262 est

518 5282 763 5339 relative,
800 5296 909 5331 non
962 5282 1223 5331 videntur
1270 5282 1443 5333 facere
1494 5285 1929 5345 pradicatiouem
1977 5297 2175 5333 secun-

518 5354 647 5401 dum
680 5368 754 5408 se,
787 5354 840 5403 id
894 5357 994 5409 est,
1027 5355 1177 5403 nullo
1237 5369 1423 5404 eorum
1482 5356 1560 5404 sic
1608 5356 1928 5419 praedicatur
1965 5355 2172 5413 relatio,

519 5428 578 5473 ut
606 5425 658 5472 id
690 5427 756 5474 de
793 5440 900 5488 quo
935 5427 1279 5487 praedicatur,
1315 5441 1377 5474 ea
1408 5442 1524 5476 esse
1550 5426 1752 5488 aliquid
1797 5424 2127 5489 intelligatur
2158 5443 2170 5479 :

521 5494 724 5559 quippe
767 5510 889 5559 quas
945 5496 1226 5559 perspicue
1281 5512 1345 5546 ex
1395 5498 1573 5547 alieno
1630 5497 1867 5546 adventu
1927 5503 2172 5548 constare

512 5569 941 5630 perspiciuntur.
980 5569 1145 5619 Recte
1210 5570 1303 5629 ait,
1365 5573 1418 5617 et
1461 5583 1526 5616 ex
1589 5568 1763 5617 alieno
1812 5573 1866 5617 et
1907 5574 2170 5619 constare.

515 5636 649 5687 Nam
673 5653 803 5687 vera
835 5637 1165 5688 difﬁnitione
1194 5652 1303 5687 non
1350 5640 1647 5688 secundum
1709 5653 1782 5697 se,
1843 5638 1934 5687 sed
1993 5640 2170 5701 potius

516 5708 746 5760 aliorum
777 5726 789 5769 ;
822 5724 921 5759 nec
952 5712 1111 5759 modo
1143 5712 1414 5763 dicuntur.
1470 5716 1561 5762 sed
1620 5712 1780 5763 etiam
1828 5726 2167 5777 quascunque

523 5781 589 5829 ad
618 5780 822 5845 aliquid
853 5785 997 5831 sunt.
1029 5780 1143 5845 Age
1175 5783 1317 5832 enim
1362 5785 1622 5848 quoniam
1669 5784 1925 5835 dominus
1972 5788 2024 5833 et
2062 5798 2167 5833 ser-

2292 4574 2347 4617 et
2374 4569 2628 4618 dicuntur
2661 4558 2888 4628 etsunt,
2946 4558 3257 4633 habentque
3316 4585 3467 4635 sepe
3524 4558 3854 4635 vicissitudinem

2290 4640 2439 4702 quasi
2474 4643 2910 4691 commutationis
2939 4642 3241 4705 cujusdam,
3287 4634 3411 4692 illa,
3448 4655 3566 4706 quis
3619 4634 3853 4706 τειειὶᾳιιυφ

2288 4700 2504 4761 accessu
2538 4727 2592 4762 se
2654 4713 2859 4763 habent
2909 4714 2973 4763 ad
3004 4700 3108 4776 ⁷εε,
3168 4729 3315 4778 saepe
3376 4700 3504 4764 ver-0
3555 4724 3651 4761 non
3699 4700 3849 4752 habet?"

2290 4783 2442 4831 Pater
2472 4785 2611 4833 enim
2671 4785 2973 4848 cujuslibet,
3032 4785 3275 4849 ejusdem
3337 4786 3483 4836 ﬁlius
3542 4796 3647 4834 esse
3690 4781 3851 4831 non?”

2288 4856 2408 4910 test,
2442 4858 2493 4903 et
2546 4854 2773 4919 alicujus
2830 4855 3078 4919 duplum,
3130 4870 3242 4906 non
3297 4862 3486 4921 potest
3539 4851 3741 4917 ejusdem
3778 4849 3850 4889 8³⁸⁸

2287 4923 2565 4972 dimidium
2598 4938 2610 4973 :
2647 4930 2699 4974 et
2728 4926 2831 4975 hoc
2861 4926 3022 4975 modo
3070 4927 3237 4976 multa
3297 4928 3620 4977 referuntur,
3651 4928 3743 4984 qua
3774 4921 3849 4959 θω·

2287 4996 2379 5044 nia
2406 4994 2525 5044 ideo
2559 4996 2624 5044 ad
2658 4995 2801 5046 aliud
2834 4997 2934 5047 hoc
2959 4997 3078 5047 loco
3138 5012 3195 5047 se
3258 4997 3471 5048 habere
3518 4997 3746 5045 dicuntur.
3765 4992 3851 5063 gulf

2286 5066 2428 5115 niam
2510 5067 2817 5117 earumdem
2894 5068 3219 5119 relationum
3284 5067 3692 5120 commutatione
3737 5061 3845 5104 vicem

2285 5139 2384 5187 sibi
2434 5138 2851 5200 comparationis
2908 5141 3104 5191 talibus
3155 5141 3516 5191 relationibus
3566 5134 3745 5187 collata,
3779 5128 3845 5200 “.0”

2284 5208 2478 5259 reddit.
2507 5198 2614 5258 Nec
2641 5215 2819 5259 tamen
2849 5213 2921 5261 ita
2962 5226 3180 5275 semper
3223 5212 3437 5276 absque
3475 5213 3585 5261 vice
3630 5198 3846 5276 commplff

2285 5281 2448 5329 tionis
2478 5281 2644 5330 relata
2664 5296 2720 5331 se
2754 5282 2956 5334 habent
3003 5268 3098 5333 ω’
3125 5284 3291 5343 aliud,
3344 5268 3439 5335 sed
3483 5277 3735 5344 aliquoties
3758 5268 3843 5344 Ῑεείξ

2282 5353 2598 5402 relationum
2633 5332 3077 5412 commutatione,
3112 5332 3173 5405 ei;
3207 5332 3439 5406 habent
3461 5355 3526 5405 ad
3573 5332 3695 5402 idem
3720 5360 3730 5394 ε
3753 5332 3843 5403 9‘3"i

2284 5425 2388 5473 hoc
2417 5424 2659 5486 exemplo
2690 5430 2865 5487 potest
2896 5427 3082 5475 videri.
3134 5431 3241 5490 Age
3286 5430 3440 5477 enim
3485 5430 3584 5474 stet
3622 5419 3839 5490 (ιυίειῐξηως

2281 5497 2324 5545 si
2354 5494 2517 5560 igitur
2547 5483 2796 5546 accedam
2856 5498 2906 5547 ei
2962 5500 3125 5549 stanti
3172 5483 3387 5559 dexter,
3441 5499 3539 5549 erit
3588 5483 3665 5544 ille
3718 5483 3767 5535 sd
3789 5485 3838 5560 mf

2281 5558 2619 5630 comparatus
2648 5566 2883 5617 sinister.
2943 5568 3057 5619 Erit
3107 5569 3328 5632 quidem
3392 5571 3528 5623 dico.
3582 5578 3677 5614 non
3724 5558 3841 5632 ιιωξξ

2279 5655 2343 5690 ex
2370 5618 2473 5689 hoc
2498 5653 2660 5689 sensu
2692 5639 2851 5711 quod
2894 5640 2982 5689 ille
3031 5618 3145 5703 ipse
3186 5618 3322 5691 vera
3364 5618 3572 5691 essendi
3604 5618 3839 5711 rationali

2280 5716 2361 5762 est
2387 5713 2567 5775 aliqua
2596 5726 2652 5761 re
2683 5692 2781 5760 sibi
2840 5692 3162 5771 inmerente,
3192 5714 3259 5763 sit
3317 5713 3468 5778 quod
3522 5710 3703 5763 dicitur.
3727 5696 3766 5749 id
3788 5692 3842 5778 fi

2279 5785 2493 5834 sinister
2522 5796 2537 5846 ς
2569 5784 2662 5833 sed
2698 5782 2823 5834 ideo
2854 5783 2999 5848 quod
3032 5798 3132 5849 ego
3163 5782 3240 5834 illi
3297 5775 3415 5848 jam
3442 5799 3503 5836 ex
3550 5778 3641 5830 sibi
3668 5784 3764 5823 vers
3784 5775 3843 5813 lﬂ'
