4022 6174
203 285 231 338 1
242 283 346 339 293

1264 276 1591 333 GILBERTI
1630 275 1975 332 PORRET/E
2016 277 2546 341 COMMENTARIA.

3469 293 3607 349 1294

197 407 532 458 haarentibus
588 403 820 467 perfecte
879 402 1210 458 subsistenti,
1274 403 1614 452 extrinsecus
1677 415 1855 451 acces-
1891 406 1940 467 Α
1973 418 2189 454 sensum
2220 407 2416 456 mantis
2446 408 2501 457 in
2536 424 2615 469 eo,
2649 412 2789 474 quod
2824 427 2934 463 non
2962 417 3064 464 nisi
3095 431 3159 465 ex
3190 420 3339 479 parte
3401 419 3609 477 concio,

193 480 365 535 serim
396 480 601 529 dexter.
652 479 853 526 Rursus
913 479 1119 537 eadem,
1154 475 1205 525 id
1241 486 1321 527 est
1350 492 1435 527 me
1470 478 1572 541 ipsi
1601 482 1652 527 et
1684 477 1858 541 ipsum

190 556 331 604 mihi
394 552 739 603 commutatis
794 552 1151 601 relationibus
1208 566 1484 613 comparo,
1520 557 1576 601 ut
1638 567 1744 615 qua
1781 549 1864 598 ille

188 627 266 675 ad
310 640 391 674 me
423 640 478 673 se
510 624 756 679 habebat,
791 637 851 671 es
884 637 1025 671 nunc
1056 623 1121 672 ad
1158 624 1407 671 eumdem
1442 638 1524 673 me
1590 623 1816 672 habeam
1850 638 1862 671 :

188 705 254 748 et
288 712 393 761 qua
425 710 524 759 ego
550 696 613 743 ad
644 694 789 743 illum
817 709 899 743 me
932 694 1213 750 habebam,
1241 710 1304 743 ea
1332 709 1476 743 nunc
1507 695 1571 743 ad
1606 708 1687 743 me
1720 695 1862 743 idem

182 784 250 818 se
311 770 520 817 habeat.
584 767 719 817 Nam
786 781 881 830 ego
940 767 1134 815 accedo
1196 767 1260 815 ad
1313 782 1435 816 eum
1469 768 1701 816 sinister.
1728 766 1860 815 Ecce

188 840 329 891 item
362 840 449 890 ille
479 840 544 888 ad
577 853 660 888 me
690 854 746 888 se
774 838 950 895 habet,
988 840 1079 887 sed
1139 839 1396 888 relatione
1456 838 1533 888 illi
1593 840 1857 901 opposita,

187 928 302 977 qua
332 929 386 962 se
418 913 482 961 ad
516 926 600 961 me
640 911 785 974 prius
819 911 1069 961 habebat.
1103 910 1263 960 Modo
1326 913 1466 960 enim
1530 912 1587 961 ﬁt
1630 912 1695 960 ad
1754 926 1855 969 me,

190 990 251 1035 et
284 984 606 1047 praedicatur
635 997 751 1032 esse
782 984 989 1039 dexter,
1024 997 1134 1031 non
1175 983 1393 1046 quidem
1440 998 1502 1031 ex
1563 984 1664 1032 hoc
1710 982 1858 1032 intel-

187 1056 359 1118 lectu,
390 1053 533 1118 quod
593 1068 688 1117 per
744 1068 817 1109 se,
852 1054 904 1102 id
965 1059 1043 1103 est
1097 1068 1226 1103 vera
1286 1055 1501 1103 essendi
1548 1056 1770 1107 ratione.
1805 1058 1856 1104 et

191 1142 257 1176 re
309 1126 409 1176 sibi
470 1126 788 1181 inhaerente,
823 1126 898 1174 ita
932 1124 1019 1181 sit.
1053 1126 1194 1187 quod
1227 1125 1423 1174 dicitur
1482 1124 1679 1175 scilicet
1723 1126 1855 1175 dex-

199 1204 319 1249 ter:
346 1198 491 1248 velut
519 1197 776 1261 qualitate
803 1196 900 1245 sibi
934 1196 1231 1245 inhaerente
1259 1202 1339 1245 est
1369 1196 1536 1256 albus,
1589 1211 1650 1245 ac
1682 1210 1851 1259 quan-

194 1270 352 1321 titate
400 1270 501 1318 sibi
560 1269 858 1317 inhaerente
920 1272 999 1316 est
1056 1268 1281 1329 longus;
1313 1268 1404 1317 sed
1437 1267 1557 1316 ideo
1589 1267 1733 1330 quod
1764 1283 1848 1317 me

189 1342 535 1391 extrinsecus
591 1339 877 1388 accedente
927 1339 991 1388 ad
1026 1352 1170 1397 eum,
1205 1340 1295 1401 qui
1328 1354 1431 1401 jam
1465 1353 1527 1388 ex
1564 1340 1662 1387 sibi
1722 1354 1847 1388 vere

187 1411 587 1461 inhamantibus
618 1409 962 1467 subsistebat,
1026 1408 1140 1471 ipse
1198 1408 1241 1456 si
1300 1410 1503 1458 dexter.
1566 1410 1735 1473 Atque
1794 1409 1844 1459 id

186 1483 339 1546 quod
391 1496 456 1531 ex
512 1482 699 1530 dexter
755 1494 785 1528 s
841 1494 946 1537 me,
998 1484 1050 1528 et
1106 1478 1149 1527 si
1183 1481 1352 1541 magis
1383 1480 1554 1541 placet
1616 1481 1737 1538 dici,
1778 1495 1843 1530 ex

186 1568 280 1603 me
310 1557 407 1609 est,
450 1552 502 1601 id
559 1557 660 1608 est,
692 1565 757 1600 ex
815 1551 917 1600 hoc
965 1552 1066 1600 mei
1113 1552 1178 1599 ad
1221 1553 1393 1614 ipsum
1450 1566 1685 1611 accessu,
1735 1566 1841 1615 quo

182 1639 291 1689 ego
317 1639 531 1688 quoque
566 1623 634 1673 ﬁo
696 1623 867 1679 magis
896 1636 1056 1685 quam
1107 1621 1224 1679 sim,
1260 1637 1358 1671 nec
1391 1628 1447 1671 ut
1476 1625 1571 1672 sim
1605 1625 1840 1675 sinister.

179 1697 406 1746 Minime
466 1708 589 1744 vero
647 1698 725 1743 est
757 1695 945 1743 dexter
1006 1708 1070 1742 ex
1107 1708 1238 1750 sese,
1274 1695 1323 1742 id
1370 1699 1465 1751 est,
1518 1696 1697 1758 aliquo
1731 1709 1839 1759 quo

1980 481 2172 552 potest,
2206 478 2461 529 laborare.
2494 480 2563 530 Ut
2600 496 2726 544 ergo
2756 498 2865 533 non
2907 490 3012 535 tam
3046 502 3107 536 ex
3160 478 3385 539 rationis
3439 489 3616 552 pleni-

1978 550 2179 625 tudine,
2231 566 2499 625 quamﬂex
2532 553 2647 615 ejus
2702 556 2894 617 aliqua,
2954 560 3091 607 sicut
3133 560 3331 609 dictum
3363 550 3463 623 est,
3493 575 3618 625 pro-

1975 621 2219 683 portione
2277 622 2625 685 intelligatur,
2684 626 2846 688 hujus
2879 630 3128 686 nominis,
3158 631 3301 692 quod
3370 621 3456 680 est
3493 621 3617 693 per-

1972 707 2123 768 sona,
2153 709 2187 768 ra
2220 696 2553 745 naturalibus
2584 698 2647 745 ad
2678 700 2977 762 theologica
3034 701 3171 751 facta
3229 705 3616 768 transsumptio

1972 763 2257 815 dicendum
2316 770 2545 828 videtur,
2607 784 2725 833 quas
2791 773 3196 822 subsistentium
3257 786 3362 838 qua
3404 763 3614 825 ratione

1968 844 2228 910 vocantur
2259 855 2522 903 personas.
2574 843 2726 901 Quod
2779 849 2836 892 ut
2894 844 3103 893 facilius
3168 848 3337 908 possit
3384 845 3611 910 intelligi

1967 907 2061 958 illa
2091 926 2209 974 quas
2240 914 2490 975 superius
2514 914 2638 964 huic
2688 915 2805 964 loco
2868 907 3250 979 distinguenda
3312 907 3611 968 reservavi-

1966 993 2103 1038 mus,
2150 983 2563 1047 distinguamus,
2610 986 2806 1036 scilicet
2868 989 3012 1051 quod
3077 988 3308 1051 alicujus
3364 988 3607 1052 proprie-

1964 1054 2065 1110 tas,
2097 1052 2195 1101 alia
2221 1054 2428 1104 ratione
2465 1056 2771 1119 singularis,
2805 1057 2905 1106 alia
2950 1058 3248 1116 individua,
3312 1058 3416 1108 alia
3482 1073 3605 1122 per-

1962 1125 2161 1195 sonalis
2197 1130 2434 1175 vocatur.
2468 1128 2723 1185 Quamvis
2754 1130 2895 1178 enim
2960 1130 3221 1195 quidquid
3266 1138 3347 1181 est
3404 1131 3602 1180 indivi-

1960 1194 2124 1245 duum
2158 1202 2237 1245 est
2272 1199 2557 1261 singulare,
2591 1203 2642 1248 et
2673 1201 2937 1265 quidquid
2971 1206 3051 1250 est
3080 1194 3309 1266 persona
3358 1208 3436 1252 est
3492 1204 3604 1252 sin-

1957 1269 2141 1329 gulare
2173 1274 2225 1319 et
2255 1271 2730 1333 individuum,non
2761 1280 2941 1323 tamen
2974 1289 3133 1325 omne
3192 1275 3462 1335 singulare
3524 1280 3607 1326 est

1957 1339 2319 1398 individuum,
2350 1356 2447 1390 nec
2476 1356 2633 1392 omne
2669 1345 2936 1406 singulare
2994 1347 3077 1395 vel
3134 1346 3472 1396 individuum
3526 1354 3608 1397 est

1954 1413 2265 1471 persona.ln
2302 1412 2642 1463 naturalibus
2673 1416 2814 1464 enim
2847 1416 3109 1481 quidquid
3172 1423 3266 1478 est,
3300 1418 3400 1467 alio
3448 1432 3608 1481 quam

1952 1482 2127 1545 ipsum
2154 1484 2221 1533 sit
2254 1484 2457 1548 aliquid
2502 1489 2584 1534 est
2616 1501 2626 1535 :
2662 1491 2713 1535 et
2746 1488 3002 1549 quoniam
3039 1488 3090 1536 id
3119 1502 3226 1552 quo
3272 1495 3353 1538 est
3408 1490 3606 1553 aliquid

1949 1554 2219 1625 singulare
2264 1562 2360 1617 est,
2400 1556 2450 1604 id
2484 1572 2701 1621 quoque
2731 1560 2871 1621 quod
2903 1574 2964 1608 eo
3027 1566 3108 1609 est
3164 1561 3367 1624 aliquid
3431 1562 3610 1625 singu-

1951 1624 2060 1675 lare
2094 1632 2191 1675 est.
2223 1627 2360 1675 Nam
2396 1628 2547 1689 plura
2585 1642 2811 1677 numero
2838 1630 2976 1678 sicut
3010 1644 3115 1678 uno
3179 1630 3435 1693 singulari
3498 1624 3606 1681 non

1952 1702 2081 1745 sunt
2110 1696 2330 1761 aliquid,
2360 1699 2432 1747 ita
2462 1713 2629 1747 unum
2662 1700 2865 1761 aliqmd
2899 1699 3014 1749 sine
3065 1716 3290 1750 numero
3326 1716 3441 1750 esse
3495 1716 3605 1752 non

177 1769 272 1817 vel
301 1768 367 1817 sit
394 1765 615 1829 aliquid,
657 1765 745 1814 vel
781 1780 897 1814 esse
927 1767 1112 1827 possit.
1150 1765 1382 1828 Ideoque
1436 1750 1551 1815 esse
1600 1750 1847 1815 dextrum
1877 1750 1923 1813 Β
1956 1750 2215 1829 possunt:
2258 1750 2438 1831 Itaque
2492 1750 2863 1832 singularitate
2915 1772 3032 1834 ejus
3067 1786 3174 1834 quo
3206 1777 3301 1829 est,
3336 1750 3605 1836 singulare

176 1847 279 1891 aut
310 1842 587 1889 sinistrum
626 1853 802 1902 neque
837 1838 985 1888 addit
1015 1838 1217 1902 aliquid
1252 1841 1300 1888 ei
1348 1840 1413 1888 de
1470 1853 1574 1902 quo
1632 1841 1844 1896 dicitur,

180 1926 288 1961 nec
319 1910 511 1960 minuit
546 1910 689 1963 illud,
730 1923 829 1958 nec
862 1914 1036 1959 mutat
1069 1912 1248 1973 aliquo
1282 1910 1459 1959 modo.
1495 1912 1668 1968 Quare
1730 1926 1847 1960 cer-

182 1988 305 2033 tum
360 1990 438 2032 est
493 1982 636 2045 quod
701 1995 761 2030 ea
830 1995 952 2044 qua:
984 1995 1093 2030 non
1154 1982 1358 2030 faciunt
1389 1982 1843 2045 praedicationem,

184 2055 244 2104 id
279 2059 375 2110 est.
406 2068 526 2116 quas
566 2067 676 2102 non
717 2053 1081 2115 predicantur
1112 2053 1409 2102 secundum
1446 2054 1843 2115 proprietatem,

185 2139 317 2188 quae
348 2127 423 2174 ita
477 2127 546 2173 sit
598 2125 672 2173 rei
731 2123 958 2185 alicujus
1020 2124 1163 2186 quod
1192 2124 1255 2172 de
1289 2123 1380 2172 illa
1411 2124 1634 2180 dicatur,
1670 2122 1723 2171 in
1782 2136 1844 2172 eo

184 2197 335 2260 quod
371 2198 485 2259 ipsa
516 2199 613 2252 est,
650 2195 703 2243 id
736 2200 816 2243 est
862 2208 967 2256 qua
998 2194 1304 2256 praedicata,
1340 2194 1392 2243 id
1452 2196 1517 2244 de
1551 2209 1657 2257 quo
1705 2208 1841 2256 prte-

184 2270 402 2318 dicatur
449 2265 520 2315 sit
567 2264 790 2327 aliquid,
839 2264 976 2314 nihil
1025 2279 1245 2327 prorsus
1304 2271 1513 2329 queunt
1559 2266 1844 2324 alternare,

180 2340 273 2390 vel
332 2337 573 2402 qualibet
629 2338 738 2385 veri
798 2336 1033 2385 nominis
1085 2336 1386 2386 mutatione
1447 2342 1669 2394 mutare,
1722 2339 1843 2387 nul-

187 2410 409 2474 lamque
458 2410 680 2458 omnino
717 2408 1003 2456 essentiam
1050 2409 1262 2456 variari.
1297 2410 1424 2457 Nam
1491 2409 1555 2457 de
1602 2423 1843 2471 quocun-

183 2496 297 2545 que
328 2481 581 2529 dicuntur
606 2480 739 2534 haec,
774 2479 993 2527 minime
1027 2479 1331 2537 conferunt,
1394 2483 1453 2529 ut
1509 2480 1562 2528 id
1606 2481 1671 2529 de
1734 2495 1840 2544 quo

178 2554 445 2603 dicuntur
475 2554 543 2601 sit
582 2550 785 2601 eisdem
842 2550 1005 2608 aliud,
1065 2564 1225 2613 quam
1263 2556 1379 2601 erat
1432 2557 1721 2615 antequam
1779 2554 1844 2602 de

172 2625 277 2674 illo
312 2624 636 2673 dicerentur.
1075 2654 1085 2662 .

244 2697 515 2757 Quocirca,
568 2694 693 2757 etc.j
760 2694 838 2743 Ab
897 2708 958 2742 eo
1004 2693 1117 2743 loco
1175 2692 1267 2743 ubi
1320 2694 1471 2753 dixit,
1501 2694 1687 2743 decem
1738 2709 1845 2744 om-

176 2770 323 2818 nino
358 2765 779 2831 prasdicsments
812 2765 1117 2821 traduntur,
1168 2765 1445 2828 hucusque
1498 2767 1678 2815 omnia
1710 2780 1845 2828 pras-

173 2840 505 2895 dicamenta,
540 2842 650 2886 tum
682 2836 982 2886 secundum
1038 2850 1239 2899 genera
1282 2838 1541 2899 ipsorum,
1599 2841 1711 2886 tum
1762 2852 1846 2885 se-

175 2911 430 2962 cundum
460 2911 695 2959 rationes
747 2910 1096 2972 praedicandi,
1129 2908 1219 2957 illa
1248 2908 1359 2957 sive
1421 2909 1485 2957 de
1532 2911 1721 2959 creatis
1761 2908 1846 2958 his

180 2981 626 3037 subsistentibus,
686 2981 797 3029 sive
850 2982 915 3030 de
948 2982 1070 3034 Deo.
1113 2979 1314 3028 divisit.
1346 2980 1499 3029 Nunc
1534 2980 1599 3028 ad
1644 2980 1695 3029 id
1728 2995 1847 3041 pro-

175 3061 313 3120 pter
342 3054 481 3117 quod
515 3053 577 3102 de
624 3053 1165 3116 praedicamentorum
1202 3056 1254 3100 et
1315 3051 1643 3113 praedicandi
1692 3052 1845 3101 diffe-

1952 1843 2031 1886 est
2087 1838 2243 1886 etiam
2307 1839 2355 1886 id
2384 1853 2491 1902 quo
2528 1846 2624 1895 est,
2660 1842 2862 1904 aliquid
2922 1847 3019 1890 est.
3081 1844 3233 1907 Saepe
3283 1849 3460 1893 autem
3522 1844 3601 1893 di-

1950 1923 2105 1957 versa
2174 1924 2397 1959 numero
2459 1910 2755 1973 singularia
2819 1913 3116 1962 secundum
3181 1914 3361 1976 aliqua
3417 1928 3601 1964 eorum

1950 1979 2143 2042 quibus
2175 1984 2318 2036 sunt,
2351 1980 2654 2029 conformis
2690 1986 2831 2029 sunt.
2866 1981 3098 2046 Ideoque
3135 1997 3245 2032 non
3294 1986 3453 2034 modo
3513 1985 3600 2034 illa

1950 2065 2070 2114 quae
2107 2056 2246 2107 sunt,
2280 2066 2465 2099 verum
2503 2052 2665 2101 etiam
2702 2054 2793 2101 illa
2839 2054 3035 2116 quibus
3095 2055 3393 2104 conformis
3450 2060 3594 2113 sunt,

1950 2135 2116 2170 unum
2147 2121 2485 2171 individuum
2517 2128 2659 2172 sunt.
2688 2126 2760 2173 Ac
2791 2139 2884 2187 per
2915 2125 3013 2175 hoc
3077 2131 3328 2175 neutrum
3377 2128 3593 2177 illorum

1950 2192 2147 2255 quibus
2177 2195 2476 2243 conformis
2512 2201 2654 2254 sunt,
2693 2195 2782 2244 illa
2811 2210 2930 2259 quas
2965 2202 3090 2245 sunt
3124 2196 3471 2246 individuum
3500 2202 3597 2246 est.

1952 2264 2005 2312 Si
2043 2266 2184 2312 enim
2248 2265 2528 2314 dividuum
2566 2266 2694 2315 facit
2760 2267 3077 2327 similitudo,
3122 2282 3458 2331 consequens
3520 2274 3601 2317 est

1951 2340 2009 2383 ut
2064 2336 2402 2384 individuum
2483 2337 2889 2388 dissimilitudo.
2974 2339 3376 2388 Attendendum
3454 2353 3600 2397 vero,

1948 2406 2092 2469 quod
2127 2421 2187 2455 ea
2219 2405 2416 2470 quibus
2449 2406 2502 2456 id
2538 2408 2681 2471 quod
2716 2413 2813 2464 est,
2848 2413 2926 2458 est
2960 2409 3178 2472 aliquid,
3213 2415 3307 2459 aut
3346 2411 3604 2472 simplicia

1949 2481 2092 2531 sunt,
2144 2482 2200 2525 ut
2250 2478 2603 2540 rationalitas,
2667 2485 2759 2528 aut
2820 2480 3136 2542 composita,
3172 2486 3230 2530 ut
3280 2482 3603 2531 humanitas.

1946 2547 2217 2611 Simplicia
2253 2550 2437 2598 omnia
2475 2550 2559 2597 vel
2594 2555 2715 2599 actu
2748 2550 2834 2599 vel
2862 2556 3057 2600 natura
3104 2552 3403 2602 conformis
3459 2556 3601 2609 sunt,

1947 2617 2180 2682 ideoque
2241 2620 2387 2667 nulla
2449 2633 2635 2668 eorum
2695 2634 2820 2669 vera
2878 2622 3331 2672 dissimilitudinis
3384 2625 3604 2683 ratione

1950 2696 2077 2739 sunt
2126 2690 2426 2740 individua.
2487 2692 2801 2755 Composita
2868 2708 3013 2751 vero,
3083 2697 3188 2744 alia
3264 2710 3327 2743 ex
3412 2694 3605 2757 aliqui-

1948 2762 2050 2809 bus
2115 2765 2342 2817 tautum,
2410 2761 2510 2811 alia
2568 2778 2631 2811 ex
2694 2763 2995 2825 omnibus;
3055 2779 3174 2828 qua:
3238 2780 3346 2815 non
3391 2779 3451 2813 ex
3485 2779 3603 2814 om-

1953 2835 2129 2893 nibus,
2165 2833 2406 2882 similiter
2437 2835 2574 2883 sicut
2603 2840 2654 2883 et
2689 2834 2951 2897 simplicis
2987 2836 3069 2884 vel
3110 2841 3232 2885 actu
3262 2836 3347 2885 vel
3407 2841 3602 2886 natura

1950 2905 2251 2953 conformis
2286 2910 2429 2960 sunt,
2464 2911 2624 2969 atque
2657 2920 2751 2968 per
2781 2906 2881 2954 hoc
2922 2907 3068 2955 nulla
3098 2922 3286 2957 eorum
3344 2912 3470 2957 sunt
3526 2910 3603 2957 in-

1952 2977 2188 3025 dividua.
2224 2977 2412 3025 Restat
2437 2976 2601 3040 igitur
2636 2984 2694 3025 ut
2725 2976 2813 3026 illa
2870 2983 3077 3027 tantum
3138 2977 3247 3028 sint
3298 2978 3597 3038 individua,

1952 3061 2071 3112 quae
2104 3063 2165 3098 ex
2197 3050 2449 3099 omnibus
2480 3051 2795 3113 composita,
2832 3050 2986 3099 nullis
3021 3052 3138 3100 aliis
3194 3052 3247 3099 in
3307 3056 3418 3100 toto
3476 3066 3603 3115 pos-

178 3128 371 3177 rentia
419 3125 743 3178 iuterseruit.
802 3124 956 3177 redit,
1016 3128 1068 3172 et
1128 3122 1271 3181 dicit,
1305 3123 1534 3186 qualiter
1582 3122 1753 3185 Pater,
1784 3129 1838 3173 et
1865 3124 1909 3187 ί]
1951 3126 2077 3171 sunt
2106 3136 2220 3171 esse
2252 3121 2570 3177 conformis,
2606 3126 2663 3171 ut
2698 3138 2761 3171 ex
2793 3124 3044 3172 omnibus
3074 3138 3195 3188 quas
3258 3129 3312 3173 et
3368 3130 3489 3173 actu
3551 3129 3604 3173 et

180 3198 379 3255 Filius,
422 3200 473 3244 et
519 3194 751 3257 Spiritus
816 3197 1052 3253 sanctus,
1084 3195 1176 3257 qui
1233 3194 1347 3243 sine
1384 3208 1609 3244 numero
1666 3208 1835 3243 unum

174 3273 336 3328 sunt,
371 3268 478 3317 sint
522 3266 681 3316 etiam
730 3279 955 3315 numero
1013 3267 1212 3327 plures.
1244 3266 1441 3324 Quasi:
1499 3266 1840 3330 Quandoqui-

170 3340 308 3389 dem
336 3338 484 3387 nulla
513 3338 727 3385 illorum
760 3350 879 3399 quae
911 3348 1018 3385 non
1058 3333 1430 3397 praedicantur
1465 3336 1529 3385 de
1558 3350 1612 3385 re
1661 3334 1717 3384 in
1776 3351 1838 3386 eo

163 3410 329 3474 quod
360 3407 495 3471 ipsa,
526 3409 617 3464 sit,
653 3406 705 3455 id
738 3406 804 3455 de
835 3420 943 3470 quo
976 3404 1347 3468 prmdicantur
1390 3406 1655 3456 alternare
1714 3422 1840 3470 pos-

158 3486 325 3540 sunt,
387 3481 637 3543 quocirca
699 3477 741 3525 si
778 3478 931 3527 Pater
988 3492 1049 3527 ac
1102 3477 1267 3526 Filius
1322 3477 1581 3526 dicuntur
1642 3478 1705 3527 ad
1740 3479 1839 3527 ali-

158 3552 330 3618 quid,
363 3558 419 3600 ut
447 3552 631 3613 utique
667 3564 792 3597 vere
840 3550 1111 3606 dicuntur,
1164 3548 1401 3611 nihilque
1452 3548 1612 3606 aliud,
1647 3548 1699 3598 id
1762 3554 1843 3598 est

162 3624 334 3675 nullo
390 3627 596 3671 naturas
663 3620 1104 3683 praedicamento,
1168 3621 1222 3667 ui
1289 3620 1489 3668 dictum
1524 3625 1637 3681 ,est,
1692 3621 1840 3669 diffe-

164 3700 331 3750 runt,
390 3695 491 3742 nisi
552 3694 661 3741 sola
720 3693 951 3747 ratione,
990 3706 1097 3754 qua
1150 3695 1202 3741 et
1237 3691 1301 3739 ad
1337 3690 1530 3739 Filium
1561 3691 1735 3749 Pater,
1790 3698 1843 3741 et

174 3767 256 3819 ad
290 3767 493 3814 Patrem
525 3763 691 3813 Filius
736 3766 964 3813 dicitur:
998 3762 1185 3813 relatio
1242 3777 1368 3811 vero
1423 3777 1529 3811 non
1586 3765 1844 3827 praedica-

174 3846 279 3890 tur
311 3838 374 3885 ad
411 3837 465 3886 id
495 3837 559 3886 de
590 3852 697 3900 quo
724 3836 1061 3899 praedicatur,
1104 3835 1255 3898 quasi
1315 3835 1365 3883 id
1426 3835 1539 3897 ipsa
1586 3835 1843 3884 relatione

177 3910 278 3965 sit,
306 3913 359 3957 et
389 3910 452 3957 de
484 3923 541 3957 re
570 3909 636 3957 de
698 3922 804 3971 qua
861 3908 1072 3960 dicitur.
1122 3919 1464 3968 nequaquam
1522 3908 1845 3969 praedicatur

178 3994 256 4033 ea
325 3980 704 4043 pradicstioue
760 3992 879 4042 quas
932 3982 1156 4026 vocatur
1214 3978 1501 4039 praedicato
1549 3980 1845 4028 secundum

171 4066 326 4108 rem,
362 4052 487 4114 quia
509 4050 561 4099 id
597 4053 661 4099 de
697 4065 802 4114 quo
827 4048 1166 4113 praedicatur,
1196 4048 1282 4097 vel
1318 4063 1451 4105 esse,
1508 4050 1589 4099 vel
1642 4048 1846 4113 aliquid

176 4137 317 4175 esse
350 4136 410 4172 ea
464 4136 575 4171 non
633 4126 855 4184 potest:
914 4120 1262 4169 manifestum
1326 4124 1407 4168 est
1463 4121 1606 4183 quod
1664 4122 1847 4171 relatio

178 4208 309 4247 non
342 4194 499 4244 faciet
530 4192 676 4243 illam
717 4193 1056 4247 alteritatem,
1114 4205 1235 4254 quae
1293 4190 1489 4240 dicitur
1540 4205 1736 4250 rerum,
1796 4192 1847 4242 id

178 4270 280 4318 est
309 4280 423 4315 eam
457 4279 616 4328 quam
664 4278 723 4313 ea
770 4262 975 4311 faciunt
1024 4276 1143 4325 quae
1195 4262 1491 4310 secundum
1550 4276 1662 4311 rem
1719 4278 1852 4327 prte-

175 4337 363 4388 dicari
395 4337 668 4395 dicuntur,
702 4339 755 4384 et
802 4348 1030 4397 quorum
1064 4333 1307 4396 quolibet
1352 4331 1405 4379 id
1454 4333 1519 4380 de
1565 4347 1671 4396 quo
1721 4350 1853 4397 pug.

174 4412 409 4462 dicatur
430 4410 633 4473 aliquid
669 4414 784 4469 est;
818 4407 908 4456 sed
942 4407 1142 4469 potius,
1176 4407 1217 4454 si
1278 4404 1380 4453 dici
1442 4410 1634 4468 potest,
1691 4407 1852 4457 faciet

1949 3199 2143 3241 natura
2201 3192 2441 3253 fuerunt,
2506 3194 2588 3241 vel
2619 3198 2767 3251 sunt,
2821 3194 2903 3242 vel
2962 3194 3145 3244 futura
3179 3199 3321 3256 sunt,
3374 3194 3607 3245 Platonis

1947 3264 2167 3314 collecta
2194 3264 2508 3313 Platonitas.
2550 3265 2641 3313 His
2678 3266 2754 3314 ita
2786 3280 2842 3315 se
2900 3265 3243 3323 habentibus,
3300 3266 3604 3316 addendum

1948 3335 2200 3399 estquod
2233 3349 2390 3384 omne
2440 3335 2737 3386 subsistens
2793 3338 3105 3399 multorum,
3155 3337 3349 3401 quibus
3399 3342 3495 3396 est,
3553 3338 3607 3387 id

1949 3412 2029 3457 est
2052 3408 2265 3470 generis
2298 3412 2349 3456 et
2384 3408 2719 3468 differentias,
2782 3415 2835 3459 et
2895 3410 3213 3467 accidentis,
3271 3411 3611 3460 concretione

1949 3479 2207 3535 subsistit,
2241 3492 2300 3527 ac
2336 3493 2429 3541 per
2450 3480 2551 3528 hcc
2583 3480 2764 3543 aliquo
2796 3480 3015 3543 alioque
3051 3486 3133 3530 est
3178 3481 3399 3545 aliquid.
3430 3481 3614 3546 Neque

1949 3563 2164 3598 necesse
2195 3554 2277 3598 est
2307 3564 2417 3599 rem
2451 3550 2595 3600 illam
2629 3566 2749 3615 quae
2781 3553 2857 3600 sic
2893 3551 3097 3615 aliquid
3139 3558 3241 3614 est,
3278 3553 3397 3601 ideo
3454 3553 3611 3602 aliam

1950 3634 2083 3681 esse,
2118 3621 2368 3682 quoniam
2400 3635 2505 3670 non
2538 3627 2745 3671 tantum
2780 3623 2962 3686 aliquo
3016 3624 3239 3687 aliquid,
3300 3624 3391 3671 sed
3450 3626 3607 3673 etiam

1950 3691 2055 3739 alio
2088 3691 2230 3739 aliud
2264 3706 2276 3749 ;
2311 3695 2361 3740 et
2393 3691 2517 3740 item
2560 3694 2664 3742 alio
2705 3692 2870 3750 aliud,
2908 3692 3112 3757 aliquid
3148 3698 3245 3743 est.
3307 3695 3371 3743 Ut
3427 3695 3607 3744 anima

1950 3764 2189 3811 Platonis
2227 3778 2332 3811 non
2363 3764 2525 3813 modo
2551 3779 2748 3828 genere
2784 3766 3002 3827 spiritus
3035 3771 3130 3822 est,
3164 3766 3307 3829 quod
3339 3770 3420 3815 est
3482 3780 3599 3817 eam

1954 3848 2069 3883 esse
2098 3834 2316 3897 aliquid,
2349 3849 2536 3884 verum
2588 3837 2744 3884 etiam
2810 3837 2931 3893 alio,
2994 3837 3044 3884 id
3106 3842 3185 3887 est
3240 3838 3599 3888 rationalitate

1957 3906 2101 3954 aliud
2132 3910 2228 3961 est,
2265 3905 2315 3954 id
2350 3911 2429 3955 est
2460 3907 2751 3963 rationalis,
2817 3912 2975 3971 atque
3034 3908 3215 3957 multis
3274 3910 3389 3959 aliis
3451 3911 3599 3959 aliud

1956 3980 2009 4026 et
2044 3976 2185 4025 aliud
2247 3982 2343 4031 est,
2409 3991 2515 4027 non
2571 3983 2751 4027 tamen
2817 3980 3011 4028 idcirco
3049 3979 3154 4028 alia
3183 3984 3280 4035 est.
3325 3996 3451 4031 nam
3485 3981 3603 4031 aliis

1957 4053 2117 4111 atque
2154 4048 2271 4097 aliis
2302 4050 2446 4098 aliud
2479 4054 2575 4105 est,
2606 4054 2765 4114 atque
2819 4052 2961 4099 aliud
2993 4050 3125 4113 ipsa.
3174 4052 3275 4101 Sed
3338 4067 3600 4101 converso

1957 4120 2275 4180 generaliter
2305 4120 2410 4169 dici
2442 4126 2639 4183 potest,
2677 4122 2820 4185 quod
2881 4136 3219 4185 quascunque
3286 4138 3373 4172 res
3437 4122 3604 4171 subsi-

1959 4198 2106 4241 stens
2138 4193 2224 4241 alii
2262 4194 2451 4242 collata
2486 4194 2550 4243 ab
2596 4209 2657 4243 ea
2704 4198 2783 4243 est
2838 4194 3142 4243 alterutrius
3199 4209 3423 4244 numero
3481 4196 3604 4251 alia,

1960 4264 2112 4314 nullo
2147 4266 2359 4314 illorum
2398 4270 2477 4314 est
2511 4266 2732 4330 aliquid.
2766 4280 2995 4329 quorum
3035 4268 3275 4328 quolibet
3307 4267 3398 4317 illa
3432 4282 3461 4316 a
3495 4281 3604 4329 qua

1961 4339 2039 4383 est
2074 4335 2192 4389 alia,
2232 4336 2435 4397 aliquid
2468 4340 2570 4384 est.
2630 4336 2760 4383 Nam
2831 4338 2927 4383 etsi
2987 4341 3231 4398 utraeque
3296 4337 3609 4386 subsistunt

1963 4404 2237 4467 aliquibus
2296 4406 2362 4453 ad
2421 4420 2476 4453 se
2544 4407 2771 4454 invicem
2814 4406 3055 4468 ejusdem
3086 4406 3437 4456 similitudine
3474 4421 3608 4455 nun-

172 4481 688 4545 alteritatem,quaa
720 4478 920 4528 dicitur
983 4490 1351 4551 personarum.
1407 4474 1517 4525 Nec
1570 4477 1710 4551 hanc
1780 4480 2125 4551 in-unam
2198 4484 2373 4525 tamen
2436 4477 2978 4551 ejusdemessentiae
3040 4479 3430 4551 singularitate.
3504 4479 3612 4551 lies

174 4554 631 4616 terpretationem
665 4550 858 4614 aliquis
894 4548 1156 4613 tamquam
1202 4548 1423 4598 verbum
1473 4550 1713 4612 profana:
1770 4566 1858 4601 no-

180 4625 383 4675 vitatis
438 4624 715 4674 exsufﬂet:
766 4624 1022 4686 quoniam
1081 4622 1296 4686 quidem
1346 4620 1417 4683 id,
1476 4620 1679 4670 scilicet
1724 4622 1865 4673 hanc

178 4697 371 4749 Patris
419 4700 471 4745 et
524 4695 645 4744 Filii
698 4695 1035 4750 alteritatem,
1083 4707 1189 4757 qua
1236 4693 1407 4753 Pater,
1462 4697 1513 4742 et
1556 4696 1654 4751 est,
1702 4699 1754 4743 et
1783 4697 1863 4745 di-

184 4770 342 4819 citur
375 4767 512 4816 alter
544 4781 575 4815 a
608 4765 761 4823 Filio,
799 4772 853 4815 et
903 4765 1068 4814 Filius
1136 4764 1269 4813 alter
1336 4778 1365 4813 a
1431 4765 1600 4821 Patre,
1638 4766 1866 4816 nullius

189 4838 466 4890 naturalis
500 4837 904 4902 prmdicamenti
936 4834 1043 4888 nisi
1080 4835 1354 4886 relationis
1410 4840 1623 4885 tantum
1688 4836 1866 4887 diver.

188 4913 382 4971 sitate,
434 4925 496 4960 eo
565 4911 724 4960 modo
792 4924 940 4959 nunc
1004 4910 1387 4970 interpretatus
1454 4922 1588 4964 sum,
1658 4908 1863 4963 dicens,

189 4984 350 5035 hanc
386 4983 697 5032 alteritatem
767 4996 884 5031 esse
934 4992 1303 5043 personarum,
1342 4978 1613 5040 quomodo
1652 4980 1716 5027 ab
1750 4980 1867 5028 aliis

190 5056 453 5121 pluribus
489 5060 611 5104 ante
647 5068 732 5103 me
770 5056 1185 5116 interpretatum
1223 5055 1319 5099 est.
1358 5050 1511 5107 Quod
1551 5055 1725 5099 tamen
1780 5052 1867 5100 vix

192 5126 437 5187 intelligi
473 5127 665 5188 potuit,
702 5130 755 5174 et
802 5126 924 5173 ideo
983 5138 1083 5186 ego
1120 5123 1172 5170 id
1221 5134 1585 5184 expressurus
1619 5132 1671 5169 et
1706 5122 1872 5171 dictu.

192 5212 320 5257 rus,
361 5210 712 5258 personarum
778 5196 1029 5258 prtemisi,
1092 5196 1134 5240 si
1201 5192 1303 5240 dici
1373 5195 1564 5253 potest.
1635 5192 1869 5242 Attende

198 5268 469 5331 quoniam
534 5272 675 5315 recte
744 5268 833 5323 ait,
872 5266 914 5313 si
947 5266 1048 5315 dici
1104 5268 1293 5328 potest.
1327 5267 1378 5311 et
1440 5265 1563 5312 item
1601 5266 1743 5327 quod
1784 5264 1872 5313 vix

198 5336 443 5399 intelligi
476 5338 671 5397 potuit.
708 5337 816 5386 Nec
852 5336 943 5391 ait,
982 5334 1086 5384 dici
1125 5349 1229 5382 non
1274 5338 1464 5397 potest,
1502 5335 1612 5389 sed,
1652 5336 1693 5383 si
1762 5334 1871 5383 dici

200 5412 413 5475 potest.
449 5412 552 5457 Nec
586 5409 711 5456 item
748 5410 839 5462 ait,
880 5420 985 5455 non
1024 5406 1248 5467 intelligi
1289 5406 1480 5468 potuit,
1519 5406 1631 5466 sed,
1671 5408 1757 5453 vix
1789 5407 1870 5454 in-

203 5476 391 5540 telligi
431 5480 623 5540 potuit.
660 5478 863 5537 Quibus
895 5476 1072 5526 verbis
1128 5477 1383 5533 ostendit,
1444 5490 1621 5540 neque
1690 5476 1873 5525 dictio-

200 5565 338 5603 nem
376 5549 515 5599 hanc
546 5566 575 5597 a
611 5556 807 5599 nostra:
844 5547 1131 5598 locutionis
1168 5564 1267 5597 usu
1305 5549 1528 5597 omnino
1567 5548 1873 5605 abhorrere,

201 5635 395 5684 neque
426 5636 535 5670 rem
579 5624 801 5671 omnino
851 5621 917 5669 ab
984 5620 1232 5669 humanas
1296 5619 1663 5681 intelligentia:
1714 5634 1875 5668 sensu

197 5698 517 5747 remotam:
558 5693 652 5741 sed
689 5706 751 5742 ex
791 5692 971 5754 aliqua
1020 5692 1245 5740 rationis
1318 5693 1668 5754 proportione
1732 5696 1877 5739 tran-

201 5769 493 5827 sumptum
529 5777 846 5819 sermonem,
886 5776 999 5811 rem
1054 5762 1221 5823 ipsam
1292 5763 1430 5811 sicut
1486 5767 1582 5820 est,
1658 5763 1877 5811 minime

202 5848 377 5903 posse
437 5835 715 5899 explicare,
786 5838 839 5883 et
917 5836 1120 5897 printer
1184 5830 1409 5881 rationis
1485 5832 1879 5896 plenitudinem

1972 4560 2115 4597 enim
2151 4562 2181 4595 a
2216 4561 2272 4596 re
2305 4560 2582 4610 nunquam
2615 4548 2809 4597 dicitur
2843 4548 3154 4598 alterutrius
3212 4563 3435 4599 numero
3489 4549 3612 4609 alia,

1972 4618 2077 4667 nisi
2096 4618 2347 4667 omnibus
2377 4618 2575 4681 quibus
2612 4623 2710 4674 est,
2748 4619 2816 4668 sit
2840 4621 2905 4669 ah
2936 4634 2999 4669 ea
3028 4620 3256 4670 diversa.
3302 4620 3389 4669 Sic
3449 4618 3615 4685 igitur

1975 4703 2313 4753 unaquaeque
2344 4703 2426 4738 res
2459 4691 2745 4753 aqualibet
2773 4690 2894 4748 alia,
2931 4691 3206 4755 quodlibet
3253 4706 3439 4741 eorum
3500 4690 3618 4756 qui-

1972 4765 2075 4814 bus
2110 4763 2313 4826 aliquid
2345 4768 2424 4811 est
2461 4778 2554 4825 per
2588 4778 2661 4818 se.
2717 4765 2781 4813 ab
2818 4779 2877 4813 ea
2942 4779 3048 4827 qua
3103 4764 3206 4814 alia
3262 4770 3357 4826 est,
3419 4764 3619 4829 aliquid

1974 4838 2072 4885 est.
2106 4834 2168 4883 Et
2198 4834 2451 4896 quoniam
2485 4834 2748 4897 quidquid
2786 4835 2981 4899 aliquid
3039 4840 3134 4893 est,
3199 4836 3314 4900 ejus
3375 4850 3483 4900 quo
3544 4840 3625 4885 est.

1974 4905 2344 4968 singularitate
2384 4920 2549 4954 unum
2584 4913 2680 4961 est,
2732 4906 2870 4956 sicut
2904 4922 2987 4956 res
3040 4910 3104 4957 ab
3158 4908 3339 4972 aliquo
3384 4908 3485 4956 alia
3532 4922 3627 4971 per

1975 4991 2030 5026 se
2060 4976 2262 5040 aliquid
2293 4982 2388 5033 est,
2431 4978 2501 5025 ita
2537 4992 2749 5041 quoque
2787 4993 2881 5041 per
2916 4994 2970 5027 se
3003 4994 3113 5028 una
3147 4985 3243 5029 est.
3284 4981 3390 5028 Hac
3441 4980 3625 5043 itaque

1976 5049 2181 5097 ratione
2215 5053 2267 5096 et
2296 5048 2411 5097 haec
2446 5049 2675 5111 qualitas
2705 5050 2771 5098 ab
2808 5050 2911 5098 alia
2959 5051 3215 5112 qualitate
3261 5066 3356 5114 per
3406 5065 3461 5099 se
3524 5064 3630 5099 una

1977 5123 2073 5181 est,
2108 5124 2162 5169 et
2195 5121 2281 5169 hic
2313 5121 2489 5183 qualis
2523 5122 2629 5170 alio
2665 5122 2809 5184 quali
2842 5136 2934 5185 per
2970 5138 3025 5171 se
3057 5136 3199 5172 unus
3224 5128 3319 5172 est.
3382 5122 3501 5171 Non
3559 5128 3633 5172 ts-

1977 5204 2098 5239 men
2161 5191 2277 5240 haec
2311 5190 2447 5242 ratio
2506 5193 2719 5252 sufﬁcit,
2786 5197 2844 5242 ut
2900 5208 2987 5242 res
3050 5195 3301 5255 qumlibet
3334 5195 3409 5243 sic
3453 5208 3545 5257 per
3574 5208 3629 5243 se

1981 5277 2084 5312 una
2115 5264 2426 5313 nominetur
2453 5279 2701 5328 persona.
2738 5264 2917 5314 Multa:
2953 5267 3093 5314 enim
3130 5267 3203 5315 sic
3239 5280 3331 5328 per
3378 5280 3431 5315 se
3484 5278 3625 5323 unas,

1980 5336 2033 5384 in
2065 5350 2170 5384 uno
2202 5341 2328 5385 sunt
2360 5352 2372 5386 :
2412 5339 2547 5386 utin
2581 5339 2797 5387 homine
2829 5353 2937 5387 uno
2968 5353 3162 5400 corpus
3207 5344 3259 5387 et
3317 5339 3514 5393 anima,
3580 5341 3632 5385 et

1980 5406 2162 5455 omnia
2199 5407 2399 5469 quibus
2433 5410 2524 5458 illa
2556 5410 2958 5468 sunt.Quamvis
2995 5409 3158 5471 igitur
3186 5407 3365 5457 anima
3398 5409 3631 5457 hominis

1984 5478 2128 5526 nullo
2158 5479 2364 5527 illorum
2419 5480 2620 5543 aliquid
2660 5484 2745 5536 sit,
2782 5481 2979 5544 quibus
3012 5482 3127 5544 ejus
3162 5495 3355 5543 corpus
3417 5479 3625 5543 aliquid

1986 5554 2081 5605 est,
2118 5550 2342 5613 ideoque
2379 5566 2408 5598 u
2440 5566 2667 5613 corpore
2699 5552 2799 5600 alia
2830 5556 2881 5600 et
2924 5566 3018 5613 per
3077 5566 3133 5600 se
3190 5566 3297 5600 una
3357 5552 3446 5608 sit,
3502 5551 3633 5613 quia

1985 5628 2159 5671 tamen
2184 5626 2235 5669 et
2263 5622 2368 5670 illis
2405 5624 2655 5671 omnibus
2689 5624 2885 5686 quibus
2915 5624 3111 5680 anima,
3176 5628 3229 5674 et
3285 5623 3392 5673 illis
3458 5621 3636 5672 omni-

1984 5694 2084 5742 bus
2120 5694 2312 5754 quibus
2346 5699 2397 5743 et
2428 5708 2625 5757 corpus
2658 5693 2864 5757 aliquid
2923 5698 3020 5747 est.
3083 5709 3224 5744 unus
3284 5696 3376 5759 qui
3431 5709 3492 5743 ex
3553 5692 3638 5741 his

1987 5769 2193 5814 constat
2222 5766 2381 5814 homo
2428 5771 2506 5815 est
2545 5766 2785 5826 aliquid:
2842 5770 3095 5815 neutrum
3160 5767 3390 5823 illorum,
3445 5765 3497 5814 id
3539 5770 3635 5825 est,

1988 5848 2086 5885 nec
2123 5851 2315 5900 corpus
2365 5836 2619 5895 hominis,
2657 5851 2755 5888 nec
2786 5837 2904 5901 ejus
2937 5838 3116 5887 anima
3160 5840 3471 5888 nominatur
3518 5850 3639 5900 per-
