4024 6184
526 272 663 327 1295

1768 268 1838 328 ΙΝ
1878 264 2143 328 LIBRUM
2182 257 2275 322 DE
2314 258 2689 323 TRINITATE

3710 54 3715 59 .
3746 44 3927 67 _“U‘Vw

3766 68 3805 75 ,κ

3691 280 3782 337 1216

510 411 677 455 sona,
712 399 837 461 quia
868 410 970 447 non
1002 396 1225 445 omnino
1255 411 1353 460 per
1387 412 1442 447 se
1475 402 1616 447 sunt.
1654 397 1783 457 Quae
1842 399 1937 447 etsi
2000 395 2173 446 omni-
2203 394 2251 459 Α
2284 405 2392 455 nas,
2426 392 2677 454 quoniam
2709 393 2826 456 ejus
2859 407 2966 458 quo
2996 396 3125 443 sunt
3161 391 3506 455 singularitate
3532 410 3656 447 unum
3690 414 3791 462 sunt,

516 470 625 519 bus
675 472 870 533 quibus
916 473 1044 517 sunt
1086 468 1205 516 aliis
1255 468 1351 517 alia
1403 483 1434 519 a
1485 484 1539 518 se
1576 471 1699 527 sint,
1743 472 1798 519 in
1842 484 1951 519 uno
1994 474 2172 518 tamen

519 545 648 590 sunt
678 541 908 596 homine.
943 541 1031 602 qui
1065 544 1143 588 est
1177 539 1441 604 quidquid
1492 547 1617 590 sunt
1647 556 1842 605 corpus
1872 547 1923 590 et
1975 541 2170 595 anima,

504 616 575 660 et
606 610 753 676 aliud
785 625 942 673 quam
978 616 1104 659 sunt
1133 626 1328 674 corpus
1359 616 1412 662 et
1442 612 1640 661 anima.
1684 614 1889 677 Corpus
1948 626 2077 661 vero
2121 614 2175 659 et

520 686 702 732 anima
734 695 839 730 non
875 686 1001 730 sunt
1033 682 1295 745 quidquid
1328 688 1409 732 est
1442 685 1555 746 ipse
1604 685 1786 734 homo.
1831 685 1982 733 Plato
2042 696 2172 732 vero

518 769 547 803 a
585 756 846 802 Cicerone
882 756 954 801 ita
989 762 1070 803 est
1114 754 1268 811 alius,
1302 759 1447 817 quod
1490 761 1541 805 et
1589 757 1738 805 nullo
1786 756 1996 805 illorum
2042 755 2175 803 alter

506 824 721 889 quibus
756 824 890 872 alter
919 831 1014 880 est,
1054 830 1109 873 et
1138 826 1362 875 omnino
1387 825 1524 875 nihil
1555 833 1655 891 est,
1693 828 1834 891 quod
1868 826 1937 875 sit
1996 826 2175 874 omni-

517 900 619 946 bus
673 897 752 943 his
792 897 986 958 quibus
1036 902 1259 960 uterque
1303 903 1399 946 est.
1451 898 1575 947 Ideo
1630 914 1660 947 a
1715 900 1973 948 Cicerone
2004 897 2170 955 Plato,

514 972 566 1017 et
600 982 630 1016 a
678 966 897 1016 Platone
940 968 1139 1025 Cicero,
1180 974 1233 1016 et
1262 968 1488 1030 quilibet
1523 985 1709 1019 eorum
1771 972 1837 1020 ab
1891 970 2171 1029 universis,

513 1052 543 1087 a
593 1039 793 1101 quibus
842 1038 1084 1087 similiter
1130 1038 1309 1087 differt
1350 1053 1472 1088 vere
1510 1055 1603 1102 per
1650 1056 1705 1090 se
1734 1056 1890 1097 unus,
1937 1054 2065 1089 vera
2095 1054 2174 1088 ra-

512 1109 668 1157 tione
706 1122 938 1171 persona
970 1116 1065 1158 est.
1101 1109 1162 1157 Et
1191 1123 1535 1175 quascunque
1568 1117 1761 1161 (caetera
1793 1127 1821 1161 a
1857 1126 1911 1160 se
1941 1112 2172 1159 invicem

515 1180 707 1229 eodem
762 1183 919 1229 modo
973 1185 1099 1229 sunt
1144 1181 1268 1239 alia,
1316 1182 1368 1229 id
1426 1187 1523 1239 est,
1566 1182 1844 1246 quodlibet
1892 1181 2089 1231 animal
2121 1184 2174 1229 et

525 1251 779 1313 quaelibet
823 1252 1003 1307 arbor,
1054 1254 1107 1301 et
1164 1250 1473 1314 hujusmodi
1522 1254 1767 1302 inﬁnita:
1812 1251 2059 1318 quamvis
2104 1251 2170 1300 ad

518 1321 809 1369 rationales
838 1327 1046 1370 tantum
1092 1321 1471 1371 subsistentias
1509 1324 1611 1372 hoc
1657 1338 1855 1373 nomen
1902 1325 2046 1386 quod
2092 1326 2172 1371 est

519 1407 766 1453 persona,
822 1394 1266 1455 philosophorum
1315 1409 1443 1442 usus
1512 1397 1861 1450 contraxerit,
1921 1396 2055 1443 sicut
2116 1395 2169 1442 in

513 1464 649 1512 libro
709 1468 892 1512 contra
934 1465 1237 1512 Nestorium
1293 1468 1345 1513 et
1402 1465 1683 1528 Eutychen
1742 1466 1980 1515 dicetur:
2020 1469 2071 1514 et
2114 1465 2167 1512 in

520 1534 850 1582 naturalibus
892 1535 1105 1595 quidem
1156 1535 1230 1581 sic
1279 1541 1358 1583 est
1405 1551 1498 1598 per
1537 1552 1590 1585 se
1654 1551 1781 1594 una,
1835 1549 2170 1600 quaecunque

518 1619 603 1653 res
625 1619 856 1666 persona
882 1612 1117 1661 vocatur,
1152 1611 1208 1653 ut
1253 1606 1456 1655 scilicet
1505 1614 1556 1657 et
1614 1609 1896 1671 cujuslibet
1959 1609 2168 1655 illorum
2206 1642 2209 1643 ν

518 1676 713 1738 quibus
744 1682 823 1722 est
854 1674 1225 1737 singularitate
1265 1692 1370 1725 una
1402 1677 1489 1737 sit,
1518 1684 1570 1727 et
1611 1679 2044 1729 dissimilitudine
2108 1679 2165 1726 il-

2284 467 2339 511 et
2380 462 2725 525 simplicitate
2785 465 2835 514 id
2896 466 3037 529 quod
3100 470 3243 522 sunt,
3302 467 3599 517 essentiarnm
3650 478 3795 535 opposi-

2280 536 2427 586 tione
2458 552 2488 585 a
2519 552 2573 586 se
2606 538 2837 586 invicem
2872 539 2989 587 alite
3020 551 3137 586 esse
3172 550 3282 585 non
3319 545 3529 599 possunt,
3554 541 3625 589 sed
3664 543 3794 594 harum

2276 622 2397 670 quae
2429 609 2585 658 dictae
2607 614 2734 657 sunt
2763 610 3099 658 extrinsecus
3140 610 3412 657 atﬂxarnm
3464 624 3608 659 rerum
3649 618 3801 676 oppon.

2275 680 2436 733 tione,
2473 694 2503 728 a
2534 694 2588 729 se
2620 678 2847 728 invicem
2879 680 2997 728 alias
3034 684 3087 729 et
3117 682 3419 743 probantur
3455 686 3500 729 et
3548 688 3658 731 sunt.
3696 686 3801 735 ideo-

2280 762 2387 812 que
2419 763 2615 798 nomen
2646 756 2698 798 et
2758 763 3036 800 numerum
3096 764 3435 814 personarum
3479 750 3525 799 in
3557 752 3798 815 theologicis,

2286 825 2341 867 et
2401 825 2508 869 tam
2557 820 2827 870 ineffabile
2884 822 3079 879 verbis,
3140 836 3303 886 quam
3385 822 3805 885 incomprehensibilo

2275 893 2485 941 ratione
2516 901 2778 941 secretum
2837 897 3025 942 auctor
3053 894 3346 949 admirans,
3382 892 3646 941 alteritatrm
3694 895 3802 953 illam,

2272 976 2377 1025 qua
2408 962 2580 1020 Pater,
2614 968 2667 1013 et
2700 962 2887 1023 Filius,
2921 974 2973 1013 et
3002 963 3241 1027 Spiritus
3266 969 3472 1012 sanctus
3497 978 3523 1012 a
3551 978 3597 1013 se
3641 964 3802 1016 invicem

2272 1035 2357 1082 alii
2387 1039 2529 1093 sunt,
2568 1035 2939 1098 appellaturus
2972 1049 3349 1098 personarum,
3381 1040 3506 1083 recte
3536 1036 3756 1098 premisit,
3782 1040 3809 1087 si

2271 1105 2375 1154 dici
2406 1110 2599 1168 potest,
2634 1111 2687 1154 et
2715 1104 2868 1169 quod
2892 1108 2977 1155 vix
3014 1104 3243 1167 intelligi
3279 1106 3457 1169 potuit.

2335 1177 2559 1225 Omnino
2594 1179 2748 1235 enim,
2784 1176 2909 1243 etc.]
2941 1179 3090 1235 Quod
3121 1177 3360 1227 alteritas
3404 1177 3522 1237 haec,
3566 1191 3654 1240 qua
3696 1178 3809 1235 Pater,

2273 1252 2326 1297 et
2353 1249 2534 1306 Filius,
2567 1254 2619 1298 et
2648 1248 2880 1313 Spiritus
2911 1254 3130 1299 sanctus
3166 1263 3197 1298 a
3251 1263 3305 1298 se
3364 1248 3569 1298 invicem
3618 1263 3706 1298 esse
3746 1250 3809 1298 alii

2272 1321 2651 1383 prmdicantur,
2680 1336 2790 1370 non
2827 1323 2895 1370 sit
2925 1335 3126 1379 rerum,
3157 1321 3209 1370 id
3238 1327 3321 1371 est
3351 1334 3450 1369 non
3488 1324 3546 1370 sit
3590 1323 3805 1370 secundum

2271 1406 2357 1441 res
2380 1392 2498 1441 illas
2528 1393 2726 1456 quibus
2759 1394 2959 1456 aliquid
2992 1396 3101 1442 sint
3121 1407 3187 1442 ea
3216 1395 3280 1441 de
3306 1394 3492 1457 quibus
3513 1392 3623 1455 ipsis
3638 1394 3813 1441 dicuntur

2271 1463 2362 1512 sed
2399 1465 2576 1526 potius
2607 1465 2904 1513 secundum
2938 1464 3225 1513 relationes
3260 1463 3346 1524 sit,
3378 1464 3538 1511 adhuc
3555 1463 3813 1512 demonstrat-

2270 1534 2401 1582 Nam
2423 1548 2763 1598 quaecunque
2791 1536 2902 1583 sive
2932 1535 3227 1594 corporalia
3271 1537 3383 1583 sive
3431 1534 3726 1595 incorporalia
3760 1532 3813 1580 di-

2271 1610 2429 1663 stant,
2465 1604 2546 1652 bis
2574 1606 2771 1667 quibus
2804 1611 2948 1661 sunt,
2990 1607 3101 1653 sive
3132 1603 3559 1653 substantialibus
3588 1605 3678 1651 sive
3721 1604 3817 1650 acci-

2271 1675 2600 1732 dentalibns,
2633 1677 2856 1725 distant.
2890 1678 2949 1725 Et
2979 1676 3277 1738 corporalia
3305 1678 3511 1738 quidem
3560 1673 3691 1721 etiam
3734 1676 3819 1721 locis

512 1747 617 1793 lius
659 1760 765 1808 quo
816 1747 945 1794 nulli
992 1762 1021 1794 a
1061 1762 1115 1795 se
1173 1746 1262 1795 alii
1313 1753 1488 1810 potest
1558 1749 1700 1798 uniri
1760 1752 2058 1807 individua,
2115 1749 2239 1812 etB
2274 1747 2355 1793 his
2386 1749 2477 1809 qui
2509 1760 2573 1794 ex
2606 1746 3008 1810 comparatione
3046 1748 3436 1808 intelliguntur,
3466 1746 3511 1793 id
3552 1753 3635 1799 est,
3684 1745 3818 1806 quibus

514 1819 662 1867 nullo
694 1818 907 1865 illorum
943 1819 1140 1879 quibus
1184 1821 1303 1880 ipsa
1333 1827 1413 1868 est
1439 1821 1661 1883 aliquid,
1699 1822 1855 1870 simul
1886 1825 1938 1870 et
1983 1822 2159 1882 singu-

514 1889 701 1937 lariter
730 1888 817 1935 illa
853 1890 937 1943 sit,
976 1902 1095 1950 quas
1141 1891 1191 1937 in
1240 1893 1563 1940 naturalium
1609 1907 1806 1953 genere
1864 1893 1929 1941 ab
1972 1893 2156 1941 eadem

512 1966 592 2009 est
637 1958 759 2007 alia.
809 1960 973 2008 Simul
1010 1960 1257 2016 dicimus.
1306 1964 1563 2024 quoniam
1604 1964 1670 2013 ab
1726 1965 1907 2028 aliquo
1941 1978 2159 2026 genera-

517 2035 624 2086 tus,
661 2030 840 2093 aliquo
868 2032 1230 2093 singulariter,
1271 2036 1425 2082 etiam
1457 2035 1642 2083 eodem
1676 2040 1756 2084 est
1798 2050 1905 2099 quo
1963 2041 2014 2084 et
2073 2049 2159 2096 ge-

516 2105 659 2152 nitor
692 2103 826 2165 ejus,
859 2105 947 2152 sed
985 2104 1179 2153 nonin
1238 2108 1425 2155 eodem
1479 2112 1738 2170 tempore.
1802 2108 1872 2157 Ea
1923 2122 2157 2170 namque

520 2176 729 2238 paterni
763 2173 1044 2237 sanguinis
1088 2178 1461 2238 corporalitate
1530 2180 1742 2239 genitus
1796 2179 1995 2242 aliquid
2059 2183 2156 2235 est,

512 2260 618 2310 qua
668 2245 1014 2309 singulariter
1062 2251 1276 2310 genitor
1327 2263 1461 2312 ejus,
1508 2264 1616 2298 non
1654 2250 1773 2300 dico
1820 2252 1997 2300 adhuc
2057 2254 2156 2305 est,

511 2318 604 2365 sed
640 2317 739 2365 fuit
769 2317 989 2378 aliquid.
1027 2320 1389 2381 Singulariter
1424 2334 1548 2369 vero
1607 2321 1848 2377 dicimus,
1902 2322 2157 2385 quoniam

513 2389 807 2435 multorum
835 2391 1031 2450 quibus
1064 2398 1143 2437 est
1166 2390 1567 2448 conformitate,
1596 2392 1736 2441 idem
1769 2398 1895 2441 sunt
1925 2409 1984 2442 ea
2036 2406 2157 2455 qum

516 2460 581 2506 ab
613 2462 798 2506 eadem
839 2474 891 2507 re
922 2466 1048 2508 sunt
1082 2462 1207 2507 alia.
1242 2460 1295 2507 In
1353 2463 1677 2511 naturalium
1741 2471 1915 2513 autem
1960 2478 2157 2527 genere

509 2531 753 2583 dicimus,
785 2532 1037 2591 quoniam
1070 2534 1121 2578 in
1159 2534 1551 2581 mathematicis
1583 2539 1635 2582 et
1692 2535 1810 2583 aliis
1867 2535 2157 2598 generibus

514 2604 683 2663 plura,
718 2607 768 2648 et
800 2616 829 2649 a
865 2617 919 2649 se
952 2602 1203 2661 invicem,
1237 2610 1291 2652 et
1322 2620 1351 2652 a
1384 2607 1713 2655 naturalibus
1744 2606 1817 2655 ita
1851 2613 1977 2655 sunt
2034 2607 2155 2662 alia,

514 2673 654 2735 quod
689 2681 739 2719 et
772 2675 1066 2735 proprietat
1090 2676 1190 2722 bus
1221 2674 1446 2724 diversis
1476 2679 1686 2726 diversa
1743 2694 1848 2727 una
1902 2686 2046 2739 sunt,
2106 2686 2160 2727 et

511 2744 1481 2805 dissimilitudiuediversaindividua,
1520 2754 1572 2797 et
1601 2750 1957 2813 quodcunque
1991 2764 2157 2799 unum

512 2815 726 2863 illorum
764 2821 857 2871 est,
894 2818 1092 2865 nullum
1125 2819 1352 2867 aliorum
1383 2824 1544 2877 es?,et
1567 2824 1695 2870 tunc
1750 2836 1991 2883 personae
2048 2835 2156 2870 non

512 2894 657 2942 sunt,
719 2894 775 2935 ut
832 2888 1120 2951 cujuslibet
1181 2905 1423 2952 persona:
1487 2906 1551 2940 ex
1617 2895 1863 2943 omnibus
1945 2894 2160 2943 collecta

512 2957 831 3019 proprietas.
889 2960 949 3007 ln
1006 2961 1320 3023 theologicis
1369 2976 1495 3011 vero
1527 2971 1725 3012 certum
1775 2970 1855 3014 est
1909 2965 2051 3027 quod
2109 2970 2162 3015 et

514 3032 665 3078 Pater
697 3031 833 3078 alius
860 3038 941 3079 est
970 3048 998 3081 a
1031 3033 1175 3090 Filio,
1224 3040 1275 3083 et
1304 3048 1334 3082 a
1393 3034 1590 3096 Spiritu
1652 3042 1852 3093 sancto,
1912 3044 1965 3087 et
1994 3036 2158 3086 Filius

2271 1832 2464 1880 corpus
2498 1818 2715 1879 aliquod
2746 1821 2878 1867 citra
2910 1832 3104 1881 corpus
3134 1819 3297 1875 aliud,
3331 1818 3414 1864 vel
3448 1818 3590 1874 ultra,
3617 1817 3683 1865 vel
3724 1821 3820 1863 extra

2274 1890 2354 1937 vel
2386 1889 2547 1950 intra,
2578 1891 2663 1938 vel
2696 1890 3007 1952 hujusmodi
3039 1902 3156 1937 esse
3192 1890 3408 1949 dicitur,
3455 1890 3647 1936 distant.
3694 1888 3817 1935 lucor-

2270 1963 2479 2024 poralia
2512 1976 2639 2010 vero
2697 1975 2977 2025 nunquam
3037 1962 3185 2022 locis,
3246 1961 3340 2009 sed
3390 1961 3513 2008 solis
3564 1958 3638 2007 his
3688 1958 3822 2021 quibus

2271 2033 2470 2081 dictum
2503 2038 2583 2081 est
2612 2032 2944 2081 differentiis.
2977 2031 3209 2081 Omnino
3269 2033 3413 2080 enim
3468 2044 3643 2093 magna
3687 2032 3823 2077 veritas

2270 2105 2485 2166 regulas,
2516 2104 2568 2151 id
2602 2108 2683 2152 est
2712 2117 2919 2165 magnas
2949 2102 3194 2152 veritatis
3237 2104 3428 2164 regula
3481 2107 3572 2157 est,
3625 2101 3669 2149 in
3694 2100 3823 2159 ,rebus

2271 2174 2722 2237 incorporalibus,
2751 2187 2862 2223 non
2893 2176 3019 2223 locis
3044 2174 3135 2223 sed
3193 2173 3526 2231 differentiis,
3582 2169 3742 2236 quibus
3779 2170 3827 2217 eis

2272 2245 2513 2308 subjecta
2542 2246 2864 2300 subsistunt.
2910 2243 3049 2294 efﬁci
3112 2246 3197 2293 vel
3260 2246 3582 2304 numerales,
3630 2242 3696 2290 vel
3742 2240 3829 2289 indi-

2270 2318 2531 2377 viduales,
2592 2317 2676 2365 vel
2736 2317 3041 2378 personales
3098 2316 3406 2365 distantias.
3462 2315 3665 2365 Tallium
3729 2313 3823 2360 enim

2273 2388 2693 2437 differentiarum
2725 2389 2937 2437 diversa
2994 2389 3311 2451 proririetas,
3350 2390 3531 2451 plures
3564 2398 3759 2438 onmem.
3802 2387 3836 2429 et

2271 2459 2653 2508 dissimilitudo
2713 2460 3046 2518 individuus,
3116 2466 3168 2509 et
3257 2459 3694 2511 inconvenientia,
3759 2466 3829 2515 qua

2269 2534 2360 2579 uni
2414 2530 2703 2581 convenire
2767 2544 2874 2578 non
2922 2534 3167 2591 possunt,
3222 2544 3483 2593 personas
3556 2542 3659 2577 esse
3719 2524 3834 2573 facit:

2269 2604 2571 2665 cujnsmodi
2634 2602 3052 2651 differentiarum
3114 2602 3415 2664 pluralitas,
3476 2602 3527 2648 in
3601 2599 3744 2655 Patre,
3805 2599 3837 2671 et

2270 2674 2423 2733 Filio,
2461 2678 2512 2722 et
2540 2672 2739 2735 Spiritu
2774 2680 2977 2730 sancto,
3041 2675 3133 2735 qui
3196 2687 3307 2721 non
3373 2672 3477 2721 nisi
3530 2684 3626 2719 una
3675 2671 3839 2717 essentia

2273 2751 2399 2795 sunt
2427 2760 2540 2794 esse
2598 2760 2706 2793 non
2770 2751 2963 2807 potest.
3021 2745 3233 2794 Certum
3265 2749 3353 2794 est
3410 2742 3555 2794 enim
3611 2741 3731 2805 quod
3768 2750 3840 2786 non

2272 2822 2399 2865 sunt
2440 2817 2883 2865 substantialibus
2936 2817 3200 2878 pluribus,
3258 2830 3442 2880 neque
3498 2828 3613 2863 vero
3662 2809 3842 2861 acciden-

2273 2890 2465 2938 talibus
2497 2904 2507 2936 :
2542 2902 2648 2937 non
2682 2889 2822 2937 enim
2857 2893 3033 2950 potest
3071 2902 3196 2937 vere
3257 2888 3371 2938 dici
3431 2890 3538 2937 Deo
3587 2882 3751 2947 aliquid
3792 2892 3841 2926 se

2271 2966 2508 3010 cundum
2569 2964 2780 3021 tempus
2840 2958 3145 3017 accessisse,
3205 2964 3265 3008 ut
3326 2960 3482 3009 ﬂeret
3548 2957 3701 3013 Pater,
3746 2965 3845 2999 vere-

2270 3030 2386 3081 Non
2418 3032 2560 3080 enim
2592 3030 2749 3079 Pater
2778 3031 2941 3093 coepit
2970 3044 3208 3093 unquam
3246 3030 3485 3094 alicujus
3545 3040 3734 3077 accessu
3767 3034 3843 3070 esse

506 3114 537 3150 a
570 3102 720 3150 Patre
751 3103 888 3150 alius
918 3107 972 3150 et
1002 3118 1029 3150 a
1062 3103 1258 3165 Spiritu
1292 3112 1493 3161 sancto,
1548 3111 1599 3156 et
1657 3108 1886 3169 Spiritus
1941 3115 2156 3159 sanctus
2186 3096 2227 3161 C
2264 3101 2438 3158 Pater.
2466 3103 2605 3151 είουῑ
2634 3114 2913 3164 nunquam
2945 3101 3243 3165 alicucujus
3268 3102 3527 3151 8580835“
3567 3098 3708 3160 εωβίι
3742 3102 3843 3169 Ae“?

506 3185 537 3219 a
566 3171 719 3220 Patre
753 3177 805 3220 et
834 3187 865 3219 a
894 3173 1019 3220 Filio
1051 3173 1205 3235 alius,
1241 3180 1293 3223 et
1339 3177 1481 3237 quod
1532 3176 1903 3241 unusquisque
1960 3178 2152 3228 horum

508 3243 671 3291 trium
708 3247 790 3289 est
817 3243 908 3291 illa
943 3245 1222 3306 singulari,
1258 3260 1317 3293 ac
1366 3247 1608 3310 simplici,
1644 3254 1697 3297 et
1754 3250 2046 3307 individua,
2105 3256 2157 3300 et

510 3314 625 3360 sola
676 3313 833 3375 οὐσία,
864 3315 913 3361 id
974 3319 1056 3362 est
1112 3316 1363 3375 essentia,
1417 3318 1515 3366 hoc
1572 3320 1713 3383 quod
1747 3326 1844 3379 est,
1886 3337 1993 3386 qua
2024 3323 2156 3371 alius

514 3388 612 3441 est,
647 3398 789 3432 unus
825 3391 900 3457 et,
939 3386 1183 3448 simplex,
1215 3394 1267 3438 et
1320 3389 1652 3448 individuus,
1710 3398 1763 3442 et
1818 3394 2017 3457 absque
2075 3395 2157 3443 di-

512 3469 679 3529 versas
710 3456 955 3507 essentia;
986 3462 1254 3509 consortio
1287 3462 1444 3519 Deus,
1478 3462 1551 3512 ita
1579 3465 1723 3528 quo’d
1768 3467 1864 3529 ipsi
1921 3456 2031 3515 tres
2091 3469 2157 3516 si-

510 3525 621 3599 mul
653 3530 780 3575 sunt
809 3541 950 3576 unus
981 3531 1225 3579 essentia;
1264 3525 1612 3595 proprietate,
1642 3525 1866 3599 simpiex
1922 3539 2035 3586 sine
2090 3537 2153 3587 il.

508 3596 613 3645 lius
644 3601 1052 3661 compositione,
1098 3602 1416 3653 individuus
1468 3605 1639 3668 ipsius
1693 3596 2153 3666 dissimilitudine.

505 3673 558 3742 et
589 3668 829 3742 ejusdem
855 3671 920 3719 ab
951 3673 1065 3720 aliis
1104 3678 1351 3724 essentiis
1403 3676 1709 3736 solitudine,
1766 3681 1937 3742 ipsum
1996 3682 2154 3731 Deus.

506 3739 581 3787 Ex
638 3740 723 3789 his
784 3755 909 3816 ergo
951 3746 1311 3816 manifestum
1372 3751 1469 3805 est,
1536 3749 1636 3798 hoc
1667 3739 1864 3801 nom—en
1894 3754 2035 3816 quod
2078 3757 2159 3803 est

501 3824 757 3874 persona,
815 3813 1129 3877 theologicis
1188 3817 1407 3866 minime
1484 3822 1770 3869 convenire
1858 3813 2156 3874 secundum

499 3881 896 3944 plenitudinem
934 3886 1066 3949 ejus,
1090 3888 1270 3951 aliqua
1303 3903 1496 3938 nomen
1533 3896 1613 3940 est
1644 3894 1866 3942 rationis
1896 3910 1909 3942 :
1944 3896 2033 3945 sed
2094 3910 2158 3944 ex

518 3956 888 4027 prOportione,
921 3971 1038 4019 quae
1075 3961 1127 4007 in
1175 3960 1414 4022 ejusdem
1472 3962 1696 4011 rationis
1753 3972 1901 4027 parte
1959 3981 2158 4015 conve-

517 4022 675 4097 nit,a
725 4030 1057 4076 naturalibus
1111 4032 1175 4077 ad
1234 4031 1324 4079 illa
1380 4047 1493 4081 esse
1546 4022 1958 4097 transumptum.
2005 4039 2155 4097 Quod

514 4096 657 4172 enim
689 4097 753 4145 de
788 4100 1124 4148 naturalibus
1176 4101 1374 4151 dictum
1434 4110 1527 4161 est,
1590 4096 1871 4167 personam
1921 4096 2153 4172 aliquam

510 4166 585 4244 ita
616 4182 729 4216 esse
762 4183 858 4229 per
882 4185 936 4218 se
970 4186 1146 4229 uuam,
1182 4180 1237 4221 ut
1269 4175 1417 4223 nullo
1460 4166 1667 4224 illorum
1701 4178 1897 4239 quibus
1932 4166 2156 4244 est—ipsa

509 4235 723 4309 sitalia,
760 4254 865 4288 non
912 4246 1155 4291 convenit
1211 4245 1523 4305 theologicis
1580 4235 1841 4309 personis,
1900 4252 2005 4299 imo
2063 4235 2155 4302 eo-

506 4308 626 4386 dem
660 4324 767 4386 quo
805 4318 884 4359 est
918 4327 1044 4386 una,
1079 4319 1161 4386 est
1190 4316 1305 4363 alia.
1339 4320 1475 4365 Sunt
1506 4308 1681 4366 tamen
1729 4308 1974 4382 quaedam
2032 4336 2154 4386 quas

505 4380 643 4453 sicut
674 4384 727 4429 in
762 4384 1118 4447 naturalibus,
1151 4384 1225 4434 ita
1257 4392 1308 4435 et
1366 4388 1418 4435 iu
1479 4380 1761 4453 theologis
1799 4391 1891 4440 uni
1952 4380 2155 4443 con-ve-

2266 3177 2375 3224 Hoc
2403 3178 2579 3223 autem
2614 3175 2736 3223 dico
2767 3188 2829 3222 eo
2860 3176 2998 3236 quod
3034 3174 3417 3223 substantialis
3471 3180 3553 3223 est
3603 3173 3661 3225 ei,
3713 3167 3753 3216 id
3794 3167 3848 3212 est

2266 3248 2422 3304 Patri,
2474 3247 2753 3309 productio
2810 3244 2946 3301 Filii,
3006 3244 3211 3295 scilicet
3268 3246 3324 3294 id
3398 3248 3452 3293 in
3510 3244 3643 3307 quod
3703 3253 3753 3287 ex
3802 3247 3845 3311 se

2266 3318 2456 3368 Filium
2512 3317 2863 3380 generatione
2920 3316 3192 3379 produxit,
3254 3330 3373 3367 non
3431 3318 3537 3365 nisi
3615 3310 3849 3363 substantu

2267 3394 2361 3438 est.
2386 3389 2525 3438 Sane
2558 3389 2728 3445 aliter,
2759 3390 3013 3451 quoniam
3049 3389 3105 3437 in
3165 3388 3523 3438 naturalibus
3576 3385 3641 3434 sit
3689 3392 3849 3445 genera-

2265 3462 2410 3509 tione
2447 3459 2749 3523 productio.
2791 3461 2964 3508 Homo
2996 3473 3231 3523 namque
3294 3460 3473 3509 ﬂlium
3539 3470 3683 3506 suum
3735 3461 3849 3515 gene-

2265 3534 2473 3582 ratione
2504 3545 2613 3580 non
2646 3532 2808 3581 modo
2840 3530 2896 3580 in
2950 3531 3226 3582 hominem
3290 3530 3679 3588 subsistentiis,
3722 3533 3853 3595 verunt

2266 3603 2429 3653 etiam
2493 3604 2543 3652 in
2605 3603 2921 3665 coloratum,
3004 3609 3055 3653 et
3138 3603 3389 3667 longum,
3484 3609 3537 3654 et
3616 3592 3851 3669 hujnsmotii

2265 3675 2631 3725 accidentibus
2686 3663 2933 3723 affectum
2997 3663 3273 3738 produxit.
3344 3674 3585 3738 Ideoque
3660 3663 3853 3745 naturalis

2267 3745 2631 3811 generationis
2685 3746 2967 3809 productio
3024 3746 3221 3809 partim
3271 3746 3667 3802 substantialis,
3719 3743 3855 3813 partiti!

2267 3808 2610 3868 accidentalis
2640 3808 2735 3874 est,
2768 3818 2997 3867 maxime
3029 3808 3176 3867 ﬁcum
3234 3818 3361 3881 ipsa
3419 3816 3745 3881 generatione
3786 3808 3853 3855 nli-

2266 3890 2479 3953 quibus,
2512 3887 2709 3951 quibus
2740 3892 2865 3937 ante
2889 3902 2996 3937 non
3022 3894 3138 3938 erat
3199 3889 3587 3939 accidentibus
3635 3888 3854 3950 generant.

2265 3964 2375 4010 sive
2404 3966 2692 4022 generatus
2720 3974 2835 4009 esse
2867 3960 3143 4024 incipiant.
3176 3961 3232 4010 In
3295 3962 3623 4023 theologicis
3668 3963 3855 4031 vero.“

2265 4047 2383 4097 quas
2414 4036 2493 4081 est
2519 4032 2864 4093 generatione
2904 4034 3201 4095 productio,
3259 4048 3379 4083 non
3447 4033 3552 4082 nisi
3607 4028 3853 4103 substantia-

2265 4106 2330 4153 lis
2364 4109 2478 4153 est:
2509 4102 2668 4152 Pater
2697 4105 2837 4153 enim
2869 4104 3079 4163 Filium,
3123 4119 3228 4154 non
3265 4106 3381 4155 nisi
3424 4106 3483 4155 in
3544 4104 3593 4153 id
3646 4113 3736 4165 quo
3781 4102 3855 4171 ᾦξε

2264 4175 2420 4223 Pater
2480 4175 2813 4223 substantiali
2871 4175 3105 4224 essentia
3157 4189 3383 4240 semper
3435 4182 3572 4231 erat,
3626 4172 3692 4248 id_
3723 4172 3854 4248 est"?

2266 4252 2429 4298 Deum
2464 4248 2813 4310 generatione
2844 4251 3096 4312 produxit
3130 4266 3139 4299 :
3179 4264 3289 4314 qua
3318 4252 3519 4314 utique
3576 4246 3855 4312 productione

2263 4327 2452 4370 neuter
2483 4336 2597 4370 esse
2629 4319 2829 4393 aliquid
2859 4323 3037 4383 coepit.
3065 4322 3198 4371 Nam
3240 4329 3299 4372 et
3344 4324 3525 4372 Filius
3573 4316 3857 4393 sempcruest,

2262 4393 2406 4456 quod
2439 4408 2470 4441 a
2496 4392 2651 4440 Patre
2683 4392 3013 4442 nativitatem
3061 4394 3381 4456 acceperit;
3447 4399 3501 4444 et
3561 4395 3655 4441 hoc
3699 4385 3855 4454 qnideni

505 4452 620 4527 nire
652 4466 758 4501 non
817 4463 1071 4517 possunt;
1104 4459 1210 4507 imo
1268 4460 1405 4508 sicut
1436 4459 1552 4522 ipsa
1583 4448 1709 4512 sunt
1756 4464 1821 4511 ad
1853 4466 2149 4515 seinvicem
2182 4463 2226 4527 ι)
2259 4448 2416 4513 sensu
2471 4465 2670 4513 dictum
2731 4465 3054 4525 intelligitur
3086 4478 3097 4513 :
3161 4448 3563 4516 substantialis
3616 4448 3722 4513 esti
3756 4448 3856 4527 Patri

504 4524 624 4599 alia,
656 4528 730 4573 ita
762 4526 827 4574 de
857 4527 975 4576 aliis
1006 4544 1035 4577 a
1061 4545 1115 4579 se
1147 4532 1370 4580 invicem
1404 4531 1674 4594 dicuntur,
1739 4541 1797 4583 ut
1853 4544 2145 4599 generatio,

502 4593 779 4657 nativitas,
812 4604 971 4661 atque
1004 4603 1303 4663 connexio;
1338 4603 1451 4652 haec
1484 4606 1626 4654 enim
1659 4593 1724 4654 de
1768 4593 1880 4655 uno
1930 4593 2147 4657 eodem;

500 4678 602 4727 que
626 4665 729 4715 dici
766 4682 877 4716 non
911 4677 1167 4732 possunt;
1207 4688 1312 4721 non
1370 4677 1510 4724 enim
1570 4677 1783 4739 genitor
1838 4684 1996 4727 natus
2048 4688 2142 4741 est,

499 4748 598 4784 nec
627 4742 808 4786 natum
844 4741 1072 4801 genitori
1104 4743 1391 4804 connectit,
1426 4759 1600 4809 neque
1651 4752 1807 4796 natus
1860 4756 1939 4796 est
1992 4751 2145 4811 geni-

498 4809 595 4863 tor,
663 4820 763 4856 nec
818 4815 1001 4859 natum
1055 4815 1462 4878 genitoremque
1526 4819 1838 4878 connectit;
1875 4826 1926 4869 et
1955 4809 2045 4883 qui
2078 4824 2143 4872 ab

498 4883 729 4942 utroque
762 4883 1059 4942 procedens
1106 4887 1417 4935 eorumdem
1484 4890 1748 4939 connexio
1796 4896 1895 4947 est,
1952 4896 2143 4943 neuter

494 4949 807 5011 horumest,
842 4953 891 5001 id
928 4959 1136 5004 estnec
1195 4964 1351 5006 natus
1410 4973 1509 5007 nec
1562 4964 1789 5023 genitor,
1853 4964 1946 5011 sed
2003 4964 2141 5015 alius

493 5026 571 5069 est
603 5023 692 5084 qui
716 5028 799 5099 est
823 5026 1053 5099 genitor,
1084 5029 1219 5077 alius
1251 5035 1327 5078 est
1357 5030 1445 5093 qui
1480 5036 1559 5080 est
1588 5034 1819 5093 genitus,
1850 5034 1988 5083 alius
2049 5039 2138 5099 qui

490 5099 574 5141 est
604 5093 1112 5170 genitorisgnritique
1144 5104 1426 5150 connexio.
1477 5103 1561 5151 Sic
1620 5105 1779 5165 igitur
1840 5093 2137 5170 theologica

488 5178 609 5241 cum
648 5167 989 5241 naturalibus
1022 5172 1071 5219 iu
1108 5179 1256 5233 parte
1293 5176 1515 5222 rationis
1542 5174 1702 5233 illius,
1736 5175 1787 5224 id
1820 5183 1898 5226 est
1949 5167 2133 5241 perso-

488 5235 745 5293 nalitatis,
779 5240 843 5286 ad
877 5240 1030 5303 cujus
1060 5243 1445 5304 plenitudinem
1480 5247 1813 5295 naturalibus
1875 5235 1978 5299 hoc
2034 5266 2135 5302 no-

490 5320 609 5384 men
640 5310 869 5359 inditum
901 5318 997 5373 est,
1030 5316 1317 5363 convenire
1351 5316 1736 5378 intelliguntur,
1770 5324 1821 5367 et
1868 5321 1922 5369 in
1980 5329 2129 5384 parte

486 5377 718 5456 diii‘erre.
753 5381 809 5429 In
843 5396 947 5444 quo
980 5386 1206 5433 maxime
1238 5386 1366 5433 illud
1404 5391 1482 5434 est
1524 5377 1929 5449 attendendum,
1980 5377 2127 5456 quod

482 5451 756 5528 naturales
804 5468 1045 5528 personae
1083 5455 1187 5528 bis
1232 5457 1428 5519 quibus
1510 5472 1847 5525 unaquaeque
1922 5451 2123 5528 aliquid

482 5525 580 5577 est,
612 5524 759 5583 prius
791 5538 820 5572 a
878 5540 932 5574 se
985 5525 1214 5576 invicem
1248 5532 1375 5577 sunt
1432 5530 1566 5587 aliae,
1606 5536 1661 5579 ut
1717 5533 1797 5581 his
1827 5549 1924 5597 per
1952 5524 2066 5585 haec
2095 5553 2126 5587 a

480 5608 535 5644 se
567 5596 700 5656 aliis,
726 5597 921 5647 deinde
958 5599 1268 5663 hujusmodi
1326 5603 1655 5654 extrinsecus
1713 5596 1870 5657 afﬁxa
1926 5610 2126 5670 praedi-

478 5674 722 5742 camenta
784 5671 1079 5723 dicantur:
1145 5688 1373 5737 quorum
1434 5682 1792 5742 oppositione,
1856 5682 1955 5730 etsi
2012 5696 2119 5733 non

477 5737 587 5815 sint
643 5740 956 5815 alia,‘recte
1016 5749 1195 5795 tamen
1257 5762 1442 5798 eorum
1472 5737 1695 5814 quibus
1725 5756 1868 5808 sunt,
1900 5754 2115 5815 opposi-

474 5807 621 5855 tione
677 5812 976 5871 probantur
1031 5829 1146 5866 esse
1207 5818 1327 5868 alia.
1384 5807 1723 5884 Theologicaa
1771 5807 1894 5873 vero
1933 5807 2119 5887 perso-

2260 4535 2541 4599 productio
2576 4534 2713 4583 Filii.
2746 4535 2809 4583 Et
2840 4522 2936 4596 per
2994 4536 3093 4584 hoc
3147 4541 3293 4585 recte
3361 4540 3717 4586 monstratum
3757 4522 3857 4590 ᾳυοά

2257 4608 2491 4656 alteritas
2522 4620 2873 4669 personarum
2935 4607 3376 4670 theologicarum
3437 4622 3551 4657 non
3604 4610 3675 4655 est
3722 4606 3851 4670 rerum

2257 4679 2304 4726 id
2339 4684 2417 4727 est
2452 4692 2559 4726 non
2594 4678 2888 4726 secundum
2942 4678 3122 4741 aliqua
3178 4680 3392 4743 quibus
3444 4681 3578 4743 ipsa:
3630 4678 3751 4725 sunt.

2256 4756 2429 4800 ternm
2486 4750 2587 4799 hoc
2638 4764 2836 4799 nomen
2894 4739 3042 4813 quod
3096 4739 3534 4814 est—productio,
3569 4762 3669 4799 non
3695 4739 3855 4819 estjii:

2254 4820 2390 4870 vinis
2444 4821 2691 4869 essentim
2747 4834 2962 4878 nomen,
3021 4822 3276 4884 quoniam
3344 4824 3505 4871 solus
3549 4814 3865 4897 Pater

2252 4907 2313 4941 ex
2347 4908 2401 4941 se
2448 4892 2798 4954 generatione
2863 4892 3050 4941 Filium
3083 4894 3446 4957 produxisse.
3484 4889 3716 4943 Essentia
3741 4887 3865 4943 illim“

2250 4978 2356 5027 qua
2388 4964 2571 5013 Filium
2619 4978 2733 5013 esse
2790 4965 2955 5013 Deum
3017 4967 3380 5028 generatione
3439 4967 3605 5017 dedit,
3661 4960 3849 5028 submig-

2249 5022 2389 5086 tialis
2422 5042 2520 5097 est,
2559 5049 2666 5085 non
2712 5036 2871 5085 modo
2933 5038 2979 5086 ei
3018 5022 3132 5102 'qui
3193 5040 3419 5102 genuit,
3479 5038 3576 5089 sed
3630 5032 3763 5085 etiam
3795 5022 3851 5102 ΔΓὶ·

2246 5110 2333 5182 1ἱοΔ
2378 5111 2516 5173 ejus,
2580 5114 2633 5158 et
2688 5108 2928 5182 Spiritui,
2989 5100 3081 5182 qui
3132 5100 3217 5161 abi
3258 5118 3515 5178 utroque
3546 5100 3851 5182 procedi-1339:

2244 5180 2406 5229 lativa
2440 5193 2567 5228 vero
2601 5186 2680 5228 est
2712 5180 3022 5242 praedicatio
3058 5181 3250 5239 Patris,
3291 5176 3433 5247 qua'
3468 5184 3667 5232 scilicet
3713 5176 3847 5224 dicitur

2244 5252 2397 5302 Pater
2426 5252 2571 5300 solus
2603 5251 2687 5299 ille
2721 5252 2813 5313 qui
2845 5255 3051 5315 genuit.

2304 5323 2445 5371 Ασκί
2474 5322 2820 5377 meminimus,
2852 5314 2977 5388 etc.]
3036 5324 3161 5380 Quas
3217 5328 3495 5388 superius
3530 5326 3593 5374 de
3646 5316 3795 5369 Patris.
3815 5314 3846 5356 εί

2238 5395 2373 5452 Filii,
2405 5399 2455 5443 et
2485 5392 2717 5455 Spiritus
2750 5394 2921 5442 sancti
2965 5397 3259 5445 secundum
3333 5399 3632 5447 essentiam
3683 5388 3842 5441 unitate,

2238 5471 2289 5516 et
2338 5467 2647 5515 eorumdem
2709 5465 2995 5516 relationes
3042 5469 3318 5518 numerati
3385 5472 3695 5519 diuersitate
3741 5457 3844 5510 dida-

2235 5536 2363 5599 sius,
2397 5542 2448 5587 et
2477 5535 2797 5600 quibusdam
2830 5537 2968 5598 aliis,
3002 5540 3191 5589 horum
3249 5544 3454 5591 tamen
3509 5554 3679 5597 causa,
3726 5533 3839 5580 inter

2233 5610 2421 5670 positis
2452 5609 2676 5668 dixerat,
2712 5609 2797 5658 hic
2826 5609 3063 5660 breviter
3095 5612 3452 5675 recapitulat.
3502 5612 3689 5673 Quasi:
3718 5605 3841 5655 Ριιετ.

2232 5685 2282 5729 et
2314 5680 2496 5740 Filius,
2545 5683 2599 5729 et
2651 5679 2880 5742 Spiritus
2915 5686 3150 5739 sanctus,
3207 5694 3328 5731 non
3385 5684 3499 5732 nisi
3554 5675 3842 5733 relationibm

2229 5757 2506 5808 ditl‘erunt.
2540 5760 2614 5808 Ac
2635 5759 2679 5808 si
2708 5761 3053 5811 meminimus
3087 5762 3359 5822 omnium,
3384 5777 3513 5827 qua;
3544 5763 3597 5811 in
3626 5753 3839 5825 prioribl“

2228 5827 2389 5892 hujus
2419 5830 2617 5880 scilicet
2637 5830 2815 5895 operis
2845 5833 3090 5896 partibus
3120 5833 3183 5884 de
3210 5833 3331 5883 Deo
3364 5835 3531 5886 dicta:
3588 5834 3703 5883 sunt
3748 5835 3843 5875 un‘
