4024 6184
266 171 412 224 i297

1349 164 1674 223 GILBERTI
1710 154 2056 217 PORRETE
2096 158 2629 219 COMMENTARIA.

3556 172 3690 228 1298

265 296 582 351 tentiarum,
617 293 712 352 ita,
750 294 887 343 sicut
917 306 1064 343 nunc
1114 292 1354 342 breviter
1415 292 1675 344 dicemus,
1726 286 1931 346 cogite-
1960 283 2015 347 Α
2043 282 2198 358 citur,
2232 301 2336 349 qua
2360 289 2531 346 Pater,
2564 290 2795 352 qualiter
2845 290 2900 338 in
2954 292 3378 354 praecedentibus
3434 296 3683 358 diximus,

265 382 406 427 mus,
437 382 501 417 ex
537 369 644 417 Deo
677 366 891 431 quidem
929 369 1077 415 Patre
1116 366 1307 414 Filium
1359 365 1529 414 Deum
1580 361 1926 427 processisse,

266 446 324 492 et
354 454 417 490 ex
452 440 692 501 utrisque
726 438 1048 501 processisse
1095 436 1355 500 Spiritum
1420 441 1661 485 sanctum
1713 434 1876 481 Deum
1913 441 1926 475 :

265 513 567 575 cogitemus
623 511 877 560 videlicet
929 511 1029 559 bos
1082 510 1301 558 minime
1364 508 1493 557 locis
1549 508 1767 556 distare.
1800 504 1926 575 Quae

268 574 453 647 utique
517 586 663 632 recta
722 586 803 631 est
856 580 1133 645 cogitatio,
1214 579 1471 643 quoniam
1558 574 1927 639 incorporales

266 660 397 704 sunt
430 669 441 703 :
474 654 731 717 quoniam
764 666 911 709 vero,
943 652 1148 701 scilicet
1179 651 1323 713 quod
1378 652 1529 700 Pater
1570 654 1649 698 est
1677 647 1839 706 Deus,
1874 650 1928 693 et

262 728 435 779 Filius
463 732 544 777 est
578 728 738 785 Deus,
770 731 821 776 et
850 726 1081 789 Spiritus
1130 728 1347 773 sanctus
1396 729 1476 773 est
1525 725 1662 772 Deus
1688 718 1925 783 (supple),

264 801 585 864 cogitemus,
618 798 762 847 Deus
794 811 918 847 vero
948 797 1126 845 nullas
1174 796 1395 844 omnino
1454 808 1628 857 neque
1672 790 1921 840 similium

262 886 439 935 neque
494 870 844 918 dissimilium
909 866 1263 916 essentiarum
1343 865 1501 914 habet
1566 864 1919 935 differentias,

261 945 460 1005 quibus
494 939 705 989 diﬁ‘erat
736 954 766 987 a
799 940 906 987 Deo
940 953 953 989 :
987 936 1211 998 scilicet,
1244 936 1325 985 vel
1375 938 1513 984 Deus
1562 934 1720 985 Pater
1750 948 1781 982 a
1816 935 1921 1005 Deo

264 1003 401 1062 Filio
434 1026 448 1070 ;
484 1012 564 1060 vel
593 1011 732 1059 idem
771 1012 911 1059 Deus
944 1011 1098 1059 Pater
1128 1023 1158 1056 a
1188 1009 1297 1057 Deo
1329 1008 1527 1069 Spiritu
1577 1011 1761 1055 sancto
1794 1020 1807 1063 ;
1839 1003 1923 1052 vel

260 1085 407 1134 Deus
432 1084 599 1132 Filius
637 1096 664 1131 a
699 1084 805 1130 Deo
829 1081 1028 1144 Spiritu
1064 1084 1269 1128 sancto.
1322 1079 1519 1128 Sensus
1555 1094 1566 1128 :
1627 1076 1922 1141 cogitemus

258 1154 409 1219 quod
442 1152 674 1217 quilibet
707 1152 865 1201 trium
902 1167 931 1200 a
966 1151 1112 1200 nullo
1145 1165 1351 1211 eorum,
1385 1164 1450 1199 eo
1486 1164 1592 1212 quo
1624 1150 1917 1219 ipsirisunt,

259 1218 459 1276 diﬂ'ert.
518 1224 838 1287 Ubicunque
888 1236 1015 1271 vero
1066 1222 1261 1270 absunt
1308 1221 1614 1283 bujusmodi
1670 1218 1917 1268 diﬂ'erena

256 1297 368 1353 tim,
401 1298 552 1346 abest
600 1294 712 1355 illa,
776 1308 897 1357 quas
956 1294 1251 1341 secundum
1311 1306 1496 1341 earum
1553 1292 1916 1341 diversitatem

257 1369 402 1418 solet
436 1382 551 1417 esse
583 1366 884 1430 pluralitas.
918 1363 1017 1414 Ubi
1052 1367 1230 1412 autem
1260 1363 1410 1412 abest
1465 1363 1580 1412 hinc
1615 1361 1914 1425 pluraliter,

256 1438 412 1488 adest
440 1438 686 1487 essentia
754 1436 950 1493 unitas,
1017 1449 1125 1498 qua
1184 1432 1431 1483 essentia!
1488 1434 1692 1482 unitate
1755 1446 1916 1480 unus-

256 1509 491 1574 quisque
521 1522 708 1557 eorum
746 1506 836 1571 qui
871 1512 950 1555 est
981 1519 1064 1566 ea,
1101 1508 1153 1554 et
1183 1504 1342 1553 etiam
1376 1503 1555 1552 omnis
1602 1502 1761 1551 simul
1792 1506 1919 1550 sunt

257 1582 440 1631 unius.
473 1580 707 1642 Ideoque
739 1585 791 1628 et
821 1578 979 1627 Pater
1006 1582 1085 1625 est
1145 1589 1285 1624 unus
1340 1576 1496 1632 Deus,
1550 1580 1603 1624 et
1638 1574 1805 1623 Filius
1836 1579 1917 1621 est

2043 354 2183 404 alius
2215 371 2245 406 a
2274 358 2410 407 Filio
2442 364 2492 407 et
2521 360 2714 421 Spiritu
2749 366 2935 410 sancto
2996 367 3091 419 est,
3125 378 3355 425 persona
3402 372 3500 421 est,
3533 354 3679 418 simi;

2040 426 2163 475 liter
2194 433 2245 476 et
2271 430 2450 487 Filius,
2482 437 2535 479 et
2592 433 2821 493 Spiritus
2876 437 3112 494 sanctus,
3172 437 3369 486 idcirco
3423 439 3599 496 Pater,
3630 446 3683 490 et

2037 498 2220 560 Filius,
2254 507 2306 549 et
2337 502 2568 564 Spiritus
2593 508 2826 562 sanctus,
2860 506 3099 553 omnium
3124 520 3231 555 non
3272 512 3379 556 tres
3411 518 3676 569 auctores,

2038 569 2128 617 sed
2165 584 2304 620 unus
2335 573 2483 621 solus
2515 578 2699 622 auctor
2755 579 2919 633 sunt;
2982 590 3078 624 nec
3141 578 3239 625 tria
3278 580 3554 643 principia,
3582 584 3674 632 sed

2037 653 2204 690 unum
2238 643 2401 692 solum
2434 644 2765 706 principium
2800 661 2812 705 ;
2848 660 2955 695 non
2986 661 3112 696 vero
3145 646 3303 697 simul
3347 666 3533 700 omnes
3574 669 3681 705 una

2035 724 2284 772 persona,
2319 716 2409 763 sed
2444 720 2550 763 tres
2581 730 2843 777 personae.
2878 717 2952 766 Ex
3000 718 3082 765 his
3120 720 3334 781 quidem
3380 724 3678 774 rationibus

2035 782 2385 846 intelligimus
2416 786 2480 833 de
2513 784 2687 841 Patre,
2721 793 2773 834 et
2805 789 2935 836 Filio
2970 802 3086 841 suo,
3128 796 3178 837 et
3235 791 3511 841 amborum
3565 797 3678 855 Spl-

2034 855 2157 928 ritu,
2192 857 2566 928 auctoritatem
2627 864 2784 921 atque
2843 861 3305 921 principalitatem,
3340 878 3446 911 non
3494 867 3673 928 plura-

2033 924 2168 981 liter,
2218 927 2308 999 sed
2386 930 2731 992 singulariter
2812 932 3110 992 praedii-ari,
3181 934 3379 982 scilicet
3462 924 3677 999 propter

2032 998 2296 1071 essentia,
2324 1000 2625 1071 secundum
2659 1015 2817 1063 quam
2864 1002 2927 1049 de
2978 1001 3081 1050 illis
3130 1002 3399 1063 dicuntur,
3436 998 3673 1071 singula-

2031 1068 2263 1116 ritatem.
2320 1069 2765 1119 Personalitatem
2828 1086 2952 1120 vero
3005 1079 3239 1130 econtra,
3299 1075 3351 1123 id
3412 1068 3667 1131 estfnon

2030 1139 2375 1200 singulariter
2411 1142 2475 1190 de
2507 1142 2607 1190 illis
2638 1143 2893 1199 collectis,
2945 1146 3035 1193 sed
3087 1146 3363 1207 pluraliter
3401 1149 3522 1205 dici,
3557 1166 3673 1213 pro-

2029 1216 2147 1272 pter
2179 1214 2563 1273 proprietatum
2596 1214 2810 1270 scilicet,
2846 1216 3043 1278 quibus
3100 1232 3129 1263 u
3183 1232 3238 1266 se
3294 1219 3524 1269 invicem
3584 1224 3670 1271 alii

2028 1288 2172 1356 sunt,
2199 1282 2590 1356 diversitatem.
2624 1285 2776 1335 Unde
2807 1290 2951 1336 recte
2986 1286 3240 1344 inferens,
3287 1292 3361 1339 ait
3392 1306 3402 1339 :
3455 1294 3529 1342 Ita
3577 1296 3667 1356 igi-

2028 1358 2131 1410 tur,
2162 1354 2211 1402 id
2246 1358 2327 1404 est
2363 1370 2459 1419 per
2486 1355 2601 1405 haec
2633 1358 2975 1407 manifestum
3028 1364 3107 1408 est
3149 1361 3290 1423 quod
3347 1354 3664 1423 substantia,

2027 1438 2148 1486 quas
2178 1424 2360 1475 Graece
2405 1424 2557 1479 οὐσία
2614 1428 2829 1486 dicitur,
2880 1431 3118 1479 continet
3170 1433 3444 1491 unitatem,
3491 1435 3541 1483 id
3589 1442 3668 1486 est

2026 1495 2153 1545 facit
2183 1500 2240 1571 ut
2269 1499 2445 1555 Pater,
2482 1504 2535 1571 et
2562 1500 2745 1556 Filius,
2779 1505 2831 1549 et
2859 1501 3088 1563 Spiritus
3137 1510 3354 1553 sanctus
3399 1507 3504 1555 sint
3546 1509 3664 1571 ipsa

2027 1569 2300 1617 essentia:
2336 1573 2389 1617 et
2443 1570 2560 1632 ejus
2606 1571 2976 1631 singularitate
3030 1574 3169 1622 Deus
3224 1590 3379 1633 unus,
3435 1569 3662 1642 magnus

258 1665 406 1701 unus
430 1652 591 1707 Deus,
626 1655 677 1699 et
712 1648 946 1711 Spiritus
1002 1651 1223 1695 sanctus
1278 1659 1420 1694 unus
1476 1651 1557 1694 est
1623 1646 1761 1694 Deus
1793 1659 1808 1693 :
1867 1644 1995 1709 etB
2028 1652 2185 1695 unus,
2225 1642 2394 1689 bonus
2426 1655 2586 1711 unus,
2620 1646 2671 1691 et
2699 1642 3044 1705 bujusmodi;
3096 1648 3255 1708 atque
3301 1645 3383 1695 his
3419 1662 3538 1711 qum
3578 1667 3663 1701 se-

253 1724 413 1773 Pater
444 1726 496 1772 et
514 1721 685 1772 Filius
711 1725 763 1770 et
786 1718 1020 1783 Spiritus
1050 1721 1267 1767 sanctus
1296 1716 1474 1775 simul,
1501 1729 1609 1765 non
1640 1714 1741 1765 nisi
1776 1728 1917 1764 unus

262 1793 429 1843 Deus.
1542 1786 1559 1804 '

323 1866 471 1915 Nihil
495 1864 709 1930 autem]
740 1864 899 1923 Quasi
934 1877 946 1911 :
982 1862 1075 1911 Ubi
1106 1862 1255 1911 abest
1285 1861 1585 1924 pluralitas,
1619 1861 1769 1909 adest
1798 1860 1913 1908 uni-

256 1943 361 1989 tas.
395 1939 452 1987 In
487 1937 570 1986 his
606 1944 784 1987 autem
846 1937 911 1984 de
943 1936 1138 1998 quibus
1168 1948 1312 1982 nunc
1342 1948 1515 1981 sermo
1566 1938 1660 1989 est,
1695 1946 1803 1981 non
1835 1939 1913 1981 est

258 2012 487 2061 omnino
519 2010 623 2058 alia
657 2011 852 2065 unitas,
887 2006 991 2055 nisi
1019 2021 1139 2070 qum
1171 2012 1250 2054 est
1285 2020 1347 2053 ex
1385 2005 1752 2066 singularitate
1782 2005 1910 2053 divi-

257 2084 465 2133 nitatis.
499 2084 626 2132 Nam
687 2097 747 2131 ex
811 2083 916 2131 Deo
976 2080 1110 2129 nihil
1170 2078 1315 2127 aliud
1374 2080 1519 2143 gigni
1582 2081 1754 2141 potuit
1808 2079 1909 2125 nisi

254 2157 418 2206 Deus.
448 2154 548 2214 Qui
578 2160 752 2204 tamen
784 2168 812 2202 a
845 2155 993 2202 Patre
1026 2166 1123 2200 nec
1158 2157 1236 2200 est
1268 2149 1406 2199 alius
1461 2150 1603 2199 Deus
1650 2165 1746 2199 nec
1773 2152 1904 2213 ipse,

252 2242 359 2277 nec
386 2229 449 2277 ab
479 2232 708 2290 utroque
745 2225 1037 2288 procedere
1072 2221 1265 2285 potuit,
1316 2222 1414 2270 nisi
1481 2223 1643 2270 Deus.
1693 2220 1791 2279 Qui
1826 2227 1904 2269 ta-

244 2314 379 2349 men
412 2313 510 2348 ncc
541 2298 676 2347 alius
707 2298 773 2347 ab
803 2299 879 2346 eis
912 2297 1050 2344 Deus
1079 2299 1176 2350 est,
1210 2308 1310 2343 nec
1341 2292 1461 2355 ipsi.
1495 2292 1696 2341 Dicitur
1726 2297 1903 2338 autem

239 2370 411 2428 Deus,
445 2370 609 2426 Deus,
640 2368 800 2425 Deus,
835 2365 1216 2416 distributione
1272 2365 1487 2428 quidem
1542 2363 1756 2411 illorum
1813 2363 1901 2424 qui

235 2448 371 2491 sunt
410 2442 591 2491 Deus:
624 2442 749 2504 quia
786 2440 1017 2501 primum
1048 2438 1113 2486 de
1166 2438 1335 2493 Patre,
1388 2438 1684 2485 secundum
1718 2434 1782 2482 de
1817 2434 1901 2481 Fi-

236 2513 338 2574 lio,
379 2514 595 2562 tertium
628 2513 693 2561 de
729 2512 929 2576 Spiritu
963 2514 1147 2558 sancto
1179 2508 1391 2557 dicitur.
1453 2508 1579 2570 Ejus
1637 2520 1762 2553 vero
1793 2518 1899 2567 quo

245 2588 381 2634 sunt
409 2586 565 2641 Deus,
605 2596 713 2633 non
744 2582 1140 2635 distributione,
1185 2579 1275 2628 sed
1327 2577 1720 2627 distributionis
1776 2577 1900 2624 imi-

240 2657 467 2717 tatione,
496 2669 615 2718 qua
652 2655 900 2718 proprius
931 2652 1126 2701 dicitur
1159 2650 1406 2713 repetitio
1431 2649 1713 2703 unitatum,
1737 2660 1897 2711 quam

236 2728 572 2777 distributio.
610 2728 738 2785 Quas
772 2725 1018 2788 repetitio
1042 2723 1095 2771 in
1130 2723 1289 2771 rebus
1330 2719 1754 2770 numerabilibus
1789 2732 1897 2767 non

239 2799 374 2849 facit
403 2799 575 2848 modis
607 2799 876 2854 omnibus,
923 2796 1073 2845 nullo
1136 2794 1297 2843 modo
1355 2792 1482 2842 fecit
1538 2792 1895 2855 pluralitatem

238 2884 433 2921 eorum
460 2884 579 2934 quas
611 2873 951 2933 repetuntur.

314 2933 490 2990 mm
524 2940 731 3004 ἐρείκη]
760 2940 919 2999 Quasi
953 2953 965 2988 :
997 2935 1445 2998 Quandoquidem
1512 2936 1667 2990 Deus,
1734 2933 1890 2989 Deus,

2025 1710 2260 1758 cundum
2294 1710 2577 1760 essentiam
2624 1714 3003 1776 praedicantur,
3052 1715 3304 1765 dominus
3363 1710 3523 1781 unus,
3570 1736 3660 1770 au-

2022 1784 2140 1855 ctor
2168 1795 2326 1839 unus,
2364 1784 2685 1855 principium
2726 1798 2911 1833 unum.
2949 1785 3159 1833 Relatio
3188 1801 3319 1835 vero
3345 1791 3661 1855 multiplicat

2020 1853 2338 1913 trinitatem,
2367 1854 2419 1902 id
2451 1857 2531 1901 est
2562 1868 2651 1903 eos
2681 1857 2770 1917 qui
2812 1857 3056 1904 essentia;
3111 1853 3513 1916 singularitate'
3536 1870 3663 1913 sunt

2022 1936 2158 1970 unus
2190 1938 2204 1973 :
2243 1925 2557 1973 relationum
2591 1940 2711 1987 qum
2771 1926 2835 1974 de
2895 1928 3081 1975 eodem
3114 1929 3215 1975 dici
3272 1944 3376 1978 non
3416 1939 3659 1993 possunt,

2018 1993 2323 2067 diversitate
2354 1995 2482 2043 facit
2510 2010 2601 2067 eos
2630 1997 2841 2052 multos,
2876 2005 2928 2046 et
2976 1998 3275 2059 specialiter
3321 2002 3443 2049 tres.
3487 2005 3659 2067 Atque

2016 2064 2159 2128 ideo,
2192 2068 2450 2128 quoniam
2483 2065 2682 2115 scilicet
2738 2070 2975 2116 rationes
3024 2084 3156 2131 quas
3200 2071 3265 2119 de
3292 2071 3520 2121 diversis
3552 2064 3658 2124 dici

2016 2149 2232 2185 necesse
2259 2142 2356 2193 est,
2414 2137 2621 2186 faciunt
2676 2140 2891 2196 multos,
2925 2140 3038 2188 sola
3093 2141 3180 2188 illa
3238 2143 3655 2204 prtedicamenta

2013 2224 2132 2273 qua:
2166 2210 2455 2259 dividentis
2486 2210 2762 2260 relationis
2819 2219 2963 2269 sunt,
3015 2213 3362 2274 proferuntur
3415 2219 3657 2281 singilla-

2012 2285 2105 2332 tim
2143 2289 2301 2345 atque
2332 2283 2646 2346 separatim,
2679 2285 2729 2332 id
2790 2295 2888 2343 est,
2936 2285 2999 2332 de
3059 2300 3165 2346 quo
3225 2286 3421 2335 dicitur
3470 2305 3655 2352 unum,

2010 2369 2119 2404 non
2150 2355 2347 2403 dicitur
2375 2355 2542 2402 aliud.
2575 2355 2707 2403 Nam
2739 2369 2848 2403 non
2882 2361 2964 2403 est
2992 2356 3134 2404 idem
3166 2356 3322 2407 Pater
3355 2362 3444 2421 qui
3468 2361 3655 2419 Filius,

2008 2427 2059 2475 id
2091 2430 2189 2481 est,
2226 2426 2311 2475 ille
2341 2425 2432 2489 qui
2467 2434 2545 2475 est
2606 2429 2759 2475 Pater
2812 2442 2918 2476 non
2978 2435 3057 2477 est
3113 2430 3275 2477 Filius
3310 2439 3411 2491 ;ret
3451 2434 3535 2483 ille
3567 2438 3657 2496 qui

2008 2501 2088 2546 est
2118 2496 2280 2545 Filius
2311 2512 2416 2544 non
2444 2502 2523 2545 est
2556 2499 2706 2545 Pater
2740 2512 2752 2557 ;
2786 2512 2881 2547 nec
2909 2499 3049 2547 idem
3089 2507 3313 2564 uterque
3362 2506 3449 2565 qui
3485 2504 3649 2565 Spiri-

2007 2572 2093 2616 tus
2124 2572 2392 2627 sanctus;
2454 2583 2552 2617 nec
2609 2568 2699 2617 ille
2748 2572 2838 2631 qui
2888 2575 2970 2617 est
3050 2572 3215 2625 Pater,
3270 2579 3349 2621 est
3414 2576 3501 2622 ille
3561 2580 3651 2637 qui

2007 2646 2378 2701 utrorumque,
2411 2639 2462 2687 id
2494 2646 2591 2696 est,
2625 2640 2796 2689 Patris
2827 2640 3038 2697 dicitur,
3068 2646 3123 2691 et
3173 2643 3311 2697 Filii,
3371 2652 3421 2693 et
3477 2647 3648 2709 Spiri-

2004 2714 2091 2759 tus
2122 2716 2340 2759 sanctus
2375 2726 2387 2770 ',
2419 2725 2517 2759 nec
2548 2711 2635 2759 ille
2667 2712 2758 2774 qui
2792 2716 2871 2759 est
2899 2712 3084 2768 Filius,
3119 2717 3199 2762 est
3256 2714 3340 2763 ille
3398 2716 3509 2777 ipse
3554 2720 3647 2780 qui

2003 2782 2178 2831 dictus
2207 2786 2289 2830 est
2316 2780 2549 2844 Spiritus
2580 2786 2795 2830 sanctus
2827 2798 2839 2838 ;
2874 2796 2971 2831 nec
3001 2783 3090 2831 ille
3147 2786 3425 2834 amborum
3474 2788 3649 2849 Spiri-

2001 2858 2088 2901 tus
2118 2856 2337 2901 sanctus
2368 2857 2448 2901 est
2480 2855 2675 2917 aliquis
2704 2854 2917 2902 illorum
2977 2868 3007 2902 a
3063 2856 3259 2918 quibus
3304 2860 3563 2918 procedit,
3597 2861 3648 2909 id

2002 2931 2099 2981 est,
2132 2940 2231 2975 nec
2262 2931 2341 2974 est
2371 2927 2541 2981 Pater,
2576 2940 2676 2974 nec
2730 2926 2913 2974 Filius.
2976 2927 3201 2977 Tantum
3256 2929 3433 2987 Pater,
3464 2936 3520 2979 et
3563 2934 3646 2981 Fi-

236 3015 405 3071 Deus,
439 2996 649 3063 illorum
678 2996 896 3076 quidem
929 2996 1027 3074 qui
1083 3012 1209 3058 sunt
1243 2996 1403 3057 incus
1458 3004 1761 3056 distributio
1793 3009 1888 3063 est,

2010 2997 2125 3076 lius,
2158 3002 2209 3076 et
2237 2997 2467 3076 Spiritus
2502 3002 2718 3046 sanctus
2748 3001 2876 3046 sunt
2904 2999 3043 3047 idem
3077 3001 3233 3057 Deus,
3280 3001 3419 3051 idem
3446 3002 3644 3066 justus,

243 3084 371 3147 ejus
395 3068 526 3131 ivero
558 3096 665 3146 quo
694 3068 820 3129 'sunt
854 3068 989 3129 Dens
1046 3078 1295 3142 repetitio
1327 3092 1340 3125 :
1402 3078 1564 3139 igitur
1620 3075 1801 3132 trium,
1839 3076 1888 3123 id
1918 3099 1946 3119 ο
2002 3068 2144 3119 idem
2175 3072 2369 3147 bonus,
2398 3072 2537 3119 idem
2563 3084 2807 3133 magnus,
2839 3070 3073 3134 denique
3130 3074 3270 3122 idem
3323 3077 3505 3124 omnia
3553 3077 3644 3126 illa

238 3146 330 3205 est
363 3155 545 3211 Patris,
579 3159 628 3202 et
658 3152 794 3210 Filii,
827 3156 881 3201 et
925 3151 1154 3214 Spiritus
1207 3150 1394 3205 sancti,
1450 3147 1643 3196 idonee
1693 3146 1892 3195 consti-

236 3230 360 3276 tuta
392 3231 473 3274 est
502 3226 749 3273 assentire
783 3222 982 3271 unitas.
1043 3221 1145 3270 Sed
1204 3218 1459 3283 quoniam
1522 3218 1668 3266 nulla
1704 3216 1887 3267 relatio

238 3300 423 3361 potest
449 3296 513 3344 ad
547 3296 772 3358 scipsam
807 3293 1008 3353 referri,
1043 3292 1094 3340 id
1149 3297 1246 3348 est,
1294 3291 1549 3354 quoniam
1603 3289 1752 3338 nulla
1804 3303 1889 3361 ref

240 3360 451 3417 latione
476 3367 673 3429 aliquid
707 3366 771 3414 ad
825 3380 880 3413 se
938 3368 1114 3426 potest
1170 3362 1373 3421 referri,
1408 3361 1501 3410 sed
1560 3374 1769 3423 semper
1822 3360 1888 3408 ad

239 3440 409 3496 aliud,
447 3439 641 3487 idcirco
672 3437 813 3500 quod
844 3451 905 3485 ea
947 3435 1257 3498 praedicatio
1314 3448 1433 3496 qua:
1494 3433 1752 3482 relatione
1810 3445 1889 3480 ca-

233 3515 343 3562 ret.
378 3509 429 3558 id
465 3517 543 3559 est
574 3523 682 3572 qua
742 3522 847 3556 non
907 3507 1135 3556 refertur
1189 3506 1252 3554 ad
1313 3505 1535 3567 aliquid,
1594 3504 1886 3552 secundum

235 3582 473 3645 seipsam
502 3586 601 3639 est,
636 3580 775 3628 facta
806 3580 1019 3642 quidem
1054 3582 1133 3626 est
1164 3577 1251 3625 illa
1295 3590 1416 3640 qum
1476 3574 1670 3624 dicitur
1716 3573 1890 3622 Trini-

237 3655 391 3713 tatis,
425 3653 526 3701 boc
557 3657 636 3701 est
667 3653 825 3700 trium
858 3651 1235 3706 numerositas,
1271 3648 1324 3695 in
1379 3661 1458 3704 eo,
1492 3648 1543 3696 id
1594 3651 1675 3695 est
1701 3659 1889 3695 secun-

236 3724 373 3773 dum
404 3725 453 3772 id
483 3724 625 3785 quod
658 3727 737 3771 est
768 3722 1073 3785 praedicatio
1133 3718 1437 3779 relationis;
1496 3721 1707 3767 servata
1762 3730 1886 3766 vero

236 3796 555 3845 earumdem
590 3795 766 3843 unitas
797 3794 849 3841 in
884 3806 966 3848 eo,
999 3792 1051 3839 id
1083 3796 1162 3839 est
1190 3790 1483 3838 secundum
1516 3789 1567 3837 id
1608 3789 1748 3851 quod
1805 3792 1887 3837 est

235 3865 604 3916 indiderentia
635 3878 647 3913 :
682 3865 880 3912 scilicet
911 3863 995 3911 vel
1027 3861 1340 3910 substantiis
1390 3861 1568 3916 unius,
1628 3873 1748 3923 qum
1795 3860 1885 3909 tri-

236 3938 344 3987 bus
374 3935 473 3985 illis
496 3935 689 3983 dicitur
724 3950 737 3995 ;
773 3934 852 3982 vel
884 3932 1209 3996 operationis
1255 3932 1431 3987 unius,
1487 3945 1607 3994 qum
1665 3932 1886 3994 inquali-

234 4013 322 4058 ter
352 4009 451 4071 ipsi
518 4010 861 4068 operantur;
919 4006 998 4052 vel
1059 4003 1279 4053 omnino
1346 4001 1714 4051 indifferentia
1770 4002 1885 4067 ejus

204 4076 659 4143 'prmdicationis,
719 4089 1056 4139 quascunque
1108 4074 1305 4123 dicitur
1364 4074 1659 4123 secundum
1722 4088 1797 4130 se,
1832 4074 1882 4121 id

234 4156 320 4201 est
350 4165 457 4215 qua
488 4148 568 4199 vel
602 4146 761 4201 οὐσία
791 4148 909 4211 ipsa
960 4146 1301 4209 praedicatur,
1336 4150 1396 4194 ut
1449 4145 1611 4206 Deus,
1660 4145 1743 4194 vel
1800 4161 1882 4196 se-

232 4223 473 4271 cundum
506 4217 687 4273 οὐσίαν
720 4219 998 4283 quodlibet
1054 4218 1385 4267 extrinsecus
1444 4217 1773 4265 atﬁxorum:
1829 4222 1887 4267 ut

233 4306 451 4354 semper
483 4306 618 4349 esse,
650 4291 737 4341 vel
794 4288 1013 4353 ubique,
1078 4289 1160 4338 vel
1212 4289 1443 4351 operari.
1476 4288 1560 4337 Sic
1608 4290 1749 4337 enim
1784 4288 1886 4338 hoc

232 4363 355 4413 loco
387 4364 739 4427 intelligenda
792 4367 872 4411 est
933 4360 1231 4410 secundum
1293 4373 1367 4431 se,
1415 4359 1727 4431 praedicatio
1759 4360 1881 4415 dici,
1916 4368 1960 4431 ι)

230 4449 343 4500 qua
378 4434 601 4490 scilicet,
631 4435 769 4483 sicut
804 4434 1003 4482 dictum
1064 4438 1160 4488 est,
1219 4432 1301 4479 vel
1357 4430 1473 4493 ipsa
1520 4430 1770 4488 essentia,
1805 4432 1884 4480 vel

231 4505 531 4556 secundum
568 4519 682 4555 eam
708 4504 909 4568 aliquid
941 4503 1280 4567 prmdicatur,
1339 4503 1449 4551 sive
1506 4502 1609 4551 hoc
1666 4516 1759 4565 per
1807 4517 1879 4560 se,

231 4578 353 4626 sive
390 4578 452 4625 ad
480 4577 619 4626 aliud
650 4577 855 4625 dicatur
882 4589 894 4623 :
944 4589 1040 4638 per
1096 4588 1151 4622 se
1208 4574 1445 4636 quidem,
1480 4572 1617 4622 sicut
1647 4573 1733 4621 illa
1762 4588 1882 4636 quas

233 4648 537 4713 posuimus,
570 4648 769 4697 scilicet
798 4660 1012 4709 semper
1042 4659 1175 4704 esse,
1240 4644 1319 4693 vel
1381 4645 1593 4707 ubique,
1646 4646 1723 4693 vel
1753 4659 1885 4708 ops-

231 4721 387 4778 rari;
422 4720 486 4769 ad
520 4720 668 4769 aliud
728 4732 871 4773 vero,
924 4726 981 4766 ut
1037 4713 1327 4765 auctoritas
1384 4720 1436 4764 et
1502 4718 1882 4779 principalitas,

232 4804 358 4855 qua
392 4792 529 4841 sicut
558 4791 673 4850 ipsa
706 4790 940 4839 essentia
972 4786 1360 4845 indifferenter,
1408 4791 1461 4835 et
1505 4788 1624 4836 ideo
1655 4788 1885 4851 singula-

230 4863 368 4912 riter
397 4862 462 4911 de
494 4862 666 4911 tribus
698 4861 968 4909 dicuntur.
999 4858 1130 4907 Nam
1165 4860 1215 4906 et
1252 4860 1623 4921 unusquisque
1670 4860 1881 4909 illorum

228 4935 424 4995 trium,
468 4937 522 4982 et
578 4946 763 4982 omnes
821 4930 977 4980 simul
1036 4932 1162 4977 sunt
1215 4929 1456 4978 omnium
1520 4934 1880 4979 creaturarum

230 5018 378 5054 unus
409 5008 595 5054 auctor
626 5012 678 5053 et
704 5017 871 5052 unum
930 4998 1277 5065 principium.
1336 5000 1503 5057 Quam
1555 5002 1884 5050 auctoritatis

226 5079 397 5138 atque
432 5074 841 5138 principalitatis
890 5070 1333 5126 indiﬁ'erentiam,
1385 5084 1445 5118 ex
1510 5068 1691 5131 οὐσίας
1735 5072 1884 5134 ipso-

222 5161 373 5205 rum,
404 5147 702 5198 secundum
751 5160 913 5210 quam
976 5145 1040 5192 de
1094 5142 1197 5190 illis
1249 5141 1624 5205 prmdicantur,
1681 5142 1885 5192 indiﬂe-

222 5220 425 5274 rentia,
460 5233 576 5268 esse
611 5222 879 5281 putamus.
932 5215 1081 5264 Unde
1144 5218 1195 5261 et
1252 5214 1549 5261 secundum
1584 5216 1880 5275 personali-

227 5291 361 5341 tatis
392 5292 673 5349 rationem,
706 5303 826 5353 qum
866 5286 1251 5352 preprietatum
1302 5290 1486 5334 secuta
1530 5285 1881 5335 dilferentiam

223 5362 298 5411 de
334 5375 658 5426 unoquoque
693 5362 907 5409 illorum
944 5371 1051 5407 non
1083 5358 1325 5414 relative,
1379 5355 1470 5405 sed
1527 5370 1621 5420 per
1652 5371 1705 5406 se
1753 5372 1884 5420 pre:-

228 5434 462 5491 dicatur,
495 5432 713 5483 minime
743 5431 838 5480 illa
866 5435 946 5480 est
974 5427 1351 5486 indifferentia,
1400 5431 1459 5476 ut
1505 5433 1557 5476 et
1603 5430 1886 5491 unusquis-

232 5519 344 5571 que
378 5520 467 5570 per
501 5520 574 5563 se,
613 5510 663 5554 et
707 5509 815 5553 tres
877 5501 1035 5551 simul
1088 5507 1212 5548 sunt
1267 5515 1372 5549 una
1428 5514 1677 5562 persona.
1738 5502 1886 5550 Pater

236 5591 474 5641 namque
534 5575 789 5641 quoniam
849 5575 989 5623 Deus
1046 5577 1142 5627 est,
1218 5577 1583 5619 creaturarum
1646 5575 1885 5620 omnium

239 5654 431 5700 auctor
460 5653 515 5699 et
543 5649 865 5712 principium
896 5650 979 5695 est
1014 5660 1027 5704 ς
1059 5644 1299 5693 similiter
1356 5648 1408 5691 et
1464 5642 1644 5703 Filius,
1677 5654 1728 5692 et
1775 5644 1888 5707 Spi-

238 5721 381 5774 ritus
408 5724 640 5773 sanctus.
674 5719 807 5780 Quia
855 5730 979 5768 vero
1033 5715 1172 5765 idem
1222 5715 1376 5766 Pater
1434 5715 1762 5779 proprietate
1806 5717 1886 5767 di-

1999 3155 2119 3205 quse
2168 3144 2463 3191 secundum
2516 3155 2572 3189 se
2631 3144 2885 3203 poterunt
2941 3145 3266 3205 prasdicari:
3321 3145 3392 3195 ita
3450 3148 3643 3209 plurali

1998 3214 2163 3262 verbo
2194 3215 2379 3263 debuit
2417 3214 2613 3273 dicere,
2671 3218 2814 3274 sunt,
2872 3216 3128 3277 quoniam
3188 3216 3266 3264 illi
3324 3217 3389 3265 de
3450 3220 3644 3280 quibus

1999 3302 2161 3336 unam
2197 3289 2482 3336 essentiam
2516 3291 2595 3334 tot
2651 3286 2979 3343 nominibus,
3014 3286 3067 3334 id
3124 3292 3220 3343 est,
3254 3289 3392 3338 Deus
3450 3290 3642 3349 bonus,

1998 3373 2243 3419 magnus,
2307 3358 2652 3421 praedicabat,
2712 3357 3036 3406 relationum
3096 3360 3405 3410 diversitate
3462 3362 3643 3423 plures

1999 3436 2142 3479 sunt.
2177 3431 2319 3479 Dixit
2353 3433 2657 3485 tamen,est,
2692 3428 2840 3476 verbi
2868 3430 3236 3491 singularitate
3261 3432 3415 3492 juxta
3435 3430 3639 3494 οὐσίας,

1998 3516 2157 3566 quam
2211 3502 2556 3564 praedicabat,
2614 3502 2839 3549 metiens
2894 3502 3172 3548 unitatem.
3228 3502 3325 3560 Qui
3384 3505 3638 3568 loquendi

1998 3588 2127 3622 usus
2156 3588 2297 3636 saepe
2332 3576 2381 3619 in
2415 3573 2651 3620 humana
2678 3574 2872 3634 pagina
2902 3570 3213 3620 invenitur:
3248 3582 3305 3621 ut
3338 3573 3433 3623 ira:
3463 3590 3640 3624 aman-

1996 3648 2145 3703 tium,
2179 3645 2563 3708 redintegratio
2600 3646 2797 3693 amoris
2832 3652 2929 3693 est.
2960 3644 3077 3692 Non
3119 3646 3193 3693 ait
3248 3653 3374 3696 sunt
3419 3650 3635 3711 plurali-

1995 3721 2094 3779 ter,
2128 3718 2268 3781 quod
2304 3723 2481 3765 tamen
2515 3716 2749 3771 deberet,
2785 3717 3039 3779 qunniam
3074 3730 3268 3765 nomen
3304 3721 3445 3781 quod
3489 3721 3637 3769 verbi

1995 3804 2277 3854 personam
2308 3789 2468 3838 simul
2523 3795 2575 3838 et
2633 3802 2906 3837 numerum
2964 3790 3121 3852 juxta
3169 3792 3637 3849 grammaticorum

1994 3862 2232 3924 regulam
2297 3859 2626 3915 continebat,
2684 3860 2963 3923 pluraliter
3048 3859 3373 3919 pris-miserat
3436 3864 3639 3924 dicens,

1993 3934 2103 3982 irin.
2134 3933 2233 3981 Sed
2268 3933 2340 3981 ait
2366 3930 2737 3992 singulariter,
2769 3937 2865 3987 est,
2895 3936 3114 3993 propter
3172 3932 3335 3995 hujus
3388 3937 3638 3996 nominis,

1993 4005 2135 4067 quod
2167 4009 2247 4053 est
2307 4002 2710 4063 redintegratio,
2766 4000 3216 4062 singularitatem,
3262 4005 3404 4065 quod
3460 4010 3637 4054 tamen

1994 4089 2102 4124 non
2140 4080 2358 4138 propter
2413 4075 2557 4122 verbi
2622 4086 2905 4134 personam
2955 4080 3007 4121 et
3053 4087 3354 4131 numerum,
3383 4076 3473 4123 sed
3508 4090 3637 4139 pro-

1994 4152 2112 4209 pter
2142 4147 2457 4209 qualitatem
2491 4159 2598 4208 qua
2628 4145 2683 4193 ﬁt
2738 4144 3143 4197 demonstratio,
3206 4147 3436 4207 positum
3485 4147 3639 4196 intel-

1995 4218 2192 4277 ligitur.
2227 4217 2479 4265 Similiter
2534 4217 2731 4265 dictum
2777 4221 2898 4263 est:
2957 4214 3151 4264 Omnia
3201 4217 3375 4264 Caesar
3421 4222 3549 4275 erat,
3584 4223 3637 4268 et

1994 4290 2162 4339 multa
2194 4288 2523 4352 hujusmodi.

2054 4361 2207 4416 Sane,
2242 4358 2367 4424 etc.]
2400 4358 2543 4408 Dixit
2571 4358 2714 4421 quod
2765 4358 2919 4405 Pater
2974 4361 3027 4403 et
3082 4357 3248 4405 Filius
3304 4363 3354 4407 et
3403 4359 3636 4421 Spiritus

1993 4436 2230 4487 sanctus,
2262 4431 2556 4478 secundum
2588 4428 2641 4476 id
2674 4442 2780 4491 quo
2811 4431 2937 4476 sunt
2972 4427 3025 4475 id
3057 4428 3199 4490 quod
3232 4434 3375 4486 sunt,
3409 4430 3633 4481 omnino

1993 4502 2132 4551 idem
2164 4506 2307 4563 sunt,
2341 4503 2522 4564 qualia
2556 4502 2605 4549 in
2646 4501 3052 4549 subsistentium
3098 4514 3298 4561 genere
3351 4502 3413 4550 ad
3462 4517 3516 4552 se
3547 4518 3629 4553 re-

1992 4575 2113 4624 ferri
2153 4588 2259 4622 non
2295 4578 2537 4636 possunt.
2568 4574 2913 4635 Quaecunque
2944 4572 3087 4620 enim
3122 4574 3526 4623 subsistentium
3569 4577 3632 4625 ad

1994 4662 2048 4697 se
2080 4648 2307 4695 invicem
2344 4646 2671 4702 referuntur,
2705 4646 2786 4693 his
2845 4644 3042 4707 quibus
3099 4649 3223 4694 sunt
3264 4644 3535 4696 diﬂ'erunt.
3568 4649 3639 4699 Ut

1993 4723 2171 4768 tamen
2204 4718 2351 4780 quali
2380 4721 2556 4779 potest
2585 4716 2932 4764 similitudine
2958 4715 3057 4763 hoc
3085 4715 3226 4777 quod
3259 4721 3339 4765 est
3370 4718 3634 4768 ineffabile

1992 4791 2201 4843 innuat,
2232 4790 2436 4837 Patrem
2474 4787 2690 4843 scilicet,
2724 4792 2776 4836 et
2815 4787 3018 4841 Filium,
3066 4792 3118 4834 et
3176 4786 3429 4849 Spiritum
3480 4803 3636 4840 sanc-

1993 4866 2125 4922 tum,
2159 4862 2248 4923 qui
2281 4875 2342 4909 eo
2373 4875 2479 4924 quo
2518 4864 2643 4908 sunt
2669 4860 2809 4908 idem
2843 4862 2970 4906 sunt
3011 4857 3237 4908 diversis
3286 4860 3636 4911 relationibus

1992 4933 2056 4981 ad
2090 4946 2143 4980 se
2175 4933 2381 4989 referri,
2416 4934 2488 4981 ait
2519 4945 2530 4980 :

2055 5004 2205 5058 Sane,
2237 5004 2363 5067 etc.]
2420 5004 2625 5061 Quasi:
2685 5005 2861 5061 Pater,
2918 5015 3038 5049 cum
3099 5014 3205 5063 quo
3264 5002 3433 5053 Filius
3492 5004 3633 5054 idem

1993 5080 2093 5136 est,
2123 5077 2449 5138 prmdicatur
2480 5074 2701 5125 relative
2760 5074 2825 5123 ad
2885 5073 3073 5122 Filium
3140 5073 3309 5123 Pater.
3350 5075 3498 5134 Quod
3534 5079 3637 5125 uti-

1993 5162 2096 5212 que
2131 5149 2520 5197 convenienter
2551 5151 2769 5210 potest:
2831 5159 2956 5194 nam
3012 5159 3143 5194 sane
3200 5147 3477 5195 sciendum
3537 5152 3635 5205 est,

1993 5218 2153 5269 etiam
2189 5220 2239 5266 in
2274 5219 2432 5267 rebus
2462 5220 2652 5267 creatis
2698 5218 3132 5279 praedicationem
3184 5218 3477 5277 relativum,
3528 5232 3637 5280 qua

1993 5291 2198 5339 scnlicet
2230 5290 2430 5353 aliquid
2464 5291 2652 5339 referri
2684 5289 3006 5345 ostenditur,
3068 5303 3175 5337 non
3234 5302 3441 5349 semper
3480 5289 3634 5337 talum

1995 5376 2129 5417 esse,
2167 5366 2223 5409 ut
2261 5375 2471 5424 semper
2528 5363 2590 5411 ad
2652 5360 2871 5424 aliquod
2930 5365 3037 5409 tam
3092 5358 3306 5407 nomine
3364 5373 3521 5420 quam
3578 5370 3635 5409 re

1996 5432 2251 5481 ditl'erens
2283 5433 2618 5494 praedicetur,
2649 5433 2847 5481 scilicet
2913 5436 2969 5479 ut
3030 5434 3108 5479 est
3155 5443 3342 5477 servus
3375 5430 3437 5477 ad
3474 5431 3638 5478 ιιοωί-

1997 5517 2148 5551 num.
2180 5504 2298 5553 llaec
2330 5505 2470 5553 enim
2508 5505 2724 5552 nomina
2757 5507 2810 5551 et
2839 5516 2923 5551 res
2967 5501 3067 5548 illis
3114 5498 3431 5561 significare.
3465 5502 3512 5547 id
3560 5505 3639 5549 est

1996 5573 2231 5623 servitus
2263 5581 2315 5623 et
2346 5576 2662 5628 dominium.
2700 5578 2751 5623 ct
2784 5574 2865 5621 illa
2920 5572 2984 5619 de
3037 5570 3233 5633 quibus
3282 5572 3408 5633 ipsa:
3444 5572 3638 5633 pracdi-

1997 5651 2204 5704 cantur,
2270 5635 2541 5696 diti‘erunt.
2599 5647 2701 5695 Sed
2763 5649 2919 5705 (sicut
2974 5643 3169 5690 dictum
3204 5648 3299 5698 ecl)
3332 5657 3438 5691 non
3494 5657 3636 5691 sem-

1998 5730 2094 5781 per
2123 5717 2189 5767 ad
2220 5717 2324 5768 ista
2354 5717 2609 5769 diﬂ'erens
2642 5718 2695 5767 fit
2720 5716 2954 5781 precatio
2984 5713 3207 5764 relative
3238 5726 3249 5762 :
3301 5727 3423 5764 nam
3479 5728 3636 5765 omne
