4022 6174
472 193 609 245 1299

1368 198 1439 252 ΙΝ
1478 195 1743 252 LIBRUM
1782 195 1873 249 DE
1911 189 2209 247 PR/EDIC.
2249 184 2471 241 TRIUM
2509 183 2990 241 PERSONABUM

3684 193 3781 247 “00

476 317 684 379 aquale
731 318 923 381 aquati
980 319 1184 383 aquale
1246 324 1341 382 est,
1399 325 1453 371 et
1507 321 1678 370 simile
1734 318 1893 367 simili
1953 315 2122 365 simile
2154 317 2344 381 Aqua
2399 308 2746 383 proportione
2798 308 3459 383 theologice_cogitamus,
3514 311 3639 360 nulla
3691 314 3788 363 ima.

478 392 575 436 est.
611 387 737 446 Qua
767 390 1020 439 videlicet
1048 391 1289 453 ejusdem
1351 391 1584 440 nominis
1641 393 1767 440 sunt
1822 387 2121 439 relationes.

476 460 612 520 Ipsa
669 475 887 523 quoque
948 465 1272 525 quantitates
1357 468 1411 512 et
1464 464 1764 525 qualitates,
1827 460 2122 510 secundum

477 530 614 579 duas
642 546 705 582 ea
734 533 787 580 in
818 532 1015 594 quibus
1045 537 1172 581 sunt
1201 535 1425 596 aqualis
1467 540 1610 591 sunt,
1670 538 1826 595 atque
1886 530 2078 580 similia
2110 542 2122 576 :

479 606 534 652 et
563 603 603 650 si
640 603 732 652 illa
763 605 1087 665 proprietate
1112 618 1218 668 qua
1260 605 1623 668 subjectorum
1679 617 1900 653 suorum
1962 602 2127 650 altera

482 673 696 736 quidem
728 673 905 736 hujus,
948 674 1114 724 altera
1165 690 1292 725 vero
1351 676 1495 724 illius
1557 674 1785 738 prOpria
1838 677 1982 730 sunt,
2045 671 2123 719 di-

480 758 650 793 versa
682 744 1057 808 intelligantur
1090 760 1101 795 :
1135 760 1244 795 non
1301 751 1479 796 tamen
1537 748 1669 796 adeo
1729 746 1952 795 diversa
1981 746 2124 802 sunt,

482 816 624 866 sicut
678 818 827 880 dupli
886 824 941 867 et
996 819 1220 875 dimidii,
1272 826 1323 869 et
1376 825 1693 870 caterorum
1778 815 2126 880 inaqualium

483 889 815 952 quantitates
850 902 860 937 :
892 894 986 939 aut
1016 892 1155 939 sicut
1184 892 1290 940 albi
1348 896 1402 941 et
1462 892 1619 953 nigri,
1642 891 1728 940 vel
1786 887 2038 950 trianguli
2077 887 2128 934 et

483 958 748 1022 quadrati,
802 965 855 1009 et
912 966 1229 1012 caterorum
1288 963 1684 1013 contrariorum
1743 976 1836 1011 seu
1895 960 2129 1021 dispara-

483 1035 660 1080 torum
689 1032 991 1093 qualitates.
1060 1034 1124 1083 Et
1184 1040 1242 1083 ut
1299 1035 1364 1083 ab
1427 1033 1674 1097 apposito
1723 1032 1968 1094 exemplo
2019 1042 2127 1079 non

483 1103 823 1161 recxdamus,
858 1106 1192 1167 quantitates
1248 1111 1299 1155 et
1347 1104 1634 1169 qualitates
1667 1106 1964 1155 secundum
1996 1117 2130 1166 quas

484 1175 714 1237 aqualis
744 1180 797 1224 et
825 1176 1023 1225 similia
1058 1177 1331 1238 dicuntur,
1367 1191 1476 1227 non
1532 1177 1667 1227 adeo
1730 1176 1955 1225 diversa
1985 1180 2128 1237 sunt,

484 1250 625 1295 sicut
657 1250 891 1308 potestas
921 1254 974 1298 et
1030 1249 1227 1305 vilitas,
1266 1249 1565 1298 secundum
1626 1263 1758 1312 quas
1814 1246 1905 1296 ille
1957 1246 2131 1295 domi-

485 1316 736 1372 nus,iste
799 1331 926 1366 vero
983 1332 1169 1368 servus
1231 1320 1503 1380 dicuntur,
1565 1319 1657 1367 sed
1734 1316 2131 1381 quodammodo

486 1401 655 1437 unum
687 1394 829 1447 sunt,
862 1404 968 1440 non
1002 1391 1219 1454 quidem
1247 1405 1307 1440 ea
1335 1405 1455 1454 qua
1512 1405 1573 1439 ex
1622 1388 1998 1453 singularitate
2054 1392 2135 1437 est

487 1458 713 1514 unitate,
763 1462 856 1510 sed
920 1476 983 1510 ee
1039 1477 1159 1525 qua
1248 1477 1309 1510 ex
1386 1463 1738 1525 proportione
1794 1464 2134 1522 comparatur

488 1530 709 1579 unione.
746 1531 847 1581 Sed
880 1538 933 1581 et
965 1533 1055 1581 ubi
1091 1547 1197 1581 non
1232 1534 1363 1582 unio
1420 1532 1772 1589 collectionis,
1814 1532 1905 1579 sed
1956 1530 2134 1578 unitas

491 1600 835 1663 proprietatis
865 1609 963 1661 est,
1023 1604 1079 1652 tit
1138 1605 1464 1666 quandoque
1522 1603 1834 1665 pradicetio
1892 1600 2135 1660 relative,

489 1676 548 1721 ut
578 1672 716 1721 idem
749 1674 813 1729 ei,
874 1675 1019 1737 quod
1079 1680 1160 1724 est
1215 1674 1376 1730 idem,
1437 1674 1575 1723 idem
1643 1678 1739 1730 est,
1804 1687 1915 1721 non
1975 1673 2135 1721 modo

489 1743 773 1792 identitate
804 1746 1041 1803 unionis,
1074 1750 1132 1794 ut
1190 1745 1370 1801 homo,
1430 1746 1568 1794 idem
1627 1744 1771 1808 quod
1828 1744 1988 1793 homo
2034 1748 2132 1803 est,

491 1827 617 1863 nam
650 1815 796 1864 Plato
829 1820 883 1865 et
911 1816 1096 1867 Cicero
1129 1819 1327 1867 unione
1361 1817 1559 1880 speciei
1590 1823 1716 1866 sunt
1765 1817 1904 1865 idem
1954 1816 2134 1872 homo,

489 1898 677 1934 verum
710 1888 871 1937 etiam
933 1889 1227 1950 identitate,
1281 1902 1405 1938 vere
1466 1893 1519 1938 et
1572 1902 1784 1952 quaex
1816 1888 2137 1949 proprietate

493 1959 575 2005 est
607 1958 825 2008 unitatis
857 1974 871 2021 ;
904 1963 962 2009 ut
992 1961 1256 2009 rationale
1317 1962 1457 2010 idem
1519 1960 1662 2022 quod
1720 1957 1984 2008 rationale
2040 1963 2136 2015 est,

498 2026 662 2077 veluti
694 2031 872 2079 anima
922 2031 1176 2091 hominis,
1241 2037 1293 2080 et
1349 2034 1460 2094 ipse
1520 2032 1699 2087 homo,
1764 2044 1871 2078 non
1937 2028 2139 2078 unione

501 2098 722 2161 speciei,
761 2102 852 2150 sed
887 2101 1092 2151 unitate
1154 2104 1511 2166 proprietatis,
1572 2107 1696 2151 sunt
1753 2116 1918 2150 unum
1977 2102 2140 2148 ratio-

500 2170 642 2228 nale,
675 2186 797 2221 cum
851 2178 1027 2223 tamen
1084 2176 1425 2237 pertialitatis
1481 2178 1533 2224 et
1582 2172 1863 2222 totalitatis
1922 2170 2141 2221 relatio-

497 2242 658 2291 nibus
689 2257 744 2293 se
768 2244 832 2292 ad
864 2258 978 2293 sese
1014 2246 1242 2294 invicem
1275 2245 1523 2294 habeant.
1576 2244 1772 2292 Anima
1826 2241 1968 2291 enim
2018 2256 2141 2304 pars

494 2311 730 2362 hominis
760 2320 856 2376 est,
890 2319 943 2364 et
973 2316 1131 2365 homo
1192 2320 1363 2365 totum
1425 2317 1635 2371 anima,
1684 2316 1933 2378 quamvis
1978 2314 2139 2363 homo

493 2385 562 2434 sit
591 2386 852 2450 quidquid
881 2392 961 2436 est
990 2389 1186 2437 anima.
1224 2387 1358 2437 Nam
1386 2389 1483 2437 etsi
1525 2390 1707 2436 anima
1764 2402 1870 2435 non
1918 2384 2141 2434 omnino

494 2459 573 2503 est
602 2456 654 2504 id
686 2458 830 2519 quod
861 2458 1041 2511 homo,
1075 2458 1235 2507 homo
1296 2463 1472 2507 tamen
1532 2463 1612 2506 est
1669 2458 1809 2505 idem
1841 2457 1984 2518 quod
2020 2455 2140 2504 ani-

494 2539 600 2575 ma.
638 2527 703 2576 Et
733 2533 792 2576 ut
818 2530 1102 2578 veniamus
1135 2530 1201 2578 ad
1234 2530 1287 2578 id
1322 2534 1539 2593 propter
1569 2530 1713 2592 quod
1739 2530 1805 2577 de
1859 2526 2036 2576 taliter
2066 2527 2143 2576 in-

497 2596 860 2649 diﬁ'erentium
922 2601 1274 2650 relationibus
1335 2601 1585 2657 diximus,
1646 2600 1702 2649 in
1760 2601 1860 2649 hac
1915 2600 2143 2649 maxime

504 2668 570 2718 de
601 2684 706 2732 qua
736 2672 942 2733 agimus
971 2672 1249 2729 Trinitate,
1300 2673 1350 2722 id
1419 2676 1499 2722 est
1551 2673 1604 2721 in
1653 2672 1735 2720 his
1770 2672 1960 2729 tribus,
1993 2673 2143 2721 Patre

502 2742 727 2804 scilicet,
759 2748 811 2792 et
838 2744 989 2800 Filio,
1023 2749 1076 2793 et
1109 2744 1307 2806 Spiritu
1366 2750 1572 2805 sancto,
1629 2745 1815 2793 similis
1869 2749 1950 2793 est
2003 2744 2142 2792 rela-

494 2814 571 2862 tio
606 2825 617 2862 :
647 2815 896 2863 videlicet
925 2814 1101 2864 Patris
1135 2816 1200 2864 ad
1250 2815 1463 2874 Filium,
1500 2822 1553 2866 et
1600 2817 1724 2865 item
1765 2817 2043 2878 utriusque
2078 2815 2143 2863 ad

494 2885 753 2947 Spiritum
786 2891 1076 2945 sanctum;
1136 2887 1344 2945 similis,
1406 2889 1644 2951 inquam,
1710 2891 1767 2936 ut
1822 2886 1939 2949 ejus
2000 2885 2141 2949 quod

495 2961 577 3007 est
604 2956 766 3015 idem,
799 2958 864 3006 ad
896 2958 949 3006 id
1007 2959 1151 3020 quod
1207 2965 1288 3008 est
1343 2960 1530 3009 idem:
1586 2957 1855 3020 quomodo
1920 2958 2141 3015 scilicet,

495 3027 832 3116 sicutinIhis
867 3044 989 3092 qua
1048 3029 1191 3081 dicta
1251 3036 1395 3116 sunt,
1455 3044 1564 3110 non
1613 3028 2138 3116 aufert-relationem
2172 3052 2217 3116 ε

497 3100 591 3149 illa
620 3100 1011 3164 qualiscunque
1054 3116 1239 3152 eorum
1304 3101 1577 3163 identites,
1612 3102 1683 3149 ita
1737 3100 1910 3150 Patris
1954 3102 2020 3150 ad
2055 3100 2140 3148 Fi-

497 3173 646 3227 lium,
676 3178 728 3221 et
756 3175 1037 3237 utriusque
1067 3176 1133 3224 ad
1194 3176 1451 3238 Spiritum
1511 3178 1753 3223 sanctum
1810 3174 2145 3228 relationem,

501 3257 613 3294 non
646 3243 823 3294 aufert
869 3246 1003 3302 hac,
1063 3259 1184 3308 qua
1245 3251 1355 3296 tres
1407 3244 1754 3308 singulariter
1810 3259 1951 3294 unus
2005 3244 2148 3293 Deus

502 3320 630 3365 sunt
660 3329 846 3364 eorum
889 3316 1161 3366 identitas.
1192 3316 1249 3366 Id
1309 3321 1509 3376 autem,
1569 3318 1772 3366 scilicet
1826 3318 1907 3365 vel
1961 3316 2147 3365 referri

502 3387 681 3449 aliqua
712 3386 850 3435 inter
878 3402 952 3445 se,
999 3401 1119 3450 qua
1175 3388 1428 3438 omnibus
1486 3388 1681 3451 quibus
1739 3392 1865 3436 sunt
1918 3385 2145 3437 invicem

500 3459 644 3508 idem
681 3464 808 3508 sunt
843 3461 1116 3523 ;velquaa
1173 3462 1487 3510 referuntur
1548 3463 1778 3511 invicem
1839 3461 1977 3509 idem
2032 3474 2148 3509 esse

503 3528 755 3579 omnibus
790 3531 987 3593 quibus
1018 3536 1165 3586 sunt,
1198 3545 1303 3581 non
1337 3536 1513 3595 potest
1566 3532 1801 3582 inveniri
1849 3533 1903 3579 in
1943 3533 2148 3581 cunctis

498 3600 617 3649 aliis
648 3602 823 3663 rebus,
856 3603 908 3651 id
966 3608 1063 3659 est,
1116 3603 1276 3653 nulla
1333 3604 1452 3653 alia
1502 3618 1587 3653 res
1643 3609 1787 3662 sunt,
1840 3605 1895 3652 in
1952 3604 2149 3665 quibus

503 3672 606 3721 hoc
636 3674 805 3733 possit
833 3675 1085 3723 inveniri.
1147 3674 1296 3731 Quod
1358 3674 1403 3723 si
1453 3675 1555 3724 hoc
1607 3680 1705 3731 est,
1731 3681 1788 3725 ut
1837 3677 2017 3737 utique
2048 3677 2146 3731 est,

502 3744 647 3806 quod
679 3742 734 3792 in
765 3745 929 3793 nullis
960 3744 1080 3794 aliis
1130 3745 1230 3794 hoc
1291 3744 1525 3795 inveniri
1576 3747 1760 3808 possit,
1796 3760 1984 3795 revera
2022 3743 2149 3794 facit

506 3816 608 3865 hoc
634 3816 896 3875 alteritas,
929 3832 1050 3881 qua
1108 3823 1187 3868 est
1246 3825 1473 3883 cognata
1527 3820 1741 3869 caducis
1804 3821 1981 3868 rebus.
2030 3818 2147 3868 Non

506 3889 649 3937 enim
707 3889 823 3937 sine
879 3889 1097 3939 illorum
1153 3892 1349 3952 quibus
1400 3896 1526 3941 sunt
1610 3893 1877 3940 alteritate
1940 3892 2149 3939 diversa

506 3962 633 4008 sunt
669 3973 777 4008 ese
808 3960 1066 4023 qualibet
1126 3961 1492 4023 subsistentia,
1544 3976 1644 4011 nec
1701 3964 1805 4011 nisi
1862 3962 1960 4010 hac
2024 3962 2149 4010 alte-

498 4028 654 4078 ritate
687 4030 898 4079 diversa
955 4036 1182 4093 possunt
1242 4032 1309 4080 ad
1366 4047 1422 4082 se
1479 4031 1713 4081 invicem
1770 4032 1977 4081 referri.
2018 4030 2147 4079 Cum

497 4112 624 4149 vero
658 4101 753 4150 hac
790 4101 1055 4151 alteritate
1086 4105 1264 4152 omnia
1297 4118 1416 4167 qua
1480 4103 1533 4151 in
1590 4103 1673 4152 his
1731 4103 1946 4153 caducis
1990 4103 2056 4152 ad
2093 4116 2147 4152 se

496 4170 827 4230 referuntur,
861 4188 892 4223 e
922 4188 977 4224 se
1008 4175 1116 4225 sint
1170 4176 1358 4232 altera,
1425 4191 1520 4224 nos
1574 4178 1660 4239 qui
1713 4191 1773 4225 ex
1825 4179 2016 4225 horum
2047 4176 2147 4224 ali-

2237 383 2511 447 ginatione
2559 383 2623 431 ab
2682 382 2764 430 bis
2822 396 2943 445 qua
3000 381 3417 443 theologicorum
3471 385 3587 430 sunt
3631 388 3793 448 propria

2234 456 2491 504 debemus
2529 453 2731 510 diduci,
2767 457 2828 502 ut
2889 453 3109 505 scilicet,
3170 454 3417 515 quoniam
3478 454 3795 505 naturaliano-

2234 524 2383 573 mina
2435 524 2502 572 ad
2563 525 2867 586 theologica
2923 522 3326 583 transferentes,
3389 522 3600 570 dicimus
3644 526 3795 576 Patrem

2237 596 2300 644 ad
2331 595 2539 656 Filium,
2573 600 2625 644 et
2669 594 2859 642 Filium
2924 594 2989 642 ad
3047 593 3276 650 Patrem,
3335 597 3388 642 et
3446 593 3670 655 Spiritum
3715 612 3799 646 sau~

2238 673 2379 715 ctum
2436 668 2497 713 ad
2552 670 2858 728 utrumque,
2918 669 2970 713 et
3022 670 3307 728 utrumque
3368 664 3432 713 ad
3464 665 3800 726 Spiritumsaa.

2237 742 2379 787 ctum
2418 736 2623 793 referri,
2680 742 2931 799 putemus
2984 750 3077 785 eos
3132 736 3399 799 aliquibus
3448 750 3615 785 eorum
3659 739 3801 800 quibus

2238 813 2365 859 sunt
2398 810 2463 858 ad
2497 824 2551 858 se
2578 810 2807 858 invicem
2840 809 3041 858 alteros
3076 823 3089 867 ;
3124 810 3215 857 sed
3247 808 3428 871 potius
3474 823 3502 856 a
3544 811 3801 871 proprietate

2237 881 2565 931 naturalium
2614 880 2948 939 recedentes,
2987 885 3203 943 oportet
3264 894 3360 929 nos
3418 879 3542 943 erigi
3594 882 3803 932 intellectu

2238 953 2484 1017 simplici,
2530 958 2587 1001 ut
2645 951 2847 1001 scilicet
2906 952 3098 1000 horum
3157 954 3338 1008 trium,
3399 954 3627 1015 quamvis
3674 954 3727 1002 ad
3768 971 3804 1005 se

2240 1027 2547 1082 relatorum,
2581 1030 2633 1073 et
2685 1023 3009 1072 relationum
3064 1023 3479 1087 proprietatibus
3520 1024 3805 1077 diversorum.

2240 1098 2597 1159 intelligamus
2628 1109 2790 1144 unam
2852 1095 3022 1143 solam
3085 1092 3512 1158 simplicemque,
3557 1109 3649 1158 qua
3688 1110 3808 1144 unus-

2240 1172 2468 1233 quisque
2500 1172 2597 1222 est,
2629 1173 2680 1216 et
2736 1179 2924 1216 omnes
2980 1167 3139 1214 simul
3198 1172 3324 1215 sunt
3384 1181 3537 1222 unus,
3566 1171 3613 1215 et
3645 1169 3807 1230 simplex

2241 1242 2401 1301 Deus,
2432 1240 2736 1294 essentiam,
2797 1244 2849 1285 et
2911 1237 3219 1287 nullatenus
3278 1238 3498 1287 alterius
3540 1238 3739 1295 alteram,
3775 1246 3808 1287 et

2243 1313 2465 1361 alterius
2497 1310 2733 1359 alteram.
2764 1309 2826 1357 Et
2857 1308 3088 1371 denique
3132 1310 3445 1372 quicunque
3505 1310 3608 1357 sive
3656 1310 3805 1359 theolo-

2240 1383 2438 1448 gicum,
2497 1384 2608 1431 sive
2672 1380 2936 1439 naturale;
2995 1382 3105 1429 sive
3162 1381 3446 1444 quodlibet
3501 1380 3631 1428 aliud
3681 1384 3809 1443 (prout

2243 1460 2422 1518 potest
2450 1453 2703 1515 intelligi)
2767 1453 2841 1502 ita
2898 1452 3057 1502 etiam
3116 1453 3336 1516 aggredi
3394 1452 3649 1501 intellectu
3700 1467 3811 1516 Opor-

2242 1530 2337 1581 tet,
2393 1540 2459 1574 ne
2517 1539 2677 1589 quem
2742 1524 2798 1573 in
2886 1523 3297 1586 proportionem
3379 1523 3809 1585 comparationibus,

2244 1602 2391 1648 extra
2439 1596 2532 1647 illa
2586 1601 2807 1659 propter
2864 1609 2983 1659 qua
3038 1596 3472 1657 comparationes
3534 1592 3810 1647 inducuntur.

2243 1670 2425 1732 aliqua
2455 1668 2741 1730 phantasia
2766 1666 3173 1731 imaginetionis
3210 1667 3465 1731 decipiat.
3508 1666 3605 1716 Sed
3658 1665 3710 1713 de
3738 1680 3814 1728 pro-

2244 1738 2419 1803 posita
2449 1738 2767 1802 quastione,
2811 1752 2915 1800 qua
2970 1752 3033 1786 ex
3081 1736 3366 1801 principiis
3424 1736 3713 1786 naturalium
3756 1752 3812 1785 rs-

2244 1813 2453 1861 tionum
2505 1810 2790 1873 quasitum
2855 1815 2956 1871 est,
3010 1824 3078 1857 an
3136 1808 3206 1857 sit
3258 1823 3373 1858 una
3427 1808 3645 1857 essentia
3683 1822 3811 1857 eorum

2246 1882 2338 1944 qui
2374 1882 2793 1944 proprietatibus
2818 1879 3052 1929 invicem
3084 1894 3115 1928 a
3144 1893 3200 1929 se
3232 1885 3363 1929 sunt
3425 1880 3527 1936 alii,
3558 1884 3605 1927 et
3645 1892 3699 1926 an
3735 1892 3814 1941 pro-

2246 1956 2533 2016 prietatum
2591 1953 2876 2002 diversitas
2940 1953 3062 2001 facit
3116 1966 3147 2000 a
3204 1967 3259 2001 se
3313 1952 3540 2001 invicem
3573 1950 3701 2007 alios,
3723 1965 3811 2014 quo-

2248 2038 2364 2074 rum
2399 2038 2502 2071 non
2538 2027 2620 2071 est
2649 2023 2858 2071 diversa
2916 2023 3150 2071 essentia
3188 2037 3199 2082 ;
3259 2026 3313 2071 et
3373 2021 3666 2084 theologicis
3705 2024 3814 2069 ratio.

2250 2096 2411 2145 nibus
2466 2096 2915 2153 demonstratum,
2974 2096 3118 2157 quod
3173 2097 3265 2158 qui
3326 2110 3358 2144 a
3416 2109 3470 2142 se
3524 2095 3717 2143 invicem
3759 2092 3813 2141 alii

2249 2172 2392 2225 sunt,
2425 2181 2533 2214 non
2580 2166 2682 2213 nisi
2737 2180 2842 2214 una
2899 2166 3159 2229 singulari
3222 2172 3273 2216 et
3324 2166 3599 2215 individua
3653 2167 3826 2219 omnino,

2250 2243 2300 2287 et
2329 2238 2557 2300 simplici
2593 2238 2828 2286 essentia
2857 2243 2983 2287 sunt
3043 2238 3274 2301 idipsum
3337 2239 3480 2300 quod
3528 2242 3675 2287 sunt:
3708 2241 3815 2283 natu-

2248 2309 2449 2358 ralibus
2484 2322 2628 2363 vero,
2660 2308 2802 2371 quod
2834 2310 2923 2371 qui
2958 2322 3064 2357 una
3095 2310 3333 2358 essentia
3365 2313 3493 2359 sunt
3518 2309 3568 2358 id
3592 2308 3814 2372 quodsunt,

2252 2381 2638 2443 proprietatum
2699 2380 3122 2438 diversitatibus,
3182 2381 3391 2445 absque
3453 2381 3540 2429 illa
3589 2394 3689 2443 qua
3733 2391 3816 2425 vero

2252 2452 2469 2503 nomine
2496 2452 2739 2502 alteritas
2769 2459 3009 2515 vocatur,
3045 2468 3077 2503 ιι
3108 2467 3161 2502 se
3230 2455 3467 2504 invicem
3515 2453 3594 2503 alii
3637 2455 3747 2507 sunt,
3771 2461 3821 2495 εει

2251 2527 2319 2575 tis
2348 2525 2549 2574 dictum
2588 2529 2684 2574 est.
2718 2525 2886 2582 Nunc,
2920 2540 2950 2574 ο
2984 2527 3317 2589 Symmache,
3348 2531 3401 2575 et
3455 2527 3726 2590 quicunque
3762 2519 3816 2567 alii

2253 2597 2523 2659 sapientes
2580 2596 2775 2658 quibus
2835 2597 2973 2646 hanc
3024 2598 3350 2659 quastionis
3434 2596 3816 2658 investigationem

2254 2669 2627 2733 vestrijudicii
2692 2670 2919 2731 cupidus
2982 2670 3311 2719 oll'erendam
3379 2670 3573 2728 curavi,
3624 2663 3816 2715 subtilitas

2254 2742 2493 2790 formata
2550 2740 2855 2789 rationibus
2912 2742 3244 2804 quastionis,
3305 2745 3577 2805 exspectat
3624 2748 3817 2787 normam.

2254 2811 2305 2859 id
2339 2816 2419 2859 est
2475 2813 2709 2873 regulam
2769 2813 2930 2861 vestri
2986 2812 3195 2877 judicii,
3256 2814 3418 2878 cujus
3477 2810 3616 2876 quasi
3656 2809 3815 2872 quadam

2255 2882 2596 2946 eppositione
2634 2884 2750 2933 hac
2785 2898 2905 2946 qua
2937 2885 3001 2933 de
3032 2888 3337 2948 quastione
3397 2886 3535 2934 dicta
3586 2885 3703 2937 sunt,
3736 2890 3818 2925 τετε

2256 2959 2310 3005 et
2337 2954 2527 3003 ordine
2586 2969 2825 3017 congruo
2882 2969 2997 3006 esse
3056 2956 3197 3005 dicte
3257 2960 3601 3007 nmnstratur.
3636 2952 3751 3012 Quod
3787 2952 3819 2995 et

2257 3025 2370 3087 ipse
2402 3026 2659 3088 supponit
2688 3026 2872 3076 dicens
2908 3043 2921 3078 :
2953 3027 3100 3089 Qua,
3131 3028 3387 3078 videlicet
3422 3026 3702 3092 quastionis
3736 3019 3818 3068 sub~

2256 3098 2436 3153 tilitas,
2467 3103 2647 3147 utrum
2680 3103 2818 3147 recte
2850 3113 2917 3148 an
2977 3101 3197 3149 minime
3255 3103 3449 3150 ordine
3483 3106 3533 3150 et
3573 3096 3817 3161 perfectione

2258 3170 2524 3217 rationum
2559 3169 2782 3217 decursa
2812 3168 2898 3224 sit,
2932 3170 2983 3218 id
3026 3175 3121 3232 est,
3160 3171 3406 3234 adusque
3464 3169 3713 3220 terminum
3756 3175 3819 3209 ει-

2257 3238 2587 3302 planationis
2617 3238 2867 3296 deducta,
2926 3244 3126 3290 statuet
3178 3242 3291 3290 sola
3360 3246 3549 3291 vestra
3577 3234 3815 3303 pronuntia-

2256 3312 2417 3360 tionis
2440 3312 2754 3360 auctoritas.
2782 3310 2934 3368 Quod
2964 3313 3026 3370 si,
3057 3313 3242 3362 divina
3273 3313 3447 3378 gratia
3477 3313 3744 3376 opitulante,
3764 3319 3818 3354 ar-

2255 3386 2632 3446 gumentorum
2666 3381 2862 3432 idonea
2912 3384 3226 3446 adjumenta
3282 3387 3620 3448 prastitimus
3665 3378 3817 3430 catholi-

2255 3468 2440 3504 corum
2474 3452 2777 3513 sententia,
2811 3460 3021 3517 sponte,
3054 3454 3105 3503 id
3160 3461 3236 3506 est
3286 3458 3407 3506 sine
3452 3457 3691 3506 rationum
3716 3464 3818 3512 arguv

2256 3526 2470 3585 mentis,
2504 3524 2843 3585 ﬁrmissima,
2900 3527 3267 3577 fundamentis
3334 3528 3479 3584 ﬁdei,
3536 3527 3584 3576 id
3637 3529 3712 3580 est,
3736 3534 3819 3583 quo-

2258 3596 2403 3645 niam
2435 3594 2488 3643 in
2521 3594 2625 3644 ﬂde
2658 3596 2919 3658 fundata,
2951 3596 3138 3646 latitia
3166 3598 3392 3660 perfecti
3424 3599 3590 3662 operis
3617 3592 3747 3644 nostri

2255 3667 2343 3717 luc
2376 3669 2656 3725 remeabit,
2691 3667 2833 3717 unde
2868 3670 3014 3717 venit
3045 3668 3285 3729 eﬂ‘ectus,
3318 3671 3374 3719 id
3412 3661 3489 3720 est
3512 3668 3563 3718 in
3591 3683 3644 3717 eo
3675 3661 3819 3715 laetabi-

2258 3752 2397 3797 mur,
2425 3739 2555 3794 Deo.
2586 3738 2788 3789 scilicet
2815 3739 3098 3801 Trinitate,
3131 3756 3236 3804 quo
3295 3747 3509 3792 auctore
3562 3736 3816 3803 perfecimus.

2257 3810 2406 3868 Quod
2439 3810 2483 3859 si
2516 3812 2840 3869 humanitas,
2876 3812 2929 3860 id
2956 3818 3038 3862 est
3066 3813 3316 3863 humana
3362 3820 3558 3864 natura
3598 3810 3814 3860 inﬁrmitas.

2260 3882 2504 3944 nequivit
2537 3882 2829 3932 ascendere
2864 3884 3005 3933 ultre
3036 3898 3112 3941 se,
3142 3890 3200 3935 ut
3257 3886 3464 3935 scilicet
3515 3879 3747 3933 inetfabilia
3776 3886 3815 3921 ει

2260 3954 2527 4002 rationum
2559 3954 2688 4002 locis
2715 3956 3042 4013 ostenderet,
3076 3960 3338 4019 quantum
3389 3954 3716 4020 intelligentia
3750 3948 3813 3994 im-

2259 4021 2519 4072 becillitas
2551 4023 2871 4087 perfectioni
2900 4025 3050 4088 operi
3107 4027 3394 4088 subtrahit,
3443 4033 3632 4077 tantum
3674 4023 3811 4070 incom-

2260 4095 2710 4215 pi-etl’iensibilibus
2734 4110 2948 4158 semper
2981 4098 3240 4149 harentis
3286 4100 3573 4151 voluntatis
3612 4101 3705 4145 vota
3732 4104 3814 4151 EUP‘

2260 4182 2290 4215 ι)
2317 4181 2342 4214 e
2388 4172 2502 4215 unt.

2258 4172 2502 4230 plehunt.

500 4300 3809 4330 .__________________________________

1168 4428 1425 4536 AN.
1501 4368 2043 4533 Mam.
2128 4427 2514 4535 snv.
2604 4427 3243 4538 nom‘u

772 4608 1204 4696 U'l‘ltUM
1274 4610 1647 4697 PATER
1708 4610 1853 4693 ET
1914 4610 2277 4698 FILIUS
2357 4613 2483 4698 AC
2544 4612 3050 4699 SPIRITUS
3123 4610 3615 4701 SANCTUS

600 4759 735 4831 DE
813 4759 1437 4833 DIVINITATE
1515 4761 2518 4835 SUBSTANTIALITER
2590 4764 3381 4840 PR/EDICENTUB
3454 4758 3737 4841 LIBER:

1209 4904 1313 4964 AD
1359 4904 1422 4964 S.
1469 4904 1833 4966 JOANNEM
1880 4906 2154 4966 ΒΙΑοοΒ

2251 4906 2291 4965 lvi
2336 4906 2736 4969 ECGLESIE
2780 4908 3133 4969 ΒΟΜΑΝᾹΞ
3156 4918 3200 4968 ⁸.

579 5131 782 5196 Quaro
816 5144 887 5183 an
919 5132 1092 5183 Pater
1121 5132 1178 5183 et
1208 5129 1389 5185 Filius
1422 5146 1487 5184 ac
1511 5130 1763 5201 Spiritus
1796 5137 2036 5187 sanctus
2086 5133 2157 5188 de
2185 5135 2231 5198 D
2266 5132 3005 5199 sumendam,undererum
3023 5136 3286 5191 omnium
3301 5118 3800 5191 manifestumconstlt

506 5219 810 5276 divinitate
840 5218 1307 5274 substantialiter
1336 5220 1742 5289 praedicantur,
1777 5238 1848 5276 an
1882 5222 1995 5276 alio
2024 5239 2159 5292 quo.

505 5308 651 5392 libet
681 5308 890 5374 modo;
922 5308 1199 5377 viamque
1228 5306 1524 5378 indaginis
1556 5309 1692 5365 hinc
1736 5310 1987 5365 arbitror
2033 5328 2161 5367 esse

583 5427 657 5498 (a)
689 5426 767 5480 Eo
796 5430 1056 5496 tempore
1090 5424 1239 5479 Eccl.
1277 5424 1549 5479 Romana
1577 5425 1910 5491 diaconum,
1962 5432 2163 5498 postea

512 5515 670 5564 vero,
704 5498 982 5552 nimirum
1016 5513 1168 5551 anno
1198 5498 1323 5562 523,
1358 5497 1620 5566 ejusdem
1650 5497 2026 5569 pontificem;
2063 5500 2161 5569 qui

522 5577 833 5641 postquam
859 5585 925 5623 ex
942 5568 1174 5623 Oriente
1196 5568 1529 5624 Theoderici
1546 5570 1613 5623 ad
1630 5568 1926 5623 Justinum
1948 5568 2168 5641 legatus

519 5640 712 5705 rediit,
747 5640 1035 5695 Ravenna
1057 5642 1127 5695 ab
1150 5658 1214 5695 eo
1238 5640 1513 5695 custodia
1538 5642 1811 5706 traditus,
1837 5640 2019 5711 paulo
2036 5648 2166 5711 post

518 5713 775 5767 amicum
808 5712 1090 5779 Boetium,
1113 5712 1367 5768 similem
1391 5713 1463 5768 ob
1488 5728 1747 5779 causam,
1773 5712 2024 5767 similem
2047 5712 2166 5782 pel-

2270 5222 2594 5289 exordium,
2631 5222 2684 5276 id
2715 5228 2805 5277 est
2836 5223 2908 5278 ab
2930 5223 3075 5295 ipsis
3099 5224 3390 5280 catholicae
3414 5222 3531 5278 ﬁdei
3553 5216 3799 5295 fundamen'

2274 5310 2364 5364 tis.
2389 5311 2441 5363 Si
2470 5310 2649 5382 igitur
2677 5294 3029 5384 interrogem
3055 5331 3127 5368 an
3161 5316 3258 5385 qui
3294 5314 3496 5369 dicitur
3539 5311 3675 5362 Pater
3707 5294 3796 5351 Wb'

2272 5442 2425 5482 mam
2453 5428 2696 5502 adeptus
2715 5431 2821 5482 est.
2842 5427 3003 5502 Unde
3017 5430 3381 5502 antiquarius
3398 5414 3796 5502 Boetiiexscrfptff

2276 5501 2365 5567 (ea
2398 5484 2876 5573 enirn‘scriptura
2908 5501 3017 5554 fuit
3047 5484 3453 5573 eorumdropt.
3484 5484 3793 5573 codicum»;lt

2276 5550 2407 5625 eum
2430 5565 2583 5631 ἰδίως
2606 5550 2960 5645 designaret.
2983 5579 3234 5645 sanctum
3254 5550 3541 5645 apperllavit
3562 5550 3794 5645 ;_quegfflj

2278 5645 2514 5697 modum
2542 5629 2596 5697 et
2622 5629 2969 5698 Anastasius
2991 5629 3465 5700 Bibliothecarius
3483 5629 3647 5705 ineius
3665 5629 3789 5705 ⁸νὶίρξ

2278 5696 2474 5785 quem,
2500 5696 2563 5770 ut
2584 5696 2771 5769 obiter
2792 5696 3088 5786 moneam:
3100 5696 3169 5773 iii
3180 5696 3496 5774 Vita—Boeth
3514 5696 3789 5767 emendantes
