4024 6184
212 155 349 211 1301

1289 155 1611 213 GILBERTI
1649 157 1995 214 PORRETE
2034 158 2569 216 COMMENTABIA.

3498 170 3637 225 £302

208 282 435 340 stantia
464 281 561 353 sit,
615 283 1006 355 respondetur
1061 301 1186 341 esse
1239 285 1560 341 subtantia.
1622 286 1786 351 Quod
1819 285 1869 340 si
1900 290 1949 352 Α
1976 286 2463 360 justitia,utipsa
2486 304 2719 361 quoque
2751 290 3107 360 substantia,
3136 292 3206 346 de
3233 295 3453 351 caeteris
3478 296 3631 353 dice-

208 389 470 447 quzeram
508 390 581 427 an
606 372 789 429 Filius
816 374 1151 429 substantia
1175 374 1274 437 sit,
1302 375 1453 429 idem
1477 374 1721 430 dicitur:
1746 374 1871 445 Spi-

207 463 394 519 ritum
411 480 644 534 quoque
669 469 943 519 sanetum
969 464 1361 519 substantiam
1382 480 1508 519 esse
1528 480 1699 519 nemo
1713 463 1877 519 dubi-

208 551 472 607 traverit.
505 552 620 608 Sed
647 568 778 607 cum
815 568 1023 608 rursus
1054 552 1287 625 colligo,
1319 554 1570 620 Patrem,
1628 552 1869 623 Filium,

202 640 488 712 Spiritum
520 646 817 709 sanctum,
842 657 956 696 non
984 641 1203 712 plures,
1230 643 1330 697 sed
1350 659 1469 697 una
1491 642 1711 697 occurit
1743 647 1873 697 esse

205 730 546 785 substantia
567 747 580 797 ;
599 746 715 784 una
736 729 915 801 igitur
936 731 1271 786 substantia
1289 730 1467 786 trium
1486 747 1589 787 nec
1614 731 1871 802 separari

208 819 316 876 nlo
337 818 532 883 modo,
557 824 657 874 aut
679 819 939 892 disjungi
967 824 1181 892 potest,
1204 836 1308 875 nec
1330 821 1483 876 velut
1502 821 1870 892 expertibus

205 909 267 964 in
293 925 481 964 unum
510 910 827 980 conjuncta
844 911 1063 974 est,sed
1088 914 1177 965 est
1193 927 1310 965 una
1328 910 1690 980 simpliciter.
1708 910 1870 974 Quae-

197 1013 434 1068 cunque
466 998 645 1069 igitur
674 999 746 1052 de
778 999 974 1053 divina
1002 999 1335 1054 substantia
1367 1000 1780 1070 praedicantur,
1802 1016 1869 1053 ea

102 1110 147 1127 κ
197 1088 398 1143 tribus
417 1091 649 1159 oportet
671 1103 800 1143 esse
819 1088 1154 1143 communia
1177 1089 1389 1161 ;idque
1412 1089 1563 1159 signi
1587 1090 1717 1155 erit,
1740 1105 1866 1160 quae

204 1176 355 1243 sint,
377 1193 508 1249 quae
524 1176 934 1233 dedivinitatis
949 1178 1279 1234 substantia
1299 1178 1865 1250 praedicentur,quod

199 1282 570 1337 quacunque
593 1265 703 1322 hoc
727 1266 900 1321 modo
922 1266 1203 1322 dicuntur
1223 1266 1294 1322 de
1311 1266 1563 1339 singulis
1584 1265 1644 1320 in
1678 1282 1864 1322 unum

198 1354 682 1422 collectis,tribus
698 1355 1078 1425 singulariter
1090 1356 1559 1427 praedicabuntur
1571 1355 1678 1410 hoc
1691 1354 1864 1411 modo

198 1443 251 1500 si
274 1443 547 1511 dicimus,
571 1448 742 1501 Pater
760 1449 1038 1513 Deusest,
1060 1445 1244 1500 Filius
1266 1448 1415 1501 Deus
1438 1448 1549 1513 est,
1601 1444 1862 1515 Spiritus

198 1537 444 1591 sanctus
469 1538 617 1589 Deus
648 1537 737 1589 est
761 1559 775 1603 ;
811 1535 999 1603 Pater,
1022 1533 1206 1589 Filius
1235 1550 1301 1589 ac
1333 1533 1592 1606 Spiritus
1615 1538 1860 1590 sanctus

1989 382 2163 431 retur.
2196 377 2336 432 Item
2374 378 2555 433 Filius
2591 378 2753 433 solus
2788 379 2891 434 hoc
2926 379 3131 451 recipit
3162 398 3394 451 nomen,
3450 402 3634 458 neque

1986 483 2117 521 cum
2154 465 2283 521 aliis
2308 467 2603 537 jungitur,
2634 467 2785 523 sicut
2822 468 2877 521 in
2911 470 3041 534 Deo,
3079 469 3229 524 sicut
3261 471 3317 525 in
3362 474 3634 533 veritates

1986 556 2138 610 sicut
2162 556 2220 610 in
2248 556 2469 611 caeteris
2491 574 2615 627 qum
2643 557 2916 628 superius
2943 558 3081 614 dixi.
3112 559 3366 629 Spiritus
3401 578 3638 635 quoque

1984 651 2224 700 sanctus
2258 661 2372 700 non
2406 651 2495 700 est
2524 646 2678 701 idem
2713 647 2813 717 qui
2848 651 3018 701 Pater
3048 664 3113 702 ac
3148 649 3348 704 Filius.
3405 652 3481 706 Ex
3540 654 3631 711 his

1982 734 2567 806 igiturintelligimus
2592 741 2842 802 Patrem,
2874 736 3077 790 Filium
3099 754 3162 791 ac
3189 739 3470 808 Spiritum
3500 759 3651 827 san-|

1980 828 2137 878 ctum
2172 840 2284 877 non
2319 830 2388 877 de
2413 823 2539 893 ipsa
2565 823 2865 878 divinitate
2888 826 3356 881 subslantialiter
3380 828 3623 897 dici,sed

1978 912 2091 968 alio
2110 913 2361 983 quodam
2398 913 2590 968 modo.
2614 914 2668 967 Si
2712 914 2864 968 enim
2894 914 3364 988 substantialiter
3406 920 3623 988 praedi-

1978 1010 2225 1066 caretur,
2258 1006 2316 1056 et
2347 1002 2418 1056 de
2447 1001 2699 1074 singulis
2731 1008 2787 1056 et
2818 1003 2887 1057 de
2919 986 3192 1058 omnibus
3252 986 3629 1078 singulariter

1977 1091 2295 1156 diceretur;
2321 1089 2439 1145 hinc
2460 1108 2594 1145 vero
2617 1092 2687 1144 ad
2712 1091 2932 1161 aliquid
2960 1092 3071 1146 dici
3099 1094 3474 1150 manifestum
3501 1104 3622 1156 est:

1978 1197 2111 1234 nam
2140 1184 2197 1235 et
2218 1179 2404 1247 Pater,
2430 1179 2682 1251 alicujus
2712 1188 2877 1252 pater
2898 1186 2987 1236 est
3011 1198 3024 1248 ;
3049 1187 3105 1236 et
3145 1182 3343 1255 Filius,
3375 1186 3624 1259 alicujus

1978 1269 2172 1337 ﬁlius;
2206 1272 2263 1324 et
2290 1268 2560 1340 Spiritus,
2588 1268 2842 1339 alicujus
2866 1270 3147 1341 spiritus:
3190 1289 3304 1343 quo
3334 1274 3399 1328 ﬁt
3430 1283 3490 1330 ut
3521 1294 3624 1333 nec

1974 1357 2204 1413 trinitas
2236 1358 2474 1429 quidem
2507 1358 2978 1414 substantialiter
3002 1360 3072 1415 de
3096 1361 3210 1417 Deo
3254 1364 3616 1433 pradicetur.

1969 1446 2092 1504 Non
2117 1447 2273 1502 enim
2299 1447 2468 1502 Pater
2482 1446 2760 1515 Trinitas,
2787 1448 2885 1519 qui
2906 1449 3063 1503 enim
3088 1449 3256 1505 Pater
3295 1456 3406 1522 est,
3440 1454 3620 1511 Filius

1970 1553 2035 1593 ac
2057 1536 2312 1607 Spiritus
2335 1540 2571 1591 sanctus
2595 1553 2710 1591 non
2735 1539 2860 1604 est;
2886 1553 2989 1592 nec
3014 1538 3272 1595 Trinitas
3292 1541 3490 1609 Filius,
3517 1561 3621 1600 nec

200 1639 360 1679 unus
381 1628 538 1679 Deus
560 1628 669 1681 est.
686 1622 747 1678 Si
766 1623 1160 1695 igitureorum
1180 1640 1299 1679 una
1317 1623 1527 1691 deitas,
1575 1640 1691 1678 una
1721 1623 1856 1678 sub-
1886 1653 1933 1717 Β
1969 1626 2226 1682 Trinitas
2239 1624 2495 1697 Spiritus
2510 1630 2749 1681 sanctus
2764 1626 3091 1681 secundum
3108 1629 3371 1684 eumdem
3390 1632 3619 1689 modum

198 1712 421 1768 stantia
440 1715 529 1767 est
552 1711 685 1768 licet
702 1712 802 1768 Dei
829 1729 1038 1768 nomen
1060 1712 1129 1767 de
1151 1711 1454 1768 divinitate
1490 1712 1853 1767 substantia-

201 1800 337 1856 liter
367 1801 690 1872 praedicari.
720 1802 796 1872 (a)
831 1802 935 1870 Ita,
956 1803 1126 1857 Pater
1145 1800 1356 1856 veritas
1380 1806 1487 1869 est,
1508 1801 1688 1856 Filius
1710 1801 1855 1857 veri-

197 1895 293 1946 tas
316 1896 428 1959 est,
452 1890 709 1962 Spiritus
731 1897 975 1947 sanctus
997 1891 1211 1946 veritas
1238 1895 1329 1945 est
1354 1907 1366 1945 :
1395 1891 1577 1959 Pater,
1604 1890 1778 1946 Filius
1801 1894 1859 1946 et

198 1980 461 2053 Spiritus
492 1987 756 2049 sanctus,
780 1999 896 2037 non
921 1986 1040 2037 tres
1063 1982 1356 2044 veritates,
1380 1983 1478 2036 sed
1501 1998 1618 2037 una
1642 1982 1856 2037 veritas

196 2080 305 2126 est.
332 2070 390 2126 Si
416 2071 598 2144 igitur
615 2088 731 2125 una
752 2072 809 2124 in
833 2070 928 2126 his
952 2070 1300 2135 substantia,
1328 2088 1445 2125 una
1493 2076 1582 2126 est
1621 2070 1851 2138 veritas,

194 2176 439 2216 necesse
471 2165 561 2215 est
591 2160 895 2214 veritatem
924 2159 1395 2214 substantialiter
1419 2161 1718 2230 przedicari
1748 2160 1855 2214 :de

196 2250 490 2315 Lonitate,
511 2249 580 2304 de
603 2249 1222 2315 incommutabilitate,
1246 2250 1314 2301 de
1335 2248 1579 2319 iustitia,
1602 2249 1672 2304 de
1692 2248 1853 2305 omni

195 2339 463 2413 potentia
481 2356 546 2394 ac
564 2339 634 2394 de
650 2340 873 2393 caeteris
888 2356 980 2394 om
992 2339 1324 2410 nibus,qua2
1345 2346 1463 2393 tam
1487 2340 1558 2392 de
1579 2338 1850 2409 singulis,

196 2445 379 2501 quam
415 2428 487 2484 de
516 2428 792 2483 omnibus
823 2428 1202 2494 singulariter
1234 2428 1640 2498 praadicamus,
1666 2427 1853 2481 mani-

197 2519 420 2574 festum
445 2522 532 2572 est
554 2517 995 2572 subtantialiter
1017 2516 1151 2571 dici.
1178 2516 1340 2572 Unde
1362 2522 1601 2588 apparet
1624 2533 1690 2570 ea
1723 2533 1850 2588 qum

189 2624 328 2664 cum
358 2607 419 2662 in
452 2606 706 2678 singulis
738 2606 1051 2678 separatim
1078 2606 1189 2661 dici
1215 2605 1500 2671 convenit,
1528 2622 1632 2660 nec
1654 2610 1849 2661 tamen

191 2698 255 2753 in
287 2696 573 2752 omnibus
604 2695 718 2751 dici
751 2700 997 2767 queunt,
1023 2712 1137 2751 non
1158 2694 1626 2750 substantialiter
1643 2696 1851 2765 praedi-

188 2786 335 2855 cari,
368 2786 468 2841 sed
502 2785 615 2840 alio
650 2787 864 2840 modo:
901 2785 999 2857 qui
1054 2801 1187 2839 vero
1247 2786 1356 2839 iste
1406 2784 1505 2846 sit,
1559 2787 1849 2855 posterius

190 2892 477 2949 quaeram.
499 2878 669 2942 Nam,
698 2875 797 2946 qui
832 2881 999 2930 Pater
1029 2880 1137 2939 est,
1167 2873 1276 2928 hoc
1322 2873 1670 2928 vocabulum
1735 2891 1846 2928 non

190 2967 546 3022 transmittit
567 2966 637 3021 ad
659 2964 895 3030 Filium,
921 2981 1109 3036 neque
1132 2965 1200 3020 ad
1222 2964 1504 3035 Spiritum
1533 2969 1801 3019 sanctum
1830 2983 1843 3032 ;

190 3072 312 3127 quo
341 3055 403 3110 ﬁt
438 3061 497 3110 ut
529 3072 643 3111 non
677 3054 750 3110 sit
782 3054 888 3109 hoc
915 3070 1126 3109 nomen
1152 3052 1844 3109 substantialeinditum:

189 3162 329 3201 nam
364 3146 410 3200 si
441 3142 832 3201 substantiale
863 3150 1041 3211 esset,
1076 3152 1136 3197 ut
1171 3149 1340 3213 Deus,
1376 3150 1437 3197 ut
1494 3143 1728 3210 veritas,
1780 3147 1845 3197 ut

190 3288 467 3356 exeiusd.
504 3286 798 3342 Anastasii
821 3290 931 3341 vet.
970 3286 1096 3340 cod.
1129 3302 1237 3340 ms.
1274 3286 1623 3354 scripsimus
1646 3284 1847 3339 defun-

190 3366 353 3415 ctum
385 3375 441 3413 vi
474 3360 578 3413 cui.
610 3360 787 3418 Junii,
825 3368 876 3411 ul
914 3362 972 3412 et
1005 3358 1177 3411 habet
1221 3358 1575 3411 Breviariuin
1630 3357 1831 3419 Rom.,

195 3449 312 3486 non
346 3448 417 3485 xv
475 3431 550 3484 Ex
581 3432 904 3501 eodemque
940 3429 1223 3482 Anastasii
1275 3429 1402 3483 cod.
1460 3445 1674 3501 corpus
1719 3431 1847 3495 ejus

196 3508 392 3559 Romae
424 3502 666 3556 culmdis
694 3506 1206 3571 Juniisusceptum
1238 3500 1629 3569 reposuimus.
1657 3518 1769 3554 non
1796 3517 1843 3553 v1

196 3574 331 3635 σαι..
368 3583 432 3627 ut
460 3579 513 3627 in
547 3575 853 3639 impressis
875 3581 1029 3631 erat;
1064 3574 1161 3643 qui
1195 3573 1318 3625 dies
1347 3573 1548 3625 mortis
1572 3574 1845 3635 eiustuit.

269 3649 348 3717 (a)
380 3646 459 3700 Ea
490 3648 665 3699 verba
697 3647 838 3699 dum
864 3646 1096 3713 exponit
1131 3643 1430 3697 Gilbertus
1475 3648 1846 3717 Porretanus,

197 3713 511 3788 episcOpus
544 3719 942 3778 Pictaviensis,
979 3719 1033 3768 in
1065 3733 1198 3788 eum
1234 3732 1485 3768 errorem
1531 3713 1729 3788 lapsus
1763 3722 1852 3768 est

203 3787 381 3861 quem
417 3790 715 3842 damnavit
745 3788 1061 3842 concilium
1100 3787 1381 3861 Remense
1414 3803 1564 3861 anno
1602 3787 1755 3844 1148.
1795 3794 1852 3841 et

195 3857 329 3930 ipse
362 3866 616 3929 agnovd.
649 3860 849 3923 Qualis
881 3861 1071 3921 fueril,
1107 3859 1203 3926 qui
1237 3861 1413 3911 Verba
1448 3857 1576 3928 ejus
1602 3861 1849 3930 refertle

200 3928 656 3993 Bernardus,sic
686 3938 947 3986 recenset
980 3947 1151 3983 serm.
1178 3930 1248 3984 80
1281 3946 1456 3994 super
1485 3932 1713 3982 tlantica
1752 3946 1765 3983 :
1794 3928 1854 3983 Si

197 4003 337 4075 quid
368 4007 574 4075 itaque,
606 4004 821 4072 inquit,
853 4004 916 4057 de
942 4004 1044 4056 Deo
1065 4004 1284 4070 proprie
1299 4003 1410 4055 dici
1432 4000 1631 4075 possit,
1649 4004 1855 4055 rectius

195 4071 703 4144 énngruenliusque’
724 4075 960 4133 dicetur.
996 4075 1129 4127 Deus
1147 4080 1227 4127 est
1258 4071 1587 4141 magnitudo
1615 4073 1853 4131 bonitas.

188 4146 435 4219 justitia,
467 4149 763 4219 sapientia,
794 4163 957 4219 quam
992 4146 1125 4219 Deus
1146 4155 1221 4198 est
1242 4162 1491 4219 magnus,
1525 4146 1711 4204 bonus,
1730 4147 1855 4219 jus—

196 4215 287 4273 tus
313 4223 407 4273 aut
436 4220 674 4286 sapiens.
714 4217 862 4274 Unde
892 4233 999 4271 non
1029 4215 1307 4271 immrito
1336 4231 1515 4286 nuper
1539 4219 1595 4269 in
1621 4216 1856 4269 concilio

200 4290 341 4364 quod
369 4289 833 4364 paparEugenius
866 4289 1039 4343 Remis
1057 4288 1386 4364 _celebravit,
1420 4292 1533 4364 tam
1559 4286 1669 4355 ipsi
1692 4304 1855 4359 quam

198 4358 284 4419 ore
311 4358 421 4417 eris
442 4358 709 4433 episcopis
736 4376 989 4432 perversa
1009 4358 1130 4415 visa
1159 4364 1238 4414 est
1266 4366 1321 4413 et
1352 4358 1582 4413 omnino
1609 4358 1859 4430 suspecta

1965 1717 2067 1772 sed
2082 1716 2337 1771 Trinitas
2354 1714 2664 1785 quidemin
2686 1731 3071 1786 personarum
3101 1717 3437 1787 pluralitate
3471 1698 3671 1777 con-’J

1964 1806 2133 1873 sistit,
2170 1805 2366 1859 unitas
2400 1820 2533 1859 vero
2567 1805 2623 1858 in
2660 1804 3037 1877 simplicitate
3060 1808 3424 1861 substantiae.
3451 1810 3613 1873 Quod

1963 1896 2039 1952 sit
2070 1912 2325 1966 personae
2359 1895 2554 1949 divisas
2586 1903 2748 1961 sunt,
2788 1897 3122 1951 substantia
3153 1914 3284 1951 vero
3342 1898 3616 1956 indivisa.

1962 1999 2199 2039 necesse
2230 1982 2579 2037 vocabulum
2610 1983 2764 2052 quod
2790 1994 2869 2037 'ex
2902 1986 3167 2053 personis
3200 1986 3485 2057 originem
3518 2004 3613 2042 ca-

1961 2074 2068 2145 pit,
2104 2073 2158 2127 id
2189 2073 2259 2127 ad
2295 2073 2688 2126 substantiam
2728 2089 2839 2125 non
2879 2075 3189 2142 pertinere.
3224 2079 3298 2128 At
3358 2076 3615 2131 Trinita-

1961 2172 2071 2218 tem
2100 2177 2483 2233 personarum
2532 2160 2836 2215 diversitas
2892 2162 3060 2228 fecit;
3121 2163 3378 2217 Trinitas
3436 2166 3617 2235 igitur

1961 2270 2076 2307 non
2111 2251 2361 2322 pertinet
2392 2250 2459 2303 ad
2496 2250 2918 2304 substantiam.
2952 2250 3073 2313 Quo
3106 2250 3166 2304 fit
3202 2234 3482 2322 ut‘neque
3504 2258 3605 2309 P.1-

1957 2346 2065 2409 ter,
2101 2357 2288 2411 neque
2325 2339 2522 2399 Filius.
2558 2354 2740 2406 neque
2770 2339 3024 2409 Spiritus
3057 2347 3317 2404 sanctus,
3354 2359 3455 2396 nec
3479 2344 3601 2397 Tri-

1959 2433 2110 2485 nitas
2144 2431 2214 2483 de
2247 2432 2355 2483 Iieo
2406 2428 2875 2482 siibsiantialiter
2934 2431 3344 2497 praedicentur,
3407 2432 3501 2484 sed
3542 2437 3605 2485 ut

1955 2521 2177 2574 dictum
2214 2524 2322 2581 est,
2356 2520 2423 2572 ad
2460 2517 2705 2586 aliquid.
2743 2523 2891 2570 Deus
2915 2533 3068 2581 vero,
3094 2520 3602 2589 veritas,juslitia,

1955 2609 2206 2678 bonitas,
2239 2606 2685 2671 omnipotentis,
2720 2607 3072 2671 substantia,
3126 2607 3595 2677 immutabilitas,

1953 2698 2152 2763 virtus,
2180 2694 2489 2765 sapientia,
2513 2701 2569 2748 et
2600 2694 2884 2765 quidquid
2920 2695 3258 2763 bujusmodi
3283 2697 3601 2768 excogitari

1955 2791 2165 2859 potest,
2199 2784 2661 2840 substantialiter
2692 2785 2761 2837 de
2793 2784 3095 2839 divinitate
3126 2786 3421 2841 dicuntur.
3472 2786 3600 2841 Haec

1955 2877 2004 2931 si
2034 2892 2096 2930 se
2127 2881 2279 2929 recte
2305 2880 2360 2927 et
2390 2890 2457 2927 ex
2491 2873 2601 2926 fide
2634 2873 2871 2939 habent,
2906 2881 2969 2926 ut
3004 2890 3094 2926 me
3127 2873 3389 2928 instruas
3421 2883 3550 2945 peto
3584 2895 3597 2944 ;

1958 2972 2061 3022 aut
2089 2965 2138 3021 si
2169 2965 2430 3035 aliquare
2473 2965 2614 3017 forte
2663 2962 2929 3017 diversus
2977 2979 3059 3031 es,
3107 2964 3450 3033 diligentius
3507 2965 3600 3019 in-

1957 3062 2120 3111 tuere
2150 3071 2276 3124 quaa
2307 3054 2463 3107 dicta
2490 3056 2626 3107 sunt
2654 3069 2670 3118 ;
2704 3057 2760 3105 et
2790 3052 2988 3121 ﬁdem,
3039 3052 3087 3108 si
3140 3054 3377 3123 poteris,
3426 3054 3603 3108 ratio—

1953 3160 2205 3215 nemque
2237 3144 2544 3214 conjunge.

1948 3284 2223 3349 expositio
2254 3284 2360 3337 illa
2390 3284 2446 3334 in
2481 3282 2621 3336 libro
2654 3279 2891 3335 Gitberti
2916 3281 3159 3348 episcopi
3213 3281 3601 3351 Pictaviensis,

1950 3374 2052 3429 quo
2083 3371 2246 3429 super
2278 3355 2440 3429 verba
2476 3352 2652 3407 Boelii
2681 3352 2744 3407 de
2767 3352 3361 3429 TriniIa-te.sani~'_simo
3384 3356 3603 3425 quidem

1950 3425 2111 3498 atque
2140 3426 2429 3486 catholica,
2463 3425 2938 3498 commentubatur
2968 3426 3069 3477 hue
3100 3427 3256 3479 mudo
3281 3443 3293 3479 :
3333 3427 3496 3481 Pater
3517 3434 3603 3479 est

1954 3496 2185 3555 veritas.
2222 3500 2273 3550 id
2305 3505 2390 3551 est
2422 3514 2590 3549 verus
2625 3514 2637 3560 ς
2675 3496 2855 3549 Filius
2886 3504 2974 3548 est
3007 3500 3237 3551 veritas.
3276 3498 3326 3548 id
3364 3505 3453 3551 est
3510 3515 3607 3550 ve-

1955 3590 2054 3625 rus
2080 3590 2093 3633 ;
2118 3571 2369 3638 Spiritus
2401 3575 2641 3621 sanctus
2671 3576 2759 3621 est
2793 3585 2837 3616 ν.
2863 3570 3024 3630 ritas,
3067 3574 3119 3619 id
3153 3578 3525 3633 estveriis,i-t
3549 3569 3605 3622 hi

1954 3652 2072 3697 tres
2106 3640 2278 3695 simul
2315 3659 2425 3694 nun
2465 3650 2579 3692 tres
2614 3642 2907 3700 vsritates,
2943 3643 3040 3691 sed
3087 3656 3203 3693 una
3258 3644 3491 3701 VPl'lIBS,
3554 3642 3606 3693 id

1955 3722 2044 3770 est
2078 3732 2226 3766 unus
2262 3730 2429 3766 verus
2469 3730 2478 3766 :
2515 3712 2553 3766 0
2587 3716 2872 3764 obscumm
2905 3715 3612 3782 perversamqueexp/aim-

1956 3790 2163 3841 tionem
2190 3786 2395 3851 IQuarr
2423 3801 2603 3837 verius
2635 3790 2931 3851 saniusque
2984 3799 3080 3850 per
3135 3789 3475 3836 contrarium
3532 3788 3607 3837 ita

1957 3860 2183 3913 dixisset
2209 3875 2226 3909 :
2266 3862 2429 3908 Pater
2461 3862 2537 3907 est
2596 3872 2657 3908 υν
2692 3872 2808 3920 νας,
2840 3854 2895 3907 τά
2926 3860 3003 3907 est
3033 3853 3233 3909 veritas
3259 3873 3271 3911 :
3326 3855 3501 3908 Filius
3532 3859 3612 3908 est

1958 3947 2139 3991 verus,
2194 3931 2247 3981 id
2279 3937 2355 3981 est
2388 3927 2593 3980 veritus
2622 3942 2639 3985 ;
2664 3928 2902 3994 Spiritus
2934 3938 3156 3978 sanctus
3185 3940 3261 3979 es!
3322 3944 3500 3984 iii-rus.
3551 3927 3613 3979 id

1958 4008 2036 4056 est
2070 4001 2191 4067 ipsa
2234 3998 2431 4054 veritas
2464 4003 2481 4051 !
2514 3997 2669 4067 Quod
2702 3998 2919 4059 quidem
2975 3997 3206 4066 fecisset.
3268 3999 3315 4049 si
3360 4004 3613 4051 sanctum

1959 4076 2285 4139 dignaretur
2314 4069 2664 4134 Fulgentium
2697 4069 2930 4126 imitari.
2964 4071 3059 4138 qui
3088 4068 3167 4121 ait
3204 4086 3215 4122 :
3255 4070 3371 4124 Una
3406 4075 3609 4138 quippe

1960 4145 2165 4199 veritas
2198 4145 2363 4196 unius
2408 4142 2563 4203 Deus,
2593 4158 2700 4193 non
2732 4146 2943 4208 patitur
2978 4140 3269 4193 servilium
3299 4144 3461 4210 atque
3490 4141 3605 4193 cul-

1962 4221 2151 4270 turam
2174 4212 2445 4268 Creatoris
2465 4219 2837 4281 rreaturceque
2885 4214 3176 4277 coniungi.
3213 4210 3422 4264 Fusius
3482 4227 3600 4263 rem

1962 4302 2197 4343 omnem
2260 4290 2455 4337 narrat
2511 4280 2786 4339 Gofridus
2821 4282 2958 4336 Vitas
3009 4283 3199 4351 ejusd.
3232 4282 3299 4335 D.
3336 4280 3614 4336 Bernardi

1965 4360 2152 4429 cap.5,
2186 4356 2287 4412 lib.
2322 4372 2409 4410 ιιι.

1061 4646 1503 4709 GILBERTI
1545 4646 2012 4707 PORRETE
2056 4643 2760 4707 COMMENTARIA

850 4810 928 4870 IN
977 4809 1272 4871 LIBRUM
1317 4809 1420 4871 DE
1468 4808 2073 4870 PREDICATIONE
2117 4805 2370 4869 TRIUM
2416 4804 2982 4866 PERSONARUM.

1720 4972 2121 4985 -——————-———~

274 5082 350 5131 Ex
404 5082 568 5140 illius,
638 5081 703 5130 de
764 5094 873 5144 qua
926 5078 1251 5143 Symmacho
1310 5079 1521 5127 Boetius
1550 5079 1869 5141 'scripserat,
1904 5081 1947 5145 ι’)
1980 5076 2209 5139 parvuli,
2239 5074 2523 5125 audientes
2556 5074 2700 5137 quod
2735 5075 2990 5145 Deusest
3040 5072 3272 5145 simplex
3332 5074 3531 5135 ipsum,
3578 5076 3633 5145 et

205 5154 527 5219 questionis
610 5152 1039 5214 investigatione,
1128 5151 1254 5199 satis
1336 5150 1675 5200 manifestum
1739 5153 1869 5207 erat,

204 5227 629 5291 praedicamenta
685 5223 1010 5275 naturalium
1099 5221 1388 5286 generibus
1463 5223 1869 5284 rationibusque

206 5298 443 5354 diversa.
504 5296 859 5361 quarumdam
924 5294 1402 5359 propositionibus,
1476 5295 1745 5343 rationum
1802 5293 1868 5341 ad

204 5369 514 5433 theologica
543 5368 840 5427 transferri,
873 5370 925 5416 et
954 5366 1018 5415 de
1070 5365 1178 5415 Deo
1240 5379 1473 5428 quoque,
1519 5365 1870 5428 quemadmo-

209 5441 345 5492 dum
382 5445 437 5489 et
466 5442 531 5489 de
565 5437 1004 5492 subsistentibus,
1036 5435 1142 5485 alia
1172 5438 1386 5500 quidem
1444 5438 1739 5486 secundum
1798 5450 1870 5489 se.

208 5513 321 5562 alia
351 5525 479 5561 vero
515 5525 581 5561 ex
613 5508 901 5559 collatione
932 5506 1147 5557 alterius
1170 5508 1231 5556 ad
1266 5508 1489 5557 alterum
1524 5524 1536 5567 ;
1579 5512 1633 5556 et
1688 5520 1872 5556 eorum

210 5596 339 5648 qua!
371 5584 667 5633 secundum
700 5595 757 5629 se
815 5580 919 5628 alia
975 5579 1126 5641 quasi
1185 5580 1261 5626 rei
1318 5580 1729 5628 circunstantias
1781 5579 1874 5626 de-

211 5656 584 5707 monstrantia
617 5654 795 5719 qualia
825 5656 972 5710 sunt,
1005 5651 1166 5700 etiam
1216 5664 1553 5716 quaecunque
1600 5652 1873 5707 dicuntur,

212 5742 287 5781 ex
343 5727 625 5779 collatione
677 5724 977 5793 pradicari.
1032 5723 1168 5783 Quia
1223 5726 1405 5774 tamen
1478 5724 1647 5789 aliqui
1715 5736 1877 5774 sensu

1982 5162 2319 5213 quiscunque
2351 5147 2414 5196 de
2451 5161 2513 5195 eo
2544 5147 2821 5194 nominum
2854 5143 3166 5193 diversitate
3228 5144 3482 5193 dicuntur
3513 5156 3525 5193 :
3574 5140 3635 5191 ut
3676 5182 3679 5183 ν

1983 5222 2139 5279 Deus,
2206 5235 2363 5279 unus,
2421 5224 2675 5272 mternus.
2734 5231 2985 5280 persona.
3040 5216 3385 5279 principium,
3424 5220 3635 5275 auctor,

1980 5294 2154 5347 Pater,
2186 5292 2369 5346 Filius,
2402 5290 2688 5343 connexio,
2718 5293 2770 5337 et
2829 5288 3134 5344 huiusmodi
3192 5287 3326 5334 alia:
3388 5285 3633 5346 ejusdem

1981 5368 2187 5411 naturae
2220 5361 2569 5425 ejusdemque
2600 5359 2824 5408 rationis
2854 5372 2969 5407 esse
3006 5357 3080 5406 ita
3128 5356 3415 5417 accipiunt,
3475 5360 3535 5402 ut
3584 5363 3638 5404 et

1982 5434 2216 5483 essentia
2264 5447 2371 5496 qua
2419 5431 2615 5480 dicitur
2676 5444 2791 5478 esse
2853 5429 3011 5483 Deus,
3072 5428 3139 5475 sit
3183 5431 3236 5475 et
3284 5426 3477 5479 unitas,
3530 5438 3637 5496 qua

1984 5518 2124 5552 unus
2154 5495 2353 5555 eetziet
2382 5499 2716 5555 aeternitatis,
2767 5515 2875 5563 qua
2931 5500 3205 5548 aeternitus
3246 5502 3346 5549 est,
3393 5501 3444 5544 et
3496 5495 3638 5542 simi-

1984 5577 2105 5625 liter
2160 5580 2353 5624 csetera
2409 5588 2421 5622 :
2481 5579 2533 5621 et
2589 5586 2898 5623 econverso.
2952 5572 3065 5631 ipse
3121 5568 3278 5617 etiam
3366 5566 3523 5615 Pater
3574 5566 3641 5614 sit

1982 5650 2296 5712 paternitas,
2327 5652 2378 5697 et
2409 5660 2549 5696 unus
2580 5646 2776 5699 unitas,
2812 5649 2863 5691 et
2917 5646 3154 5691 aeternus
3210 5640 3479 5688 aeternitas
3511 5653 3524 5698 ;
3587 5641 3642 5685 et

1985 5711 2311 5781 conversim,
2361 5722 2415 5769 et
2461 5718 2650 5769 eodem
2707 5713 2867 5765 modo
2924 5714 2980 5763 in
3036 5712 3157 5763 aliis
3212 5711 3464 5762 omnibus
3520 5724 3641 5775 quae
