4024 6184
222 200 359 256 1305

1289 198 1612 255 GILBERTI
1651 193 1995 252 PORRETE
2034 191 2569 256 COMMENTABIA.

3492 210 3631 271 i306

217 326 457 401 laritate,
515 330 569 376 et
614 326 834 376 omnino
879 326 995 401 sine
1044 338 1271 401 numero
1323 340 1428 375 una
1494 325 1716 380 occurit,
1766 320 1957 387 quaA
1987 330 2184 401 eo‘est,
2232 334 2442 378 constet
2494 328 2741 379 similiter
2792 345 2858 380 ex
2908 332 3109 383 multis.
3162 336 3437 401 Coutingit
3492 346 3633 395 enim

216 398 322 463 ipsi
356 397 613 448 dicuntur
644 412 760 447 esse
813 397 1132 459 substantia,
1182 397 1412 461 ideoque
1443 413 1567 448 vere
1618 412 1733 448 esse
1767 408 1875 444 una

217 473 544 522 substantia.
578 472 919 521 Manifestum
954 476 1033 519 est
1076 472 1238 533 igitur
1284 471 1429 534 quod
1485 473 1679 521 borum
1711 470 1873 518 trium

221 550 303 595 est
337 558 444 593 una
475 544 777 593 substantia
809 547 1035 603 tantum,
1067 557 1188 605 qua
1243 544 1426 593 Grace
1464 543 1680 606 quidem
1717 538 1873 593 οὐσια

220 624 441 685 dicitur,
477 624 659 675 Latina
692 638 835 684 vero,
867 627 1005 672 sicut
1036 624 1236 673 dictum
1285 630 1381 681 est.
1432 621 1732 674 substantia
1788 619 1872 669 vel

154 704 177 758 ι
221 698 591 755 subsistentia,
661 697 761 751 vel,
820 700 879 744 ut
931 695 1236 757 expressius
1288 697 1511 752 dicatur,
1585 695 1814 743 essentia
1858 712 1869 746 ;

214 769 359 831 quod
398 783 497 816 nec
526 768 766 830 separari
792 767 897 815 ullo
928 768 1087 815 modo
1114 772 1206 815 aut
1239 768 1473 831 disjungi
1524 770 1713 829 potest,
1778 777 1874 811 nec

212 840 366 889 velut
414 840 652 901 partibus
707 840 759 887 in
811 852 976 886 unum
1028 839 1319 901 conjuncta
1376 844 1471 887 est.
1521 837 1672 898 Quod
1731 836 1870 883 enim

180 912 455 973 (essentia
488 910 682 959 dicitur
714 924 837 964 una,
875 909 1243 973 singularitate
1276 925 1369 959 seu
1422 909 1747 973 prOprietate
1795 904 1870 954 rei

218 996 343 1045 qua
374 984 439 1030 de
472 984 601 1044 ipsis
653 982 996 1045 pradicatur,
1045 982 1455 1041 intelligendum
1505 986 1585 1029 est
1642 992 1745 1027 non
1789 976 1871 1024 di-

215 1066 499 1102 versorum
540 1052 758 1107 unione,
792 1066 912 1115 qua
940 1066 1079 1114 sape
1107 1053 1269 1099 multa
1300 1066 1460 1100 unum
1510 1050 1614 1100 dici
1659 1050 1869 1098 contin-

210 1123 293 1186 git
337 1140 349 1183 ;
389 1124 471 1173 vel
527 1122 899 1172 conformitate
948 1124 1146 1185 aliqua.
1195 1124 1419 1185 qualiter
1472 1125 1649 1184 plures
1696 1120 1872 1168 homi-

215 1209 315 1244 nes
351 1196 606 1244 dicnntur
640 1210 779 1244 unus
833 1196 1011 1251 homo,
1064 1194 1319 1256 quoniam
1375 1195 1578 1243 scilicet
1623 1193 1713 1255 qui
1761 1191 1871 1239 suis

211 1267 580 1323 subsistentia,
632 1281 752 1330 qua
821 1281 851 1315 a
893 1265 1285 1314 mathematicis
1332 1266 1598 1314 nominari
1649 1269 1871 1326 possunt

210 1336 602 1394 bumanitates,
634 1344 759 1387 sunt
818 1338 1085 1397 homines,
1131 1345 1183 1385 et
1230 1350 1414 1385 earum
1475 1334 1737 1384 numerali
1797 1336 1870 1383 di-

204 1409 463 1458 versitate
500 1410 698 1470 plures,
750 1408 1061 1457 earumdem
1126 1407 1502 1457 conformitute
1544 1406 1764 1461 similes,
1817 1420 1869 1466 et

211 1480 571 1529 similitudine
601 1486 729 1529 sunt
756 1481 1061 1529 conformes
1094 1494 1107 1537 ;
1140 1480 1227 1527 vel
1258 1478 1588 1545 integritate,
1645 1476 1869 1539 qualiter

208 1564 411 1613 corpus
440 1555 494 1601 et
523 1553 702 1601 anima
737 1549 993 1600 dicuntur
1026 1564 1191 1599 unum
1230 1549 1452 1609 animal,
1485 1563 1589 1598 non
1649 1546 1867 1610 quidem

206 1623 357 1686 quod
407 1623 520 1671 hac
564 1637 629 1671 ex
679 1622 878 1685 quibus
931 1623 1128 1670 animal
1176 1626 1406 1677 constat,
1457 1621 1565 1669 sint
1615 1624 1705 1668 aut
1752 1632 1866 1667 esse

1989 395 2287 449 subsistens
2319 415 2433 451 esse
2465 402 2707 464 simplex,
2744 402 2793 450 id
2826 409 2905 451 est
2955 420 3017 453 ex
3069 395 3485 462 subsistentibus
3538 417 3640 466 mi-

1981 468 2124 521 nime
2161 487 2274 521 esse
2307 474 2675 537 conjunctum,
2709 488 2829 523 cum
2866 479 3047 525 tamen
3080 478 3198 541 ejus
3230 495 3345 530 esse
3375 485 3443 533 sit
3497 488 3639 537 mul-

1979 542 2145 605 tiplex
2182 558 2191 592 :
2226 549 2285 593 ut
2335 545 2514 595 anima
2568 546 2795 608 simplex
2840 552 2937 605 est,
2987 550 3173 599 multis
3226 558 3403 603 tamen
3464 560 3639 610 subsi-

1980 616 2186 664 stentiis
2226 617 2421 676 aliquid
2480 621 2579 665 est.
2630 616 2869 674 Qualiter
2917 624 2969 667 et
3020 620 3184 683 aliqui
3234 623 3402 675 Deum
3456 630 3634 679 multi.

1979 687 2204 736 formem
2277 690 2579 750 opinantes,
2654 690 2972 751 potentiam,
3022 693 3357 756 sapientiam,
3415 698 3632 750 bonita-

1979 765 2105 815 tem,
2138 763 2390 821 tanquam
2425 761 2680 815 diversas,
2740 762 2829 808 uni
2892 762 3116 824 simplici
3173 765 3279 814 Deo
3311 768 3631 827 attribuunt,

1980 834 2034 881 et
2065 830 2238 892 ipsum
2279 845 2444 881 unum
2486 831 2844 892 eumdemque
2880 832 3049 881 Deum
3101 837 3395 886 secundum
3442 846 3637 901 poten-

1978 905 2104 954 tiam
2138 918 2252 952 esse
2286 906 2514 962 Patrem,
2549 903 2844 951 secundum
2880 906 3201 967 sapientiam
3251 923 3366 958 esse
3423 912 3633 971 Filium.

1979 978 2273 1027 secundum
2308 976 2604 1025 bonitatem
2651 990 2766 1024 esse
2816 978 3076 1039 Spiritum
3128 985 3391 1043 sanctum,
3441 984 3637 1046 quibus

1980 1051 2204 1113 possunt
2235 1046 2417 1096 vitreis
2448 1052 2626 1095 tamen
2659 1061 2767 1095 non
2818 1055 2923 1097 tam
2979 1052 3306 1112 argumentis
3348 1066 3511 1116 quam
3560 1071 3638 1105 ar-

1977 1120 2138 1181 gutiis
2171 1124 2435 1167 asserunt.
2472 1118 2577 1167 Hos
2632 1121 2807 1183 itaque
2854 1135 3042 1170 omnes
3086 1122 3317 1172 destruit
3364 1139 3484 1173 cum
3519 1128 3633 1177 ait:

1976 1191 2084 1240 Nec
2112 1191 2350 1253 separari
2383 1190 2492 1238 ullo
2522 1190 2683 1238 modo
2716 1195 2807 1239 aut
2839 1192 3093 1255 distingui
3146 1199 3337 1255 potest,
3387 1196 3473 1245 illa
3523 1212 3631 1247 una

1976 1264 2137 1313 trium
2190 1277 2294 1326 qua
2346 1266 2471 1311 sunt
2520 1263 2766 1319 essentia,
2818 1277 2917 1313 nec
2964 1265 3109 1314 velut
3154 1278 3217 1313 ex
3288 1269 3525 1328 partibus
3572 1270 3627 1319 in

1978 1351 2144 1386 unum
2178 1337 2470 1399 conjuncta
2502 1338 2582 1383 est
2612 1347 2625 1391 ;
2663 1334 2754 1382 sed
2788 1336 2965 1397 potius
3006 1342 3087 1387 est
3139 1353 3246 1387 una
3303 1338 3632 1401 simpliciter,

1975 1422 2079 1472 qua
2127 1409 2197 1457 illi
2249 1414 2356 1457 tres
2405 1410 2532 1455 sunt
2581 1419 2768 1465 unum,
2822 1412 2873 1457 et
2922 1408 3163 1471 simplex,
3214 1415 3267 1460 et
3318 1413 3539 1462 omnino
3569 1414 3622 1462 id

1974 1481 2116 1544 quod
2156 1486 2295 1528 sunt.
2335 1478 2450 1526 Non
2478 1477 2619 1525 enim
2660 1481 2741 1525 est
2771 1478 2912 1527 aliud
2945 1492 3052 1541 quo
3084 1479 3211 1539 sint,
3249 1482 3350 1530 nisi
3402 1483 3491 1531 illa
3537 1486 3622 1532 in-

1973 1550 2194 1600 dividua
2247 1554 2299 1598 et
2346 1548 2571 1611 simplex
2624 1550 2872 1597 essentia.
2929 1550 3019 1598 Illa
3078 1555 3255 1600 autem
3316 1553 3380 1601 de
3444 1553 3622 1604 tribus

1974 1623 2349 1673 communiter.
2401 1624 2455 1669 et
2505 1619 2737 1680 divisim,
2789 1624 2843 1668 et
2889 1621 3154 1670 collectim
3214 1624 3371 1681 (sicut
3417 1626 3617 1676 dictum

206 1693 417 1753 possint
446 1694 642 1741 animal
704 1698 1001 1754 (nunquam
1051 1692 1190 1739 enim
1241 1694 1418 1754 partes
1465 1689 1695 1752 alicujus
1743 1694 1868 1738 sunt
1897 1688 1944 1753 B
1976 1698 2073 1755 est)
2108 1693 2447 1757 pradicatur.
2480 1692 2646 1751 igitur
2672 1693 2814 1755 quod
2846 1693 2912 1741 de
2964 1692 3150 1742 divina
3198 1694 3513 1754 substantia,
3568 1699 3621 1747 id

212 1776 245 1812 a
281 1768 391 1813 tota
421 1764 592 1813 forma
623 1766 824 1820 totius),
871 1765 963 1812 sed
1018 1763 1162 1822 quod
1218 1764 1390 1824 ipsum
1442 1763 1659 1820 animal,
1720 1761 1864 1825 quod

210 1849 280 1884 ex
312 1838 388 1884 eis
414 1841 639 1895 constat,
678 1840 759 1884 est
788 1835 1011 1889 animal,
1044 1847 1073 1883 a
1118 1835 1289 1882 forma
1336 1848 1453 1896 qua
1499 1848 1559 1882 ex
1617 1834 1867 1882 omnibus

204 1907 355 1956 illius
386 1911 578 1957 anima
629 1912 788 1970 atque
832 1908 972 1955 illius
1022 1908 1262 1969 corporis
1309 1905 1670 1954 subsistentiis
1734 1919 1865 1952 con-

209 1984 337 2033 stat.
369 1993 489 2041 qua
543 1981 703 2027 etiam
749 1979 1083 2039 singularum
1138 1979 1366 2041 partium
1416 1978 1638 2037 singula
1686 1977 1749 2025 de
1798 1990 1863 2024 eo

208 2051 357 2113 quod
413 2052 532 2101 sine
577 2050 821 2107 alterius.
861 2050 939 2098 vel
988 2056 1337 2111 utrarumque
1388 2049 1704 2098 confusione
1735 2062 1864 2096 con-

204 2127 334 2181 stat,
365 2136 428 2170 ex
461 2124 701 2184 partibus
733 2120 1115 2184 pradicantur.
1148 2121 1220 2167 De
1253 2134 1361 2183 quo
1417 2118 1473 2167 in
1523 2118 1861 2181 expositione

204 2192 331 2242 libri
367 2194 459 2256 qui
490 2200 671 2243 contra
700 2193 979 2257 Eutychen
1012 2193 1243 2255 scriptus
1296 2196 1391 2246 est.
1443 2190 1652 2253 plenius
1715 2189 1864 2239 dice-

206 2269 317 2314 tur.
367 2265 502 2314 Sunt
550 2271 603 2314 et
645 2266 760 2313 alia
809 2278 987 2313 rerum
1037 2264 1177 2312 inter
1225 2278 1279 2311 se
1326 2277 1387 2311 ex
1421 2264 1532 2311 suis
1564 2264 1860 2324 proprieta-

205 2337 355 2386 tibus
384 2335 731 2392 diversarum,
782 2336 1077 2384 secundum
1133 2334 1231 2383 alia
1284 2335 1518 2396 ipsarum
1567 2332 1855 2390 consortia,

204 2412 453 2457 uniones.
485 2408 585 2456 Sed
618 2408 731 2464 bas,
766 2422 915 2470 quas,
952 2414 1009 2456 ut
1039 2407 1267 2463 videtur,
1298 2410 1483 2454 contra
1503 2405 1855 2467 quorumdam

203 2494 436 2535 errores,
464 2478 661 2528 divina
694 2478 948 2527 essentia
986 2479 1188 2527 unitate
1252 2482 1439 2525 auctor
1483 2482 1740 2531 removet,
1802 2480 1858 2525 ut

200 2550 369 2614 hujus
403 2553 579 2614 aperis
610 2552 853 2615 qualitati
911 2550 1216 2613 explanatio
1268 2548 1635 2611 responderet,
1684 2549 1858 2597 tacitis

195 2624 410 2672 cateris
473 2636 591 2686 qua
645 2622 768 2671 huic
797 2622 914 2670 loco
987 2635 1095 2670 non
1158 2620 1377 2676 faciunt,
1436 2631 1856 2668 commemorare

195 2694 528 2742 curavimus.
566 2694 791 2753 Quidam
825 2692 968 2742 enim
1002 2690 1263 2747 haretici,
1309 2704 1537 2754 quorum
1602 2704 1852 2747 errorem,

194 2764 375 2828 ipsius
446 2768 640 2813 erroris
688 2766 846 2813 tacito
901 2768 1139 2817 auctore,
1189 2766 1571 2812 commemorat
1629 2761 1857 2823 Epipha-

195 2838 343 2891 nius.
380 2838 565 2885 dicunt
597 2835 790 2885 Filium
847 2836 1004 2885 simul
1052 2836 1298 2883 essentia
1347 2836 1367 2856 '
1413 2834 1566 2896 cujus
1623 2838 1674 2882 et
1699 2833 1854 2882 Pater

202 2914 306 2960 est.
342 2907 399 2956 In
432 2923 536 2972 quo
586 2908 779 2969 partim
829 2908 1175 2957 consentiunt
1216 2905 1443 2961 Arianis,
1493 2906 1686 2967 partim
1742 2904 1852 2953 dis-

204 2982 450 3031 sentiunt
479 2981 545 3029 ab
596 2981 691 3041 eis,
732 2981 963 3041 ideoque
1019 2978 1336 3027 Semiariani
1386 2982 1664 3025 vocantur.
1713 2976 1846 3025 Nam

1977 1772 2056 1816 est
2104 1766 2169 1814 de
2221 1767 2326 1814 Deo
2370 1764 2793 1813 substantialiter
2841 1766 3181 1829 pradicatur,
3235 1768 3282 1816 id
3332 1768 3519 1825 tribus,
3570 1770 3624 1818 id

1975 1842 2057 1887 est
2100 1837 2262 1894 Patri,
2314 1842 2365 1887 et
2415 1837 2563 1891 Filio,
2614 1840 2667 1883 et
2715 1835 2933 1898 Spiritui
2983 1841 3188 1895 sancto,
3238 1843 3450 1902 oportet
3510 1854 3626 1889 esse

1974 1922 2279 1957 commune.
2341 1909 2417 1958 lta
2477 1908 2816 1970 singulariter
2873 1908 3061 1957 debuit
3122 1910 3313 1966 dicere,
3372 1911 3513 1974 quod
3572 1916 3625 1961 et

1974 1981 2311 2041 praedicatur.
2362 1984 2413 2027 et
2464 1978 2514 2027 id
2568 1983 2618 2027 et
2666 1992 3002 2027 commune:
3055 1980 3334 2041 quoniam,
3386 1983 3522 2031 sicut
3552 1983 3625 2031 di-

1972 2057 2113 2100 ctum
2147 2056 2242 2111 est,
2278 2065 2384 2099 non
2420 2052 2519 2099 nisi
2551 2063 2719 2098 unum
2757 2055 2852 2106 est,
2881 2051 3023 2114 quod
3053 2051 3119 2100 de
3161 2051 3246 2100 bis
3298 2054 3623 2103 substantia-

1971 2123 2091 2172 liter
2138 2123 2350 2172 dicitur.
2401 2122 2534 2179 Quia
2582 2125 2762 2169 tamen
2817 2120 2866 2168 id
2928 2123 3279 2183 quarumdam
3350 2125 3617 2174 rationum

1971 2194 2430 2258 proportionibus,
2502 2207 2643 2255 sape
2728 2192 2955 2241 diversis
3032 2192 3369 2253 signiﬁcandi
3444 2197 3621 2245 modis

1970 2264 2293 2319 ostenditur,
2326 2265 2377 2312 id
2411 2266 2508 2321 est,
2540 2263 2621 2311 vel
2655 2262 2718 2309 ad
2751 2276 3027 2324 generum,
3058 2263 3140 2310 vel
3173 2264 3236 2311 ad
3279 2264 3617 2327 qualitatum,

1970 2340 2056 2388 vel
2088 2338 2153 2388 ad
2187 2338 2548 2402 quantitatum
2578 2335 2953 2393 mutationem,
3002 2349 3121 2385 cum
3174 2337 3421 2395 dicimus,
3483 2340 3621 2389 Deus

1968 2412 2163 2467 bonus,
2196 2423 2443 2472 magnus,
2477 2413 2531 2457 et
2572 2408 2883 2469 bujusmodi
2930 2408 3050 2457 aliis
3099 2408 3411 2458 nominibus
3457 2412 3623 2474 signi-

1968 2484 2171 2540 ﬁcatur,
2204 2482 2487 2545 pluraliter
2518 2481 2682 2529 dixit:
2717 2481 3084 2545 Quacunque,
3139 2486 3191 2530 et
3238 2482 3620 2544 pradicantur,

1968 2560 2021 2605 et
2069 2570 2148 2609 ea,
2198 2558 2247 2603 et
2296 2553 2618 2601 communia.
2670 2552 2775 2601 Nec
2829 2553 3023 2602 mirum
3080 2554 3122 2601 si
3173 2554 3225 2601 in
3285 2554 3618 2617 theologicis,

1967 2628 2056 2676 ubi
2089 2629 2344 2689 cognatos
2375 2625 2536 2673 rebus
2566 2624 2630 2672 de
2680 2624 2876 2687 quibus
2926 2623 3214 2687 loquimur,
3266 2639 3374 2673 non
3424 2640 3618 2688 possu-

1966 2713 2086 2747 mus
2117 2698 2319 2746 habere
2349 2708 2627 2744 sermones
2663 2710 2675 2754 ;
2709 2696 2801 2743 sed
2834 2696 2898 2743 ad
2952 2694 3045 2745 illa
3092 2696 3440 2758 signiﬁcanda
3492 2697 3616 2746 illos

1964 2769 2057 2834 qui
2119 2773 2245 2817 sunt
2312 2772 2625 2817 caterarum
2671 2766 2985 2815 facultatum
3037 2779 3100 2815 ex
3151 2768 3330 2829 aliqua
3387 2767 3615 2817 rationis

1962 2841 2330 2904 proportione,
2379 2836 2791 2890 transumimus.
2841 2838 3025 2886 multis
3077 2837 3385 2887 nominibus
3422 2843 3475 2886 et
3533 2839 3615 2888 di-

1963 2913 2129 2959 versis
2160 2909 2335 2959 modis
2368 2909 2506 2957 idem
2546 2908 2927 2969 signiﬁcamus,
2977 2922 3097 2955 cum
3151 2908 3205 2956 in
3257 2908 3611 2969 naturalibus,

1964 2984 2055 3032 ubi
2088 2995 2195 3031 non
2228 2986 2305 3029 est
2340 2986 2483 3031 tanta
2518 2980 2705 3041 inopta
2737 2980 3036 3037 nominum,
3072 2979 3211 3027 idem
3260 2993 3403 3043 sape
3450 2982 3613 3031 facia-

201 3050 412 3107 Ariani,
440 3051 636 3114 quibus
666 3050 964 3126 Eunomius
1012 3052 1298 3126 consentit,
1352 3055 1459 3097 tam
1510 3048 1713 3126 unione
1768 3047 1931 3126 di-c
1971 3069 2133 3104 mus;
2196 3057 2255 3101 ut
2310 3067 2519 3114 corpus,
2577 3051 2869 3113 corporale,
2924 3064 3258 3113 corporeum,
3324 3051 3465 3101 idem
3520 3051 3614 3101 sed

200 3137 478 3172 venarum
535 3124 891 3171 sssentiarum
942 3135 1103 3184 quam
1168 3122 1327 3170 unius
1371 3119 1616 3169 essentia
1672 3117 1850 3183 singu-

196 3197 434 3254 laritate,
502 3200 704 3258 negant
744 3197 949 3243 Patrem
1018 3200 1072 3242 et
1117 3194 1305 3242 Filium
1354 3191 1514 3241 unius
1560 3205 1675 3240 esse
1727 3194 1854 3241 sub-

206 3268 439 3316 stantia.
474 3266 606 3324 Quia
637 3280 868 3327 namque
900 3270 1145 3313 creatura
1176 3279 1271 3313 suo
1320 3265 1585 3327 principio
1634 3277 1733 3312 nec
1788 3266 1856 3314 si—

206 3338 354 3389 milis
381 3352 498 3387 esse
531 3343 721 3401 potest,
752 3336 968 3393 Filium,
1001 3350 1159 3399 quem
1220 3336 1430 3385 illorum
1480 3336 1675 3397 dogma
1712 3351 1855 3386 crea-

200 3414 380 3459 turam
411 3423 526 3458 esse
556 3414 670 3459 tota
713 3410 794 3457 sui
827 3414 1026 3457 natura
1074 3407 1408 3463 conﬁrmant,
1436 3406 1578 3455 Patri
1634 3409 1855 3458 omnino

206 3480 519 3531 dissimilem
577 3484 789 3543 putant.
852 3480 913 3527 Hi
975 3494 1101 3527 vero
1162 3478 1493 3534 Semiariani,
1552 3479 1746 3527 Filium
1806 3484 1859 3527 et

210 3553 425 3600 Patrem
461 3566 577 3601 esse
610 3553 768 3599 unius
800 3551 1130 3605 substantia,
1180 3550 1479 3598 secundum
1528 3548 1745 3611 quidem
1782 3564 1859 3599 es-

208 3625 400 3673 sentia
433 3622 874 3685 singularitatem,
928 3627 1142 3683 negant,
1192 3622 1283 3670 sed
1327 3623 1620 3670 secundum
1680 3623 1859 3671 diver-

206 3710 394 3745 sarum
427 3697 781 3743 essentiarnm
834 3695 1259 3743 conformitatem
1301 3693 1586 3742 afﬁrmant.
1616 3694 1702 3742 Sic
1733 3709 1858 3757 ergo

206 3766 586 3822 substantiam,
617 3768 718 3815 hoc
748 3770 829 3815 est
888 3764 1173 3814 essentiam
1225 3766 1390 3813 Patris
1449 3769 1501 3813 et
1548 3766 1678 3821 Filii,
1735 3780 1857 3829 qua

206 3837 580 3897 singularitate
636 3836 957 3900 intelligitur
1030 3851 1211 3891 unam,
1292 3836 1691 3897 quodammodo
1757 3839 1859 3887 dis-

213 3916 436 3973 ungunt
470 3915 524 3958 et
550 3916 821 3970 separant,
882 3908 977 3971 qui
1028 3908 1225 3957 unione
1282 3906 1649 3957 similitudinis
1694 3923 1854 3959 unam

202 3985 423 4044 putant.
455 3979 605 4029 Sicut
633 3981 776 4028 enim
809 3979 925 4041 ipsa
954 3992 1075 4041 qua
1124 3983 1252 4027 sunt
1290 3978 1499 4035 similia,
1550 3980 1626 4027 sic
1669 3984 1720 4028 et
1764 3979 1855 4029 illa

202 4053 507 4102 secundum
538 4065 657 4113 qua
691 4056 818 4099 sunt
843 4050 1058 4106 similia.
1091 4062 1309 4099 necesse
1336 4054 1416 4099 est
1449 4064 1563 4098 esse
1623 4053 1853 4101 diversa.

200 4125 303 4174 Alii
364 4126 545 4171 autem
613 4123 870 4177 haretici,
936 4135 1071 4184 quos
1129 4120 1373 4169 similiter
1429 4123 1590 4171 tacito
1635 4127 1852 4171 auctore

199 4194 466 4243 Philaster
497 4198 899 4249 commemorat,
936 4194 1013 4239 sic
1046 4191 1339 4239 triformem
1374 4197 1620 4240 asserunt
1663 4193 1852 4247 Deum,

201 4274 262 4317 ut
289 4268 538 4329 quadam
570 4280 690 4327 pars
722 4266 840 4327 ejus
859 4265 927 4312 sit
956 4265 1132 4322 Pater,
1179 4264 1425 4326 quadam
1474 4264 1655 4319 Filius,
1706 4278 1853 4326 qua-

203 4340 331 4388 dam
361 4337 596 4401 Spiritus
628 4343 865 4394 sanctus,
898 4338 1000 4385 hoc
1046 4340 1142 4403 est,
1193 4336 1336 4397 quod
1382 4334 1473 4383 Dei
1530 4338 1689 4384 unius
1736 4351 1853 4398 par-

201 4414 282 4459 tes
315 4415 459 4464 sunt,
492 4421 612 4470 qua
643 4408 800 4457 istam
834 4407 1037 4455 faciunt
1068 4404 1385 4461 trinitatem,
1433 4406 1518 4454 vel
1566 4411 1625 4454 ut
1676 4421 1736 4455 ex
1771 4408 1851 4455 his

203 4480 377 4530 tribus
422 4480 662 4542 partibus
718 4480 1055 4540 compleatur
1098 4478 1255 4531 Deus.
1308 4491 1404 4525 nec
1460 4479 1527 4527 sit
1584 4478 1852 4540 perfectus

198 4552 258 4602 in
294 4554 473 4613 seipso
504 4551 587 4600 vel
623 4550 799 4607 Pater,
831 4550 915 4598 vel
956 4548 1141 4604 Filius,
1201 4548 1279 4597 vel
1329 4548 1558 4611 Spiritus
1614 4554 1851 4597 sanctus.

195 4626 365 4674 Juxta
396 4638 556 4686 quem
590 4636 825 4671 errorem
858 4620 1071 4684 quidam
1102 4622 1346 4683 legentes
1377 4622 1431 4670 in
1466 4621 1622 4671 Patre
1670 4621 1854 4671 Filium

194 4709 338 4749 esse.
376 4696 799 4757 interpretantur
831 4692 931 4741 hoc
958 4698 1219 4755 tanquam
1254 4692 1305 4740 in
1341 4694 1540 4753 majore
1594 4708 1717 4743 vase
1767 4708 1856 4741 vas

201 4768 407 4815 minus.
435 4764 589 4814 Unde
647 4764 912 4811 Philaster
977 4762 1467 4835 μεταγγισμονίτας
1526 4764 1624 4813 hos
1682 4772 1855 4816 vocat.

190 4847 325 4896 Nam
371 4842 539 4918 ἄγγος
579 4846 789 4899 Grece.
819 4856 911 4890 vas
959 4844 1154 4892 dicitur
1205 4844 1385 4892 Latine
1422 4860 1434 4893 :
1490 4846 1856 4918 μεταγγισμός

196 4931 381 4974 autem
416 4925 695 4973 introitum
726 4936 820 4971 vas
852 4923 1013 4970 unius
1044 4924 1095 4971 in
1133 4924 1375 4972 alterum.
1435 4924 1499 4972 Hi
1544 4940 1669 4981 ergo
1726 4929 1851 4976 snb-

188 4995 473 5051 stantiam,
506 4996 609 5043 hoc
656 5000 735 5042 est
783 4992 1069 5042 essentiam
1118 4995 1206 5041 Uei
1247 5008 1345 5042 sua
1390 4995 1649 5055 Opinione
1707 5000 1856 5048 velut

188 5070 439 5130 partibus
476 5068 529 5113 in
563 5079 727 5114 unum
763 5064 1119 5127 conjunguut.
1154 5066 1205 5113 Si
1251 5066 1391 5113 enim
1448 5066 1586 5113 Deus
1631 5082 1695 5115 ex
1740 5083 1853 5129 par

190 5140 343 5187 tibus
375 5138 701 5201 eonjunctus
750 5141 846 5189 est.
892 5138 1127 5184 essentia
1190 5150 1405 5198 quoque
1446 5151 1552 5199 qua
1603 5140 1715 5199 ipse
1773 5146 1852 5189 est

184 5222 255 5259 ex
309 5209 413 5256 illis
465 5205 716 5256 essentiis
766 5206 961 5267 quibus
1010 5208 1100 5255 Dei
1155 5210 1333 5267 partes
1386 5213 1528 5261 sunt.
1563 5209 1850 5271 conjuncta

191 5284 300 5331 est.
331 5280 552 5339 Quoties
598 5278 743 5329 enim
793 5278 1091 5327 subsistens
1147 5293 1209 5327 ex
1267 5279 1683 5331 subsistentibus
1730 5298 1851 5332 con-

175 5354 439 5418 junctum
469 5356 565 5405 est,
600 5363 817 5399 necesse
850 5354 929 5397 est
960 5349 1077 5411 ejus
1108 5355 1275 5399 totum
1307 5365 1442 5406 esse.
1472 5352 1524 5400 id
1581 5361 1662 5401 est
1709 5356 1847 5403 illam

184 5437 302 5489 qua
335 5425 513 5484 ipsum
557 5421 851 5483 perfectum
910 5426 991 5469 est
1039 5420 1442 5471 subsistentiam
1492 5438 1555 5472 ex
1602 5424 1845 5475 omnium

184 5501 426 5563 partium
487 5510 705 5544 suarum
754 5496 1001 5544 omnibus
1055 5496 1418 5544 subsistentiis
1461 5511 1576 5546 esse
1618 5500 1845 5561 conjun-

183 5577 353 5621 ctam.
389 5567 504 5615 Non
542 5572 723 5616 tamen
756 5580 814 5615 ex
843 5580 1103 5615 converso
1134 5567 1377 5620 dicimus,
1427 5570 1569 5630 quod
1633 5573 1844 5632 quoties

180 5640 423 5703 alicujus
454 5652 570 5687 esse
601 5642 811 5687 constat
841 5651 904 5686 ex
962 5636 1163 5697 multis,
1212 5635 1387 5701 ipsum
1435 5652 1649 5702 quoque
1698 5644 1841 5705 quod

249 5777 275 5801 ⁸
297 5777 452 5829 Forte
463 5776 651 5841 legend
660 5788 747 5827 um
762 5775 952 5827 similis
967 5788 1063 5840 pro
1080 5775 1257 5827 simul.
1277 5776 1531 5829 Judicent
1552 5779 1835 5835 doctiores.

1969 3129 2176 3176 diverso
2209 3125 2368 3174 modo
2401 3123 2721 3187 signiﬁcant.
2753 3123 2878 3171 Item
2908 3123 3105 3171 animal
3134 3123 3379 3180 animale,
3413 3128 3461 3174 et
3513 3124 3613 3173 bo-

1970 3214 2055 3248 mo
2092 3198 2404 3253 humanum,
2443 3200 2494 3243 et
2527 3194 2831 3258 hujusmodi
2864 3194 3113 3257 plurima.

2028 3270 2196 3333 quue
2223 3268 2369 3332 signi
2397 3269 2512 3320 erit,
2547 3272 2647 3315 etc.
2679 3264 2697 3331 ]
2727 3266 2886 3322 Quasi
2920 3281 2931 3313 :
2968 3266 3310 3328 Quacumque
3358 3266 3423 3315 de
3483 3266 3615 3316 divi-

1968 3359 2039 3394 na
2086 3340 2387 3391 substantia
2435 3338 2813 3401 praedicantur,
2874 3336 3045 3385 tribus
3101 3337 3410 3387 communia
3466 3343 3609 3388 sunt.

1967 3418 2130 3479 quue
2162 3413 2317 3473 signi,
2356 3410 2408 3458 id
2446 3415 2524 3459 est
2555 3410 2656 3457 hoc
2690 3409 2900 3471 signum
2947 3409 3065 3468 erit,
3117 3423 3211 3472 per
3259 3410 3361 3458 hoc
3412 3410 3615 3459 scilicet

1974 3480 2570 3549 probabiliterintelligi
2607 3480 2821 3542 poterit,
2852 3493 2972 3541 qua
3008 3480 3115 3527 sint
3145 3480 3235 3528 illa
3268 3494 3389 3543 qua
3423 3480 3489 3529 de
3520 3480 3613 3529 Di-

1968 3555 2207 3606 vinitatis
2261 3554 2621 3607 subsistentia.
2685 3550 2736 3598 id
2795 3555 2877 3597 est
2933 3552 2997 3597 de
3054 3551 3162 3600 Deo
3192 3553 3615 3601 substantialiter

1969 3630 2348 3695 pradicentur,
2381 3624 2523 3687 quod
2555 3622 2757 3671 scilicet
2786 3635 3139 3695 quacunque,
3184 3628 3284 3672 etc.
3332 3624 3482 3681 Quod
3542 3626 3616 3674 ait

1969 3692 2200 3763 signum,
2256 3713 2282 3745 a
2338 3697 2649 3745 rhetoribus
2699 3694 2880 3741 sumit.
2945 3692 3129 3741 Cicero
3180 3708 3411 3757 namque
3478 3697 3615 3746 inter

1969 3774 2053 3823 illa
2086 3770 2644 3836 probabiliainventa,
2675 3780 2792 3828 qua
2824 3765 2934 3814 fere
2988 3766 3098 3813 ﬁeri
3148 3766 3340 3827 solent,
3398 3768 3609 3829 signum

1968 3847 2121 3909 ponit
2151 3859 2163 3892 :
2196 3843 2339 3905 quod
2376 3840 2594 3903 quidem
2628 3839 2678 3887 id
2711 3838 2864 3901 cujus
2895 3839 3090 3888 dicitur
3118 3838 3351 3901 signum,
3396 3852 3611 3902 quoquo

1968 3919 2125 3965 modo
2158 3911 2443 3977 signiﬁcari
2480 3912 2624 3971 dicit,
2653 3910 2742 3959 sed
2776 3910 2993 3974 majoris
3035 3909 3349 3966 testimonii,
3400 3916 3453 3959 et
3492 3924 3610 3973 gra-

1967 3986 2131 4036 vioris
2163 3981 2586 4033 conﬁrmationis
2610 3980 2850 4042 indigere
2869 3980 3121 4043 :qualiter
3142 3986 3194 4028 et
3217 3981 3316 4029 hoc
3339 3980 3451 4031 loco
3476 3995 3614 4043 pra-

1965 4058 2246 4108 dientionis
2276 4055 2339 4102 de
2370 4054 2540 4102 tribus
2569 4050 2731 4101 simul
2764 4057 2815 4100 et
2843 4052 3073 4110 divisim,
3106 4052 3172 4100 de
3225 4050 3451 4115 singulis
3503 4052 3613 4101 sin-

1964 4130 2224 4195 gulariter
2256 4127 2407 4174 facta
2443 4124 2815 4195 communitas.
2854 4122 3321 4195 substantialitatis
3367 4123 3606 4185 ejusdem

1964 4194 2161 4252 dicitur
2191 4196 2465 4261 pradicati
2497 4196 2729 4256 signum.
2761 4194 2843 4242 Sic
2873 4195 3015 4242 enim
3048 4206 3221 4249 cruor,
3254 4194 3395 4254 fuga,
3421 4194 3612 4257 pallor,

1964 4276 2158 4338 pulvis,
2219 4276 2271 4320 et
2320 4271 2401 4318 bis
2454 4268 2667 4323 similia,
2723 4267 3079 4329 quorumdam
3132 4265 3392 4314 factorum
3453 4266 3607 4329 signa

1964 4345 2181 4410 quidem
2212 4349 2353 4402 sunt,
2386 4355 2506 4401 qua
2539 4339 2591 4387 in
2624 4339 3024 4410 continentibus
3053 4351 3171 4385 cum
3223 4339 3469 4400 negotiis,
3526 4342 3608 4390 vel

1964 4409 2014 4466 in
2050 4416 2387 4479 gestionibus
2436 4412 2775 4473 negotiorum
2830 4409 2944 4457 ﬁeri
2992 4409 3185 4479 solent,
3236 4414 3415 4457 tamen
3464 4409 3607 4459 inﬁr-

1966 4478 2071 4545 ma,
2104 4489 2357 4551 quoniam
2390 4488 2443 4533 et
2486 4486 2679 4544 prater
2727 4481 2962 4542 negotia,
3017 4478 3214 4542 quibus
3261 4481 3607 4538 attribuntur,

1969 4560 2292 4622 contingunt.
2324 4573 2335 4607 :
2368 4556 2443 4603 sic
2468 4555 2566 4603 ista
2598 4551 3081 4615 pradicandorum,
3112 4553 3251 4600 etde
3307 4552 3479 4600 tribus
3526 4553 3607 4601 di-

1966 4636 2140 4687 visim,
2197 4638 2247 4681 et
2294 4628 2622 4690 conjunctim
2690 4624 3066 4682 communitas,
3146 4623 3610 4673 substantialitatis

1965 4705 2374 4766 pradicatorum
2423 4699 2637 4757 signum
2682 4697 2897 4761 quidem
2946 4699 3043 4750 est,
3096 4695 3353 4758 quoniam
3427 4696 3608 4745 multis

1965 4779 2067 4827 hoc
2098 4778 2348 4825 convenit
2409 4772 2788 4828 communiter,
2835 4769 3156 4831 pradicatis,
3206 4768 3472 4817 inﬁrmum
3521 4775 3607 4818 ta-

1966 4864 2107 4902 men.
2139 4848 2392 4911 quoniam
2426 4845 2600 4906 aliqua
2625 4846 2750 4890 sunt
2780 4853 2900 4903 qua
2931 4843 2983 4888 et
3012 4840 3076 4888 de
3106 4838 3332 4902 singulis
3394 4841 3603 4889 divisim

1964 4927 2016 4971 et
2049 4922 2375 4983 conjunctim
2407 4919 2471 4966 de
2502 4916 2671 4964 tribus
2706 4918 2813 4962 tam
2863 4912 2938 4960 rei
2992 4926 3155 4974 quam
3206 4914 3438 4961 nominis
3493 4914 3609 4960 sin-

1961 4994 2247 5058 gularitate
2319 4990 2676 5038 communiter
2755 4984 3135 5047 praedicantur.
3211 4997 3332 5045 qua
3390 4983 3603 5032 illorum

1963 5056 2278 5114 substantia
2347 5076 2462 5109 esse
2531 5072 2637 5106 non
2688 5060 2931 5117 possunt.
2980 5056 3104 5117 quia
3154 5068 3261 5103 non
3311 5057 3605 5103 secundum

1961 5153 2092 5200 rem,
2143 5138 2233 5183 sed
2290 5134 2621 5181 extrinsecus
2670 5129 2831 5177 afﬁxa
2880 5128 3296 5189 pradieamenta
3344 5131 3488 5181 sunt.
3552 5132 3608 5173 ut

1959 5208 2323 5273 principalitas
2359 5210 2411 5253 et
2445 5203 2601 5252 actio.
2636 5201 2762 5249 Nam
2795 5204 2847 5248 et
2897 5213 2989 5261 per
3037 5211 3108 5273 se,
3141 5212 3325 5273 verum
3381 5203 3481 5273 est,
3510 5202 3607 5273 Pa-

1958 5269 2039 5331 ter
2074 5269 2153 5331 est
2182 5279 2523 5343 principium,
2557 5280 2607 5323 et
2636 5276 2762 5323 item
2813 5287 2905 5336 per
2955 5286 3010 5320 se
3063 5271 3220 5319 Filius
3268 5275 3347 5317 est
3388 5269 3606 5343 princi-

1958 5358 2123 5418 pium,
2157 5342 2207 5401 et
2238 5354 2337 5401 iter
2368 5365 2461 5413 per
2482 5364 2536 5398 se
2571 5347 2799 5408 Spiritus
2836 5350 3053 5418 sanctus
3101 5351 3195 5418 est
3229 5342 3550 5418 principium
3588 5357 3600 5395 ;

1957 5414 2009 5476 et
2039 5427 2195 5475 etiam
2242 5425 2400 5472 Pater
2450 5421 2631 5482 simul,
2683 5425 2735 5467 et
2780 5416 2960 5471 Filius,
3013 5420 3064 5462 et
3109 5414 3339 5474 Spiritus
3386 5417 3603 5460 sanctus

1957 5504 2083 5547 sunt
2114 5511 2277 5545 unum
2331 5494 2672 5556 principium.
2724 5492 2809 5539 Sic
2858 5494 2909 5536 et
2958 5500 3049 5547 per
3099 5501 3153 5533 se
3202 5487 3360 5556 Pater
3409 5492 3487 5534 est
3520 5484 3601 5533 fa-

1955 5576 2087 5630 ctor,
2117 5574 2168 5617 et
2205 5569 2327 5616 item
2361 5564 2530 5615 Filius
2561 5569 2641 5611 est
2687 5562 2876 5613 factor.
2927 5558 3148 5630 et_item
3198 5555 3427 5630 Spiritus
3486 5570 3601 5605 san-

1954 5626 2176 5691 ctus-est
2208 5640 2377 5689 factor
2411 5652 2423 5691 ;
2457 5640 2513 5685 et
2558 5634 2717 5685 etiam
2776 5629 2934 5678 simul
2983 5627 3162 5687 Pater,
3213 5632 3265 5675 et
3310 5626 3501 5686 Filius,
3551 5632 3604 5678 et
