4022 6174
469 161 606 216 1307

468 342 724 420 οἷρδὶίιαει,
774 368 946 418 neque
993 355 1129 403 actio
1184 358 1262 401 est
1310 365 1492 400 eorum
1545 363 1652 412 qua
1700 350 1826 420 sunt
1883 343 1934 420 id
1968 342 2112 420 quod

470 416 596 479 sunt
629 416 882 484 essentia,
916 427 1005 474 sed
1040 427 1131 488 qui
1163 425 1393 474 essentia
1430 436 1526 470 sua
1559 424 1685 470 sunt
1711 419 1759 466 id
1793 416 1938 479 quod
1971 419 2114 488 sunt,

472 502 732 552 relatione
797 514 916 562 quas
995 486 1217 546 vocatur
1292 495 1628 558 principalia,
1696 490 1999 540 referentur
2051 486 2117 534 ad

471 579 761 630 creaturas,
829 577 882 621 et
951 571 1208 618 dicuntur
1254 582 1436 617 earum
1508 563 1849 629 principium,
1910 562 2118 630 actione

471 659 595 695 vero
629 644 820 705 _facere
895 643 1010 704 ipsa
1081 641 1353 690 dicuntur.
1405 640 1466 687 Et
1535 633 1926 685 attendendum
1975 629 2117 694 quod

473 730 580 765 non
634 719 916 776 coeperunt
965 727 1081 761 esse
1134 711 1479 774 principium,
1537 710 1708 756 facere
1757 719 1880 752 vero
1939 715 2119 764 cmpe-

473 792 617 836 runt.
650 787 725 835 Ex
757 785 954 849 quibus
985 790 1208 847 apparet
1251 783 1496 845 quaedam
1547 793 1663 828 esse
1712 791 1828 839 quae
1891 778 2120 824 aeterna-

472 860 606 918 liter,
658 859 763 906 alia
825 871 943 920 quas
994 856 1290 905 secundum
1337 858 1551 915 tempus
1605 851 1772 898 tribus
1823 849 1938 896 istis
1985 859 2123 920 com-

477 929 712 979 muniter
746 917 1094 988 con—veniunt,
1128 943 1224 976 nec
1261 930 1439 974 tamen
1471 927 1537 972 de
1586 921 1716 985 ipsis
1764 917 2123 968 substantiali-

475 1007 557 1052 ter
592 1001 973 1060 praedicantur.
1024 1001 1260 1062 Ideoque
1304 995 1661 1046 communitas
1709 991 2118 1062 praedicatorum

477 1073 748 1124 inﬁrmum
783 1075 994 1135 signum
1028 1077 1107 1121 est
1137 1060 1604 1120 substantialitatis
1652 1078 1868 1135 eorum.
1912 1060 1987 1110 Ad
2039 1061 2123 1135 de-

479 1133 884 1194 monstrandum
917 1159 1042 1207 ergo
1072 1157 1191 1205 quae
1221 1142 1329 1190 sint
1359 1152 1478 1202 quas
1528 1138 1593 1186 de
1645 1138 1748 1185 Deo
1793 1133 2122 1207 substantia-

478 1217 599 1265 liter
642 1203 1021 1277 praedicantur,
1065 1203 1208 1263 valet
1255 1210 1474 1275 quidem
1527 1208 1879 1281 communitas
1929 1203 2122 1281 praedi-

479 1275 704 1336 cationis
738 1301 748 1334 :
781 1275 1036 1350 quoniam
1085 1285 1324 1335 omnium
1375 1275 2122 1350 substantialiumhprasdica-

481 1360 556 1407 tio
607 1347 906 1408 tribus-est
952 1373 1137 1408 revera
1185 1355 1486 1405 communis
1533 1370 1544 1411 ;
1595 1351 1684 1399 sed
1733 1348 1935 1410 indiget
2008 1347 2123 1408 ipsa

481 1431 902 1480 substantialitas
949 1431 1255 1479 testimonio
1332 1428 1550 1476 alterius
1615 1421 1857 1477 rationis,
1907 1421 1960 1468 et
2005 1418 2121 1466 loco

481 1502 742 1566 gravioris
791 1504 856 1552 ad
908 1501 1371 1551 conﬁrmationem
1423 1497 1646 1551 inventi,
1691 1493 1942 1556 quoniam
2011 1503 2118 1566 non

480 1564 660 1622 omnia
695 1589 813 1636 quas
845 1574 1200 1622 communiter
1233 1571 1297 1619 de
1335 1571 1416 1617 his
1445 1571 1714 1621 dicuntur,
1766 1575 1984 1612 necesse
2045 1564 2124 1610 est

481 1646 544 1695 de
580 1644 711 1708 ipsis
740 1645 1159 1695 substantialiter
1190 1643 1312 1692 dici.
1344 1642 1497 1691 Unde
1532 1647 1585 1690 et
1621 1643 1807 1688 auctor
1859 1637 1956 1685 iste
2002 1648 2120 1708 cum
2151 1637 2200 1702 Β

479 1705 720 1773 dixisset,
771 1717 952 1780 idque,
1003 1715 1105 1764 hoc
1160 1717 1240 1763 est
1294 1712 1692 1776 prredicationis
1747 1705 2119 1780 communitas,

480 1790 692 1848 signum
725 1778 992 1850 erigique
1027 1788 1133 1835 sint
1180 1800 1299 1849 quae
1355 1785 1419 1833 de
1475 1782 1774 1832 Divinitatis
1823 1778 2122 1850 substantia

481 1857 845 1920 praedicantur
877 1849 898 1918 ;7
924 1871 1030 1906 non
1064 1859 1137 1905 ait
1167 1857 1309 1920 quod
1342 1867 1680 1918 quaecunque
1728 1851 1793 1899 de
1844 1851 2012 1898 tribus
2067 1849 2120 1895 in

481 1943 646 1979 unum
687 1929 923 1978 collectis
953 1931 1300 1992 singulariter
1331 1929 1709 1990 praedicantur,
1759 1924 2009 1971 dicuntur
2057 1920 2121 1967 de

483 1999 705 2063 singulis
737 2001 836 2050 hoc
866 2002 1046 2057 modo,
1074 2002 1124 2048 id
1159 2006 1238 2050 est
1267 1999 1703 2052 substantialiter,
1736 1995 1876 2058 quod
1932 1993 2121 2042 falsum

485 2079 625 2123 esset
655 2088 668 2132 ;
703 2074 795 2122 sed
829 2075 1008 2137 potius
1040 2075 1113 2122 ait
1148 2089 1158 2122 :
1194 2073 1534 2134 Quaecunque
1567 2071 1630 2118 de
1662 2067 1903 2130 singulis.
1938 2064 1990 2112 id
2045 2067 2126 2112 est

483 2161 578 2209 per
607 2161 660 2194 se
683 2147 952 2204 dicuntur,
981 2148 1082 2194 hoc
1113 2148 1292 2203 modo,
1348 2145 1399 2193 id
1451 2147 1530 2192 est
1581 2138 2008 2191 substantialiter
2059 2137 2122 2184 de

483 2220 655 2267 tribus
687 2218 846 2267 etiam
881 2220 931 2266 in
983 2232 1150 2267 unum
1201 2217 1452 2273 collectis,
1505 2217 1604 2263 hoc
1653 2216 1737 2261 est
1784 2209 1944 2258 simul
2002 2221 2124 2269 sup-

483 2287 691 2354 positis,
744 2289 1085 2351 singulariter
1131 2288 1590 2352 prredicabuntur.
1648 2283 1797 2341 Quod
1848 2279 2122 2354 exemplo:

482 2349 598 2410 rum
651 2349 866 2422 quoque
918 2349 1237 2410 testimoniis
1285 2360 1649 2411 conﬁrmatur,
1703 2355 1802 2403 hoc
1861 2353 2039 2400 modo.
2072 2349 2124 2399 Si

482 2433 683 2480 scilicet
709 2430 940 2480 dicimus
971 2432 1201 2487 divisim,
1252 2431 1408 2478 Pater
1458 2430 1596 2477 Deus
1645 2430 1739 2482 est,
1789 2425 1910 2472 item
1961 2422 2126 2471 Filius

482 2505 622 2552 Deus
657 2507 754 2558 est,
813 2505 937 2552 item
989 2504 1216 2565 Spiritus
1263 2508 1481 2551 sanctus
1528 2501 1670 2548 Deus
1717 2502 1811 2556 est,
1862 2496 2124 2544 collectim

486 2588 720 2639 quoque,
753 2574 910 2622 Pater
939 2575 1102 2622 Filius
1132 2575 1361 2634 Spiritus
1391 2575 1608 2620 sanctus
1640 2583 1780 2617 unus
1810 2567 1950 2639 Deus
1981 2570 2124 2639 sunt.

427 2663 436 2684 κ
487 2637 598 2696 Hoc
631 2647 773 2695 enim
806 2647 1048 2707 exemplo
1080 2649 1240 2708 patet,
1293 2644 1574 2700 Deitatem,
1625 2654 1743 2703 quae
1788 2639 1852 2686 de
1905 2637 2129 2698 singulis

487 2717 700 2767 divisim
733 2719 1074 2779 praedicatur,
1123 2718 1186 2765 de
1235 2717 1435 2764 eisdem
1485 2713 1644 2762 simul
1695 2708 1930 2758 collectis
1987 2722 2128 2771 prte-

489 2790 674 2838 dicari.
728 2790 890 2851 Igitur
940 2803 1045 2837 una
1095 2790 1269 2837 Deitas
1318 2800 1520 2842 eorum,
1576 2785 1624 2834 id
1677 2786 1775 2840 est,
1825 2781 2016 2836 Patris,
2075 2784 2129 2829 et

485 2861 623 2920 Filii,
655 2866 706 2909 et
738 2861 966 2923 Spiritus
998 2862 1188 2917 sancti,
1223 2861 1272 2908 id
1309 2865 1389 2908 est
1420 2864 1498 2916 (ut
1529 2858 1714 2917 utique
1745 2857 1844 2908 est)
1865 2866 1984 2923 una
2046 2868 2128 2902 eo-

483 2933 726 2982 rumdem
760 2920 1073 2991 substantia,
1106 2933 1191 2980 illa
1229 2945 1349 2993 quas
1380 2935 1558 2978 Grece
1581 2926 1798 2989 quidem
1823 2920 1974 2975 οὐσία
1997 2925 2128 2973 dici-

483 3009 589 3060 tur,
624 3005 802 3052 Latine
853 3017 980 3052 vero
1029 3002 1280 3058 essentia,
1333 3002 1670 3050 manifestum
1719 3007 1800 3052 est
1855 2996 1996 3064 quod
2030 2999 2121 3049 Dei
2154 2995 2198 3060 C

484 3091 700 3132 nomen,
734 3076 784 3122 id
819 3080 898 3124 est
928 3075 1211 3131 Deitatem,
1246 3076 1346 3123 hoc
1377 3073 1595 3123 nomine
1643 3077 1787 3136 quod
1841 3081 1920 3124 est
1967 3077 2126 3134 Deus,

483 3151 610 3200 licet
663 3149 942 3211 praedicari
995 3146 1416 3196 substantialiter
1468 3152 1532 3193 de
1588 3147 1889 3202 Divinitate,
1939 3147 1990 3194 id
2051 3151 2132 3194 est

486 3223 550 3271 de
601 3221 730 3279 Deo,
779 3221 843 3268 de
892 3221 1046 3267 Patre
1092 3220 1352 3273 videlicet,
1409 3222 1463 3265 et
1511 3218 1574 3266 de
1627 3218 1783 3280 Filio,
1834 3225 1884 3268 et
1933 3220 2128 3280 Spiritu

487 3298 691 3343 sancto.
726 3291 824 3352 lta,
861 3291 910 3338 id
944 3295 1043 3345 est,
1077 3291 1152 3339 sic
1211 3292 1489 3352 Deitatem,
1535 3305 1658 3353 quas
1710 3290 2131 3340 substantialiter

489 3362 830 3428 praedicatur,
859 3362 1092 3410 diximus
1125 3367 1176 3408 et
1207 3362 1417 3410 divisim
1473 3364 1536 3411 de
1586 3362 1826 3424 singulis,
1873 3369 1924 3412 et
1971 3364 2129 3409 colle-

489 3437 614 3485 ctim
671 3437 734 3480 de
787 3436 956 3482 tribus
1005 3435 1284 3494 praedicari
1342 3435 1594 3482 Similiter
1650 3434 1882 3482 diximus
1944 3433 2131 3482 verita-

490 3514 616 3560 tem,
666 3521 785 3570 quae
838 3507 1148 3555 eorumdem
1199 3509 1431 3555 essentia
1479 3513 1575 3561 est,
1634 3523 1730 3555 nec
1792 3510 1896 3555 alia
1971 3521 2130 3568 quam

490 3576 771 3633 Divinitas,
805 3577 868 3626 de
901 3576 1002 3625 illis
1055 3582 1108 3626 et
1154 3578 1368 3626 divisim
1420 3583 1471 3626 et
1517 3578 1776 3627 collectim
1837 3581 2132 3641 praedicari.

492 3651 623 3696 Nam
657 3653 708 3697 et
736 3649 945 3697 divisim
979 3648 1134 3697 Pater
1163 3651 1373 3703 veritas,
1408 3651 1456 3698 id
1490 3655 1566 3698 est
1618 3665 1774 3698 verus
1823 3657 1901 3698 est
1934 3666 1946 3709 ;
2004 3651 2130 3697 item

492 3722 659 3771 Filius
719 3722 935 3777 veritas,
1003 3719 1056 3768 id
1116 3726 1196 3769 est
1252 3735 1406 3770 veru
1481 3728 1560 3770 est
1613 3736 1627 3780 ;
1714 3723 1841 3770 item
1906 3722 2134 3783 Spiritus

493 3797 710 3841 sanctus
761 3797 951 3842 veritas
1008 3798 1104 3849 est,
1155 3793 1205 3840 id
1257 3798 1338 3841 est
1386 3808 1542 3842 verus
1593 3798 1714 3842 est:
1773 3801 1825 3842 et
1854 3797 1997 3842 col|e«
2019 3793 2132 3848 tim,

495 3866 662 3924 Pater,
748 3872 800 3911 et
867 3863 1049 3922 Filius,
1128 3870 1180 3913 et
1255 3863 1484 3924 Spiritus
1557 3871 1773 3913 sanctus
1845 3880 1952 3913 non
2013 3873 2139 3914 sunt

496 3941 604 3986 tres
669 3937 938 3990 veritates,
1013 3936 1104 3984 sed
1169 3941 1296 3984 sunt
1368 3950 1473 3984 una
1523 3935 1868 3999 singulariter
1916 3946 1967 3985 et
2010 3939 2136 3986 sim-

495 4008 702 4070 pliciter
765 4009 978 4062 veritas.
1035 4009 1086 4056 id
1137 4014 1216 4056 est
1268 4022 1404 4056 unus
1455 4022 1635 4056 verus.
1706 4010 1782 4056 lta
1843 4009 2136 4070 pluralitati

493 4093 841 4140 personarum
900 4079 1048 4128 verbi
1115 4080 1472 4142 pluralitatem
1536 4079 1757 4129 reddere
1824 4081 2029 4136 debuit,
2091 4085 2141 4130 et

495 4151 694 4209 dicere,
724 4155 850 4200 sunt
881 4151 1025 4215 :jam
1057 4156 1271 4214 propter
1303 4151 1608 4214 praedicata)
1667 4151 1907 4201 veritatis
1953 4153 2140 4214 singu-

495 4224 780 4280 laritatem,
839 4222 1186 4285 singulariter
1237 4224 1386 4280 dixit,
1473 4227 1573 4272 est.
1649 4224 1778 4273 Ecce
1843 4224 1945 4272 boc
2013 4223 2140 4272 item

497 4295 737 4358 exemplo
765 4299 910 4358 patet
943 4297 1238 4354 veritatem,
1271 4309 1389 4358 quas
1423 4296 1489 4344 de
1539 4295 1766 4358 singulis
1824 4295 2144 4357 praedicatur

498 4366 728 4422 divisim,
764 4367 828 4416 de
879 4366 1082 4416 eisdem
1131 4368 1288 4415 simul
1336 4366 1574 4415 collectis
1623 4367 1921 4429 praedicari.
1979 4367 2144 4430 Igitur
2173 4372 2219 4437 Ι)

500 4453 606 4486 una
637 4438 834 4488 veritas
865 4439 1056 4487 borum
1091 4440 1133 4486 si
1168 4442 1348 4497 est(ut
1397 4440 1606 4501 utrique
1655 4442 1751 4496 est)
1803 4440 1857 4487 in
1903 4438 1985 4486 bis
2035 4451 2143 4486 una

500 4509 818 4566 substantia,
858 4511 959 4557 hoc
991 4514 1072 4559 est
1091 4512 1340 4568 essentia,
1374 4524 1590 4559 necesse
1620 4516 1700 4558 est
1746 4511 1989 4559 eamdem
2051 4523 2144 4558 ve-

501 4581 710 4631 ritatem
743 4582 807 4630 de
838 4583 969 4645 ipsis
996 4581 1421 4631 substantialiter
1469 4583 1747 4644 praedicari
1791 4584 1856 4631 de
1906 4582 2142 4630 bonitate

503 4666 735 4714 quoque,
782 4658 835 4700 et
883 4653 946 4701 de
993 4653 1543 4708 incommutabilitate,
1593 4658 1646 4702 et
1688 4654 1752 4702 de
1803 4653 2033 4716 justitia,
2093 4657 2146 4701 et

504 4724 569 4770 de
600 4724 1014 4788 omnipotentis,
1047 4739 1106 4773 ac
1137 4726 1200 4773 de
1231 4727 1294 4774 de
1327 4727 1532 4774 casteria
1562 4725 1832 4783 omnibus,
1865 4740 1984 4789 quas
2035 4730 2143 4774 tam

505 4795 570 4843 de
601 4797 826 4856 singulis
858 4796 1090 4857 divisim,
1122 4812 1276 4856 qnam
1326 4798 1483 4846 simul
1533 4799 1595 4846 de
1643 4799 1895 4847 omnibus
1953 4798 2146 4860 praedi-

505 4879 688 4913 camus
736 4868 1090 4930 singulariter.
1137 4869 1327 4931 Supple
1360 4885 1377 4918 :
1425 4869 1568 4917 Idem
1619 4871 1842 4918 dicimus
1886 4870 2029 4932 quod
2082 4869 2146 4918 de

504 4938 711 4988 Deitate
748 4944 798 4987 et
833 4940 896 4988 de
928 4941 1153 4989 veritate
1201 4942 1400 4990 dictum
1462 4947 1559 4998 est,
1610 4943 1752 5003 quod
1802 4941 2051 4990 videlicet
2104 4942 2147 4988 si

507 5015 635 5058 sunt
670 5012 747 5070 (ut
776 5009 962 5073 utique
995 5015 1140 5070 sunt)
1194 5026 1301 5060 una
1350 5013 1541 5061 horum
1591 5011 1774 5074 trium,
1827 5011 2146 5076 substantia,

509 5083 852 5130 manifestum
886 5086 968 5131 est
995 5097 1079 5139 ea,
1110 5084 1216 5130 imo
1248 5084 1346 5131 sub
1379 5085 1664 5133 multorum
1698 5085 2006 5134 diversitate
2045 5098 2149 5133 no-

507 5155 712 5202 minum
744 5155 794 5202 id
827 5155 893 5202 de
925 5155 1055 5215 ipsis
1085 5154 1510 5204 substantialiter
1541 5155 1666 5204 dici.

577 5225 734 5283 Unde,
785 5225 935 5289 etc.]
993 5226 1278 5287 Hucusque
1328 5226 1605 5275 catholicae
1666 5227 1784 5276 ﬁdei
1838 5228 2153 5275 auctoritate

509 5298 848 5346 conﬁrmavit
919 5297 1059 5344 illam
1125 5311 1233 5345 suae
1297 5299 1724 5346 ratiocinationis
1774 5305 1972 5360 partem
2049 5313 2156 5361 qua

510 5368 708 5417 dicitur
741 5384 752 5417 :
786 5368 1055 5430 Quidquid
1094 5370 1158 5415 de
1185 5371 1286 5417 er
1346 5370 1768 5418 substantialiter
1815 5372 2153 5431 praedicatur,

511 5439 563 5488 id
597 5445 646 5487 et
676 5440 739 5488 de
774 5442 942 5499 Patre,
976 5444 1027 5487 et
1059 5440 1211 5494 Filio,
1269 5444 1320 5488 et
1365 5440 1430 5487 de
1479 5440 1678 5502 Spiritu
1725 5446 1926 5497 sancto,
1977 5446 2028 5489 et
2075 5441 2153 5488 di-

511 5509 689 5569 visim,
721 5517 772 5558 et
801 5512 958 5560 simul
994 5510 1302 5572 suppositis,
1344 5510 1690 5571 singulariter
1739 5512 1957 5561 dieitur.
2010 5513 2160 5561 Nunc

517 5587 889 5642 assumpturus
920 5584 1061 5644 quod
1097 5582 1304 5630 nullum
1352 5597 1536 5630 eorum
1588 5599 1617 5631 a
1664 5583 1857 5647 quibus
1917 5588 2024 5633 tres
2059 5585 2159 5632 illa:

519 5660 645 5702 sunt
681 5655 1085 5718 appellationes,
1137 5657 1188 5704 id
1245 5661 1340 5716 est,
1387 5656 1561 5716 Pater,
1611 5663 1664 5706 et
1704 5658 1885 5716 Filius,
1936 5663 1988 5705 et
2048 5658 2165 5719 Spi-

1048 5740 1223 5788 neque
1245 5726 1478 5788 divisim,
1501 5740 1677 5792 neque
1710 5729 1870 5778 simul
1897 5727 1965 5778 de
1991 5729 2166 5778 omni-

518 5723 657 5777 ritus
736 5729 974 5786 sanctus,

1345 152 1418 204 IN
1458 146 1724 204 LIBRUM
1764 145 1854 200 DE
1893 139 2192 199 PREDIC.
2231 138 2454 196 TRIUM
2493 142 2974 200 PERSONARUM

467 284 700 348 Spiritus
730 285 948 331 sanctus
977 283 1104 331 sunt
1132 293 1275 330 unus
1304 279 1492 328 factor.
1523 277 1704 338 Neque
1745 278 1932 348 tamen
1961 271 2111 348 prin-_
2139 269 2195 336 Α
2220 267 2322 348 bus
2362 269 2586 348 dicitur,
2636 273 2691 318 et
2739 271 3096 348 conclusurus
3126 280 3159 348 Δτ

3679 148 3779 203 1808

3211 266 3411 318 nullum
3459 268 3605 330 igitur
3650 285 3789 323 eorum

2224 341 2648 390 substantialiter
2695 342 3035 404 praedicatur,
3090 345 3142 390 et
3188 340 3287 389 hoc
3351 354 3442 402 per
3500 341 3676 404 singula
3719 346 3792 395 de-

2223 417 2636 471 monstraturus,
2687 413 2837 476 prius
2884 412 3059 463 tacitis
3107 412 3415 461 nominibus
3463 411 3589 472 istis,
3627 416 3667 463 id
3714 424 3791 473 est,

2225 485 2400 543 Pater,
2451 485 2636 540 Filius,
2683 486 2912 548 Spiritus
2961 490 3194 540 sanctus,
3237 483 3552 547 generaliter
3600 487 3676 542 ait,
3734 503 3794 540 ea.

2225 562 2278 606 et
2308 571 2428 619 quin
2464 557 2516 605 in
2548 571 2777 619 quorum
2824 556 3170 619 generalitate
3221 556 3333 604 haec
3383 555 3620 616 specialia
3665 561 3798 608 conti-

2227 634 2443 679 nentur.
2493 630 2766 693 Tanquam
2817 628 2979 693 igitur
3025 628 3401 691 assumptionis
3440 632 3590 689 atque
3639 633 3802 679 conclu.

2225 702 2394 750 sionis
2425 701 2599 750 locum
2633 702 2865 751 breviter
2920 715 3031 750 suae
3081 699 3468 749 ratiocinationi
3518 701 3797 752 interserens.

2226 773 2546 835 generaliter
2600 773 2675 820 ait
2731 787 2742 820 :
2795 772 2947 821 Unde
2999 777 3222 834 apparet
3263 786 3336 820 ea.
3391 769 3544 828 Quasi
3597 771 3796 821 diceret:

2228 843 2422 899 Deitas,
2471 843 2688 900 veritas,
2735 840 2965 901 bonitas,
3017 847 3067 890 et
3115 855 3466 906 quaecumque
3545 846 3712 888 caetera
3755 843 3800 890 ds

2229 913 2399 962 tribus
2451 913 2871 963 substantialiter
2924 915 3300 976 praedicantur.
3345 913 3410 960 de
3464 911 3563 959 illis
3606 913 3800 961 omnibus

2229 991 2281 1036 et
2315 984 2528 1034 divisim
2579 989 2630 1034 et
2677 986 3002 1049 conjunctim
3049 986 3340 1048 suppositis
3385 984 3640 1032 dicuntur.
3689 983 3804 1033 Unde

2228 1063 2451 1120 apparet
2517 1071 2580 1106 ea
2645 1058 2960 1118 generaliter
3006 1070 3339 1119 quaecunque
3388 1054 3514 1111 sint,
3565 1069 3670 1116 que
3720 1069 3803 1103 cum

2228 1130 2284 1179 in
2341 1131 2564 1194 singulis
2611 1130 2901 1193 separatim
2950 1130 3052 1179 dici
3100 1129 3369 1190 convenit,
3423 1142 3522 1177 nec
3567 1135 3718 1177 tamen
3761 1144 3804 1177 eo

2228 1203 2370 1266 quod
2404 1203 2654 1266 singulari
2687 1204 2902 1251 nomine
2934 1204 2986 1251 in
3019 1203 3269 1252 omnibus
3325 1202 3430 1250 dici
3478 1205 3682 1264 queunt.
3730 1215 3803 1249 non

2227 1274 2650 1324 substantialiter
2680 1274 2977 1336 praedicari,
3009 1275 3098 1322 sed
3145 1275 3324 1336 potius
3370 1272 3478 1322 alio
3524 1272 3684 1321 modo.
3737 1272 3804 1328 Qui

2227 1359 2356 1394 vero
2387 1345 2486 1394 iste
2511 1345 2704 1394 modus
2734 1345 2819 1402 sit,
2853 1347 3119 1408 posterius
3141 1359 3401 1408 qureram.

2289 1455 2422 1504 Nam
2455 1455 2565 1518 qui,
2598 1459 2695 1503 etc.
2726 1455 2746 1518 ]
2776 1454 2934 1512 Quasi
2968 1470 2979 1503 :
3011 1453 3150 1504 Vere
3192 1466 3529 1516 quascunque
3575 1451 3634 1500 de
3685 1451 3808 1514 quoli-

2228 1527 2320 1576 bet
2353 1525 2578 1575 istorum
2612 1526 2768 1574 trium
2801 1526 3085 1587 separatim
3127 1525 3282 1584 dicta,
3341 1537 3456 1573 non
3500 1523 3563 1572 de
3615 1522 3807 1571 omnibus

2229 1597 2417 1646 eodem
2470 1596 2732 1660 singulari
2774 1597 2989 1644 nomine
3038 1596 3314 1655 dicuntur,
3381 1608 3494 1643 non
3555 1594 3809 1642 substantia-

2231 1669 2355 1719 liter
2381 1668 2745 1731 prmdicantur
2779 1668 2844 1716 de
2875 1668 3023 1730 ipsis.
3073 1667 3226 1724 Nam,
3275 1666 3380 1717 ista
3431 1664 3641 1718 scilicet.
3684 1664 3807 1714 Pater.

2231 1741 2416 1795 Filius,
2489 1740 2716 1801 Spiritus
2777 1744 3009 1794 sanctus,
3078 1752 3198 1800 que
3264 1739 3307 1786 si
3371 1739 3709 1801 pradicantur
3766 1738 3808 1783 de

2232 1811 2477 1875 singulis,
2511 1818 2654 1874 quod
2705 1824 2812 1859 non
2856 1811 2920 1859 de
2964 1809 3235 1866 omnibus,
3282 1809 3492 1858 minine
3553 1809 3810 1856 substantia-

2232 1883 2355 1932 liter
2385 1883 2766 1944 praedicantur,
2799 1882 2940 1944 quod
2973 1882 3089 1931 sine
3118 1882 3467 1944 ambiguitate
3515 1886 3700 1928 certum
3743 1884 3808 1926 est.

2231 1955 2325 2004 Ille
2359 1955 2554 2003 etenim
2609 1954 2697 2016 qui
2749 1960 2827 2002 est
2869 1953 3041 2009 Pater,
3095 1953 3197 2001 hoc
3242 1952 3568 2001 vocabulum
3620 1965 3710 2013 quo
3732 1952 3808 2012 ipse

2231 2026 2389 2075 Pater
2418 2028 2659 2079 vocatur,
2693 2039 2802 2073 non
2836 2023 3152 2073 transmittit
3200 2024 3265 2072 ad
3316 2023 3535 2078 Filium,
3580 2035 3728 2084 neque
3768 2020 3810 2068 sd

2232 2097 2488 2161 Spiritum
2523 2102 2768 2144 sanctum
2803 2110 2815 2144 :
2854 2101 2912 2144 ut
2945 2097 3162 2153 scilicet,
3194 2095 3279 2143 vel
3323 2096 3417 2156 qui
3477 2093 3628 2142 Filius
3654 2098 3730 2151 est,
3757 2092 3810 2138 rei

2234 2172 2326 2234 qui
2357 2169 2588 2231 Spiritus
2622 2173 2838 2216 sanctus
2869 2174 2964 2227 est,
3016 2171 3204 2216 eodem
3259 2166 3528 2215 vocabulo
3575 2165 3811 2213 nominetur

2234 2245 2408 2292 Pater.
2447 2242 2562 2299 Quo
2597 2239 2654 2288 ﬁt
2686 2243 2742 2287 ut
2774 2240 2875 2288 hoc
2902 2253 3100 2288 nomen
3149 2240 3294 2302 quod
3343 2243 3428 2286 est
3463 2237 3632 2291 Pater,
3673 2238 3710 2282 ei
3750 2236 3810 2296 qui

2235 2316 2381 2364 solus
2414 2313 2610 2360 dicitur
2642 2313 2812 2367 Pater,
2870 2325 2976 2360 non
3025 2313 3092 2359 sit
3138 2310 3371 2358 inditum
3421 2308 3747 2364 substantiale,
3779 2308 3809 2353 id

2237 2391 2334 2440 est,
2364 2399 2448 2433 res
2475 2397 2593 2447 qua;
2622 2383 2723 2430 hoc
2755 2383 2974 2430 nomine
3001 2383 3344 2444 praedicatur,
3382 2395 3490 2429 non
3527 2386 3601 2428 est
3636 2379 3730 2440 ejus
3769 2381 3810 2424 de

2236 2472 2342 2520 quo
2374 2457 2694 2515 praedicatur
2723 2454 3042 2509 substantia,
3097 2467 3240 2501 vere.
3281 2454 3416 2501 Nam
3467 2453 3509 2500 si
3554 2455 3680 2500 esset
3723 2451 3807 2496 sub-

2237 2526 2483 2577 stantiale
2518 2527 2617 2574 hoc
2648 2539 2862 2584 nomen,
2893 2525 2947 2573 id
2995 2529 3075 2574 est
3120 2539 3202 2572 res
3250 2537 3375 2586 qua
3425 2537 3489 2572 eo
3546 2523 3810 2584 praedicatur.

2238 2606 2295 2649 ut
2328 2601 2485 2655 Deus,
2520 2598 2572 2646 id
2607 2603 2686 2646 est
2717 2597 2916 2653 Deitas,
2953 2603 3009 2646 ut
3038 2598 3250 2651 veritas,
3283 2601 3343 2644 ut
3371 2596 3593 2659 justitia,
3643 2599 3689 2641 ut
3733 2596 3811 2653 ipsa

2238 2685 2452 2734 quoque
2485 2668 2802 2729 substantia,
2835 2669 2884 2716 id
2917 2674 2997 2717 est
3031 2673 3092 2717 ut
3118 2667 3275 2720 οὐσία
3308 2682 3317 2715 :
3358 2669 3608 2730 quoniam
3633 2666 3715 2714 hoc
3746 2678 3811 2711 no-

2236 2745 2380 2794 mine
2429 2743 2572 2805 quod
2628 2746 2706 2790 est
2765 2741 3065 2788 substantia
3121 2742 3498 2802 praedicamus,
3547 2740 3605 2788 de
3663 2736 3810 2786 caeteris

2239 2829 2473 2880 quoque,
2508 2815 2557 2861 id
2591 2819 2670 2861 est
2701 2813 2828 2861 Filio
2859 2817 2910 2860 et
2944 2811 3144 2873 Spiritu
3181 2818 3369 2860 sancto
3419 2811 3682 2860 diceretur.
3721 2807 3810 2880 Item

2239 2876 2400 2936 Filius
2431 2885 2576 2933 solus
2608 2884 2795 2945 recipit
2829 2881 2930 2930 hoc
2981 2896 3201 2934 nomen.
3245 2883 3390 2944 quod
3443 2892 3521 2931 est
3561 2882 3714 2929 Filius.
3739 2876 3812 2924 Ne-

2241 2973 2343 3025 que
2375 2957 2514 3003 enim
2552 2968 2670 3002 cum
2710 2953 2845 3013 aliis,
2903 2953 2954 3000 id
3000 2958 3095 3013 est,
3148 2953 3298 3001 Patre
3349 2956 3408 3000 et
3451 2951 3810 3025 Spiritugsancto

2237 3021 2365 3084 illud
2389 3027 2589 3093 jungit,
2616 3027 2667 3075 id
2706 3032 2786 3075 est
2815 3028 2916 3075 hoc
2949 3025 3166 3074 nomine
3197 3041 3211 3085 ;
3246 3039 3424 3089 neque
3456 3025 3537 3073 ille
3582 3023 3660 3086 qui
3701 3021 3810 3069 Pater

2235 3111 2329 3164 est,
2389 3117 2561 3164 neque
2618 3100 2708 3162 qui
2764 3100 2995 3162 Spiritus
3055 3102 3274 3146 sanctus
3334 3103 3438 3153 est,
3499 3099 3674 3145 dicitur
3726 3104 3806 3140 esse

2234 3176 2400 3226 Filius
2437 3171 2613 3222 :sicut
2644 3171 2698 3219 in
2727 3172 2851 3224 Deo,
2886 3171 2935 3218 id
2974 3175 3054 3217 est
3093 3170 3148 3217 in
3196 3171 3297 3218 hoc
3345 3171 3560 3218 nomine
3600 3165 3716 3228 quod
3755 3167 3808 3209 est

2234 3249 2394 3300 Deus,
2427 3244 2566 3292 sicut
2599 3245 2650 3290 in
2685 3243 2927 3296 veritate,
2962 3241 3013 3289 id
3052 3247 3132 3290 est
3167 3240 3220 3288 iu
3255 3244 3354 3289 hoc
3390 3242 3598 3289 nomine
3625 3235 3810 3300 quodest

2235 3319 2447 3372 veritas,
2513 3317 2647 3362 sicut
2697 3316 2749 3361 in
2814 3313 3020 3362 caeteris
3083 3311 3396 3360 nominibus
3443 3326 3559 3372 quas
3626 3308 3807 3368 superius

2233 3389 2488 3450 diximus,
2521 3387 2718 3449 quibus
2749 3399 2856 3433 una
2887 3383 3060 3444 οὐσία,
3095 3399 3214 3447 qua:
3263 3385 3371 3432 illis
3421 3383 3731 3438 signiﬁcatur,
3766 3378 3807 3422 de

2237 3464 2405 3511 tribus
2437 3473 2664 3522 quorum
2699 3467 2777 3505 est
2807 3457 3040 3504 essentia
3073 3458 3278 3504 divisim
3330 3464 3387 3504 et
3434 3454 3674 3505 ουΗση-ῑὶω
3715 3463 3806 3511 μηδ’

2237 3535 2462 3582 dicatur.
2497 3531 2586 3580 llle
2617 3543 2827 3592 quoque
2859 3531 2946 3590 qui
2980 3530 3077 3576 etsi
3130 3543 3250 3576 curn
3305 3530 3454 3577 Patre
3503 3537 3552 3575 et
3592 3527 3697 3573 Filio
3734 3533 3805 3568 non

2239 3607 2398 3655 modo
2429 3605 2493 3651 ab
2525 3599 2682 3654 οὐσία
2712 3601 2959 3661 Spiritus,
3013 3600 3104 3648 sed
3149 3601 3305 3648 etiam
3351 3601 3419 3648 ab
3470 3612 3562 3646 usu
3616 3595 3807 3644 muneris.

2239 3677 2329 3741 qui
2363 3691 2424 3724 ex
2486 3677 2656 3723 tribus
2704 3672 2984 3733 aequaliter
3033 3677 3130 3727 est,
3185 3673 3268 3719 vel
3316 3673 3382 3720 ab
3432 3671 3698 3720 eternitate
3737 3676 3807 3724 qua

2238 3761 2450 3806 semper
2479 3751 2619 3798 sunt,
2652 3746 2794 3808 quod
2830 3741 2981 3795 οὐσία
3029 3758 3127 3791 sua
3174 3748 3318 3797 sunt,
3370 3753 3580 3790 sanctus
3637 3744 3797 3808 vocalur

2240 3825 2420 3869 tamen
2455 3806 2979 3864 horumfnominum
3025 3816 3476 3875 appellationibus
3521 3813 3580 3860 ad
3638 3806 3806 3882 proprie.

2241 3898 2424 3945 tatem,
2457 3905 2558 3952 qua
2593 3889 2658 3936 ab
2690 3890 2876 3936 eodem
2916 3888 3059 3935 Patre
3091 3895 3141 3934 et
3173 3887 3304 3935 Filio
3353 3887 3666 3944 intelligitur.
3713 3879 3804 3954 alio!

2243 3950 2531 4012 contractis
2564 3960 2890 4008 nominatur.
2925 3959 3158 4021 Spiritus
3206 3963 3427 4005 sanctus
3471 3971 3573 4004 non
3624 3957 3686 3999 est
3711 3950 3802 4026 idem

2244 4037 2335 4099 qui
2367 4035 2524 4081 Pater
2555 4047 2615 4080 ac
2646 4032 2736 4093 qui
2791 4030 2955 4078 Filius
3003 4037 3101 4079 est.
3155 4029 3354 4077 Deinde
3401 4042 3548 4077 suam
3593 4026 3805 4074 ratiocina-

2243 4111 2441 4158 tionem
2476 4105 2768 4160 concludit,
2803 4111 2854 4152 et
2887 4107 3000 4153 ait:
3036 4106 3105 4154 Ex
3140 4104 3222 4152 his
3249 4105 3430 4166 igitur,
3461 4104 3511 4150 id
3557 4105 3640 4154 est,
3686 4104 3804 4172 qutu-

2246 4180 2532 4244 doquidem
2588 4177 2844 4240 quidquid
2893 4175 2958 4224 de
3006 4175 3112 4224 Deo
3155 4165 3572 4223 substantialiter
3619 4165 3805 4244 praedict-

2246 4240 2349 4313 tur,
2382 4258 2439 4299 ut
2468 4258 2521 4299 et
2555 4252 2620 4298 de
2647 4249 2821 4303 Patre,
2855 4253 2907 4297 et
2936 4248 3001 4296 de
3034 4249 3178 4305 Filio,
3234 4253 3288 4296 et
3335 4247 3402 4296 de
3450 4244 3630 4308 Spiritu
3661 4240 3802 4313 sancto.

2251 4329 2300 4375 et
2331 4311 2563 4376 divisim,
2597 4325 2649 4370 et
2699 4319 2858 4368 simul
2917 4319 3209 4384 suppositis
3259 4317 3593 4381 singulariter
3634 4311 3802 4360 dicitur:

2251 4409 2425 4459 neque
2459 4407 2584 4442 vero
2619 4395 2788 4447 Pater,
2819 4405 2991 4453 neque
3041 4392 3218 4446 Filius,
3262 4404 3436 4453 neque
3484 4385 3686 4459 Spiritus
3725 4389 3801 4426 ιω·

2253 4455 2388 4527 ctus,
2422 4467 2487 4516 de
2519 4466 2720 4515 eisdem
2752 4464 3004 4513 omnibus
3035 4464 3117 4513 vel
3174 4464 3387 4511 divisim
3439 4462 3516 4509 vel
3559 4455 3801 4529 simules?-

2253 4540 2442 4606 positis
2477 4540 2686 4594 dicitur,
2722 4542 2862 4586 recte
2925 4537 3272 4599 intelligimus
3321 4536 3543 4588 Patrem,
3583 4535 3627 4606 et
3658 4527 3801 4606 Filius)!

2255 4595 2307 4663 et
2335 4613 2588 4674 Spiritum
2620 4615 2882 4670 sanctum,
2914 4607 2967 4657 id
3001 4611 3081 4658 est
3099 4595 3175 4657 "ea
3207 4621 3237 4655 a
3261 4608 3456 4670 quibus
3485 4611 3582 4654 tres
3608 4595 3799 4674 inefre!

2255 4667 2663 4747 appellationes,
2697 4694 2807 4729 non
2838 4667 3411 4729 substantialiter—dici
3464 4676 3526 4725 de
3571 4667 3799 4748 ipsalli'j:

2257 4737 2439 4815 nitate,
2489 4753 2539 4801 id
2586 4756 2665 4800 est
2713 4752 2777 4800 de
2827 4752 2928 4800 illis
2980 4754 3090 4814 qui,
3141 4750 3392 4813 quoniam
3440 4748 3544 4796 sola
3592 4737 3797 4815 Divinitaté

2258 4833 2383 4878 sunt
2412 4805 2520 4876 non
2548 4827 2707 4874 modo
2749 4825 2908 4880 Deus,
2964 4805 3170 4872 viarum-
3206 4822 3367 4871 etiam
3414 4819 3646 4869 Divinitas
3678 4805 3796 4872 ιρρει·

2259 4902 2455 4954 lantur,
2488 4899 2582 4946 sed
2633 4897 2813 4960 potius
2859 4897 2963 4944 alio
3011 4895 3243 4958 quodam
3287 4895 3377 4958 qui
3432 4893 3534 4955 jam
3585 4883 3797 4960 exponenti

2259 4953 2452 5027 modo,
2490 4984 2554 5018 ea
2599 4953 2948 5030 intelligimus
2988 4953 3112 5015 dici.
3151 4967 3205 5015 Si
3253 4953 3599 5026 enimpquasi
3640 4967 3651 5006 :
3696 4953 3794 5030 Βίοις

2262 5016 2841 5094 {inlimitata
2891 5039 3318 5089 substantialiter
3368 5016 3495 5086 dici:
3529 5046 3583 5081 ex
3623 5041 3671 5076 eo
3703 5016 3792 5100 Μ

2263 5129 2373 5165 non
2427 5114 2492 5162 de
2537 5113 2789 5161 omnibus
2836 5110 2921 5160 vel
2968 5111 3198 5164 divisim,
3260 5109 3340 5158 vel
3387 5105 3532 5156 simul
3576 5100 3792 5168 suppositiS

2265 5189 2432 5242 Patre,
2463 5191 2513 5234 et
2543 5184 2690 5239 Filio,
2725 5189 2777 5232 et
2807 5184 3007 5246 Spiritu
3054 5185 3258 5239 sancto,
3305 5182 3582 5231 dicuntur;
3626 5173 3658 5218 si
3702 5172 3791 5246 snitu

2266 5259 2543 5323 quodlibet
2614 5257 2805 5305 horum
2854 5245 3295 5304 substantialiter
3345 5245 3790 5323 praedicaretur,

2269 5307 2380 5380 tum
2413 5334 2493 5379 est
2523 5330 2662 5390 quod
2697 5327 2843 5376 etde
2893 5326 3118 5386 singulis
3161 5307 3388 5379 divisim,
3440 5327 3486 5370 et
3529 5319 3585 5366 de
3624 5307 3793 5390 omnibus

2270 5404 2426 5454 simul
2483 5386 2776 5466 suppositis
2833 5400 3178 5463 singulariter
3250 5399 3502 5446 diceretur
3551 5405 3562 5437 ε
3609 5386 3789 5466 ναυίῗξη-θξῗ

2271 5477 2510 5524 omnium
2556 5462 2650 5522 illa
2695 5487 2800 5535 qua
2850 5462 2976 5520 sunt
3019 5469 3340 5524 substantia,
3404 5471 3476 5515 est
3524 5462 3789 5510 tantulum“

2275 5563 2399 5598 una.

2336 5657 2451 5705 Haec
2481 5669 2598 5704 vero
2629 5654 2702 5703 ad
2727 5653 2937 5717 aliquid
2961 5651 3083 5701 dici.
3115 5650 3133 5717 ]
3163 5651 3305 5700 Dixit
3349 5649 3457 5699 hac
3494 5653 3585 5694 non
3618 5631 3785 5717 ιριξεεξξ

2274 5697 2469 5779 tia-liter
2485 5697 3082 5788 wsedw
3437 5717 3513 5768 ille
3551 5704 3698 5762 mod“
3725 5697 3784 5746 "iv
