4022 6174
218 201 357 257 1309

1288 204 1610 261 GILBERTI
1650 204 1992 262 PORRETJE
2031 204 2563 265 COMMENTARIA.

3488 202 3630 259 1310

220 326 396 389 aperit
424 324 608 374 dicens
637 339 652 375 :
679 326 1022 377 Manifestum
1057 342 1184 377 vero
1216 334 1296 377 est
1348 328 1463 378 haec
1510 330 1614 378 dici
1667 330 1731 378 ad
1779 329 1869 378 ali-
1901 332 1954 397 Α
1984 331 2324 394 ρτωόἱεειῑιιιι,
2358 333 2653 383 secundum
2702 331 3024 393 singularem
3074 333 3126 380 et
3174 328 3465 392 simplicem
3519 342 3628 392 qua

231 398 383 462 quid,
416 397 469 445 id
501 401 580 446 est
610 399 903 447 secundum
938 414 1001 448 ea
1031 414 1151 464 qua:
1181 400 1264 449 his
1318 402 1627 449 nominibus
1673 400 1872 464 praedi-

229 474 443 525 cantur,
469 468 521 516 id
554 472 633 516 est
660 471 953 519 secundum
987 485 1045 519 ea
1077 486 1197 534 quas
1228 471 1309 520 his
1339 473 1647 521 nominibus
1678 471 1875 533 praedi-

227 545 441 597 cantur,
473 539 592 587 illos
622 539 687 588 de
724 541 918 603 quibus
947 543 1198 592 dicuntur
1230 543 1329 591 hoc
1376 544 1551 607 ipsum
1601 544 1741 606 quod
1792 544 1875 591 his

227 610 536 675 praedicatis
583 615 707 660 sunt
759 612 983 662 aliorum
1035 628 1171 674 esse,
1221 628 1361 663 vere.
1422 616 1550 663 Nam
1610 621 1660 663 et
1715 614 1876 663 Pater

225 683 478 747 alicujus,
516 682 569 731 id
607 688 686 732 est
715 685 833 733 Filii
867 691 946 734 est
993 686 1191 745 Pater;
1245 690 1297 735 et
1342 688 1659 746 conversim,
1708 688 1875 737 Filius

223 769 445 819 quoque
514 755 756 818 alicujus,
808 757 857 805 id
910 762 989 805 est
1045 759 1210 806 Patris
1262 763 1340 807 est
1386 758 1568 807 Filius.
1646 759 1875 819 Spiritus

221 826 385 876 etiam
419 828 664 890 alicujus,
698 829 746 875 id
780 834 861 877 est
890 829 1064 878 Patris
1097 835 1189 879 aut
1217 830 1357 885 Filii,
1408 830 1516 881 imo
1570 838 1621 881 et
1668 831 1783 881 Filii
1821 837 1875 881 et

223 898 475 961 Spiritus.
508 900 559 947 id
592 902 673 947 est
702 899 988 948 connexio.

294 970 400 1030 Quo
426 972 507 1034 fit,
540 971 687 1032 elc.]
741 971 839 1018 Hic
889 973 1424 1022 commemorandum
1474 973 1684 1023 videtur
1729 976 1872 1037 quod

223 1042 411 1091 unitas
444 1040 685 1089 omnium
719 1056 748 1090 a
781 1056 835 1090 se
868 1041 1163 1092 divisorum
1198 1043 1251 1091 in
1287 1045 1525 1106 quolibet
1560 1046 1871 1096 facultatum

222 1126 420 1176 genere
469 1113 1003 1176 prmdicamcntorum
1060 1129 1237 1163 comes
1288 1121 1380 1163 est.
1428 1115 1560 1164 Nam
1612 1118 1677 1165 de
1736 1132 1875 1181 quo-

222 1197 439 1245 cunque
472 1183 673 1246 aliquid
705 1184 1051 1246 praedicatur,
1091 1185 1141 1234 id
1195 1188 1478 1248 praedicam
1522 1188 1735 1251 quidem
1796 1194 1875 1239 est

220 1255 328 1303 hoc
366 1255 512 1317 quod
550 1256 766 1303 nomine
797 1255 863 1303 ab
894 1257 1079 1306 eodem
1113 1258 1211 1307 sibi
1245 1257 1434 1313 indito,
1469 1263 1520 1307 et
1549 1260 1696 1308 verbi
1744 1262 1874 1309 sub-

218 1327 442 1376 stantivi
502 1326 896 1387 compositione
942 1328 1097 1391 cujus
1154 1328 1477 1379 adminiculo
1534 1332 1871 1393 praadicatur,

217 1410 338 1447 esse
401 1396 753 1461 signiﬁcatur,
813 1398 904 1446 sed
976 1401 1182 1449 unitate
1240 1399 1343 1462 ipsi
1392 1402 1733 1452 coaccidente
1796 1410 1876 1451 est

223 1482 437 1517 unum:
487 1475 544 1519 ut
594 1468 769 1517 album
826 1470 1077 1518 albedine
1125 1471 1339 1534 quidem
1392 1472 1570 1521 album
1630 1479 1726 1530 est,
1780 1476 1871 1523 sed

217 1541 430 1590 unitate
485 1540 831 1590 coaccidente
882 1540 1136 1599 albedini,
1183 1558 1369 1599 unum,
1439 1550 1491 1593 et
1534 1547 1688 1594 simul
1734 1548 1873 1597 albe-

216 1611 348 1661 dine
396 1616 448 1661 et
492 1613 608 1675 ejus
658 1612 852 1660 comite
903 1614 1102 1663 unitate
1143 1621 1222 1663 est
1268 1616 1443 1664 album
1490 1631 1677 1666 unum.
1730 1620 1869 1675 Qua-

216 1688 615 1761 propter___cu_m
666 1684 831 1732 multa
895 1685 1259 1761 praedicantur
1306 1688 1391 1761 de
1452 1704 1577 1749 uno,
1636 1691 1868 1752 quodam
1908 1696 1953 1761 Β

212 1755 378 1803 modo
436 1756 567 1806 illud
627 1769 794 1803 unum
855 1760 937 1805 est
991 1758 1177 1819 multa,
1229 1759 1486 1822 quoniam
1541 1760 1744 1811 scilicet
1790 1768 1870 1812 est

210 1826 420 1875 multis.
471 1825 727 1885 Quamvis
786 1827 929 1876 enim
980 1841 1089 1876 non
1143 1830 1211 1878 sit
1254 1844 1511 1879 numerus
1559 1832 1673 1894 ejus
1722 1835 1867 1897 quod

208 1902 398 1951 multis
447 1904 543 1956 est,
598 1905 677 1947 est
730 1910 909 1948 tamen
963 1914 1239 1962 numerus,
1285 1906 1336 1950 et
1397 1917 1580 1952 eorum
1638 1918 1867 1961 quorum

210 1985 543 2035 unoquoque
595 1975 693 2029 est,
748 1975 799 2019 et
852 1972 1105 2020 unitatem
1158 1972 1257 2020 illis
1310 1974 1685 2031 accidentium,
1743 1989 1871 2037 qua-

207 2057 331 2092 rum
368 2055 707 2105 unaquaeque
742 2055 910 2089 unum
945 2048 1043 2090 est.
1093 2040 1222 2090 Cum
1274 2057 1401 2091 vero
1455 2057 1619 2093 unum
1670 2047 1867 2107 praedi-

208 2120 367 2165 catur
396 2113 463 2162 de
494 2112 696 2169 multis,
734 2115 902 2161 multa
932 2117 1057 2161 sunt
1090 2127 1256 2163 unum
1292 2130 1305 2163 :
1340 2119 1392 2163 et
1421 2130 1542 2164 cum
1591 2117 1756 2166 multa
1801 2119 1865 2167 de

204 2187 415 2241 multis,
448 2187 617 2233 multa
666 2190 792 2233 sunt
834 2184 1013 2233 mulia.
1073 2186 1201 2233 Nam
1236 2186 1387 2249 juxta
1437 2202 1720 2238 numerum
1779 2205 1864 2239 eo-

206 2273 327 2307 rum
360 2272 479 2321 quae
512 2256 879 2319 praedicantur
912 2270 1159 2316 unorum,
1192 2262 1273 2305 est
1299 2256 1458 2306 etiam
1514 2272 1696 2308 earum
1743 2274 1863 2323 quae

205 2331 317 2380 illis
343 2330 614 2388 accidunt,
651 2345 744 2393 per
806 2331 1092 2392 quamdam
1145 2332 1624 2381 conformationem
1675 2346 1865 2383 nume-

206 2417 302 2452 rus
367 2402 674 2451 unitatum:
731 2404 785 2449 et
841 2405 986 2449 caret
1030 2402 1209 2450 unitas
1256 2415 1508 2461 numero,
1558 2417 1676 2451 cum
1722 2402 1865 2453 illius

205 2474 372 2523 unius
423 2472 696 2535 priedicati
757 2472 843 2520 cui
899 2472 1171 2532 coaccidit,
1219 2472 1399 2521 nullus
1448 2478 1527 2523 est
1584 2488 1861 2523 numerus.

205 2546 473 2605 Quoniam
523 2557 651 2605 ergo
708 2542 1022 2606 paternitas,
1096 2548 1147 2593 et
1218 2544 1420 2603 ﬁliatio,
1468 2549 1519 2594 et
1576 2546 1863 2597 connexio.

202 2614 418 2663 diversa
447 2617 593 2671 sunt,
629 2618 843 2675 oportet
895 2615 1128 2663 unitates
1179 2628 1392 2676 quoque
1450 2630 1570 2678 quae
1619 2616 1720 2663 illis
1777 2616 1865 2663 ad-

202 2689 351 2741 sunt,
384 2699 413 2733 a
446 2698 501 2732 se
549 2683 779 2732 invicem
853 2698 969 2733 esse
1024 2685 1281 2733 diversas.
1327 2686 1390 2734 Et
1434 2687 1559 2747 quia
1616 2689 1863 2749 quamvis

212 2754 531 2805 substantias
561 2754 951 2811 substantialia,
997 2764 1091 2804 aut
1136 2755 1387 2804 accidens
1429 2755 1588 2811 adsit,
1640 2762 1697 2807 ut
1745 2772 1862 2807 cor-

208 2825 484 2889 poralitati
537 2827 808 2887 auimatio,
856 2830 909 2875 et
959 2826 1105 2875 color
1161 2826 1441 2884 accidenti,
1499 2831 1676 2877 tamen
1752 2842 1861 2878 non

209 2902 393 2963 potest
422 2898 607 2947 adesse
640 2898 959 2954 substantia,
983 2899 1218 2946 unitates
1267 2912 1385 2957 qua;
1434 2899 1632 2949 adsunt
1684 2907 1863 2963 pater-

206 2969 388 3025 nitati,
440 2974 491 3017 et
543 2968 808 3023 ﬂliationi,
860 2974 911 3017 et
960 2970 1303 3024 connexioni,
1360 2971 1554 3033 quibus
1608 2978 1733 3021 sunt
1760 2975 1862 3022 tria

208 3054 323 3089 non
356 3040 515 3089 modo
544 3041 661 3089 haec
691 3040 1001 3101 praedicata,
1034 3054 1219 3089 verum
1272 3042 1429 3090 etiam
1480 3042 1566 3090 illa
1613 3043 1678 3091 de
1741 3043 1863 3107 qui-

208 3112 315 3161 bus
384 3112 502 3174 ipsa
553 3112 929 3174 praedicantur,
979 3112 1030 3159 id
1082 3118 1179 3168 est,
1236 3114 1407 3169 Pater,
1458 3117 1511 3162 et
1565 3113 1748 3172 Filius.
1808 3122 1862 3165 et

208 3183 440 3247 Spiritus
502 3186 740 3239 sanctus,
799 3196 1141 3245 nequaquam
1221 3188 1473 3246 poterunt
1546 3199 1659 3234 esse
1735 3187 1862 3236 sub-

207 3255 445 3304 stantias.
478 3254 632 3304 Unde
666 3259 717 3303 et
746 3259 933 3304 auctor
961 3261 1103 3303 recte
1154 3256 1314 3304 infert
1366 3257 1551 3305 dicens
1581 3272 1593 3305 :
1655 3256 1768 3315 Quo
1806 3260 1863 3308 ﬁt

212 3332 275 3376 ut
306 3340 406 3375 nec
433 3326 673 3375 Trinitas
708 3326 924 3389 quidem
974 3327 1038 3374 de
1089 3328 1194 3377 Deo
1243 3327 1667 3377 substantialiter
1720 3345 1861 3393 prm-

210 3398 442 3448 dicetur.
475 3400 624 3457 Quod
656 3404 708 3448 et
743 3414 803 3448 ex
840 3413 905 3447 eo
937 3401 1278 3449 manifestum
1310 3405 1405 3456 est,
1441 3402 1580 3463 quod
1636 3415 1744 3452 non
1795 3405 1859 3453 de

210 3484 539 3533 unoquoque
594 3472 827 3527 illorum,
880 3472 931 3519 id
984 3478 1082 3528 est,
1136 3474 1304 3529 Patre,
1356 3477 1407 3521 et
1458 3473 1607 3531 Filio,
1661 3480 1713 3524 et
1745 3477 1858 3536 Spi-

211 3543 319 3592 ritu
354 3547 539 3592 sancto
572 3543 784 3591 divisim
817 3542 1032 3592 dicitur.
1066 3545 1217 3593 Pater
1262 3546 1401 3592 enim
1454 3558 1561 3593 non
1612 3551 1692 3595 est
1746 3548 1860 3596 Tri-

212 3615 374 3671 nitas,
410 3615 456 3664 id
496 3620 577 3664 est
608 3615 765 3664 Pater
800 3630 908 3664 non
942 3620 1023 3664 est
1069 3621 1177 3664 tres
1225 3616 1331 3677 isti,
1382 3631 1523 3665 vere.
1567 3616 1657 3667 Ille
1712 3620 1856 3668 enim

211 3688 306 3748 qui
338 3691 417 3735 est
446 3686 619 3744 Pater,
654 3686 805 3735 Pater
833 3684 1050 3750 quidem
1094 3689 1214 3743 est;
1269 3686 1360 3735 sed
1412 3700 1519 3735 non
1569 3694 1650 3737 est
1696 3689 1859 3738 Filius

209 3770 275 3805 ac
304 3756 531 3819 Spiritus
580 3761 815 3806 sanctus.
871 3759 999 3816 Quae
1049 3756 1360 3819 approbatio
1403 3758 1623 3806 omnino
1672 3772 1859 3809 ncces-

206 3827 351 3877 saria
388 3833 469 3877 est
502 3843 515 3876 :
545 3828 817 3891 quomodo
849 3830 992 3876 enim
1030 3832 1261 3877 nuitates
1292 3829 1414 3876 solis
1444 3829 1525 3876 his
1555 3843 1677 3891 quas
1719 3845 1856 3892 pras-

207 3900 457 3948 dicantur
507 3900 717 3958 adsunt,
770 3914 870 3947 nec
919 3899 1022 3947 nisi
1080 3901 1373 3949 secundum
1449 3902 1738 3962 praedicata
1792 3904 1856 3952 de

208 3973 466 4034 subjectis
492 3970 762 4035 aliquibus
814 3972 920 4019 dici
971 3978 1212 4034 possunt,
1264 3974 1589 4035 impossibile
1638 3981 1718 4024 est
1770 3991 1857 4024 eas

207 4043 319 4091 illis
348 4044 543 4106 quibus
580 4044 765 4092 adesse
798 4044 997 4092 debent
1026 4042 1340 4092 absentibus
1395 4046 1688 4106 praedicari.
1739 4047 1856 4095 Non

207 4127 336 4177 ergo
372 4118 545 4175 potest
574 4128 687 4162 esse
722 4128 862 4162 unus
892 4115 1077 4171 Filius,
1110 4115 1201 4177 qui
1233 4129 1341 4163 non
1394 4121 1474 4163 est
1519 4117 1700 4175 Filius,
1759 4132 1858 4167 nec

206 4198 353 4234 unus
382 4184 611 4247 Spiritus
643 4191 882 4245 sanctus,
914 4187 1005 4249 qui
1057 4199 1164 4235 non
1215 4190 1296 4234 est
1348 4186 1576 4250 Spiritus
1623 4195 1856 4239 sanctus.

203 4257 514 4306 Secundum
567 4262 815 4307 eumdem
866 4258 1084 4307 modum
1132 4271 1230 4308 nec
1272 4258 1437 4308 Filius
1486 4264 1564 4308 est
1607 4259 1859 4321 Trinitas,

203 4329 259 4378 id
314 4330 412 4390 est,
468 4342 579 4379 non
634 4333 713 4379 est
770 4333 878 4379 tres
934 4331 1036 4389 isti,
1093 4331 1345 4392 quoniam
1399 4332 1488 4393 qui
1547 4336 1628 4381 est
1676 4334 1857 4391 Filius,

203 4402 371 4452 Filius
392 4401 609 4465 quidem
640 4405 738 4461 est,
772 4403 863 4452 sed
897 4417 1005 4453 non
1072 4408 1153 4453 est
1201 4405 1370 4465 Pater,
1420 4418 1519 4454 nee
1572 4411 1653 4456 est
1697 4406 1858 4471 Spiri-
1888 4394 1935 4457 D

204 4477 297 4522 tus
332 4478 549 4522 sanctus
582 4491 595 4535 ;
628 4489 803 4537 neque
836 4473 1069 4537 Spiritus
1100 4478 1318 4524 sanctus
1368 4481 1447 4526 est
1498 4478 1750 4536 Trinitas,
1805 4481 1855 4528 id

202 4550 427 4595 estnon
455 4550 536 4595 est
566 4550 673 4595 tres
724 4546 854 4595 isti:
912 4548 1171 4611 quoniam
1223 4549 1314 4611 qui
1362 4549 1593 4610 Spiritus
1639 4556 1857 4601 sanctus

203 4620 307 4673 est,
340 4617 392 4665 id
442 4621 522 4667 est
569 4617 855 4679 connexio,
907 4619 1009 4667 hoc
1056 4621 1354 4681 proprium,
1404 4635 1601 4672 nomen
1646 4624 1853 4673 habet:

203 4688 313 4739 alia
370 4702 491 4738 vero
557 4690 663 4739 duo
715 4704 824 4739 non
874 4690 1082 4754 recipit,
1135 4693 1187 4740 id
1238 4698 1337 4750 est,
1384 4707 1488 4743 non
1550 4700 1631 4744 cst
1683 4696 1859 4753 Pater,

203 4774 386 4824 neque
415 4760 598 4810 Filius.
631 4763 895 4821 Quoniam
930 4777 1058 4814 vero
1089 4779 1197 4814 una
1232 4766 1347 4814 sola
1397 4766 1651 4815 Divinitas
1697 4767 1859 4816 trium

205 4836 307 4889 est,
342 4846 561 4883 necesse
595 4841 675 4883 est
708 4840 763 4884 ut
792 4836 884 4888 qui
934 4835 1026 4885 illa
1075 4839 1201 4885 sunt
1247 4837 1403 4899 Deus,
1470 4840 1690 4895 unitate,
1742 4854 1862 4903 quze

205 4906 509 4954 secundum
561 4919 675 4955 eam
725 4910 823 4966 est,
875 4907 984 4955 sint
1036 4921 1199 4969 unus,
1250 4912 1301 4956 et
1350 4910 1507 4959 simul
1556 4910 1861 4967 Divinitate,

204 4982 263 5027 et
292 4977 384 5026 illa
411 4991 531 5041 quas
581 4980 878 5029 secundum
934 4981 1103 5042 ipsam
1155 4986 1234 5029 est
1283 4983 1507 5037 unitate.
1557 4984 1666 5031 sint
1724 4998 1863 5034 unus

204 5050 369 5099 Deus.
394 5048 529 5099 Sunt
553 5048 720 5112 igitur
750 5055 805 5100 et
835 5054 989 5103 Pater
1039 5056 1092 5102 et
1138 5052 1308 5102 Filius
1358 5058 1413 5103 et
1456 5056 1685 5117 Spiritus
1738 5071 1862 5106 san-

201 5126 343 5173 ctus.
374 5125 426 5170 et
460 5126 568 5170 tres
601 5126 654 5171 et
687 5138 843 5173 unus.
875 5125 1000 5186 Sed,
1030 5125 1168 5175 sicut
1220 5127 1420 5175 dictum
1472 5132 1569 5185 est,
1612 5128 1859 5190 Trinitas,

197 5194 422 5269 quidem
482 5194 732 5244 consistit
790 5198 842 5269 in
890 5198 1203 5269 pluralitate,
1262 5212 1629 5260 personarum,
1681 5199 1734 5248 id
1783 5206 1862 5250 est

195 5266 473 5313 unitatum
506 5278 763 5315 numerus
793 5266 857 5315 de
889 5266 993 5315 illis
1040 5268 1364 5331 praedicatur
1414 5269 1707 5317 secundum
1766 5284 1861 5320 nu-

194 5349 406 5385 merum
455 5338 863 5399 proprietatum,
924 5354 1043 5402 quaa
1093 5346 1145 5389 et
1192 5354 1221 5389 a
1281 5355 1337 5389 se
1373 5340 1600 5390 invicem
1634 5343 1858 5392 diversis

196 5414 349 5463 sunt,
386 5413 439 5457 et
466 5410 540 5457 ita
572 5408 637 5457 de
669 5409 895 5460 diversis
945 5412 1327 5473 praedicantur,
1378 5414 1521 5475 quod
1582 5428 1856 5477 nunquam

195 5479 269 5527 de
302 5478 485 5541 aliquo
518 5480 859 5541 plenitudine
892 5484 1251 5543 proprietatis,
1288 5498 1407 5547 quas
1458 5485 1737 5547 colligatur
1794 5501 1856 5534 ex

201 5550 289 5597 his
325 5556 376 5598 et
409 5564 469 5597 ex
509 5552 623 5598 aliis
660 5553 1094 5614 prmdicamentis
1125 5556 1395 5613 omnibus,
1426 5571 1533 5605 uno
1584 5558 1854 5607 dicuntur.

197 5621 357 5671 Unde
388 5620 620 5683 quilibet
652 5638 835 5671 eorum
873 5626 938 5673 ab
970 5626 1074 5673 alio
1132 5640 1226 5674 sua
1284 5628 1604 5688 proprietate
1661 5643 1755 5690 per
1800 5644 1857 5678 se

202 5690 390 5749 unius,
422 5693 476 5741 id
528 5698 609 5742 est
656 5692 763 5743 alia
810 5709 1039 5757 persona
1090 5701 1186 5745 est.
1234 5696 1421 5747 Unitas
1468 5713 1595 5748 vero
1643 5713 1856 5748 eorum-

204 5761 334 5811 dem
364 5762 607 5811 consistit
635 5761 691 5811 in
726 5763 1058 5822 substantiis,
1089 5766 1144 5815 id
1167 5772 1246 5817 est
1266 5764 1469 5828 οὐσίας,
1497 5782 1617 5831 quas
1639 5769 1703 5817 de
1726 5767 1857 5831 ipsis

200 5831 551 5897 pradicatur,
601 5834 943 5898 simplicitate
1004 5848 1019 5888 :
1081 5837 1328 5889 videlicet
1383 5840 1558 5889 unitas
1610 5840 1674 5888 de
1751 5840 1857 5890 illis

1892 3064 1935 3131 C

1982 408 2110 451 sunt
2140 402 2193 451 id
2224 407 2365 466 quod
2396 411 2537 462 sunt,
2575 419 2723 454 suam
2756 404 3030 453 essentiat.

2048 501 2285 564 Quodsi,
2316 508 2414 553 etc.
2451 505 2466 567 ]
2505 506 2691 555 Adhuc
2726 503 2868 552 idem
2898 502 3041 557 dicit,
3076 500 3220 564 quod
3253 499 3453 548 scilicet
3509 496 3625 547 hec

1984 584 2104 634 qua:
2135 575 2304 624 tribus
2334 590 2443 624 non
2480 582 2606 626 sunt
2633 575 2957 632 communia,
2990 573 3043 622 id
3076 576 3171 631 est,
3206 572 3384 626 Pater,
3440 570 3624 624 Filius,

1986 643 2211 706 Spiritus
2240 654 2475 703 sanctus,
2526 654 2577 697 et
2627 647 2875 707 Trinitas,
2927 644 3146 694 minime
3204 640 3627 691 substantialiter

1985 718 2345 777 praedicantur
2378 736 2392 770 :
2426 736 2543 783 quas
2575 736 2701 770 vero
2732 725 2858 769 sunt
2887 715 3217 775 substantias,
3275 712 3628 765 communiter

1984 788 2049 837 de
2100 790 2232 851 ipsis
2281 792 2553 842 dicuntur.
2619 794 2779 852 Quasi
2853 788 3087 839 Trinitas
3161 789 3215 836 in
3269 798 3623 848 personarum

1984 859 2309 918 diversitate,
2344 866 2519 912 unitas
2577 865 2628 912 in
2679 863 2990 911 substantia:
3048 858 3384 920 simplicitate
3444 855 3625 905 consi-

1984 930 2094 979 stit.
2120 931 2269 989 Quod
2304 935 2346 982 si
2376 936 2551 992 Pater,
2584 940 2635 983 et
2666 934 2845 991 Filius,
2878 938 2929 981 et
2964 932 3196 996 Spiritus
3225 933 3443 978 sanctus
3496 931 3624 976 sunt

1983 1004 2167 1053 divisse
2200 1020 2442 1067 personas
2477 1011 2558 1068 (ut
2588 1008 2769 1069 utique
2812 1008 2975 1063 sunt),
3026 1000 3445 1065 proprietatibus
3486 1013 3621 1069 quas

1983 1076 2047 1125 de
2081 1090 2187 1125 uno
2217 1077 2319 1126 dici
2351 1093 2457 1128 non
2484 1068 2745 1141 possunt;
2771 1076 3069 1125 substantia
3094 1088 3240 1134 vero,
3268 1073 3319 1121 id
3343 1075 3423 1120 est
3444 1068 3619 1135 οὐσία,

1983 1161 2087 1210 qua
2116 1149 2319 1197 suntid
2351 1151 2494 1213 quod
2544 1156 2687 1210 sunt,
2717 1147 2975 1206 iindivisa
3021 1146 3107 1202 sit,
3156 1160 3372 1195 necesse
3420 1148 3517 1202 est,
3569 1143 3621 1191 id

1984 1218 2303 1267 vocabulum
2331 1220 2473 1282 quod
2505 1221 2646 1281 capit
2672 1220 2933 1282 originem
2996 1231 3059 1265 ex
3115 1216 3374 1280 personis,
3427 1214 3480 1263 id
3544 1218 3626 1263 est

1983 1291 2126 1351 quod
2160 1306 2221 1339 ex
2256 1293 2519 1354 personati
2552 1295 2893 1355 pr0prietate,
2925 1293 3011 1342 vel
3041 1304 3172 1349 una,
3204 1292 3264 1337 ut
3309 1287 3487 1345 Pater,
3535 1286 3620 1335 vel

1984 1360 2192 1410 duabus
2222 1369 2297 1423 ut,
2329 1364 2639 1427 procedens,
2677 1369 2820 1427 quod
2852 1378 2963 1413 non
2993 1363 3058 1412 de
3088 1361 3266 1415 Patre.
3300 1359 3394 1408 sed
3419 1359 3484 1408 de
3534 1358 3622 1407 Fi-

1981 1429 2070 1491 lio,
2110 1437 2161 1480 et
2186 1433 2251 1482 de
2280 1434 2483 1496 Spiritu
2515 1439 2701 1483 sancto
2731 1434 2939 1483 dicetur
2970 1450 2983 1493 ;
3032 1433 3115 1481 vel
3165 1432 3413 1480 amittens
3473 1431 3617 1493 quod

1981 1516 2089 1552 non
2121 1504 2187 1554 de
2218 1505 2419 1569 Spiritu
2452 1510 2655 1564 sancto,
2686 1506 2777 1555 sed
2809 1506 2873 1554 de
2904 1507 3061 1555 Patre
3093 1508 3145 1553 et
3173 1503 3305 1551 Filio
3354 1500 3621 1564 praedica-

1981 1579 2067 1625 tur
2095 1593 2107 1636 ;
2133 1578 2215 1626 vel
2240 1578 2508 1636 omnibus,
2534 1584 2592 1627 ut
2615 1583 2737 1635 tres,
2763 1578 2903 1640 quod
2929 1578 2993 1626 de
3016 1577 3162 1625 nullo
3185 1573 3414 1629 divisim,
3437 1574 3527 1622 sed
3552 1574 3619 1624 de

1982 1652 2232 1699 omnibus
2258 1652 2516 1699 collectim
2550 1652 2881 1709 enuntiatur,
2907 1650 2974 1698 ad
3005 1648 3377 1704 substantiam,
3429 1647 3482 1695 id
3539 1650 3621 1695 est

1984 1723 2291 1777 essentiam,
2345 1737 2449 1786 qua
2502 1726 2649 1783 sunt,
2694 1735 2801 1771 non
2851 1725 3142 1784 pertinere,
3190 1719 3243 1768 id
3292 1723 3371 1768 est
3396 1716 3618 1767 minime

1978 1794 2401 1845 substantialiter
2450 1795 2746 1857 praedicari.
2809 1794 2878 1844 At
2923 1793 3258 1849 Trinitatem,
3307 1790 3357 1839 id
3407 1793 3487 1838 est
3517 1790 3621 1838 uni-

1976 1872 2111 1917 tates
2159 1868 2353 1930 quibus
2406 1867 2667 1916 collectim
2716 1868 2972 1917 dicuntur
3024 1878 3138 1915 esse
3190 1869 3316 1922 tres,
3364 1862 3493 1911 facit
3541 1861 3619 1910 di-

1976 1940 2201 1987 versitas
2249 1939 2337 1987 illa
2386 1937 2773 2000 proprietatum
2832 1953 2895 1986 ex
2949 1937 3147 2001 quibus
3204 1940 3282 1983 est
3338 1933 3621 1983 diversitas

1977 2024 2095 2074 qua:
2127 2011 2321 2060 dicitur
2350 2024 2720 2072 personarum.
2748 2010 3011 2067 Quoniam
3061 2021 3186 2070 ergo
3234 2007 3334 2055 illae
3381 2004 3620 2068 proprie-

1978 2089 2113 2133 tates
2145 2098 2251 2133 non
2284 2090 2410 2133 sunt
2439 2082 2775 2143 substantiae,
2803 2083 2949 2146 quod
2994 2096 3058 2130 ex
3108 2096 3171 2130 eo
3220 2079 3454 2129 maxime
3507 2093 3618 2128 cer-

1977 2164 2087 2205 tum
2115 2161 2211 2212 est,
2243 2154 2371 2218 quia
2401 2168 2510 2203 non
2562 2154 2906 2217 singulariter
2957 2152 3212 2202 dicuntur
3248 2151 3313 2199 de
3363 2152 3615 2200 omnibus

1974 2227 2185 2277 divisim
2229 2233 2281 2276 et
2328 2224 2590 2275 collectim
2667 2226 2974 2289 suppositis,
3033 2224 3203 2273 multo
3275 2223 3446 2285 magis
3503 2235 3609 2271 non

1976 2298 2210 2361 pertinet
2229 2299 2293 2347 ad
2326 2295 2700 2354 substantiam,
2734 2298 2783 2345 id
2822 2302 2903 2346 est
2951 2309 3059 2344 non
3110 2298 3189 2344 est
3248 2293 3615 2343 substantialis

1972 2369 2220 2431 Trinitas,
2252 2370 2499 2418 videlicet
2542 2370 2796 2428 unitates,
2848 2367 3045 2431 quibus
3092 2366 3196 2416 illis
3243 2366 3615 2428 proprietates,

1972 2447 2023 2491 et
2059 2443 2135 2490 illi
2166 2456 2394 2504 quorum
2426 2439 2559 2503 ipsis
2591 2446 2732 2498 sunt,
2767 2443 3142 2496 numerantur,
3173 2452 3294 2502 quae
3326 2451 3426 2486 nec
3486 2451 3618 2499 prs:-

1971 2513 2222 2563 dicantur
2269 2513 2424 2562 simul
2473 2526 2679 2569 omnes,
2733 2526 2829 2561 nec
2873 2510 3085 2560 divisim
3135 2511 3201 2559 de
3249 2509 3494 2573 singulis.
3548 2510 3618 2560 Ut

1971 2585 2115 2635 enim
2148 2587 2273 2635 item
2305 2587 2540 2647 itemque
2572 2585 2799 2640 dicatur,
2831 2582 2925 2632 illa
2955 2588 3037 2633 est
3092 2584 3389 2633 certissima
3436 2584 3617 2646 regula

1972 2671 2078 2720 qua
2136 2656 2351 2715 dicitur,
2414 2669 2521 2704 non
2573 2670 2686 2704 esse
2746 2654 3122 2710 substantiam,
3203 2655 3467 2719 quidquid
3551 2656 3615 2702 de

1972 2730 2144 2779 tribus
2201 2728 2412 2778 divisim
2466 2733 2520 2777 et
2592 2727 2749 2777 simul
2825 2727 3116 2790 suppositis
3172 2741 3282 2775 non
3359 2727 3615 2788 pradica-

1970 2804 2076 2849 tur.
2127 2801 2277 2860 Quod
2328 2800 2386 2849 ﬁt
2440 2805 2498 2848 ut
2543 2813 2717 2862 neque
2765 2798 2939 2851 Pater,
2994 2812 3169 2861 neque
3229 2796 3408 2857 Filius,
3440 2810 3613 2858 neque

1969 2873 2199 2936 Spiritus
2227 2878 2461 2928 sanctus,
2511 2872 2563 2919 id
2602 2875 2684 2919 est
2730 2868 2985 2932 qualibet
3030 2869 3254 2917 istarum
3306 2867 3614 2930 proprieta-

1972 2948 2083 2993 tum
2114 2960 2144 2993 a
2173 2943 2372 3007 quibus
2401 2944 2516 2992 haec
2545 2946 2672 2991 sunt
2700 2942 2870 2990 indita
2894 2943 3131 2998 nomina,
3156 2954 3333 3003 neque
3358 2940 3611 2996 Trinitas,

1972 3031 2080 3079 qua
2112 3017 2410 3065 secundum
2441 3030 2530 3065 eas
2560 3015 2733 3071 Pater,
2765 3019 2817 3063 et
2865 3014 3048 3074 Filius,
3102 3018 3155 3062 et
3200 3012 3431 3075 Spiritus
3487 3026 3616 3061 san-

1974 3096 2091 3140 ctus
2138 3095 2266 3139 sunt
2313 3096 2440 3150 tres,
2491 3090 2555 3136 de
2606 3089 2730 3143 Deo,
2783 3088 2982 3135 scilicet
3030 3087 3197 3147 Patre,
3247 3090 3299 3134 et
3354 3083 3504 3140 Filio,
3562 3087 3615 3133 et

1970 3164 2169 3226 Spiritu
2207 3168 2409 3222 sancto,
2442 3160 2867 3210 substantialiter
2897 3159 3220 3222 praedicetur
3250 3172 3264 3215 ;
3295 3158 3388 3207 sed
3437 3158 3614 3219 potius

1971 3242 2049 3293 (ut
2096 3250 2258 3298 supra
2308 3236 2507 3283 dictum
2556 3235 2654 3293 est)
2705 3232 2770 3281 ad
2823 3230 3043 3295 aliquid.
3091 3230 3350 3288 Quoniam
3426 3243 3614 3279 revera

1971 3311 2128 3359 Pater
2156 3315 2209 3357 et
2237 3306 2399 3356 Filius
2435 3306 2750 3368 paternitate
2781 3309 2832 3353 et
2879 3305 3135 3352 ﬁliatione
3188 3303 3329 3351 inter
3376 3316 3432 3351 se
3481 3304 3613 3351 reie-

1971 3384 2182 3439 runtur,
2215 3384 2268 3429 et
2297 3378 2525 3442 Spiritus
2560 3384 2776 3425 sanctus
2806 3377 2870 3424 ad
2902 3375 3116 3424 eosdem
3175 3389 3231 3423 su
3280 3372 3439 3422 habet
3485 3386 3614 3422 con-

1970 3452 2212 3499 nexione.
2260 3450 2491 3498 Trinitas
2541 3460 2665 3496 vero
2712 3461 2816 3508 qua
2869 3446 2970 3509 ipsi
3020 3445 3275 3493 dicuntur
3318 3448 3443 3501 tres,
3497 3444 3613 3505 ipsa

1969 3523 2182 3585 quidem
2216 3535 2322 3569 non
2354 3526 2434 3569 est
2463 3519 2649 3568 relatio
2677 3518 2870 3579 (omnis
2900 3517 3039 3565 enim
3093 3529 3345 3565 numerus
3393 3519 3473 3564 est
3520 3528 3614 3577 per

1969 3598 2063 3653 se),
2097 3596 2188 3642 sed
2217 3594 2534 3643 relationum
2570 3594 2623 3639 in
2675 3591 2872 3653 quibus
2918 3588 3018 3652 ipsi
3069 3589 3377 3638 referuntur
3430 3600 3613 3637 comes

1969 3673 2065 3716 est.
2114 3666 2347 3728 Ideoque
2396 3665 2633 3726 ipsarum
2686 3660 2959 3711 consortio
3017 3661 3214 3711 dicitur
3276 3662 3342 3709 ad
3404 3659 3611 3723 aliquid

1969 3738 2266 3801 praedicari.
2302 3738 2438 3784 Deus
2468 3750 2613 3794 vero,
2643 3734 2695 3783 id
2748 3740 2830 3783 est
2877 3734 3153 3791 Divinitas,
3200 3746 3320 3795 quas
3367 3731 3469 3780 hoc
3515 3744 3611 3778 no-

1967 3812 2111 3859 mine
2144 3808 2475 3870 intelligitur,
2526 3812 2577 3855 et
2629 3808 2842 3863 veritas,
2896 3811 2948 3855 et
2990 3805 3216 3868 jnstitia,
3268 3811 3319 3852 et
3375 3802 3607 3862 bonitas,

1969 3887 2021 3930 et
2050 3880 2462 3943 omnipotentis,
2514 3881 2565 3926 et
2605 3876 2919 3933 substantia,
2978 3882 3031 3925 et
3082 3874 3508 3931 immutabilitas,
3558 3876 3612 3922 et

1966 3954 2160 4013 virtus,
2220 3958 2271 4001 et
2328 3950 2608 4012 sapientia,
2667 3953 2719 3998 et
2766 3949 3027 4011 quidquid
3089 3947 3397 4011 hujusmodi
3443 3946 3494 3994 id
3531 3947 3612 3994 est

1968 4026 2236 4075 diversum
2268 4024 2485 4087 quidem
2513 4023 2748 4078 nomine,
2786 4020 2924 4070 idem
2959 4034 3085 4069 vero
3117 4034 3172 4069 re
3206 4019 3494 4079 excogitari
3520 4032 3607 4080 po-

1969 4102 2071 4146 test
2102 4097 2164 4146 de
2199 4097 2500 4151 Divinitate,
2554 4093 2605 4142 id
2657 4099 2753 4150 est,
2807 4094 2873 4141 de
2923 4095 3095 4147 Patre,
3148 4095 3200 4140 et
3246 4091 3310 4138 de
3361 4088 3508 4150 Filio,
3558 4092 3610 4137 et

1969 4169 2033 4217 de
2065 4167 2263 4230 Spiritu
2295 4170 2480 4215 sancto
2512 4164 2939 4214 substantialiter
2986 4163 3240 4211 dicuntur
3270 4174 3284 4208 :
3335 4172 3453 4207 cum
3504 4172 3612 4206 una

1969 4236 2126 4292 οὐσία
2156 4240 2411 4287 dicuntur
2457 4237 2541 4285 vel
2582 4236 2812 4291 divisim,
2876 4234 2961 4282 vel
3013 4232 3171 4280 simul
3225 4231 3384 4285 Deus,
3432 4242 3610 4285 verus,

1963 4311 2159 4374 justus,
2214 4310 2405 4366 bonus,
2466 4307 2823 4369 omnipotens,
2878 4302 3195 4359 subsistens,
3244 4298 3612 4374 immutabilis,

1973 4365 2155 4437 iortis,‘
2193 4382 2422 4443 sapiens,
2481 4385 2533 4427 et
2588 4365 2897 4436 huiusmodi
2954 4376 3069 4423 allis
3117 4374 3183 4422 ab
3237 4371 3421 4421 eadem
3454 4365 3613 4422 οὐσία

1971 4449 2281 4501 nominibus
2313 4463 2425 4497 csse
2460 4447 2513 4497 id
2544 4448 2688 4512 quod
2722 4451 2866 4504 sunt,
2900 4445 3277 4508 praedicantur.

2029 4560 2143 4608 Hec
2200 4558 2267 4615 si,
2326 4561 2425 4607 etc.
2483 4557 2501 4624 ]
2556 4558 2766 4616 Quasi:
2813 4556 2961 4616 Quod
3012 4556 3182 4612 Pater,
3234 4556 3286 4603 et
3341 4551 3525 4624 Filius,
3558 4554 3613 4600 et

1966 4632 2195 4694 Spiritus
2242 4635 2456 4678 sanctus
2515 4644 2622 4678 non
2699 4629 2764 4679 de
2840 4627 3126 4677 Divinitate
3189 4623 3613 4676 substantialiter

1969 4700 2348 4764 praedicantur,
2383 4700 2515 4749 mihi
2561 4701 2750 4751 videor
2796 4700 3065 4763 praedictis
3108 4694 3611 4747 ratiocinationibus

1967 4789 2088 4838 quae
2120 4789 2185 4823 ex
2219 4773 2479 4822 catholica
2507 4773 2610 4821 ﬁde
2660 4774 2860 4822 habent
2908 4772 3141 4824 initium.
3193 4771 3608 4819 demonstrasse.

1966 4848 2134 4896 Tuum
2192 4850 2392 4901 tamen,
2447 4860 2477 4893 ο
2532 4847 2787 4901 Joannes,
2847 4858 3008 4907 super
3068 4844 3153 4890 his
3207 4841 3469 4904 judicium
3529 4854 3614 4889 ex-

1968 4922 2169 4981 specto.
2202 4916 2254 4965 Si
2286 4930 2410 4977 ergo
2434 4916 2550 4964 hinc
2580 4932 2634 4965 se
2683 4917 2885 4965 habent
2933 4919 3071 4963 recte
3122 4913 3419 4962 secundum
3468 4911 3614 4961 locos

1969 4987 2235 5037 rationum
2269 4986 2580 5048 theologicis
2631 4986 3091 5043 convenientium,
3145 4988 3197 5033 et
3240 4985 3282 5031 si
3336 4983 3489 5032 etiam
3522 4996 3614 5030 ra-

1967 5062 2141 5108 tiones
2172 5062 2298 5106 sunt
2340 5071 2399 5106 ex
2449 5058 2569 5115 tide,
2620 5056 2673 5106 id
2738 5062 2817 5106 est
2857 5057 3013 5120 juxta
3060 5057 3375 5106 catholicam
3432 5053 3608 5111 ﬁdem,

1966 5138 2089 5194 peto
2119 5137 2177 5180 ut
2205 5139 2311 5180 tua;
2345 5129 2756 5179 contestationis
2782 5131 3100 5178 auctoritate
3130 5142 3215 5177 me
3247 5129 3502 5185 instruas,
3550 5125 3605 5172 id

1966 5207 2061 5263 est,
2094 5203 2149 5251 in
2180 5215 2364 5251 eorum
2398 5215 2519 5263 quae
2550 5202 2691 5251 dicta
2722 5205 2848 5250 sunt
2899 5200 3252 5261 intelligentia
3306 5196 3606 5245 conﬁrmes.

1965 5274 2075 5322 Aut
2106 5274 2148 5321 si
2176 5274 2310 5321 forte
2368 5269 2613 5321 diversus
2666 5286 2721 5320 es
2776 5286 2806 5319 a
2855 5285 2954 5330 me,
3006 5271 3164 5319 aliter
3212 5266 3495 5318 sentiendo
3540 5264 3607 5312 de

1966 5345 2142 5407 aliqua
2176 5358 2250 5403 re,
2281 5342 2331 5390 id
2365 5346 2445 5390 est
2474 5342 2538 5391 de
2570 5342 2747 5405 aliquo
2783 5342 3186 5405 prmdictorum,
3237 5342 3359 5401 peto
3409 5349 3475 5384 ne
3523 5347 3613 5382 ra-

1966 5416 2099 5466 tioni
2134 5429 2225 5478 per
2257 5415 2434 5462 ﬁctam
2462 5414 2641 5471 fidem,
2674 5415 2756 5464 vel
2786 5413 2910 5463 ﬁdei
2944 5428 3040 5477 per
3086 5413 3397 5463 fabricatam
3444 5407 3606 5456 ratio-

1963 5502 2084 5537 nem
2118 5486 2452 5549 prejudices,
2486 5486 2576 5533 sed
2612 5486 2885 5547 ligentius,
2915 5486 2967 5535 id
3001 5491 3095 5541 est,
3129 5483 3285 5531 valde
3329 5479 3612 5549 diligenter

1965 5548 2189 5618 intuere,
2223 5570 2342 5619 quae
2374 5558 2513 5605 dicta
2546 5564 2689 5619 sunt,
2722 5559 2802 5606 vel
2834 5573 2949 5607 esse
2999 5556 3273 5606 catholicae
3326 5551 3467 5607 ﬁdei,
3528 5548 3611 5597 vel

1965 5645 2025 5680 ex
2056 5630 2138 5676 bis
2170 5641 2289 5689 qua:
2322 5631 2471 5675 tenet
2508 5629 2636 5676 fides
2665 5629 2945 5690 catholica,
2977 5628 3127 5690 sequi
3154 5642 3166 5674 :
3194 5630 3263 5681 et,
3326 5622 3370 5671 si
3426 5627 3611 5670 utcun.

1964 5714 2065 5764 que
2097 5700 2315 5763 poteris,
2352 5698 2504 5747 ﬁdem
2538 5700 2909 5764 rationemque
2963 5698 3251 5761 conjunge,
3303 5701 3361 5745 ut
3408 5691 3611 5764 scilicet

1956 5763 2195 5837 primum
2229 5786 2293 5821 ex
2323 5771 2426 5820 ﬁde
2456 5771 2753 5823 auctoritas
2780 5763 2995 5831 rationi,
3040 5771 3233 5822 deinde
3281 5783 3346 5819 ex
3398 5763 3609 5817 ratione

1961 5843 2201 5896 assensio
2229 5842 2354 5893 ﬁdei
2383 5848 2740 5906 comparetur.
