  <div class='ocr_page' id='page_1' title='image "/cluster/home/n/w/nwhite01/storage/ocr_20150623/64/hvd.32044073505125/661.png"; bbox 0 0 4046 6180; ppageno 0'>
   <div class='ocr_carea' id='block_1_1' title="bbox 559 151 695 207">
    <p class='ocr_par' dir='ltr' id='par_1_1' title="bbox 559 151 695 207">
     <span class='ocr_line' id='line_1_1' title="bbox 559 151 695 207; baseline 0.015 -2"><span class='ocrx_word' id='word_1_1' title='bbox 559 151 695 207; x_wconf 85' lang='grc'><strong>1311</strong></span> 
     </span>
    </p>
   </div>
   <div class='ocr_carea' id='block_1_2' title="bbox 1057 153 3452 222">
    <p class='ocr_par' dir='ltr' id='par_1_2' title="bbox 1057 153 3452 222">
     <span class='ocr_line' id='line_1_2' title="bbox 1057 153 3452 222; baseline 0 -14"><span class='ocrx_word' id='word_1_2' title='bbox 1057 154 1172 211; x_wconf 81' lang='lat' dir='ltr'>AN.</span> <span class='ocrx_word' id='word_1_3' title='bbox 1216 155 1429 213; x_wconf 83' lang='lat' dir='ltr'><strong>MANL.</strong></span> <span class='ocrx_word' id='word_1_4' title='bbox 1473 156 1621 214; x_wconf 89' lang='lat' dir='ltr'>SEV.</span> <span class='ocrx_word' id='word_1_5' title='bbox 1664 157 1893 213; x_wconf 88' lang='lat' dir='ltr'>BOETII</span> <span class='ocrx_word' id='word_1_6' title='bbox 1932 156 2272 222; x_wconf 85' lang='lat' dir='ltr'>QUOMODO</span> <span class='ocrx_word' id='word_1_7' title='bbox 2312 153 2759 210; x_wconf 69' lang='lat' dir='ltr'>SUBSTANTLE</span> <span class='ocrx_word' id='word_1_8' title='bbox 2799 154 3002 211; x_wconf 76' lang='grc' dir='ltr'>ΒΟΝᾸΞ</span> <span class='ocrx_word' id='word_1_9' title='bbox 3042 153 3197 209; x_wconf 86' lang='lat' dir='ltr'>SINT</span> <span class='ocrx_word' id='word_1_10' title='bbox 3233 153 3452 211; x_wconf 80' lang='lat' dir='ltr'>LIBER.</span> 
     </span>
    </p>
   </div>
   <div class='ocr_carea' id='block_1_3' title="bbox 3719 166 3815 221">
    <p class='ocr_par' dir='ltr' id='par_1_3' title="bbox 3719 166 3815 221">
     <span class='ocr_line' id='line_1_3' title="bbox 3719 166 3815 221; baseline 0.01 -1"><span class='ocrx_word' id='word_1_11' title='bbox 3719 166 3815 221; x_wconf 76' lang='lat' dir='ltr'>l3l2</span> 
     </span>
    </p>
   </div>
   <div class='ocr_carea' id='block_1_4' title="bbox 645 374 2192 488">
    <p class='ocr_par' dir='ltr' id='par_1_4' title="bbox 645 374 2192 483">
     <span class='ocr_line' id='line_1_4' title="bbox 645 374 2192 483; baseline 0.001 -20"><span class='ocrx_word' id='word_1_12' title='bbox 645 374 720 483; x_wconf 84' lang='lat' dir='ltr'>Q</span> <span class='ocrx_word' id='word_1_13' title='bbox 742 378 1256 467; x_wconf 80' lang='lat' dir='ltr'>UOMODO</span> <span class='ocrx_word' id='word_1_14' title='bbox 1318 381 2040 467; x_wconf 64' lang='lat' dir='ltr'>SUBSTAN&#39;I‘l/E</span> <span class='ocrx_word' id='word_1_15' title='bbox 2086 377 2192 464; x_wconf 87' lang='lat' dir='ltr'><strong>IN</strong></span> 
     </span>
    </p>
   </div>
   <div class='ocr_carea' id='block_1_5' title="bbox 2286 374 3769 488">
    <p class='ocr_par' dir='ltr' id='par_1_5' title="bbox 2286 375 3769 488">
     <span class='ocr_line' id='line_1_5' title="bbox 2286 375 3769 488; baseline 0.004 -27"><span class='ocrx_word' id='word_1_16' title='bbox 2286 377 2419 464; x_wconf 75' lang='lat' dir='ltr'>EO</span> <span class='ocrx_word' id='word_1_17' title='bbox 2477 375 2812 488; x_wconf 73' lang='lat' dir='ltr'>quon</span> <span class='ocrx_word' id='word_1_18' title='bbox 2874 377 3153 463; x_wconf 83' lang='lat' dir='ltr'>SIN&#39;I‘.</span> <span class='ocrx_word' id='word_1_19' title='bbox 3226 377 3530 463; x_wconf 60' lang='lat' dir='ltr'>BQN/ir.</span> <span class='ocrx_word' id='word_1_20' title='bbox 3584 380 3769 468; x_wconf 76' lang='lat' dir='ltr'>sm</span> 
     </span>
    </p>
   </div>
   <div class='ocr_carea' id='block_1_6' title="bbox 1329 530 3182 605">
    <p class='ocr_par' dir='ltr' id='par_1_6' title="bbox 1329 530 3182 605">
     <span class='ocr_line' id='line_1_6' title="bbox 1329 530 3182 605; baseline -0.002 -12"><span class='ocrx_word' id='word_1_21' title='bbox 1329 536 1489 596; x_wconf 84' lang='lat' dir='ltr'>CUM</span> <span class='ocrx_word' id='word_1_22' title='bbox 1540 536 1698 595; x_wconf 87' lang='lat' dir='ltr'>NON</span> <span class='ocrx_word' id='word_1_23' title='bbox 1747 534 1925 594; x_wconf 84' lang='lat' dir='ltr'><strong>SINT</strong></span> <span class='ocrx_word' id='word_1_24' title='bbox 1971 530 2599 595; x_wconf 82' lang='lat' dir='ltr'>SUBSTANTIALIA</span> <span class='ocrx_word' id='word_1_25' title='bbox 2646 530 2879 602; x_wconf 82' lang='lat' dir='ltr'>BONA,</span> <span class='ocrx_word' id='word_1_26' title='bbox 2929 530 3182 605; x_wconf 79' lang='lat' dir='ltr'>LIBER,</span> 
     </span>
    </p>
   </div>
   <div class='ocr_carea' id='block_1_7' title="bbox 1420 656 3087 719">
    <p class='ocr_par' dir='ltr' id='par_1_7' title="bbox 1420 656 3087 719">
     <span class='ocr_line' id='line_1_7' title="bbox 1420 656 3087 719; baseline -0.002 -2"><span class='ocrx_word' id='word_1_27' title='bbox 1420 662 1512 718; x_wconf 85' lang='lat' dir='ltr'>AD</span> <span class='ocrx_word' id='word_1_28' title='bbox 1552 662 1892 719; x_wconf 84' lang='lat' dir='ltr'>JOANNEM</span> <span class='ocrx_word' id='word_1_29' title='bbox 1932 658 2303 717; x_wconf 87' lang='lat' dir='ltr'>DIACONUM</span> <span class='ocrx_word' id='word_1_30' title='bbox 2342 656 2705 714; x_wconf 69' lang='lat' dir='ltr'>ECCLESI/E</span> <span class='ocrx_word' id='word_1_31' title='bbox 2743 657 3087 715; x_wconf 72' lang='lat' dir='ltr'>ROMAN/E.</span> 
     </span>
    </p>
   </div>
   <div class='ocr_carea' id='block_1_8' title="bbox 620 862 3832 937">
    <p class='ocr_par' dir='ltr' id='par_1_8' title="bbox 620 862 3832 937">
     <span class='ocr_line' id='line_1_8' title="bbox 620 862 3832 937; baseline 0.002 -21"><span class='ocrx_word' id='word_1_32' title='bbox 620 863 887 920; x_wconf 85' lang='lat' dir='ltr'>Postulas</span> <span class='ocrx_word' id='word_1_33' title='bbox 912 867 1150 936; x_wconf 84' lang='lat' dir='ltr'>ut,(a)ex</span> <span class='ocrx_word' id='word_1_34' title='bbox 1173 867 2036 936; x_wconf 70' lang='lat' dir='ltr'>bebdomadibusnostris,njus</span> <span class='ocrx_word' id='word_1_35' title='bbox 2055 883 2204 937; x_wconf 68' lang='lat' dir='ltr'>qure-</span> <span class='ocrx_word' id='word_1_36' title='bbox 2233 874 2285 937; x_wconf 82' lang='grc' dir='ltr'><strong>Α</strong></span> <span class='ocrx_word' id='word_1_37' title='bbox 2318 864 2515 919; x_wconf 90' lang='lat' dir='ltr'>tendit</span> <span class='ocrx_word' id='word_1_38' title='bbox 2546 863 2616 919; x_wconf 91' lang='lat' dir='ltr'>ad</span> <span class='ocrx_word' id='word_1_39' title='bbox 2651 862 2844 919; x_wconf 83' lang='lat' dir='ltr'>simile</span> <span class='ocrx_word' id='word_1_40' title='bbox 2870 879 2883 917; x_wconf 91' lang='lat'>:</span> <span class='ocrx_word' id='word_1_41' title='bbox 2913 881 3040 935; x_wconf 63' lang='lat' dir='ltr'>quis</span> <span class='ocrx_word' id='word_1_42' title='bbox 3071 864 3252 935; x_wconf 76' lang='lat' dir='ltr'>igitur</span> <span class='ocrx_word' id='word_1_43' title='bbox 3307 865 3377 920; x_wconf 92' lang='lat' dir='ltr'>ad</span> <span class='ocrx_word' id='word_1_44' title='bbox 3409 866 3605 922; x_wconf 85' lang='lat' dir='ltr'>bonum</span> <span class='ocrx_word' id='word_1_45' title='bbox 3647 870 3832 929; x_wconf 72' lang='lat' dir='ltr'>tendunt</span> 
     </span>
    </p>
   </div>
   <div class='ocr_carea' id='block_1_9' title="bbox 546 953 2196 1027">
    <p class='ocr_par' dir='ltr' id='par_1_9' title="bbox 546 953 2196 1027">
     <span class='ocr_line' id='line_1_9' title="bbox 546 953 2196 1027; baseline 0.002 -22"><span class='ocrx_word' id='word_1_46' title='bbox 546 953 1349 1027; x_wconf 67' lang='lat' dir='ltr'>stionisobscuritatem,quaa</span> <span class='ocrx_word' id='word_1_47' title='bbox 1375 957 1634 1011; x_wconf 85' lang='lat' dir='ltr'>continet</span> <span class='ocrx_word' id='word_1_48' title='bbox 1657 957 1895 1011; x_wconf 90' lang='lat' dir='ltr'>modum</span> <span class='ocrx_word' id='word_1_49' title='bbox 1919 972 2035 1026; x_wconf 92' lang='lat' dir='ltr'>quo</span> <span class='ocrx_word' id='word_1_50' title='bbox 2058 956 2196 1010; x_wconf 89' lang='lat' dir='ltr'>sub-</span> 
     </span>
    </p>
   </div>
   <div class='ocr_carea' id='block_1_10' title="bbox 546 1042 2200 1115">
    <p class='ocr_par' dir='ltr' id='par_1_10' title="bbox 546 1042 2200 1115">
     <span class='ocr_line' id='line_1_10' title="bbox 546 1042 2200 1115; baseline 0.002 -20"><span class='ocrx_word' id='word_1_51' title='bbox 546 1042 776 1096; x_wconf 68' lang='lat' dir='ltr'>stantiae</span> <span class='ocrx_word' id='word_1_52' title='bbox 808 1043 867 1097; x_wconf 91' lang='lat' dir='ltr'>in</span> <span class='ocrx_word' id='word_1_53' title='bbox 900 1060 967 1097; x_wconf 92' lang='lat' dir='ltr'>eo</span> <span class='ocrx_word' id='word_1_54' title='bbox 1000 1046 1154 1115; x_wconf 90' lang='lat' dir='ltr'>quod</span> <span class='ocrx_word' id='word_1_55' title='bbox 1192 1045 1333 1113; x_wconf 87' lang='lat' dir='ltr'>sint,</span> <span class='ocrx_word' id='word_1_56' title='bbox 1370 1046 1531 1100; x_wconf 67' lang='lat' dir='ltr'>bona:</span> <span class='ocrx_word' id='word_1_57' title='bbox 1565 1046 1701 1111; x_wconf 86' lang='lat' dir='ltr'>sint,</span> <span class='ocrx_word' id='word_1_58' title='bbox 1736 1062 1868 1100; x_wconf 92' lang='lat' dir='ltr'>cum</span> <span class='ocrx_word' id='word_1_59' title='bbox 1906 1061 2019 1099; x_wconf 91' lang='lat' dir='ltr'>non</span> <span class='ocrx_word' id='word_1_60' title='bbox 2080 1044 2200 1098; x_wconf 89' lang='lat' dir='ltr'>sint</span> 
     </span>
    </p>
   </div>
   <div class='ocr_carea' id='block_1_11' title="bbox 545 1131 2191 1206">
    <p class='ocr_par' dir='ltr' id='par_1_11' title="bbox 545 1131 2191 1206">
     <span class='ocr_line' id='line_1_11' title="bbox 545 1131 2191 1206; baseline 0.002 -21"><span class='ocrx_word' id='word_1_61' title='bbox 545 1131 962 1188; x_wconf 90' lang='lat' dir='ltr'>substantialia</span> <span class='ocrx_word' id='word_1_62' title='bbox 982 1134 1196 1202; x_wconf 90' lang='lat' dir='ltr'>bona,d</span> <span class='ocrx_word' id='word_1_63' title='bbox 1210 1135 1427 1206; x_wconf 87' lang='lat' dir='ltr'>igeram</span> <span class='ocrx_word' id='word_1_64' title='bbox 1442 1140 1497 1191; x_wconf 90' lang='lat' dir='ltr'>et</span> <span class='ocrx_word' id='word_1_65' title='bbox 1514 1135 1684 1206; x_wconf 77' lang='lat' dir='ltr'>paulo</span> <span class='ocrx_word' id='word_1_66' title='bbox 1702 1135 2028 1190; x_wconf 76' lang='lat' dir='ltr'>evidentius</span> <span class='ocrx_word' id='word_1_67' title='bbox 2043 1150 2191 1189; x_wconf 89' lang='lat' dir='ltr'>mon-</span> 
     </span>
    </p>
   </div>
   <div class='ocr_carea' id='block_1_12' title="bbox 546 1222 2197 1295">
    <p class='ocr_par' dir='ltr' id='par_1_12' title="bbox 546 1222 2197 1295">
     <span class='ocr_line' id='line_1_12' title="bbox 546 1222 2197 1295; baseline 0.002 -20"><span class='ocrx_word' id='word_1_68' title='bbox 546 1225 728 1276; x_wconf 87' lang='lat' dir='ltr'>strem</span> <span class='ocrx_word' id='word_1_69' title='bbox 756 1241 770 1290; x_wconf 90' lang='lat'><strong>;</strong></span> <span class='ocrx_word' id='word_1_70' title='bbox 792 1223 964 1293; x_wconf 91' lang='lat' dir='ltr'>idque</span> <span class='ocrx_word' id='word_1_71' title='bbox 988 1240 1053 1278; x_wconf 92' lang='lat' dir='ltr'>eo</span> <span class='ocrx_word' id='word_1_72' title='bbox 1075 1222 1222 1278; x_wconf 89' lang='lat' dir='ltr'>dicis</span> <span class='ocrx_word' id='word_1_73' title='bbox 1246 1240 1373 1279; x_wconf 89' lang='lat' dir='ltr'>esse</span> <span class='ocrx_word' id='word_1_74' title='bbox 1400 1225 1752 1293; x_wconf 86' lang='lat' dir='ltr'>faciendum,</span> <span class='ocrx_word' id='word_1_75' title='bbox 1796 1225 1950 1295; x_wconf 89' lang='lat' dir='ltr'>quod</span> <span class='ocrx_word' id='word_1_76' title='bbox 1991 1241 2105 1279; x_wconf 90' lang='lat' dir='ltr'>non</span> <span class='ocrx_word' id='word_1_77' title='bbox 2121 1223 2197 1278; x_wconf 91' lang='lat' dir='ltr'>sit</span> 
     </span>
    </p>
   </div>
   <div class='ocr_carea' id='block_1_13' title="bbox 546 1310 2195 1382">
    <p class='ocr_par' dir='ltr' id='par_1_13' title="bbox 546 1310 2195 1382">
     <span class='ocr_line' id='line_1_13' title="bbox 546 1310 2195 1382; baseline 0.002 -19"><span class='ocrx_word' id='word_1_78' title='bbox 546 1310 823 1365; x_wconf 88' lang='lat' dir='ltr'>omnibus</span> <span class='ocrx_word' id='word_1_79' title='bbox 857 1316 1059 1365; x_wconf 91' lang='lat' dir='ltr'>notum</span> <span class='ocrx_word' id='word_1_80' title='bbox 1096 1312 1203 1367; x_wconf 93' lang='lat' dir='ltr'>iter</span> <span class='ocrx_word' id='word_1_81' title='bbox 1232 1312 1573 1381; x_wconf 85' lang='lat' dir='ltr'>hujusmodi</span> <span class='ocrx_word' id='word_1_82' title='bbox 1606 1312 2014 1382; x_wconf 81' lang='lat' dir='ltr'>scriptionum.</span> <span class='ocrx_word' id='word_1_83' title='bbox 2038 1317 2195 1369; x_wconf 90' lang='lat' dir='ltr'>Tuus</span> 
     </span>
    </p>
   </div>
   <div class='ocr_carea' id='block_1_14' title="bbox 544 1399 2195 1471">
    <p class='ocr_par' dir='ltr' id='par_1_14' title="bbox 544 1399 2195 1471">
     <span class='ocr_line' id='line_1_14' title="bbox 544 1399 2195 1471; baseline 0.004 -21"><span class='ocrx_word' id='word_1_84' title='bbox 544 1411 679 1452; x_wconf 87' lang='lat' dir='ltr'>vero</span> <span class='ocrx_word' id='word_1_85' title='bbox 701 1400 864 1453; x_wconf 85' lang='lat' dir='ltr'>testis</span> <span class='ocrx_word' id='word_1_86' title='bbox 890 1399 1013 1471; x_wconf 91' lang='lat' dir='ltr'>ipse</span> <span class='ocrx_word' id='word_1_87' title='bbox 1036 1416 1193 1464; x_wconf 91' lang='lat' dir='ltr'>sum,</span> <span class='ocrx_word' id='word_1_88' title='bbox 1220 1417 1396 1471; x_wconf 88' lang='lat' dir='ltr'>quam</span> <span class='ocrx_word' id='word_1_89' title='bbox 1420 1400 1541 1456; x_wconf 65' lang='lat' dir='ltr'>haec</span> <span class='ocrx_word' id='word_1_90' title='bbox 1568 1401 1841 1455; x_wconf 90' lang='lat' dir='ltr'>vivaciter</span> <span class='ocrx_word' id='word_1_91' title='bbox 1863 1400 2041 1456; x_wconf 87' lang='lat' dir='ltr'>fueris</span> <span class='ocrx_word' id='word_1_92' title='bbox 2062 1406 2195 1456; x_wconf 93' lang='lat' dir='ltr'>ante</span> 
     </span>
    </p>
   </div>
   <div class='ocr_carea' id='block_1_15' title="bbox 545 1486 2191 1561">
    <p class='ocr_par' dir='ltr' id='par_1_15' title="bbox 545 1486 2191 1561">
     <span class='ocr_line' id='line_1_15' title="bbox 545 1486 2191 1561; baseline 0.003 -20"><span class='ocrx_word' id='word_1_93' title='bbox 545 1486 903 1559; x_wconf 78' lang='lat' dir='ltr'>complexus.</span> <span class='ocrx_word' id='word_1_94' title='bbox 940 1488 1347 1545; x_wconf 88' lang='lat' dir='ltr'>Hebdomadas</span> <span class='ocrx_word' id='word_1_95' title='bbox 1378 1506 1512 1545; x_wconf 91' lang='lat' dir='ltr'>vero</span> <span class='ocrx_word' id='word_1_96' title='bbox 1542 1505 1647 1561; x_wconf 93' lang='lat' dir='ltr'>ego</span> <span class='ocrx_word' id='word_1_97' title='bbox 1679 1489 1821 1545; x_wconf 88' lang='lat' dir='ltr'>mihi</span> <span class='ocrx_word' id='word_1_98' title='bbox 1854 1489 1977 1560; x_wconf 89' lang='lat' dir='ltr'>ipse</span> <span class='ocrx_word' id='word_1_99' title='bbox 2034 1506 2191 1545; x_wconf 86' lang='lat' dir='ltr'>com-</span> 
     </span>
    </p>
   </div>
   <div class='ocr_carea' id='block_1_16' title="bbox 549 1576 2193 1649">
    <p class='ocr_par' dir='ltr' id='par_1_16' title="bbox 549 1576 2193 1649">
     <span class='ocr_line' id='line_1_16' title="bbox 549 1576 2193 1649; baseline 0.001 -19"><span class='ocrx_word' id='word_1_100' title='bbox 549 1580 805 1639; x_wconf 81' lang='lat' dir='ltr'>mentor.</span> <span class='ocrx_word' id='word_1_101' title='bbox 831 1576 1144 1648; x_wconf 88' lang='lat' dir='ltr'>potiusque</span> <span class='ocrx_word' id='word_1_102' title='bbox 1191 1579 1260 1633; x_wconf 90' lang='lat' dir='ltr'>ad</span> <span class='ocrx_word' id='word_1_103' title='bbox 1299 1578 1642 1634; x_wconf 79' lang='lat' dir='ltr'>memoriam</span> <span class='ocrx_word' id='word_1_104' title='bbox 1675 1596 1861 1634; x_wconf 85' lang='lat' dir='ltr'>meam</span> <span class='ocrx_word' id='word_1_105' title='bbox 1895 1578 2193 1649; x_wconf 80' lang='lat' dir='ltr'>speculata</span> 
     </span>
    </p>
   </div>
   <div class='ocr_carea' id='block_1_17' title="bbox 542 1666 2194 1739">
    <p class='ocr_par' dir='ltr' id='par_1_17' title="bbox 542 1666 2194 1739">
     <span class='ocr_line' id='line_1_17' title="bbox 542 1666 2194 1739; baseline 0.002 -20"><span class='ocrx_word' id='word_1_106' title='bbox 542 1680 1031 1735; x_wconf 54' lang='lat' dir='ltr'>conservo,quam</span> <span class='ocrx_word' id='word_1_107' title='bbox 1056 1666 1330 1737; x_wconf 89' lang='lat' dir='ltr'>cuiquam</span> <span class='ocrx_word' id='word_1_108' title='bbox 1354 1668 1661 1738; x_wconf 89' lang='lat' dir='ltr'>participo,</span> <span class='ocrx_word' id='word_1_109' title='bbox 1684 1685 1934 1739; x_wconf 90' lang='lat' dir='ltr'>quorum</span> <span class='ocrx_word' id='word_1_110' title='bbox 1958 1668 2194 1723; x_wconf 79' lang='lat' dir='ltr'>lascivia</span> 
     </span>
    </p>
   </div>
   <div class='ocr_carea' id='block_1_18' title="bbox 544 1753 2193 1827">
    <p class='ocr_par' dir='ltr' id='par_1_18' title="bbox 544 1753 2193 1827">
     <span class='ocr_line' id='line_1_18' title="bbox 544 1753 2193 1827; baseline 0.003 -20"><span class='ocrx_word' id='word_1_111' title='bbox 544 1768 611 1807; x_wconf 88' lang='lat' dir='ltr'>ac</span> <span class='ocrx_word' id='word_1_112' title='bbox 634 1753 959 1824; x_wconf 81' lang='lat' dir='ltr'>petulantia</span> <span class='ocrx_word' id='word_1_113' title='bbox 983 1754 1128 1809; x_wconf 86' lang='lat' dir='ltr'>nihil</span> <span class='ocrx_word' id='word_1_114' title='bbox 1149 1756 1321 1825; x_wconf 88' lang='lat' dir='ltr'>ajoco</span> <span class='ocrx_word' id='word_1_115' title='bbox 1344 1758 1585 1827; x_wconf 89' lang='lat' dir='ltr'>risuque</span> <span class='ocrx_word' id='word_1_116' title='bbox 1599 1757 1815 1826; x_wconf 89' lang='lat' dir='ltr'>patitur</span> <span class='ocrx_word' id='word_1_117' title='bbox 1830 1758 2193 1826; x_wconf 88' lang='lat' dir='ltr'>essedisjun-</span> 
     </span>
    </p>
   </div>
   <div class='ocr_carea' id='block_1_19' title="bbox 545 1842 2188 1901">
    <p class='ocr_par' dir='ltr' id='par_1_19' title="bbox 545 1842 2188 1901">
     <span class='ocr_line' id='line_1_19' title="bbox 545 1842 2188 1901; baseline 0.002 -6"><span class='ocrx_word' id='word_1_118' title='bbox 545 1845 724 1896; x_wconf 90' lang='lat' dir='ltr'>ctum.</span> <span class='ocrx_word' id='word_1_119' title='bbox 744 1842 1067 1898; x_wconf 86' lang='lat' dir='ltr'>Prohinctu</span> <span class='ocrx_word' id='word_1_120' title='bbox 1095 1860 1164 1899; x_wconf 90' lang='lat' dir='ltr'>ne</span> <span class='ocrx_word' id='word_1_121' title='bbox 1184 1845 1266 1899; x_wconf 90' lang='lat' dir='ltr'>sis</span> <span class='ocrx_word' id='word_1_122' title='bbox 1286 1845 1750 1901; x_wconf 85' lang='lat' dir='ltr'>obscuritatibus</span> <span class='ocrx_word' id='word_1_123' title='bbox 1775 1846 2069 1901; x_wconf 85' lang='lat' dir='ltr'>brevitatis</span> <span class='ocrx_word' id='word_1_124' title='bbox 2087 1847 2188 1901; x_wconf 87' lang='lat' dir='ltr'>ad-</span> 
     </span>
    </p>
   </div>
   <div class='ocr_carea' id='block_1_20' title="bbox 542 1933 2185 2002">
    <p class='ocr_par' dir='ltr' id='par_1_20' title="bbox 542 1933 2185 2002">
     <span class='ocr_line' id='line_1_20' title="bbox 542 1933 2185 2002; baseline 0.002 -18"><span class='ocrx_word' id='word_1_125' title='bbox 542 1946 770 1999; x_wconf 88' lang='lat' dir='ltr'>versus,</span> <span class='ocrx_word' id='word_1_126' title='bbox 800 1948 927 2002; x_wconf 72' lang='lat' dir='ltr'>qum</span> <span class='ocrx_word' id='word_1_127' title='bbox 961 1949 1094 1987; x_wconf 93' lang='lat' dir='ltr'>cum</span> <span class='ocrx_word' id='word_1_128' title='bbox 1128 1933 1249 1988; x_wconf 89' lang='lat' dir='ltr'>sint</span> <span class='ocrx_word' id='word_1_129' title='bbox 1278 1935 1475 1990; x_wconf 91' lang='lat' dir='ltr'>acarni</span> <span class='ocrx_word' id='word_1_130' title='bbox 1508 1936 1623 1991; x_wconf 84' lang='lat' dir='ltr'>tida</span> <span class='ocrx_word' id='word_1_131' title='bbox 1651 1936 1939 2002; x_wconf 88' lang='lat' dir='ltr'>custodia,</span> <span class='ocrx_word' id='word_1_132' title='bbox 1973 1939 2096 1989; x_wconf 91' lang='lat' dir='ltr'>tum</span> <span class='ocrx_word' id='word_1_133' title='bbox 2129 1936 2185 1989; x_wconf 90' lang='lat' dir='ltr'>id</span> 
     </span>
    </p>
   </div>
   <div class='ocr_carea' id='block_1_21' title="bbox 542 2014 2184 2093">
    <p class='ocr_par' dir='ltr' id='par_1_21' title="bbox 542 2014 2184 2093">
     <span class='ocr_line' id='line_1_21' title="bbox 542 2014 2184 2093; baseline 0.005 -24"><span class='ocrx_word' id='word_1_134' title='bbox 542 2014 759 2071; x_wconf 85' lang='lat' dir='ltr'>habent</span> <span class='ocrx_word' id='word_1_135' title='bbox 788 2019 1103 2086; x_wconf 87' lang='lat' dir='ltr'>commodi,</span> <span class='ocrx_word' id='word_1_136' title='bbox 1137 2022 1291 2091; x_wconf 87' lang='lat' dir='ltr'>quod</span> <span class='ocrx_word' id='word_1_137' title='bbox 1324 2021 1416 2077; x_wconf 91' lang='lat' dir='ltr'>his</span> <span class='ocrx_word' id='word_1_138' title='bbox 1448 2019 1609 2092; x_wconf 90' lang='lat' dir='ltr'>solis,</span> <span class='ocrx_word' id='word_1_139' title='bbox 1662 2022 1764 2093; x_wconf 89' lang='lat' dir='ltr'>qui</span> <span class='ocrx_word' id='word_1_140' title='bbox 1814 2022 1975 2092; x_wconf 81' lang='lat' dir='ltr'>digni</span> <span class='ocrx_word' id='word_1_141' title='bbox 2025 2029 2184 2089; x_wconf 86' lang='lat' dir='ltr'>sunt,</span> 
     </span>
    </p>
   </div>
   <div class='ocr_carea' id='block_1_22' title="bbox 542 2104 2179 2179">
    <p class='ocr_par' dir='ltr' id='par_1_22' title="bbox 542 2104 2179 2179">
     <span class='ocr_line' id='line_1_22' title="bbox 542 2104 2179 2179; baseline 0.005 -20"><span class='ocrx_word' id='word_1_142' title='bbox 542 2104 979 2177; x_wconf 88' lang='lat' dir='ltr'>colloquuntur.</span> <span class='ocrx_word' id='word_1_143' title='bbox 1015 2108 1087 2163; x_wconf 88' lang='lat' dir='ltr'>Ut</span> <span class='ocrx_word' id='word_1_144' title='bbox 1119 2109 1301 2179; x_wconf 79' lang='lat' dir='ltr'>igitur</span> <span class='ocrx_word' id='word_1_145' title='bbox 1330 2110 1387 2165; x_wconf 90' lang='lat' dir='ltr'>in</span> <span class='ocrx_word' id='word_1_146' title='bbox 1423 2112 1831 2167; x_wconf 89' lang='lat' dir='ltr'>mathematica</span> <span class='ocrx_word' id='word_1_147' title='bbox 1864 2112 1984 2166; x_wconf 85' lang='lat' dir='ltr'>fieri</span> <span class='ocrx_word' id='word_1_148' title='bbox 2018 2112 2179 2179; x_wconf 86' lang='lat' dir='ltr'>solet,</span> 
     </span>
    </p>
   </div>
   <div class='ocr_carea' id='block_1_23' title="bbox 538 2196 2183 2271">
    <p class='ocr_par' dir='ltr' id='par_1_23' title="bbox 538 2196 2183 2271">
     <span class='ocr_line' id='line_1_23' title="bbox 538 2196 2183 2271; baseline 0.005 -23"><span class='ocrx_word' id='word_1_149' title='bbox 538 2196 877 2266; x_wconf 73' lang='lat' dir='ltr'>czeterisque</span> <span class='ocrx_word' id='word_1_150' title='bbox 907 2196 1081 2252; x_wconf 88' lang='lat' dir='ltr'>etiam</span> <span class='ocrx_word' id='word_1_151' title='bbox 1106 2198 1460 2271; x_wconf 89' lang='lat' dir='ltr'>disciplinis,</span> <span class='ocrx_word' id='word_1_152' title='bbox 1488 2200 1760 2270; x_wconf 90' lang='lat' dir='ltr'>proposui</span> <span class='ocrx_word' id='word_1_153' title='bbox 1788 2202 2067 2256; x_wconf 88' lang='lat' dir='ltr'>terminos</span> <span class='ocrx_word' id='word_1_154' title='bbox 2093 2216 2183 2256; x_wconf 86' lang='lat' dir='ltr'>re-</span> 
     </span>
    </p>
   </div>
   <div class='ocr_carea' id='block_1_24' title="bbox 537 2283 2179 2360">
    <p class='ocr_par' dir='ltr' id='par_1_24' title="bbox 537 2283 2179 2360">
     <span class='ocr_line' id='line_1_24' title="bbox 537 2283 2179 2360; baseline 0.003 -21"><span class='ocrx_word' id='word_1_155' title='bbox 537 2283 823 2356; x_wconf 78' lang='lat' dir='ltr'>gulaeque</span> <span class='ocrx_word' id='word_1_156' title='bbox 855 2286 1072 2356; x_wconf 88' lang='lat' dir='ltr'>quibus</span> <span class='ocrx_word' id='word_1_157' title='bbox 1104 2293 1312 2342; x_wconf 89' lang='lat' dir='ltr'>cuncta</span> <span class='ocrx_word' id='word_1_158' title='bbox 1342 2306 1469 2359; x_wconf 77' lang='lat' dir='ltr'>quae</span> <span class='ocrx_word' id='word_1_159' title='bbox 1522 2295 1849 2360; x_wconf 91' lang='lat' dir='ltr'>sequuntur</span> <span class='ocrx_word' id='word_1_160' title='bbox 1907 2290 2179 2345; x_wconf 78' lang='lat' dir='ltr'>efﬁciam.</span> 
     </span>
    </p>
   </div>
   <div class='ocr_carea' id='block_1_25' title="bbox 537 2371 2182 2450">
    <p class='ocr_par' dir='ltr' id='par_1_25' title="bbox 537 2371 2182 2450">
     <span class='ocr_line' id='line_1_25' title="bbox 537 2371 2182 2450; baseline 0.004 -24"><span class='ocrx_word' id='word_1_161' title='bbox 537 2371 880 2429; x_wconf 87' lang='lat' dir='ltr'>Communis</span> <span class='ocrx_word' id='word_1_162' title='bbox 909 2375 1093 2429; x_wconf 90' lang='lat' dir='ltr'>animi</span> <span class='ocrx_word' id='word_1_163' title='bbox 1127 2378 1428 2448; x_wconf 86' lang='lat' dir='ltr'>conceptio</span> <span class='ocrx_word' id='word_1_164' title='bbox 1473 2385 1564 2432; x_wconf 90' lang='lat' dir='ltr'>est</span> <span class='ocrx_word' id='word_1_165' title='bbox 1611 2378 1954 2445; x_wconf 88' lang='lat' dir='ltr'>enuntiatio,</span> <span class='ocrx_word' id='word_1_166' title='bbox 2008 2396 2182 2450; x_wconf 83' lang='lat' dir='ltr'>quam</span> 
     </span>
    </p>
   </div>
   <div class='ocr_carea' id='block_1_26' title="bbox 539 2461 2182 2537">
    <p class='ocr_par' dir='ltr' id='par_1_26' title="bbox 539 2461 2182 2537">
     <span class='ocr_line' id='line_1_26' title="bbox 539 2461 2182 2537; baseline 0.006 -24"><span class='ocrx_word' id='word_1_167' title='bbox 539 2461 789 2531; x_wconf 90' lang='lat' dir='ltr'>quisque</span> <span class='ocrx_word' id='word_1_168' title='bbox 822 2464 1032 2534; x_wconf 89' lang='lat' dir='ltr'>probat</span> <span class='ocrx_word' id='word_1_169' title='bbox 1089 2466 1375 2520; x_wconf 86' lang='lat' dir='ltr'>auditam.</span> <span class='ocrx_word' id='word_1_170' title='bbox 1430 2466 1647 2521; x_wconf 88' lang='lat' dir='ltr'>Harum</span> <span class='ocrx_word' id='word_1_171' title='bbox 1707 2466 1922 2537; x_wconf 84' lang='lat' dir='ltr'>duplex</span> <span class='ocrx_word' id='word_1_172' title='bbox 1972 2469 2182 2523; x_wconf 90' lang='lat' dir='ltr'>modus</span> 
     </span>
    </p>
   </div>
   <div class='ocr_carea' id='block_1_27' title="bbox 535 2552 2181 2627">
    <p class='ocr_par' dir='ltr' id='par_1_27' title="bbox 535 2552 2181 2627">
     <span class='ocr_line' id='line_1_27' title="bbox 535 2552 2181 2627; baseline 0.005 -24"><span class='ocrx_word' id='word_1_173' title='bbox 535 2554 654 2604; x_wconf 89' lang='lat' dir='ltr'>est:</span> <span class='ocrx_word' id='word_1_174' title='bbox 691 2567 824 2605; x_wconf 89' lang='lat' dir='ltr'>nam</span> <span class='ocrx_word' id='word_1_175' title='bbox 858 2552 915 2606; x_wconf 93' lang='lat' dir='ltr'>in</span> <span class='ocrx_word' id='word_1_176' title='bbox 952 2570 1067 2608; x_wconf 91' lang='lat' dir='ltr'>una</span> <span class='ocrx_word' id='word_1_177' title='bbox 1098 2557 1430 2610; x_wconf 86' lang='lat' dir='ltr'>communis</span> <span class='ocrx_word' id='word_1_178' title='bbox 1461 2561 1569 2627; x_wconf 84' lang='lat' dir='ltr'>est,</span> <span class='ocrx_word' id='word_1_179' title='bbox 1603 2560 1666 2611; x_wconf 90' lang='lat' dir='ltr'>ut</span> <span class='ocrx_word' id='word_1_180' title='bbox 1693 2557 1957 2611; x_wconf 90' lang='lat' dir='ltr'>omnium</span> <span class='ocrx_word' id='word_1_181' title='bbox 1989 2556 2181 2612; x_wconf 91' lang='lat' dir='ltr'>homi-</span> 
     </span>
    </p>
   </div>
   <div class='ocr_carea' id='block_1_28' title="bbox 534 2641 2180 2717">
    <p class='ocr_par' dir='ltr' id='par_1_28' title="bbox 534 2641 2180 2717">
     <span class='ocr_line' id='line_1_28' title="bbox 534 2641 2180 2717; baseline 0.007 -25"><span class='ocrx_word' id='word_1_182' title='bbox 534 2654 677 2693; x_wconf 90' lang='lat' dir='ltr'>num</span> <span class='ocrx_word' id='word_1_183' title='bbox 712 2641 810 2705; x_wconf 88' lang='lat' dir='ltr'>sit,</span> <span class='ocrx_word' id='word_1_184' title='bbox 842 2641 1000 2697; x_wconf 90' lang='lat' dir='ltr'>velut</span> <span class='ocrx_word' id='word_1_185' title='bbox 1031 2643 1079 2698; x_wconf 89' lang='lat' dir='ltr'>si</span> <span class='ocrx_word' id='word_1_186' title='bbox 1113 2644 1260 2699; x_wconf 90' lang='lat' dir='ltr'>hanc</span> <span class='ocrx_word' id='word_1_187' title='bbox 1291 2661 1618 2716; x_wconf 87' lang='lat' dir='ltr'>proponas:</span> <span class='ocrx_word' id='word_1_188' title='bbox 1651 2647 1704 2700; x_wconf 91' lang='lat' dir='ltr'>Si</span> <span class='ocrx_word' id='word_1_189' title='bbox 1737 2646 1967 2702; x_wconf 90' lang='lat' dir='ltr'>duobus</span> <span class='ocrx_word' id='word_1_190' title='bbox 1990 2663 2180 2717; x_wconf 60' lang='lat' dir='ltr'>aequa-</span> 
     </span>
    </p>
   </div>
   <div class='ocr_carea' id='block_1_29' title="bbox 527 2725 2177 2807">
    <p class='ocr_par' dir='ltr' id='par_1_29' title="bbox 527 2725 2177 2807">
     <span class='ocr_line' id='line_1_29' title="bbox 527 2725 2177 2807; baseline 0.007 -26"><span class='ocrx_word' id='word_1_191' title='bbox 527 2725 684 2783; x_wconf 89' lang='lat' dir='ltr'>libus</span> <span class='ocrx_word' id='word_1_192' title='bbox 716 2730 964 2801; x_wconf 70' lang='lat' dir='ltr'>aequalia</span> <span class='ocrx_word' id='word_1_193' title='bbox 989 2733 1243 2796; x_wconf 82' lang='lat' dir='ltr'>auferas,</span> <span class='ocrx_word' id='word_1_194' title='bbox 1296 2751 1423 2805; x_wconf 72' lang='lat' dir='ltr'>quis</span> <span class='ocrx_word' id='word_1_195' title='bbox 1476 2735 1892 2807; x_wconf 89' lang='lat' dir='ltr'>relinquuntur</span> <span class='ocrx_word' id='word_1_196' title='bbox 1930 2737 2177 2807; x_wconf 57' lang='lat' dir='ltr'>aequalia</span> 
     </span>
    </p>
   </div>
   <div class='ocr_carea' id='block_1_30' title="bbox 528 2818 2178 2895">
    <p class='ocr_par' dir='ltr' id='par_1_30' title="bbox 528 2818 2178 2895">
     <span class='ocr_line' id='line_1_30' title="bbox 528 2818 2178 2895; baseline 0.006 -24"><span class='ocrx_word' id='word_1_197' title='bbox 528 2831 687 2883; x_wconf 84' lang='lat' dir='ltr'>esse;</span> <span class='ocrx_word' id='word_1_198' title='bbox 726 2818 924 2875; x_wconf 88' lang='lat' dir='ltr'>nullus</span> <span class='ocrx_word' id='word_1_199' title='bbox 980 2820 1036 2875; x_wconf 90' lang='lat' dir='ltr'>id</span> <span class='ocrx_word' id='word_1_200' title='bbox 1097 2821 1432 2895; x_wconf 83' lang='lat' dir='ltr'>intelligens</span> <span class='ocrx_word' id='word_1_201' title='bbox 1467 2832 1655 2893; x_wconf 82' lang='lat' dir='ltr'>neget.</span> <span class='ocrx_word' id='word_1_202' title='bbox 1724 2824 1849 2879; x_wconf 86' lang='lat' dir='ltr'>Alia</span> <span class='ocrx_word' id='word_1_203' title='bbox 1907 2842 2041 2880; x_wconf 89' lang='lat' dir='ltr'>vero</span> <span class='ocrx_word' id='word_1_204' title='bbox 2089 2832 2178 2882; x_wconf 88' lang='lat' dir='ltr'>est</span> 
     </span>
    </p>
   </div>
   <div class='ocr_carea' id='block_1_31' title="bbox 527 2905 2174 2984">
    <p class='ocr_par' dir='ltr' id='par_1_31' title="bbox 527 2905 2174 2984">
     <span class='ocr_line' id='line_1_31' title="bbox 527 2905 2174 2984; baseline 0.005 -24"><span class='ocrx_word' id='word_1_205' title='bbox 527 2905 830 2964; x_wconf 89' lang='lat' dir='ltr'>doctorum</span> <span class='ocrx_word' id='word_1_206' title='bbox 880 2915 1135 2978; x_wconf 83' lang='lat' dir='ltr'>tantum,</span> <span class='ocrx_word' id='word_1_207' title='bbox 1168 2929 1295 2984; x_wconf 66' lang='lat' dir='ltr'>qua:</span> <span class='ocrx_word' id='word_1_208' title='bbox 1328 2918 1523 2967; x_wconf 89' lang='lat' dir='ltr'>tamen</span> <span class='ocrx_word' id='word_1_209' title='bbox 1556 2930 1624 2967; x_wconf 84' lang='lat' dir='ltr'>ex</span> <span class='ocrx_word' id='word_1_210' title='bbox 1655 2913 1872 2969; x_wconf 88' lang='lat' dir='ltr'>talibus</span> <span class='ocrx_word' id='word_1_211' title='bbox 1904 2931 2174 2970; x_wconf 91' lang='lat' dir='ltr'>commu-</span> 
     </span>
    </p>
   </div>
   <div class='ocr_carea' id='block_1_32' title="bbox 527 2994 2169 3071">
    <p class='ocr_par' dir='ltr' id='par_1_32' title="bbox 527 2994 2169 3071">
     <span class='ocr_line' id='line_1_32' title="bbox 527 2994 2169 3071; baseline 0.006 -22"><span class='ocrx_word' id='word_1_212' title='bbox 527 2994 620 3049; x_wconf 88' lang='lat' dir='ltr'>nis</span> <span class='ocrx_word' id='word_1_213' title='bbox 652 2998 831 3052; x_wconf 90' lang='lat' dir='ltr'>animi</span> <span class='ocrx_word' id='word_1_214' title='bbox 873 3001 1358 3070; x_wconf 89' lang='lat' dir='ltr'>conceptionibus</span> <span class='ocrx_word' id='word_1_215' title='bbox 1407 3003 1585 3071; x_wconf 91' lang='lat' dir='ltr'>venit,</span> <span class='ocrx_word' id='word_1_216' title='bbox 1641 3007 1704 3057; x_wconf 90' lang='lat' dir='ltr'>ut</span> <span class='ocrx_word' id='word_1_217' title='bbox 1733 3007 1855 3059; x_wconf 84' lang='lat' dir='ltr'>est:</span> <span class='ocrx_word' id='word_1_218' title='bbox 1888 3005 2026 3068; x_wconf 71' lang='lat' dir='ltr'>Quae</span> <span class='ocrx_word' id='word_1_219' title='bbox 2077 3004 2169 3059; x_wconf 91' lang='lat' dir='ltr'>in-</span> 
     </span>
    </p>
   </div>
   <div class='ocr_carea' id='block_1_33' title="bbox 2306 951 3836 1024">
    <p class='ocr_par' dir='ltr' id='par_1_33' title="bbox 2306 951 3836 1024">
     <span class='ocr_line' id='line_1_33' title="bbox 2306 951 3836 1024; baseline 0.004 -17"><span class='ocrx_word' id='word_1_220' title='bbox 2306 953 2461 1007; x_wconf 87' lang='lat' dir='ltr'>bona</span> <span class='ocrx_word' id='word_1_221' title='bbox 2494 951 2620 1023; x_wconf 91' lang='lat' dir='ltr'>ipsa</span> <span class='ocrx_word' id='word_1_222' title='bbox 2651 956 2791 1007; x_wconf 89' lang='lat' dir='ltr'>sunt</span> <span class='ocrx_word' id='word_1_223' title='bbox 2817 977 2832 1020; x_wconf 74' lang='lat'><strong>;</strong></span> <span class='ocrx_word' id='word_1_224' title='bbox 2865 953 2965 1007; x_wconf 86' lang='lat' dir='ltr'>sed</span> <span class='ocrx_word' id='word_1_225' title='bbox 2998 954 3490 1024; x_wconf 84' lang='lat' dir='ltr'>quemadmodum</span> <span class='ocrx_word' id='word_1_226' title='bbox 3520 956 3653 1011; x_wconf 88' lang='lat' dir='ltr'>bona</span> <span class='ocrx_word' id='word_1_227' title='bbox 3676 959 3767 1012; x_wconf 87' lang='lat' dir='ltr'>sint</span> <span class='ocrx_word' id='word_1_228' title='bbox 3785 960 3836 1013; x_wconf 87' lang='lat' dir='ltr'>in-</span> 
     </span>
    </p>
   </div>
   <div class='ocr_carea' id='block_1_34' title="bbox 2306 1042 3834 1115">
    <p class='ocr_par' dir='ltr' id='par_1_34' title="bbox 2306 1042 3834 1115">
     <span class='ocr_line' id='line_1_34' title="bbox 2306 1042 3834 1115; baseline 0.003 -19"><span class='ocrx_word' id='word_1_229' title='bbox 2306 1042 2657 1115; x_wconf 89' lang='lat' dir='ltr'>quireudum</span> <span class='ocrx_word' id='word_1_230' title='bbox 2688 1046 2798 1109; x_wconf 87' lang='lat' dir='ltr'>est,</span> <span class='ocrx_word' id='word_1_231' title='bbox 2830 1046 3110 1097; x_wconf 88' lang='lat' dir='ltr'>utrumne</span> <span class='ocrx_word' id='word_1_232' title='bbox 3143 1043 3588 1115; x_wconf 84' lang='lat' dir='ltr'>participatione,</span> <span class='ocrx_word' id='word_1_233' title='bbox 3624 1062 3682 1100; x_wconf 81' lang='lat' dir='ltr'>an</span> <span class='ocrx_word' id='word_1_234' title='bbox 3724 1048 3834 1101; x_wconf 73' lang='lat' dir='ltr'>subs-</span> 
     </span>
    </p>
   </div>
   <div class='ocr_carea' id='block_1_35' title="bbox 2304 1130 3835 1204">
    <p class='ocr_par' dir='ltr' id='par_1_35' title="bbox 2304 1130 3835 1204">
     <span class='ocr_line' id='line_1_35' title="bbox 2304 1130 3835 1204; baseline 0.003 -18"><span class='ocrx_word' id='word_1_235' title='bbox 2304 1130 2509 1186; x_wconf 87' lang='lat' dir='ltr'>tantia.</span> <span class='ocrx_word' id='word_1_236' title='bbox 2542 1131 2598 1184; x_wconf 90' lang='lat' dir='ltr'>Si</span> <span class='ocrx_word' id='word_1_237' title='bbox 2634 1131 3099 1202; x_wconf 86' lang='lat' dir='ltr'>participatione,</span> <span class='ocrx_word' id='word_1_238' title='bbox 3134 1148 3230 1200; x_wconf 88' lang='lat' dir='ltr'>per</span> <span class='ocrx_word' id='word_1_239' title='bbox 3262 1148 3323 1187; x_wconf 89' lang='lat' dir='ltr'>se</span> <span class='ocrx_word' id='word_1_240' title='bbox 3372 1136 3495 1204; x_wconf 89' lang='lat' dir='ltr'>ipsa</span> <span class='ocrx_word' id='word_1_241' title='bbox 3548 1133 3685 1189; x_wconf 91' lang='lat' dir='ltr'>nullo</span> <span class='ocrx_word' id='word_1_242' title='bbox 3730 1138 3835 1191; x_wconf 80' lang='lat' dir='ltr'>modo</span> 
     </span>
    </p>
   </div>
   <div class='ocr_carea' id='block_1_36' title="bbox 2305 1220 3836 1292">
    <p class='ocr_par' dir='ltr' id='par_1_36' title="bbox 2305 1220 3836 1292">
     <span class='ocr_line' id='line_1_36' title="bbox 2305 1220 3836 1292; baseline 0.003 -18"><span class='ocrx_word' id='word_1_243' title='bbox 2305 1221 2457 1276; x_wconf 89' lang='lat' dir='ltr'>bona</span> <span class='ocrx_word' id='word_1_244' title='bbox 2488 1224 2667 1275; x_wconf 87' lang='lat' dir='ltr'>sunt:</span> <span class='ocrx_word' id='word_1_245' title='bbox 2702 1235 2836 1275; x_wconf 91' lang='lat' dir='ltr'>nam</span> <span class='ocrx_word' id='word_1_246' title='bbox 2870 1220 3024 1291; x_wconf 89' lang='lat' dir='ltr'>quod</span> <span class='ocrx_word' id='word_1_247' title='bbox 3058 1220 3504 1292; x_wconf 88' lang='lat' dir='ltr'>participatione</span> <span class='ocrx_word' id='word_1_248' title='bbox 3555 1220 3737 1289; x_wconf 87' lang='lat' dir='ltr'>album,</span> <span class='ocrx_word' id='word_1_249' title='bbox 3771 1232 3836 1290; x_wconf 76' lang='lat' dir='ltr'>est,</span> 
     </span>
    </p>
   </div>
   <div class='ocr_carea' id='block_1_37' title="bbox 2303 1307 3837 1380">
    <p class='ocr_par' dir='ltr' id='par_1_37' title="bbox 2303 1307 3837 1380">
     <span class='ocr_line' id='line_1_37' title="bbox 2303 1307 3837 1380; baseline 0.003 -17"><span class='ocrx_word' id='word_1_250' title='bbox 2303 1324 2407 1380; x_wconf 88' lang='lat' dir='ltr'>per</span> <span class='ocrx_word' id='word_1_251' title='bbox 2437 1324 2499 1362; x_wconf 92' lang='lat' dir='ltr'>se</span> <span class='ocrx_word' id='word_1_252' title='bbox 2525 1307 2583 1361; x_wconf 91' lang='lat' dir='ltr'>in</span> <span class='ocrx_word' id='word_1_253' title='bbox 2619 1324 2685 1363; x_wconf 91' lang='lat' dir='ltr'>eo</span> <span class='ocrx_word' id='word_1_254' title='bbox 2716 1309 2872 1379; x_wconf 89' lang='lat' dir='ltr'>quod</span> <span class='ocrx_word' id='word_1_255' title='bbox 2906 1308 3101 1379; x_wconf 90' lang='lat' dir='ltr'>ipsum</span> <span class='ocrx_word' id='word_1_256' title='bbox 3132 1318 3240 1376; x_wconf 83' lang='lat' dir='ltr'>est,</span> <span class='ocrx_word' id='word_1_257' title='bbox 3271 1310 3468 1365; x_wconf 87' lang='lat' dir='ltr'>album</span> <span class='ocrx_word' id='word_1_258' title='bbox 3499 1327 3604 1365; x_wconf 88' lang='lat' dir='ltr'>non</span> <span class='ocrx_word' id='word_1_259' title='bbox 3632 1316 3719 1379; x_wconf 86' lang='lat' dir='ltr'>est,</span> <span class='ocrx_word' id='word_1_260' title='bbox 3742 1314 3837 1367; x_wconf 83' lang='lat' dir='ltr'>etde</span> 
     </span>
    </p>
   </div>
   <div class='ocr_carea' id='block_1_38' title="bbox 2302 1396 3837 1472">
    <p class='ocr_par' dir='ltr' id='par_1_38' title="bbox 2302 1396 3837 1472">
     <span class='ocr_line' id='line_1_38' title="bbox 2302 1396 3837 1472; baseline 0.003 -21"><span class='ocrx_word' id='word_1_261' title='bbox 2302 1396 2525 1452; x_wconf 59' lang='lat' dir='ltr'>caeteris</span> <span class='ocrx_word' id='word_1_262' title='bbox 2561 1396 2948 1468; x_wconf 88' lang='lat' dir='ltr'>qualitatibus</span> <span class='ocrx_word' id='word_1_263' title='bbox 2978 1399 3179 1453; x_wconf 88' lang='lat' dir='ltr'>eodem</span> <span class='ocrx_word' id='word_1_264' title='bbox 3216 1399 3425 1467; x_wconf 88' lang='lat' dir='ltr'>modo;</span> <span class='ocrx_word' id='word_1_265' title='bbox 3459 1400 3506 1454; x_wconf 90' lang='lat' dir='ltr'>si</span> <span class='ocrx_word' id='word_1_266' title='bbox 3533 1400 3688 1472; x_wconf 83' lang='lat' dir='ltr'>igitur</span> <span class='ocrx_word' id='word_1_267' title='bbox 3724 1402 3837 1472; x_wconf 76' lang='lat' dir='ltr'>parti-</span> 
     </span>
    </p>
   </div>
   <div class='ocr_carea' id='block_1_39' title="bbox 2302 1484 3838 1559">
    <p class='ocr_par' dir='ltr' id='par_1_39' title="bbox 2302 1484 3838 1559">
     <span class='ocr_line' id='line_1_39' title="bbox 2302 1484 3838 1559; baseline 0.003 -19"><span class='ocrx_word' id='word_1_268' title='bbox 2302 1484 2616 1554; x_wconf 87' lang='lat' dir='ltr'>cipatione,</span> <span class='ocrx_word' id='word_1_269' title='bbox 2642 1486 2796 1540; x_wconf 88' lang='lat' dir='ltr'>bona</span> <span class='ocrx_word' id='word_1_270' title='bbox 2826 1492 2990 1555; x_wconf 89' lang='lat' dir='ltr'>sunt,</span> <span class='ocrx_word' id='word_1_271' title='bbox 3024 1486 3152 1558; x_wconf 88' lang='lat' dir='ltr'>ipsa</span> <span class='ocrx_word' id='word_1_272' title='bbox 3178 1503 3280 1559; x_wconf 88' lang='lat' dir='ltr'>per</span> <span class='ocrx_word' id='word_1_273' title='bbox 3308 1504 3371 1544; x_wconf 89' lang='lat' dir='ltr'>se</span> <span class='ocrx_word' id='word_1_274' title='bbox 3394 1487 3547 1544; x_wconf 91' lang='lat' dir='ltr'>nullo</span> <span class='ocrx_word' id='word_1_275' title='bbox 3570 1490 3838 1548; x_wconf 82' lang='lat' dir='ltr'>madasunt;</span> 
     </span>
    </p>
   </div>
   <div class='ocr_carea' id='block_1_40' title="bbox 2302 1574 3839 1649">
    <p class='ocr_par' dir='ltr' id='par_1_40' title="bbox 2302 1574 3839 1649">
     <span class='ocr_line' id='line_1_40' title="bbox 2302 1574 3839 1649; baseline 0.001 -20"><span class='ocrx_word' id='word_1_276' title='bbox 2302 1574 2402 1629; x_wconf 88' lang='lat' dir='ltr'>sed</span> <span class='ocrx_word' id='word_1_277' title='bbox 2435 1589 2781 1629; x_wconf 89' lang='lat' dir='ltr'>concessum</span> <span class='ocrx_word' id='word_1_278' title='bbox 2813 1580 2920 1630; x_wconf 89' lang='lat' dir='ltr'>est.</span> <span class='ocrx_word' id='word_1_279' title='bbox 2942 1575 3065 1630; x_wconf 91' lang='lat' dir='ltr'>Non</span> <span class='ocrx_word' id='word_1_280' title='bbox 3097 1576 3277 1647; x_wconf 88' lang='lat' dir='ltr'>igitur</span> <span class='ocrx_word' id='word_1_281' title='bbox 3308 1579 3719 1649; x_wconf 83' lang='lat' dir='ltr'>participatione</span> <span class='ocrx_word' id='word_1_282' title='bbox 3757 1587 3839 1633; x_wconf 75' lang='lat' dir='ltr'>sunt</span> 
     </span>
    </p>
   </div>
   <div class='ocr_carea' id='block_1_41' title="bbox 2302 1661 3837 1735">
    <p class='ocr_par' dir='ltr' id='par_1_41' title="bbox 2302 1661 3837 1735">
     <span class='ocr_line' id='line_1_41' title="bbox 2302 1661 3837 1735; baseline 0.003 -19"><span class='ocrx_word' id='word_1_283' title='bbox 2302 1661 2473 1727; x_wconf 88' lang='lat' dir='ltr'>bona,</span> <span class='ocrx_word' id='word_1_284' title='bbox 2498 1662 2599 1717; x_wconf 90' lang='lat' dir='ltr'>sed</span> <span class='ocrx_word' id='word_1_285' title='bbox 2633 1662 2998 1719; x_wconf 88' lang='lat' dir='ltr'>substantia:</span> <span class='ocrx_word' id='word_1_286' title='bbox 3032 1680 3285 1735; x_wconf 89' lang='lat' dir='ltr'>quorum</span> <span class='ocrx_word' id='word_1_287' title='bbox 3320 1681 3456 1721; x_wconf 87' lang='lat' dir='ltr'>vero</span> <span class='ocrx_word' id='word_1_288' title='bbox 3487 1667 3764 1721; x_wconf 83' lang='lat' dir='ltr'>substantia</span> <span class='ocrx_word' id='word_1_289' title='bbox 3781 1667 3837 1721; x_wconf 81' lang='lat' dir='ltr'>bo-</span> 
     </span>
    </p>
   </div>
   <div class='ocr_carea' id='block_1_42' title="bbox 2299 1750 3837 1827">
    <p class='ocr_par' dir='ltr' id='par_1_42' title="bbox 2299 1750 3837 1827">
     <span class='ocr_line' id='line_1_42' title="bbox 2299 1750 3837 1827; baseline 0.004 -22"><span class='ocrx_word' id='word_1_290' title='bbox 2299 1767 2376 1805; x_wconf 90' lang='lat' dir='ltr'>na</span> <span class='ocrx_word' id='word_1_291' title='bbox 2405 1755 2516 1818; x_wconf 90' lang='lat' dir='ltr'>est,</span> <span class='ocrx_word' id='word_1_292' title='bbox 2551 1750 2605 1805; x_wconf 90' lang='lat' dir='ltr'>id</span> <span class='ocrx_word' id='word_1_293' title='bbox 2641 1751 2795 1822; x_wconf 89' lang='lat' dir='ltr'>quod</span> <span class='ocrx_word' id='word_1_294' title='bbox 2828 1756 2969 1807; x_wconf 89' lang='lat' dir='ltr'>sunt</span> <span class='ocrx_word' id='word_1_295' title='bbox 3024 1753 3178 1808; x_wconf 92' lang='lat' dir='ltr'>bona</span> <span class='ocrx_word' id='word_1_296' title='bbox 3239 1759 3403 1825; x_wconf 86' lang='lat' dir='ltr'>sunt,</span> <span class='ocrx_word' id='word_1_297' title='bbox 3462 1755 3517 1810; x_wconf 93' lang='lat' dir='ltr'>id</span> <span class='ocrx_word' id='word_1_298' title='bbox 3563 1761 3725 1811; x_wconf 89' lang='lat' dir='ltr'>autem</span> <span class='ocrx_word' id='word_1_299' title='bbox 3745 1757 3837 1827; x_wconf 80' lang='lat' dir='ltr'>quod</span> 
     </span>
    </p>
   </div>
   <div class='ocr_carea' id='block_1_43' title="bbox 2297 1839 3835 1915">
    <p class='ocr_par' dir='ltr' id='par_1_43' title="bbox 2297 1839 3835 1915">
     <span class='ocr_line' id='line_1_43' title="bbox 2297 1839 3835 1915; baseline 0.003 -21"><span class='ocrx_word' id='word_1_300' title='bbox 2297 1844 2438 1895; x_wconf 89' lang='lat' dir='ltr'>sunt</span> <span class='ocrx_word' id='word_1_301' title='bbox 2469 1839 2685 1895; x_wconf 86' lang='lat' dir='ltr'>habent</span> <span class='ocrx_word' id='word_1_302' title='bbox 2713 1856 2780 1894; x_wconf 81' lang='lat' dir='ltr'>ex</span> <span class='ocrx_word' id='word_1_303' title='bbox 2809 1857 2875 1897; x_wconf 91' lang='lat' dir='ltr'>eo</span> <span class='ocrx_word' id='word_1_304' title='bbox 2907 1842 3061 1912; x_wconf 90' lang='lat' dir='ltr'>quod</span> <span class='ocrx_word' id='word_1_305' title='bbox 3090 1851 3176 1898; x_wconf 91' lang='lat' dir='ltr'>est</span> <span class='ocrx_word' id='word_1_306' title='bbox 3206 1860 3353 1899; x_wconf 87' lang='lat' dir='ltr'>esse.</span> <span class='ocrx_word' id='word_1_307' title='bbox 3389 1844 3521 1900; x_wconf 82' lang='lat' dir='ltr'>Esse</span> <span class='ocrx_word' id='word_1_308' title='bbox 3549 1844 3702 1915; x_wconf 85' lang='lat' dir='ltr'>igitur</span> <span class='ocrx_word' id='word_1_309' title='bbox 3742 1846 3835 1915; x_wconf 75' lang='lat' dir='ltr'>ipso-</span> 
     </span>
    </p>
   </div>
   <div class='ocr_carea' id='block_1_44' title="bbox 2297 1928 3838 2005">
    <p class='ocr_par' dir='ltr' id='par_1_44' title="bbox 2297 1928 3838 2005">
     <span class='ocr_line' id='line_1_44' title="bbox 2297 1928 3838 2005; baseline 0.003 -22"><span class='ocrx_word' id='word_1_310' title='bbox 2297 1944 2427 1983; x_wconf 91' lang='lat' dir='ltr'>rum</span> <span class='ocrx_word' id='word_1_311' title='bbox 2463 1928 2680 1982; x_wconf 91' lang='lat' dir='ltr'>bonum</span> <span class='ocrx_word' id='word_1_312' title='bbox 2703 1934 2790 1983; x_wconf 89' lang='lat' dir='ltr'>est</span> <span class='ocrx_word' id='word_1_313' title='bbox 2813 1946 2826 1984; x_wconf 93' lang='lat'>:</span> <span class='ocrx_word' id='word_1_314' title='bbox 2850 1932 3112 1986; x_wconf 92' lang='lat' dir='ltr'>omnium</span> <span class='ocrx_word' id='word_1_315' title='bbox 3135 1932 3317 2003; x_wconf 85' lang='lat' dir='ltr'>igitur</span> <span class='ocrx_word' id='word_1_316' title='bbox 3341 1950 3536 1989; x_wconf 89' lang='lat' dir='ltr'>rerum</span> <span class='ocrx_word' id='word_1_317' title='bbox 3566 1934 3729 2005; x_wconf 87' lang='lat' dir='ltr'>ipsum</span> <span class='ocrx_word' id='word_1_318' title='bbox 3745 1950 3838 1997; x_wconf 75' lang='lat' dir='ltr'>esse,</span> 
     </span>
    </p>
   </div>
   <div class='ocr_carea' id='block_1_45' title="bbox 2294 2016 3836 2093">
    <p class='ocr_par' dir='ltr' id='par_1_45' title="bbox 2294 2016 3836 2093">
     <span class='ocr_line' id='line_1_45' title="bbox 2294 2016 3836 2093; baseline 0.003 -23"><span class='ocrx_word' id='word_1_319' title='bbox 2294 2017 2514 2071; x_wconf 89' lang='lat' dir='ltr'>bonum</span> <span class='ocrx_word' id='word_1_320' title='bbox 2546 2021 2659 2072; x_wconf 88' lang='lat' dir='ltr'>est.</span> <span class='ocrx_word' id='word_1_321' title='bbox 2691 2016 2799 2071; x_wconf 90' lang='lat' dir='ltr'>Sed</span> <span class='ocrx_word' id='word_1_322' title='bbox 2834 2018 2883 2071; x_wconf 90' lang='lat' dir='ltr'>si</span> <span class='ocrx_word' id='word_1_323' title='bbox 2921 2034 3049 2073; x_wconf 88' lang='lat' dir='ltr'>esse</span> <span class='ocrx_word' id='word_1_324' title='bbox 3075 2020 3294 2075; x_wconf 91' lang='lat' dir='ltr'>bonum</span> <span class='ocrx_word' id='word_1_325' title='bbox 3324 2026 3436 2089; x_wconf 88' lang='lat' dir='ltr'>est,</span> <span class='ocrx_word' id='word_1_326' title='bbox 3470 2039 3534 2077; x_wconf 90' lang='lat' dir='ltr'>ea</span> <span class='ocrx_word' id='word_1_327' title='bbox 3587 2039 3693 2093; x_wconf 76' lang='lat' dir='ltr'>qua:</span> <span class='ocrx_word' id='word_1_328' title='bbox 3736 2029 3836 2083; x_wconf 82' lang='lat' dir='ltr'>sunt,</span> 
     </span>
    </p>
   </div>
   <div class='ocr_carea' id='block_1_46' title="bbox 2291 2104 3834 2181">
    <p class='ocr_par' dir='ltr' id='par_1_46' title="bbox 2291 2104 3834 2181">
     <span class='ocr_line' id='line_1_46' title="bbox 2291 2104 3834 2181; baseline 0.007 -23"><span class='ocrx_word' id='word_1_329' title='bbox 2291 2104 2349 2158; x_wconf 90' lang='lat' dir='ltr'>in</span> <span class='ocrx_word' id='word_1_330' title='bbox 2379 2121 2443 2160; x_wconf 92' lang='lat' dir='ltr'>eo</span> <span class='ocrx_word' id='word_1_331' title='bbox 2472 2106 2625 2176; x_wconf 89' lang='lat' dir='ltr'>quod</span> <span class='ocrx_word' id='word_1_332' title='bbox 2659 2122 2724 2160; x_wconf 87' lang='lat' dir='ltr'>su</span> <span class='ocrx_word' id='word_1_333' title='bbox 2739 2112 2818 2168; x_wconf 88' lang='lat' dir='ltr'>nt.</span> <span class='ocrx_word' id='word_1_334' title='bbox 2853 2106 3006 2161; x_wconf 88' lang='lat' dir='ltr'>bona</span> <span class='ocrx_word' id='word_1_335' title='bbox 3022 2113 3181 2176; x_wconf 87' lang='lat' dir='ltr'>sunt;</span> <span class='ocrx_word' id='word_1_336' title='bbox 3210 2109 3487 2181; x_wconf 88' lang='lat' dir='ltr'>idemque</span> <span class='ocrx_word' id='word_1_337' title='bbox 3516 2109 3624 2166; x_wconf 83' lang='lat' dir='ltr'>illis</span> <span class='ocrx_word' id='word_1_338' title='bbox 3650 2117 3834 2169; x_wconf 79' lang='lat' dir='ltr'>estesse.</span> 
     </span>
    </p>
   </div>
   <div class='ocr_carea' id='block_1_47' title="bbox 2291 2194 3837 2270">
    <p class='ocr_par' dir='ltr' id='par_1_47' title="bbox 2291 2194 3837 2270">
     <span class='ocr_line' id='line_1_47' title="bbox 2291 2194 3837 2270; baseline 0.003 -23"><span class='ocrx_word' id='word_1_339' title='bbox 2291 2194 2446 2263; x_wconf 87' lang='lat' dir='ltr'>quod</span> <span class='ocrx_word' id='word_1_340' title='bbox 2481 2196 2695 2249; x_wconf 91' lang='lat' dir='ltr'>bonum</span> <span class='ocrx_word' id='word_1_341' title='bbox 2720 2212 2877 2252; x_wconf 87' lang='lat' dir='ltr'>esse:</span> <span class='ocrx_word' id='word_1_342' title='bbox 2909 2196 3323 2253; x_wconf 81' lang='lat' dir='ltr'>substantialis.</span> <span class='ocrx_word' id='word_1_343' title='bbox 3353 2198 3535 2270; x_wconf 83' lang='lat' dir='ltr'>igitur</span> <span class='ocrx_word' id='word_1_344' title='bbox 3570 2200 3698 2254; x_wconf 81' lang='lat' dir='ltr'>bona</span> <span class='ocrx_word' id='word_1_345' title='bbox 3739 2208 3837 2261; x_wconf 76' lang='lat' dir='ltr'>sunt,</span> 
     </span>
    </p>
   </div>
   <div class='ocr_carea' id='block_1_48' title="bbox 2291 2282 3838 2360">
    <p class='ocr_par' dir='ltr' id='par_1_48' title="bbox 2291 2282 3838 2360">
     <span class='ocr_line' id='line_1_48' title="bbox 2291 2282 3838 2360; baseline 0.004 -25"><span class='ocrx_word' id='word_1_346' title='bbox 2291 2282 2569 2352; x_wconf 90' lang='lat' dir='ltr'>quoniam</span> <span class='ocrx_word' id='word_1_347' title='bbox 2600 2300 2710 2337; x_wconf 92' lang='lat' dir='ltr'>non</span> <span class='ocrx_word' id='word_1_348' title='bbox 2747 2284 3095 2355; x_wconf 89' lang='lat' dir='ltr'>participant</span> <span class='ocrx_word' id='word_1_349' title='bbox 3127 2286 3474 2342; x_wconf 89' lang='lat' dir='ltr'>bonitatem.</span> <span class='ocrx_word' id='word_1_350' title='bbox 3534 2288 3677 2351; x_wconf 86' lang='lat' dir='ltr'>Quod</span> <span class='ocrx_word' id='word_1_351' title='bbox 3717 2288 3751 2343; x_wconf 84' lang='lat' dir='ltr'>si</span> <span class='ocrx_word' id='word_1_352' title='bbox 3784 2288 3838 2360; x_wconf 51' lang='lat' dir='ltr'>ip.</span> 
     </span>
    </p>
   </div>
   <div class='ocr_carea' id='block_1_49' title="bbox 2291 2370 3837 2449">
    <p class='ocr_par' dir='ltr' id='par_1_49' title="bbox 2291 2370 3837 2449">
     <span class='ocr_line' id='line_1_49' title="bbox 2291 2370 3837 2449; baseline 0.004 -26"><span class='ocrx_word' id='word_1_353' title='bbox 2291 2385 2425 2424; x_wconf 87' lang='lat' dir='ltr'>sum</span> <span class='ocrx_word' id='word_1_354' title='bbox 2460 2385 2589 2425; x_wconf 87' lang='lat' dir='ltr'>esse</span> <span class='ocrx_word' id='word_1_355' title='bbox 2620 2370 2677 2425; x_wconf 90' lang='lat' dir='ltr'>in</span> <span class='ocrx_word' id='word_1_356' title='bbox 2709 2372 2794 2426; x_wconf 90' lang='lat' dir='ltr'>eis</span> <span class='ocrx_word' id='word_1_357' title='bbox 2827 2374 3044 2429; x_wconf 90' lang='lat' dir='ltr'>bonum</span> <span class='ocrx_word' id='word_1_358' title='bbox 3072 2380 3180 2441; x_wconf 88' lang='lat' dir='ltr'>est,</span> <span class='ocrx_word' id='word_1_359' title='bbox 3211 2391 3325 2429; x_wconf 90' lang='lat' dir='ltr'>non</span> <span class='ocrx_word' id='word_1_360' title='bbox 3375 2380 3469 2432; x_wconf 90' lang='lat' dir='ltr'>est</span> <span class='ocrx_word' id='word_1_361' title='bbox 3505 2378 3718 2432; x_wconf 85' lang='lat' dir='ltr'>dubium</span> <span class='ocrx_word' id='word_1_362' title='bbox 3750 2377 3837 2449; x_wconf 85' lang='lat' dir='ltr'>quin</span> 
     </span>
    </p>
   </div>
   <div class='ocr_carea' id='block_1_50' title="bbox 2288 2461 3834 2536">
    <p class='ocr_par' dir='ltr' id='par_1_50' title="bbox 2288 2461 3834 2536">
     <span class='ocr_line' id='line_1_50' title="bbox 2288 2461 3834 2536; baseline 0.005 -21"><span class='ocrx_word' id='word_1_363' title='bbox 2288 2461 2721 2531; x_wconf 76' lang='lat' dir='ltr'>substantialis,</span> <span class='ocrx_word' id='word_1_364' title='bbox 2741 2479 2874 2518; x_wconf 90' lang='lat' dir='ltr'>cum</span> <span class='ocrx_word' id='word_1_365' title='bbox 2900 2462 3019 2518; x_wconf 90' lang='lat' dir='ltr'>sint</span> <span class='ocrx_word' id='word_1_366' title='bbox 3052 2463 3223 2534; x_wconf 88' lang='lat' dir='ltr'>bona,</span> <span class='ocrx_word' id='word_1_367' title='bbox 3257 2465 3451 2536; x_wconf 90' lang='lat' dir='ltr'>primo</span> <span class='ocrx_word' id='word_1_368' title='bbox 3481 2468 3595 2523; x_wconf 88' lang='lat' dir='ltr'>sint</span> <span class='ocrx_word' id='word_1_369' title='bbox 3642 2468 3759 2523; x_wconf 88' lang='lat' dir='ltr'>bono</span> <span class='ocrx_word' id='word_1_370' title='bbox 3790 2470 3834 2522; x_wconf 78' lang='lat' dir='ltr'>si-</span> 
     </span>
    </p>
   </div>
   <div class='ocr_carea' id='block_1_51' title="bbox 2288 2549 3840 2623">
    <p class='ocr_par' dir='ltr' id='par_1_51' title="bbox 2288 2549 3840 2623">
     <span class='ocr_line' id='line_1_51' title="bbox 2288 2549 3840 2623; baseline 0.003 -19"><span class='ocrx_word' id='word_1_371' title='bbox 2288 2549 2470 2618; x_wconf 88' lang='lat' dir='ltr'>milia,</span> <span class='ocrx_word' id='word_1_372' title='bbox 2503 2567 2569 2606; x_wconf 91' lang='lat' dir='ltr'>ac</span> <span class='ocrx_word' id='word_1_373' title='bbox 2604 2568 2707 2623; x_wconf 89' lang='lat' dir='ltr'>per</span> <span class='ocrx_word' id='word_1_374' title='bbox 2728 2551 2855 2618; x_wconf 91' lang='lat' dir='ltr'>hoc,</span> <span class='ocrx_word' id='word_1_375' title='bbox 2888 2550 3085 2622; x_wconf 90' lang='lat' dir='ltr'>ipsum</span> <span class='ocrx_word' id='word_1_376' title='bbox 3107 2553 3328 2608; x_wconf 90' lang='lat' dir='ltr'>bonum</span> <span class='ocrx_word' id='word_1_377' title='bbox 3357 2561 3566 2612; x_wconf 90' lang='lat' dir='ltr'>erunt:</span> <span class='ocrx_word' id='word_1_378' title='bbox 3598 2557 3721 2611; x_wconf 88' lang='lat' dir='ltr'>nihil</span> <span class='ocrx_word' id='word_1_379' title='bbox 3742 2557 3840 2611; x_wconf 83' lang='lat' dir='ltr'>enim</span> 
     </span>
    </p>
   </div>
   <div class='ocr_carea' id='block_1_52' title="bbox 2284 2637 3838 2715">
    <p class='ocr_par' dir='ltr' id='par_1_52' title="bbox 2284 2637 3838 2715">
     <span class='ocr_line' id='line_1_52' title="bbox 2284 2637 3838 2715; baseline 0.003 -24"><span class='ocrx_word' id='word_1_380' title='bbox 2284 2637 2365 2692; x_wconf 91' lang='lat' dir='ltr'>illi</span> <span class='ocrx_word' id='word_1_381' title='bbox 2394 2646 2597 2708; x_wconf 66' lang='lat' dir='ltr'>praeter</span> <span class='ocrx_word' id='word_1_382' title='bbox 2630 2641 2894 2709; x_wconf 89' lang='lat' dir='ltr'>seipsum</span> <span class='ocrx_word' id='word_1_383' title='bbox 2927 2639 3119 2696; x_wconf 89' lang='lat' dir='ltr'>simile</span> <span class='ocrx_word' id='word_1_384' title='bbox 3150 2647 3276 2709; x_wconf 90' lang='lat' dir='ltr'>est;</span> <span class='ocrx_word' id='word_1_385' title='bbox 3309 2659 3381 2698; x_wconf 86' lang='lat' dir='ltr'>ex</span> <span class='ocrx_word' id='word_1_386' title='bbox 3413 2662 3526 2715; x_wconf 92' lang='lat' dir='ltr'>quo</span> <span class='ocrx_word' id='word_1_387' title='bbox 3558 2645 3614 2697; x_wconf 84' lang='lat' dir='ltr'>ﬁt</span> <span class='ocrx_word' id='word_1_388' title='bbox 3637 2650 3688 2699; x_wconf 89' lang='lat' dir='ltr'>ut</span> <span class='ocrx_word' id='word_1_389' title='bbox 3714 2646 3838 2699; x_wconf 68' lang='lat' dir='ltr'>omnia</span> 
     </span>
    </p>
   </div>
   <div class='ocr_carea' id='block_1_53' title="bbox 2283 2729 3839 2801">
    <p class='ocr_par' dir='ltr' id='par_1_53' title="bbox 2283 2729 3839 2801">
     <span class='ocr_line' id='line_1_53' title="bbox 2283 2729 3839 2801; baseline 0.003 -20"><span class='ocrx_word' id='word_1_390' title='bbox 2283 2744 2409 2798; x_wconf 67' lang='lat' dir='ltr'>quae</span> <span class='ocrx_word' id='word_1_391' title='bbox 2438 2733 2598 2796; x_wconf 88' lang='lat' dir='ltr'>sunt,</span> <span class='ocrx_word' id='word_1_392' title='bbox 2633 2730 2785 2784; x_wconf 87' lang='lat' dir='ltr'>Deus</span> <span class='ocrx_word' id='word_1_393' title='bbox 2818 2729 2959 2798; x_wconf 87' lang='lat' dir='ltr'>sint,</span> <span class='ocrx_word' id='word_1_394' title='bbox 2995 2731 3151 2801; x_wconf 89' lang='lat' dir='ltr'>quod</span> <span class='ocrx_word' id='word_1_395' title='bbox 3196 2732 3361 2787; x_wconf 90' lang='lat' dir='ltr'>dictu</span> <span class='ocrx_word' id='word_1_396' title='bbox 3422 2734 3579 2789; x_wconf 87' lang='lat' dir='ltr'>nefas</span> <span class='ocrx_word' id='word_1_397' title='bbox 3628 2741 3716 2789; x_wconf 88' lang='lat' dir='ltr'>est.</span> <span class='ocrx_word' id='word_1_398' title='bbox 3760 2738 3839 2787; x_wconf 75' lang='lat' dir='ltr'>Non</span> 
     </span>
    </p>
   </div>
   <div class='ocr_carea' id='block_1_54' title="bbox 2282 2816 3838 2894">
    <p class='ocr_par' dir='ltr' id='par_1_54' title="bbox 2282 2816 3838 2894">
     <span class='ocr_line' id='line_1_54' title="bbox 2282 2816 3838 2894; baseline 0.003 -25"><span class='ocrx_word' id='word_1_399' title='bbox 2282 2821 2421 2871; x_wconf 89' lang='lat' dir='ltr'>sunt</span> <span class='ocrx_word' id='word_1_400' title='bbox 2450 2816 2632 2888; x_wconf 86' lang='lat' dir='ltr'>igitur</span> <span class='ocrx_word' id='word_1_401' title='bbox 2662 2818 3078 2873; x_wconf 76' lang='lat' dir='ltr'>substantialis</span> <span class='ocrx_word' id='word_1_402' title='bbox 3110 2820 3281 2889; x_wconf 90' lang='lat' dir='ltr'>bona,</span> <span class='ocrx_word' id='word_1_403' title='bbox 3316 2838 3384 2877; x_wconf 89' lang='lat' dir='ltr'>ac</span> <span class='ocrx_word' id='word_1_404' title='bbox 3420 2840 3521 2894; x_wconf 91' lang='lat' dir='ltr'>per</span> <span class='ocrx_word' id='word_1_405' title='bbox 3551 2823 3661 2890; x_wconf 88' lang='lat' dir='ltr'>hoc,</span> <span class='ocrx_word' id='word_1_406' title='bbox 3689 2838 3773 2877; x_wconf 88' lang='lat' dir='ltr'>non</span> <span class='ocrx_word' id='word_1_407' title='bbox 3803 2822 3838 2873; x_wconf 85' lang='lat' dir='ltr'>in</span> 
     </span>
    </p>
   </div>
   <div class='ocr_carea' id='block_1_55' title="bbox 2281 2904 3837 2982">
    <p class='ocr_par' dir='ltr' id='par_1_55' title="bbox 2281 2904 3837 2982">
     <span class='ocr_line' id='line_1_55' title="bbox 2281 2904 3837 2982; baseline 0.003 -22"><span class='ocrx_word' id='word_1_408' title='bbox 2281 2904 2374 2960; x_wconf 89' lang='lat' dir='ltr'>his</span> <span class='ocrx_word' id='word_1_409' title='bbox 2406 2911 2494 2961; x_wconf 89' lang='lat' dir='ltr'>est</span> <span class='ocrx_word' id='word_1_410' title='bbox 2524 2922 2652 2961; x_wconf 91' lang='lat' dir='ltr'>esse</span> <span class='ocrx_word' id='word_1_411' title='bbox 2682 2906 2900 2961; x_wconf 90' lang='lat' dir='ltr'>bonum</span> <span class='ocrx_word' id='word_1_412' title='bbox 2929 2926 2943 2974; x_wconf 90' lang='lat'><strong>;</strong></span> <span class='ocrx_word' id='word_1_413' title='bbox 2980 2924 3089 2962; x_wconf 90' lang='lat' dir='ltr'>non</span> <span class='ocrx_word' id='word_1_414' title='bbox 3125 2915 3264 2963; x_wconf 89' lang='lat' dir='ltr'>sunt</span> <span class='ocrx_word' id='word_1_415' title='bbox 3294 2908 3499 2981; x_wconf 88' lang='lat' dir='ltr'>igitur,</span> <span class='ocrx_word' id='word_1_416' title='bbox 3547 2912 3601 2967; x_wconf 92' lang='lat' dir='ltr'>in</span> <span class='ocrx_word' id='word_1_417' title='bbox 3646 2930 3701 2967; x_wconf 86' lang='lat' dir='ltr'>eo</span> <span class='ocrx_word' id='word_1_418' title='bbox 3737 2912 3837 2982; x_wconf 76' lang='lat' dir='ltr'>quod</span> 
     </span>
    </p>
   </div>
   <div class='ocr_carea' id='block_1_56' title="bbox 2278 2995 3839 3069">
    <p class='ocr_par' dir='ltr' id='par_1_56' title="bbox 2278 2995 3839 3069">
     <span class='ocr_line' id='line_1_56' title="bbox 2278 2995 3839 3069; baseline 0.001 -20"><span class='ocrx_word' id='word_1_419' title='bbox 2278 2999 2443 3063; x_wconf 86' lang='lat' dir='ltr'>sunt,</span> <span class='ocrx_word' id='word_1_420' title='bbox 2478 2995 2666 3064; x_wconf 86' lang='lat' dir='ltr'>bona;</span> <span class='ocrx_word' id='word_1_421' title='bbox 2711 3012 2805 3051; x_wconf 90' lang='lat' dir='ltr'>sec</span> <span class='ocrx_word' id='word_1_422' title='bbox 2868 3012 2971 3051; x_wconf 91' lang='lat' dir='ltr'>nec</span> <span class='ocrx_word' id='word_1_423' title='bbox 3030 2998 3387 3069; x_wconf 88' lang='lat' dir='ltr'>participant</span> <span class='ocrx_word' id='word_1_424' title='bbox 3438 3002 3690 3066; x_wconf 80' lang='lat' dir='ltr'>bonitate,</span> <span class='ocrx_word' id='word_1_425' title='bbox 3734 2999 3839 3054; x_wconf 77' lang='lat' dir='ltr'>nullo</span> 
     </span>
    </p>
   </div>
   <div class='ocr_carea' id='block_1_57' title="bbox 525 3084 3841 3165">
    <p class='ocr_par' dir='ltr' id='par_1_57' title="bbox 525 3084 3841 3165">
     <span class='ocr_line' id='line_1_57' title="bbox 525 3084 3841 3165; baseline 0.008 -28"><span class='ocrx_word' id='word_1_426' title='bbox 525 3086 849 3154; x_wconf 87' lang='lat' dir='ltr'>corporalia</span> <span class='ocrx_word' id='word_1_427' title='bbox 895 3094 1053 3154; x_wconf 89' lang='lat' dir='ltr'>sunt,</span> <span class='ocrx_word' id='word_1_428' title='bbox 1089 3089 1146 3143; x_wconf 92' lang='lat' dir='ltr'>in</span> <span class='ocrx_word' id='word_1_429' title='bbox 1174 3090 1296 3145; x_wconf 91' lang='lat' dir='ltr'>loco</span> <span class='ocrx_word' id='word_1_430' title='bbox 1329 3108 1443 3145; x_wconf 92' lang='lat' dir='ltr'>non</span> <span class='ocrx_word' id='word_1_431' title='bbox 1496 3108 1646 3159; x_wconf 88' lang='lat' dir='ltr'>esse,</span> <span class='ocrx_word' id='word_1_432' title='bbox 1680 3097 1738 3146; x_wconf 91' lang='lat' dir='ltr'>et</span> <span class='ocrx_word' id='word_1_433' title='bbox 1770 3097 1996 3157; x_wconf 70' lang='lat' dir='ltr'>caetera,</span> <span class='ocrx_word' id='word_1_434' title='bbox 2040 3109 2171 3165; x_wconf 69' lang='lat' dir='ltr'>qua:</span> <span class='ocrx_word' id='word_1_435' title='bbox 2275 3084 2431 3140; x_wconf 73' lang='lat' dir='ltr'>enim</span> <span class='ocrx_word' id='word_1_436' title='bbox 2466 3087 2646 3142; x_wconf 80' lang='lat' dir='ltr'>mOdO</span> <span class='ocrx_word' id='word_1_437' title='bbox 2708 3087 2780 3142; x_wconf 71' lang='lat' dir='ltr'>ad</span> <span class='ocrx_word' id='word_1_438' title='bbox 2846 3086 3062 3142; x_wconf 71' lang='lat' dir='ltr'><strong>bonum</strong></span> <span class='ocrx_word' id='word_1_439' title='bbox 3119 3090 3467 3160; x_wconf 70' lang='grc' dir='ltr'>ῑθοάθτθιιίς</span> <span class='ocrx_word' id='word_1_440' title='bbox 3533 3093 3676 3148; x_wconf 73' lang='grc' dir='ltr'>Πυηο</span> <span class='ocrx_word' id='word_1_441' title='bbox 3722 3091 3841 3163; x_wconf 55' lang='lat' dir='ltr'>igitur</span> 
     </span>
    </p>
   </div>
   <div class='ocr_carea' id='block_1_58' title="bbox 524 3174 2165 3251">
    <p class='ocr_par' dir='ltr' id='par_1_58' title="bbox 524 3174 2165 3251">
     <span class='ocr_line' id='line_1_58' title="bbox 524 3174 2165 3251; baseline 0.008 -26"><span class='ocrx_word' id='word_1_442' title='bbox 524 3187 638 3226; x_wconf 92' lang='lat' dir='ltr'>non</span> <span class='ocrx_word' id='word_1_443' title='bbox 674 3174 903 3245; x_wconf 87' lang='lat' dir='ltr'>vulgus,</span> <span class='ocrx_word' id='word_1_444' title='bbox 936 3178 1037 3232; x_wconf 88' lang='lat' dir='ltr'>sed</span> <span class='ocrx_word' id='word_1_445' title='bbox 1068 3180 1222 3233; x_wconf 89' lang='lat' dir='ltr'>docti</span> <span class='ocrx_word' id='word_1_446' title='bbox 1256 3181 1663 3251; x_wconf 81' lang='lat' dir='ltr'>comprobant.</span> <span class='ocrx_word' id='word_1_447' title='bbox 1701 3181 2005 3237; x_wconf 90' lang='lat' dir='ltr'>Diversum</span> <span class='ocrx_word' id='word_1_448' title='bbox 2057 3188 2165 3248; x_wconf 90' lang='lat' dir='ltr'>est,</span> 
     </span>
    </p>
   </div>
   <div class='ocr_carea' id='block_1_59' title="bbox 522 3263 2158 3338">
    <p class='ocr_par' dir='ltr' id='par_1_59' title="bbox 522 3263 2158 3338">
     <span class='ocr_line' id='line_1_59' title="bbox 522 3263 2158 3338; baseline 0.007 -24"><span class='ocrx_word' id='word_1_449' title='bbox 522 3275 669 3321; x_wconf 88' lang='lat' dir='ltr'>esse.</span> <span class='ocrx_word' id='word_1_450' title='bbox 706 3268 761 3316; x_wconf 90' lang='lat' dir='ltr'>et</span> <span class='ocrx_word' id='word_1_451' title='bbox 791 3263 844 3316; x_wconf 91' lang='lat' dir='ltr'>id</span> <span class='ocrx_word' id='word_1_452' title='bbox 881 3266 1033 3335; x_wconf 89' lang='lat' dir='ltr'>quod</span> <span class='ocrx_word' id='word_1_453' title='bbox 1066 3272 1192 3321; x_wconf 90' lang='lat' dir='ltr'>est:</span> <span class='ocrx_word' id='word_1_454' title='bbox 1235 3268 1430 3338; x_wconf 89' lang='lat' dir='ltr'>ipsum</span> <span class='ocrx_word' id='word_1_455' title='bbox 1492 3269 1648 3324; x_wconf 91' lang='lat' dir='ltr'>enim</span> <span class='ocrx_word' id='word_1_456' title='bbox 1709 3286 1839 3326; x_wconf 89' lang='lat' dir='ltr'>esse</span> <span class='ocrx_word' id='word_1_457' title='bbox 1897 3271 2158 3325; x_wconf 91' lang='lat' dir='ltr'>nondum</span> 
     </span>
    </p>
   </div>
   <div class='ocr_carea' id='block_1_60' title="bbox 521 3352 2166 3427">
    <p class='ocr_par' dir='ltr' id='par_1_60' title="bbox 521 3352 2166 3427">
     <span class='ocr_line' id='line_1_60' title="bbox 521 3352 2166 3427; baseline 0.007 -24"><span class='ocrx_word' id='word_1_458' title='bbox 521 3352 648 3414; x_wconf 88' lang='lat' dir='ltr'>est;</span> <span class='ocrx_word' id='word_1_459' title='bbox 680 3354 739 3403; x_wconf 91' lang='lat' dir='ltr'>at</span> <span class='ocrx_word' id='word_1_460' title='bbox 770 3367 899 3405; x_wconf 91' lang='lat' dir='ltr'>vero</span> <span class='ocrx_word' id='word_1_461' title='bbox 930 3353 1084 3424; x_wconf 92' lang='lat' dir='ltr'>quod</span> <span class='ocrx_word' id='word_1_462' title='bbox 1118 3360 1231 3421; x_wconf 91' lang='lat' dir='ltr'>est,</span> <span class='ocrx_word' id='word_1_463' title='bbox 1263 3360 1499 3427; x_wconf 88' lang='lat' dir='ltr'>accepta</span> <span class='ocrx_word' id='word_1_464' title='bbox 1542 3358 1776 3412; x_wconf 87' lang='lat' dir='ltr'>essendi</span> <span class='ocrx_word' id='word_1_465' title='bbox 1834 3358 2043 3427; x_wconf 84' lang='lat' dir='ltr'>forma,</span> <span class='ocrx_word' id='word_1_466' title='bbox 2076 3364 2166 3414; x_wconf 87' lang='lat' dir='ltr'>est</span> 
     </span>
    </p>
   </div>
   <div class='ocr_carea' id='block_1_61' title="bbox 523 3439 2166 3519">
    <p class='ocr_par' dir='ltr' id='par_1_61' title="bbox 523 3439 2166 3519">
     <span class='ocr_line' id='line_1_61' title="bbox 523 3439 2166 3519; baseline 0.009 -29"><span class='ocrx_word' id='word_1_467' title='bbox 523 3440 698 3505; x_wconf 87' lang='lat' dir='ltr'>atque</span> <span class='ocrx_word' id='word_1_468' title='bbox 748 3439 1036 3496; x_wconf 91' lang='lat' dir='ltr'>consistit.</span> <span class='ocrx_word' id='word_1_469' title='bbox 1067 3442 1229 3505; x_wconf 88' lang='lat' dir='ltr'>Quod</span> <span class='ocrx_word' id='word_1_470' title='bbox 1261 3449 1370 3509; x_wconf 89' lang='lat' dir='ltr'>est,</span> <span class='ocrx_word' id='word_1_471' title='bbox 1408 3446 1756 3517; x_wconf 85' lang='lat' dir='ltr'>participare</span> <span class='ocrx_word' id='word_1_472' title='bbox 1811 3446 2011 3518; x_wconf 86' lang='lat' dir='ltr'>aliquo</span> <span class='ocrx_word' id='word_1_473' title='bbox 2072 3465 2166 3519; x_wconf 91' lang='lat' dir='ltr'>po-</span> 
     </span>
    </p>
   </div>
   <div class='ocr_carea' id='block_1_62' title="bbox 524 3527 2165 3607">
    <p class='ocr_par' dir='ltr' id='par_1_62' title="bbox 524 3527 2165 3607">
     <span class='ocr_line' id='line_1_62' title="bbox 524 3527 2165 3607; baseline 0.01 -31"><span class='ocrx_word' id='word_1_474' title='bbox 524 3527 677 3591; x_wconf 84' lang='lat' dir='ltr'>test;</span> <span class='ocrx_word' id='word_1_475' title='bbox 716 3528 815 3579; x_wconf 89' lang='lat' dir='ltr'>sed</span> <span class='ocrx_word' id='word_1_476' title='bbox 850 3527 1042 3598; x_wconf 89' lang='lat' dir='ltr'>ipsum</span> <span class='ocrx_word' id='word_1_477' title='bbox 1077 3546 1225 3597; x_wconf 85' lang='lat' dir='ltr'>esse,</span> <span class='ocrx_word' id='word_1_478' title='bbox 1261 3532 1422 3587; x_wconf 92' lang='lat' dir='ltr'>nullo</span> <span class='ocrx_word' id='word_1_479' title='bbox 1454 3536 1624 3589; x_wconf 91' lang='lat' dir='ltr'>modo</span> <span class='ocrx_word' id='word_1_480' title='bbox 1684 3536 1877 3606; x_wconf 89' lang='lat' dir='ltr'>aliquo</span> <span class='ocrx_word' id='word_1_481' title='bbox 1936 3538 2165 3607; x_wconf 85' lang='lat' dir='ltr'>partici-</span> 
     </span>
    </p>
   </div>
   <div class='ocr_carea' id='block_1_63' title="bbox 2276 3176 2828 3233">
    <p class='ocr_par' dir='ltr' id='par_1_63' title="bbox 2276 3176 2828 3233">
     <span class='ocr_line' id='line_1_63' title="bbox 2276 3176 2828 3233; baseline 0.009 -5"><span class='ocrx_word' id='word_1_482' title='bbox 2276 3176 2450 3229; x_wconf 90' lang='lat' dir='ltr'>modo</span> <span class='ocrx_word' id='word_1_483' title='bbox 2482 3181 2623 3231; x_wconf 89' lang='lat' dir='ltr'>sunt</span> <span class='ocrx_word' id='word_1_484' title='bbox 2652 3178 2828 3233; x_wconf 88' lang='lat' dir='ltr'>bona.</span> 
     </span>
    </p>
   </div>
   <div class='ocr_carea' id='block_1_64' title="bbox 2345 3258 3842 3334">
    <p class='ocr_par' dir='ltr' id='par_1_64' title="bbox 2345 3258 3842 3334">
     <span class='ocr_line' id='line_1_64' title="bbox 2345 3258 3842 3334; baseline 0.001 -23"><span class='ocrx_word' id='word_1_485' title='bbox 2345 3258 2492 3312; x_wconf 85' lang='lat' dir='ltr'>Huic</span> <span class='ocrx_word' id='word_1_486' title='bbox 2510 3258 2821 3329; x_wconf 68' lang='lat' dir='ltr'>quaestioni</span> <span class='ocrx_word' id='word_1_487' title='bbox 2846 3260 2980 3316; x_wconf 89' lang='lat' dir='ltr'>talis</span> <span class='ocrx_word' id='word_1_488' title='bbox 2998 3261 3209 3334; x_wconf 90' lang='lat' dir='ltr'>poterit</span> <span class='ocrx_word' id='word_1_489' title='bbox 3222 3262 3491 3319; x_wconf 89' lang='lat' dir='ltr'>adhiberi</span> <span class='ocrx_word' id='word_1_490' title='bbox 3510 3261 3842 3321; x_wconf 74' lang='lat' dir='ltr'>solutioMultt</span> 
     </span>
    </p>
   </div>
   <div class='ocr_carea' id='block_1_65' title="bbox 2279 3351 3840 3425">
    <p class='ocr_par' dir='ltr' id='par_1_65' title="bbox 2279 3351 3840 3425">
     <span class='ocr_line' id='line_1_65' title="bbox 2279 3351 3840 3425; baseline 0.003 -25"><span class='ocrx_word' id='word_1_491' title='bbox 2279 3351 2423 3401; x_wconf 88' lang='lat' dir='ltr'>sunt</span> <span class='ocrx_word' id='word_1_492' title='bbox 2453 3364 2580 3419; x_wconf 68' lang='lat' dir='ltr'>qua:</span> <span class='ocrx_word' id='word_1_493' title='bbox 2614 3365 2747 3403; x_wconf 89' lang='lat' dir='ltr'>cum</span> <span class='ocrx_word' id='word_1_494' title='bbox 2773 3351 3031 3421; x_wconf 88' lang='lat' dir='ltr'>separari</span> <span class='ocrx_word' id='word_1_495' title='bbox 3055 3357 3184 3407; x_wconf 88' lang='lat' dir='ltr'>actu</span> <span class='ocrx_word' id='word_1_496' title='bbox 3211 3369 3324 3408; x_wconf 91' lang='lat' dir='ltr'>non</span> <span class='ocrx_word' id='word_1_497' title='bbox 3355 3356 3598 3425; x_wconf 84' lang='lat' dir='ltr'>possint,</span> <span class='ocrx_word' id='word_1_498' title='bbox 3619 3354 3773 3409; x_wconf 80' lang='lat' dir='ltr'>animo</span> <span class='ocrx_word' id='word_1_499' title='bbox 3788 3358 3840 3404; x_wconf 77' lang='lat' dir='ltr'>ta-</span> 
     </span>
    </p>
   </div>
   <div class='ocr_carea' id='block_1_66' title="bbox 2273 3438 3838 3515">
    <p class='ocr_par' dir='ltr' id='par_1_66' title="bbox 2273 3438 3838 3515">
     <span class='ocr_line' id='line_1_66' title="bbox 2273 3438 3838 3515; baseline 0.003 -25"><span class='ocrx_word' id='word_1_500' title='bbox 2273 3452 2405 3491; x_wconf 90' lang='lat' dir='ltr'>men</span> <span class='ocrx_word' id='word_1_501' title='bbox 2439 3442 2494 3493; x_wconf 87' lang='lat' dir='ltr'>et</span> <span class='ocrx_word' id='word_1_502' title='bbox 2526 3438 2880 3509; x_wconf 90' lang='lat' dir='ltr'>cogitatione</span> <span class='ocrx_word' id='word_1_503' title='bbox 2912 3447 3284 3512; x_wconf 87' lang='lat' dir='ltr'>separantur,</span> <span class='ocrx_word' id='word_1_504' title='bbox 3316 3449 3384 3498; x_wconf 90' lang='lat' dir='ltr'>ut</span> <span class='ocrx_word' id='word_1_505' title='bbox 3406 3461 3537 3500; x_wconf 90' lang='lat' dir='ltr'>cum</span> <span class='ocrx_word' id='word_1_506' title='bbox 3560 3444 3838 3515; x_wconf 85' lang='lat' dir='ltr'>triangulum</span> 
     </span>
    </p>
   </div>
   <div class='ocr_carea' id='block_1_67' title="bbox 2269 3524 3838 3603">
    <p class='ocr_par' dir='ltr' id='par_1_67' title="bbox 2269 3524 3838 3603">
     <span class='ocr_line' id='line_1_67' title="bbox 2269 3524 3838 3603; baseline 0.006 -23"><span class='ocrx_word' id='word_1_507' title='bbox 2269 3524 2362 3580; x_wconf 91' lang='lat' dir='ltr'>vel</span> <span class='ocrx_word' id='word_1_508' title='bbox 2399 3529 2607 3580; x_wconf 67' lang='lat' dir='ltr'>caetera</span> <span class='ocrx_word' id='word_1_509' title='bbox 2637 3542 2668 3580; x_wconf 90' lang='lat' dir='ltr'>a</span> <span class='ocrx_word' id='word_1_510' title='bbox 2700 3528 2965 3598; x_wconf 81' lang='lat' dir='ltr'>subjecta</span> <span class='ocrx_word' id='word_1_511' title='bbox 2999 3530 3241 3585; x_wconf 89' lang='lat' dir='ltr'>materia</span> <span class='ocrx_word' id='word_1_512' title='bbox 3264 3531 3469 3587; x_wconf 89' lang='lat' dir='ltr'>nullus</span> <span class='ocrx_word' id='word_1_513' title='bbox 3491 3538 3838 3603; x_wconf 70' lang='lat' dir='ltr'>actussepmt.</span> 
     </span>
    </p>
   </div>
   <div class='ocr_carea' id='block_1_68' title="bbox 524 3614 2192 3699">
    <p class='ocr_par' dir='ltr' id='par_1_68' title="bbox 524 3616 2158 3699">
     <span class='ocr_line' id='line_1_68' title="bbox 524 3616 2158 3699; baseline 0.01 -31"><span class='ocrx_word' id='word_1_514' title='bbox 524 3621 665 3687; x_wconf 89' lang='lat' dir='ltr'>pat:</span> <span class='ocrx_word' id='word_1_515' title='bbox 701 3616 764 3671; x_wconf 86' lang='lat' dir='ltr'>ﬁt</span> <span class='ocrx_word' id='word_1_516' title='bbox 792 3618 947 3673; x_wconf 91' lang='lat' dir='ltr'>enim</span> <span class='ocrx_word' id='word_1_517' title='bbox 982 3622 1349 3694; x_wconf 85' lang='lat' dir='ltr'>participatio</span> <span class='ocrx_word' id='word_1_518' title='bbox 1396 3641 1527 3680; x_wconf 91' lang='lat' dir='ltr'>cum</span> <span class='ocrx_word' id='word_1_519' title='bbox 1586 3626 1809 3699; x_wconf 88' lang='lat' dir='ltr'>aliquid</span> <span class='ocrx_word' id='word_1_520' title='bbox 1855 3630 1977 3699; x_wconf 85' lang='lat' dir='ltr'>jam</span> <span class='ocrx_word' id='word_1_521' title='bbox 2029 3634 2158 3697; x_wconf 87' lang='lat' dir='ltr'>est;</span> 
     </span>
    </p>
   </div>
   <div class='ocr_carea' id='block_1_69' title="bbox 2286 3614 3841 3699">
    <p class='ocr_par' dir='ltr' id='par_1_69' title="bbox 2286 3617 3841 3694">
     <span class='ocr_line' id='line_1_69' title="bbox 2286 3617 3841 3694; baseline 0.002 -25"><span class='ocrx_word' id='word_1_522' title='bbox 2286 3619 2469 3669; x_wconf 88' lang='lat' dir='ltr'>mente</span> <span class='ocrx_word' id='word_1_523' title='bbox 2485 3622 2673 3669; x_wconf 82' lang='lat' dir='ltr'>tamen</span> <span class='ocrx_word' id='word_1_524' title='bbox 2691 3632 3007 3689; x_wconf 86' lang='lat' dir='ltr'>segregans</span> <span class='ocrx_word' id='word_1_525' title='bbox 3022 3617 3218 3690; x_wconf 88' lang='lat' dir='ltr'>ipsum</span> <span class='ocrx_word' id='word_1_526' title='bbox 3232 3620 3592 3694; x_wconf 89' lang='lat' dir='ltr'>triangulum</span> <span class='ocrx_word' id='word_1_527' title='bbox 3611 3621 3841 3694; x_wconf 72' lang='lat' dir='ltr'>propriett‘</span> 
     </span>
    </p>
   </div>
   <div class='ocr_carea' id='block_1_70' title="bbox 527 3707 2166 3791">
    <p class='ocr_par' dir='ltr' id='par_1_70' title="bbox 527 3707 2166 3791">
     <span class='ocr_line' id='line_1_70' title="bbox 527 3707 2166 3791; baseline 0.01 -33"><span class='ocrx_word' id='word_1_528' title='bbox 527 3708 617 3760; x_wconf 92' lang='lat' dir='ltr'>est</span> <span class='ocrx_word' id='word_1_529' title='bbox 647 3711 841 3761; x_wconf 88' lang='lat' dir='ltr'>autem</span> <span class='ocrx_word' id='word_1_530' title='bbox 876 3707 1123 3780; x_wconf 86' lang='lat' dir='ltr'>aliquid,</span> <span class='ocrx_word' id='word_1_531' title='bbox 1156 3727 1289 3766; x_wconf 92' lang='lat' dir='ltr'>cum</span> <span class='ocrx_word' id='word_1_532' title='bbox 1324 3730 1453 3768; x_wconf 87' lang='lat' dir='ltr'>esse</span> <span class='ocrx_word' id='word_1_533' title='bbox 1491 3717 1833 3788; x_wconf 90' lang='lat' dir='ltr'>susceperit.</span> <span class='ocrx_word' id='word_1_534' title='bbox 1891 3720 1952 3773; x_wconf 93' lang='lat' dir='ltr'>Id</span> <span class='ocrx_word' id='word_1_535' title='bbox 2015 3721 2166 3791; x_wconf 89' lang='lat' dir='ltr'>quod</span> 
     </span>
    </p>
   </div>
   <div class='ocr_carea' id='block_1_71' title="bbox 522 3794 2167 3878">
    <p class='ocr_par' dir='ltr' id='par_1_71' title="bbox 522 3794 2167 3878">
     <span class='ocr_line' id='line_1_71' title="bbox 522 3794 2167 3878; baseline 0.01 -31"><span class='ocrx_word' id='word_1_536' title='bbox 522 3800 630 3855; x_wconf 88' lang='lat' dir='ltr'>est.</span> <span class='ocrx_word' id='word_1_537' title='bbox 663 3794 883 3852; x_wconf 91' lang='lat' dir='ltr'>habere</span> <span class='ocrx_word' id='word_1_538' title='bbox 916 3799 1140 3867; x_wconf 88' lang='lat' dir='ltr'>aliquid</span> <span class='ocrx_word' id='word_1_539' title='bbox 1171 3806 1559 3873; x_wconf 66' lang='lat' dir='ltr'>praeterquam</span> <span class='ocrx_word' id='word_1_540' title='bbox 1593 3807 1745 3875; x_wconf 90' lang='lat' dir='ltr'>quod</span> <span class='ocrx_word' id='word_1_541' title='bbox 1804 3806 2001 3878; x_wconf 89' lang='lat' dir='ltr'>ipsum</span> <span class='ocrx_word' id='word_1_542' title='bbox 2058 3814 2167 3876; x_wconf 89' lang='lat' dir='ltr'>est,</span> 
     </span>
    </p>
   </div>
   <div class='ocr_carea' id='block_1_72' title="bbox 524 3885 2171 3965">
    <p class='ocr_par' dir='ltr' id='par_1_72' title="bbox 524 3885 2171 3965">
     <span class='ocr_line' id='line_1_72' title="bbox 524 3885 2171 3965; baseline 0.01 -29"><span class='ocrx_word' id='word_1_543' title='bbox 524 3888 766 3953; x_wconf 87' lang='lat' dir='ltr'>potest;</span> <span class='ocrx_word' id='word_1_544' title='bbox 804 3885 998 3955; x_wconf 88' lang='lat' dir='ltr'>ipsum</span> <span class='ocrx_word' id='word_1_545' title='bbox 1033 3904 1168 3943; x_wconf 89' lang='lat' dir='ltr'>vero</span> <span class='ocrx_word' id='word_1_546' title='bbox 1200 3905 1351 3954; x_wconf 88' lang='lat' dir='ltr'>esse,</span> <span class='ocrx_word' id='word_1_547' title='bbox 1385 3892 1528 3946; x_wconf 82' lang='lat' dir='ltr'>nihil</span> <span class='ocrx_word' id='word_1_548' title='bbox 1556 3892 1715 3948; x_wconf 89' lang='lat' dir='ltr'>aliud</span> <span class='ocrx_word' id='word_1_549' title='bbox 1750 3900 1954 3965; x_wconf 65' lang='lat' dir='ltr'>praeter</span> <span class='ocrx_word' id='word_1_550' title='bbox 1982 3914 2043 3952; x_wconf 91' lang='lat' dir='ltr'>se</span> <span class='ocrx_word' id='word_1_551' title='bbox 2073 3896 2171 3952; x_wconf 89' lang='lat' dir='ltr'>ha-</span> 
     </span>
    </p>
   </div>
   <div class='ocr_carea' id='block_1_73' title="bbox 529 3971 2165 4058">
    <p class='ocr_par' dir='ltr' id='par_1_73' title="bbox 529 3971 2165 4058">
     <span class='ocr_line' id='line_1_73' title="bbox 529 3971 2165 4058; baseline 0.01 -34"><span class='ocrx_word' id='word_1_552' title='bbox 529 3971 627 4025; x_wconf 88' lang='lat' dir='ltr'>bet</span> <span class='ocrx_word' id='word_1_553' title='bbox 656 3973 999 4029; x_wconf 86' lang='lat' dir='ltr'>admixtum.</span> <span class='ocrx_word' id='word_1_554' title='bbox 1040 3978 1334 4032; x_wconf 81' lang='lat' dir='ltr'>Diversum</span> <span class='ocrx_word' id='word_1_555' title='bbox 1368 3985 1475 4047; x_wconf 90' lang='lat' dir='ltr'>est,</span> <span class='ocrx_word' id='word_1_556' title='bbox 1509 3985 1736 4037; x_wconf 91' lang='lat' dir='ltr'>tantum</span> <span class='ocrx_word' id='word_1_557' title='bbox 1762 4000 1890 4040; x_wconf 87' lang='lat' dir='ltr'>esse</span> <span class='ocrx_word' id='word_1_558' title='bbox 1921 3984 2165 4058; x_wconf 88' lang='lat' dir='ltr'>aliquid,</span> 
     </span>
    </p>
   </div>
   <div class='ocr_carea' id='block_1_74' title="bbox 526 4062 2167 4138">
    <p class='ocr_par' dir='ltr' id='par_1_74' title="bbox 526 4062 2167 4138">
     <span class='ocr_line' id='line_1_74' title="bbox 526 4062 2167 4138; baseline 0.009 -23"><span class='ocrx_word' id='word_1_559' title='bbox 526 4065 585 4115; x_wconf 89' lang='lat' dir='ltr'>et</span> <span class='ocrx_word' id='word_1_560' title='bbox 616 4077 744 4117; x_wconf 88' lang='lat' dir='ltr'>esse</span> <span class='ocrx_word' id='word_1_561' title='bbox 793 4062 1016 4134; x_wconf 83' lang='lat' dir='ltr'>aliquid</span> <span class='ocrx_word' id='word_1_562' title='bbox 1044 4065 1102 4119; x_wconf 91' lang='lat' dir='ltr'>in</span> <span class='ocrx_word' id='word_1_563' title='bbox 1131 4082 1196 4121; x_wconf 94' lang='lat' dir='ltr'>eo</span> <span class='ocrx_word' id='word_1_564' title='bbox 1232 4068 1381 4138; x_wconf 91' lang='lat' dir='ltr'>quod</span> <span class='ocrx_word' id='word_1_565' title='bbox 1432 4074 1566 4125; x_wconf 86' lang='lat' dir='ltr'>est:</span> <span class='ocrx_word' id='word_1_566' title='bbox 1628 4071 1746 4127; x_wconf 91' lang='lat' dir='ltr'>illic</span> <span class='ocrx_word' id='word_1_567' title='bbox 1804 4073 1958 4128; x_wconf 84' lang='lat' dir='ltr'>enim</span> <span class='ocrx_word' id='word_1_568' title='bbox 2018 4074 2167 4131; x_wconf 89' lang='lat' dir='ltr'>acci-</span> 
     </span>
    </p>
   </div>
   <div class='ocr_carea' id='block_1_75' title="bbox 524 4149 1597 4228">
    <p class='ocr_par' dir='ltr' id='par_1_75' title="bbox 524 4149 1597 4228">
     <span class='ocr_line' id='line_1_75' title="bbox 524 4149 1597 4228; baseline 0.01 -25"><span class='ocrx_word' id='word_1_569' title='bbox 524 4150 690 4215; x_wconf 91' lang='lat' dir='ltr'>dens,</span> <span class='ocrx_word' id='word_1_570' title='bbox 726 4149 821 4205; x_wconf 88' lang='lat' dir='ltr'>hic</span> <span class='ocrx_word' id='word_1_571' title='bbox 850 4153 1184 4210; x_wconf 89' lang='lat' dir='ltr'>substantia</span> <span class='ocrx_word' id='word_1_572' title='bbox 1213 4157 1597 4228; x_wconf 79' lang='lat' dir='ltr'>significatur.</span> 
     </span>
    </p>
   </div>
   <div class='ocr_carea' id='block_1_76' title="bbox 598 4266 2171 4351">
    <p class='ocr_par' dir='ltr' id='par_1_76' title="bbox 598 4266 2171 4351">
     <span class='ocr_line' id='line_1_76' title="bbox 598 4266 2171 4351; baseline 0.01 -29"><span class='ocrx_word' id='word_1_573' title='bbox 598 4266 781 4323; x_wconf 92' lang='lat' dir='ltr'>Omne</span> <span class='ocrx_word' id='word_1_574' title='bbox 814 4269 966 4338; x_wconf 88' lang='lat' dir='ltr'>quod</span> <span class='ocrx_word' id='word_1_575' title='bbox 1000 4274 1106 4336; x_wconf 90' lang='lat' dir='ltr'>est,</span> <span class='ocrx_word' id='word_1_576' title='bbox 1143 4272 1451 4344; x_wconf 85' lang='lat' dir='ltr'>participat</span> <span class='ocrx_word' id='word_1_577' title='bbox 1479 4291 1544 4331; x_wconf 92' lang='lat' dir='ltr'>eo</span> <span class='ocrx_word' id='word_1_578' title='bbox 1577 4278 1729 4347; x_wconf 87' lang='lat' dir='ltr'>quod</span> <span class='ocrx_word' id='word_1_579' title='bbox 1784 4287 1869 4334; x_wconf 90' lang='lat' dir='ltr'>est</span> <span class='ocrx_word' id='word_1_580' title='bbox 1918 4296 2063 4351; x_wconf 83' lang='lat' dir='ltr'>esse,</span> <span class='ocrx_word' id='word_1_581' title='bbox 2106 4288 2171 4337; x_wconf 92' lang='lat' dir='ltr'>ut</span> 
     </span>
    </p>
   </div>
   <div class='ocr_carea' id='block_1_77' title="bbox 524 4355 2166 4440">
    <p class='ocr_par' dir='ltr' id='par_1_77' title="bbox 524 4355 2166 4440">
     <span class='ocr_line' id='line_1_77' title="bbox 524 4355 2166 4440; baseline 0.009 -29"><span class='ocrx_word' id='word_1_582' title='bbox 524 4356 630 4411; x_wconf 88' lang='lat' dir='ltr'>sit:</span> <span class='ocrx_word' id='word_1_583' title='bbox 662 4355 776 4412; x_wconf 88' lang='lat' dir='ltr'>alio</span> <span class='ocrx_word' id='word_1_584' title='bbox 810 4374 941 4413; x_wconf 90' lang='lat' dir='ltr'>vero</span> <span class='ocrx_word' id='word_1_585' title='bbox 974 4360 1307 4432; x_wconf 86' lang='lat' dir='ltr'>participat,</span> <span class='ocrx_word' id='word_1_586' title='bbox 1344 4369 1408 4417; x_wconf 91' lang='lat' dir='ltr'>ut</span> <span class='ocrx_word' id='word_1_587' title='bbox 1433 4363 1655 4436; x_wconf 90' lang='lat' dir='ltr'>aliquid</span> <span class='ocrx_word' id='word_1_588' title='bbox 1691 4368 1799 4421; x_wconf 90' lang='lat' dir='ltr'>sit:</span> <span class='ocrx_word' id='word_1_589' title='bbox 1827 4384 1892 4423; x_wconf 88' lang='lat' dir='ltr'>ac</span> <span class='ocrx_word' id='word_1_590' title='bbox 1917 4385 2017 4438; x_wconf 88' lang='lat' dir='ltr'>per</span> <span class='ocrx_word' id='word_1_591' title='bbox 2038 4370 2166 4440; x_wconf 90' lang='lat' dir='ltr'>hoc,</span> 
     </span>
    </p>
   </div>
   <div class='ocr_carea' id='block_1_78' title="bbox 522 4443 2171 4527">
    <p class='ocr_par' dir='ltr' id='par_1_78' title="bbox 522 4443 2171 4527">
     <span class='ocr_line' id='line_1_78' title="bbox 522 4443 2171 4527; baseline 0.011 -30"><span class='ocrx_word' id='word_1_592' title='bbox 522 4443 579 4497; x_wconf 93' lang='lat' dir='ltr'>id</span> <span class='ocrx_word' id='word_1_593' title='bbox 613 4446 766 4515; x_wconf 92' lang='lat' dir='ltr'>quod</span> <span class='ocrx_word' id='word_1_594' title='bbox 804 4452 911 4513; x_wconf 89' lang='lat' dir='ltr'>est,</span> <span class='ocrx_word' id='word_1_595' title='bbox 948 4450 1259 4520; x_wconf 88' lang='lat' dir='ltr'>participat</span> <span class='ocrx_word' id='word_1_596' title='bbox 1281 4467 1346 4506; x_wconf 93' lang='lat' dir='ltr'>eo</span> <span class='ocrx_word' id='word_1_597' title='bbox 1365 4455 1517 4522; x_wconf 89' lang='lat' dir='ltr'>quod</span> <span class='ocrx_word' id='word_1_598' title='bbox 1543 4460 1631 4509; x_wconf 92' lang='lat' dir='ltr'>est</span> <span class='ocrx_word' id='word_1_599' title='bbox 1653 4472 1799 4522; x_wconf 87' lang='lat' dir='ltr'>esse,</span> <span class='ocrx_word' id='word_1_600' title='bbox 1826 4463 1891 4511; x_wconf 91' lang='lat' dir='ltr'>ut</span> <span class='ocrx_word' id='word_1_601' title='bbox 1944 4458 2047 4527; x_wconf 87' lang='lat' dir='ltr'>sit;</span> <span class='ocrx_word' id='word_1_602' title='bbox 2082 4466 2171 4515; x_wconf 91' lang='lat' dir='ltr'>est</span> 
     </span>
    </p>
   </div>
   <div class='ocr_carea' id='block_1_79' title="bbox 520 4535 2170 4616">
    <p class='ocr_par' dir='ltr' id='par_1_79' title="bbox 520 4535 2170 4616">
     <span class='ocr_line' id='line_1_79' title="bbox 520 4535 2170 4616; baseline 0.012 -34"><span class='ocrx_word' id='word_1_603' title='bbox 520 4547 675 4599; x_wconf 90' lang='lat' dir='ltr'>vero,</span> <span class='ocrx_word' id='word_1_604' title='bbox 704 4540 768 4588; x_wconf 89' lang='lat' dir='ltr'>ut</span> <span class='ocrx_word' id='word_1_605' title='bbox 787 4535 1096 4607; x_wconf 78' lang='lat' dir='ltr'>participat</span> <span class='ocrx_word' id='word_1_606' title='bbox 1118 4538 1229 4593; x_wconf 89' lang='lat' dir='ltr'>alio</span> <span class='ocrx_word' id='word_1_607' title='bbox 1250 4540 1532 4609; x_wconf 91' lang='lat' dir='ltr'>quolibet.</span> <span class='ocrx_word' id='word_1_608' title='bbox 1550 4542 1734 4598; x_wconf 90' lang='lat' dir='ltr'>Omne</span> <span class='ocrx_word' id='word_1_609' title='bbox 1748 4545 2015 4616; x_wconf 83' lang='lat' dir='ltr'>simplex,</span> <span class='ocrx_word' id='word_1_610' title='bbox 2042 4563 2170 4603; x_wconf 88' lang='lat' dir='ltr'>esse</span> 
     </span>
    </p>
   </div>
   <div class='ocr_carea' id='block_1_80' title="bbox 522 4624 2168 4708">
    <p class='ocr_par' dir='ltr' id='par_1_80' title="bbox 522 4624 2168 4708">
     <span class='ocr_line' id='line_1_80' title="bbox 522 4624 2168 4708; baseline 0.012 -35"><span class='ocrx_word' id='word_1_611' title='bbox 522 4635 716 4708; x_wconf 82' lang='lat' dir='ltr'>suum,</span> <span class='ocrx_word' id='word_1_612' title='bbox 745 4628 802 4678; x_wconf 92' lang='lat' dir='ltr'>et</span> <span class='ocrx_word' id='word_1_613' title='bbox 827 4624 880 4678; x_wconf 93' lang='lat' dir='ltr'>id</span> <span class='ocrx_word' id='word_1_614' title='bbox 910 4628 1061 4696; x_wconf 89' lang='lat' dir='ltr'>quod</span> <span class='ocrx_word' id='word_1_615' title='bbox 1092 4634 1177 4682; x_wconf 88' lang='lat' dir='ltr'>est</span> <span class='ocrx_word' id='word_1_616' title='bbox 1206 4646 1389 4685; x_wconf 89' lang='lat' dir='ltr'>unum</span> <span class='ocrx_word' id='word_1_617' title='bbox 1410 4632 1601 4687; x_wconf 74' lang='lat' dir='ltr'>habet.</span> <span class='ocrx_word' id='word_1_618' title='bbox 1625 4635 1796 4689; x_wconf 89' lang='lat' dir='ltr'>Omni</span> <span class='ocrx_word' id='word_1_619' title='bbox 1847 4638 2168 4708; x_wconf 85' lang='lat' dir='ltr'>composito</span> 
     </span>
    </p>
   </div>
   <div class='ocr_carea' id='block_1_81' title="bbox 521 4707 2168 4788">
    <p class='ocr_par' dir='ltr' id='par_1_81' title="bbox 521 4707 2168 4788">
     <span class='ocr_line' id='line_1_81' title="bbox 521 4707 2168 4788; baseline 0.012 -27"><span class='ocrx_word' id='word_1_620' title='bbox 521 4707 678 4764; x_wconf 86' lang='lat' dir='ltr'>aliud</span> <span class='ocrx_word' id='word_1_621' title='bbox 699 4717 788 4766; x_wconf 90' lang='lat' dir='ltr'>est</span> <span class='ocrx_word' id='word_1_622' title='bbox 805 4716 1118 4780; x_wconf 87' lang='lat' dir='ltr'>esse,aliud</span> <span class='ocrx_word' id='word_1_623' title='bbox 1141 4718 1335 4788; x_wconf 90' lang='lat' dir='ltr'>ipsum</span> <span class='ocrx_word' id='word_1_624' title='bbox 1357 4726 1463 4777; x_wconf 89' lang='lat' dir='ltr'>est.</span> <span class='ocrx_word' id='word_1_625' title='bbox 1490 4721 1695 4779; x_wconf 90' lang='lat' dir='ltr'>Omnis</span> <span class='ocrx_word' id='word_1_626' title='bbox 1718 4707 2025 4781; x_wconf 80' lang='lat' dir='ltr'>diversitas</span> <span class='ocrx_word' id='word_1_627' title='bbox 2049 4726 2168 4782; x_wconf 90' lang='lat' dir='ltr'>dis-</span> 
     </span>
    </p>
   </div>
   <div class='ocr_carea' id='block_1_82' title="bbox 522 4801 2167 4885">
    <p class='ocr_par' dir='ltr' id='par_1_82' title="bbox 522 4801 2167 4885">
     <span class='ocr_line' id='line_1_82' title="bbox 522 4801 2167 4885; baseline 0.012 -35"><span class='ocrx_word' id='word_1_628' title='bbox 522 4812 673 4865; x_wconf 87' lang='lat' dir='ltr'>cors,</span> <span class='ocrx_word' id='word_1_629' title='bbox 707 4801 1036 4858; x_wconf 89' lang='lat' dir='ltr'>similitudo</span> <span class='ocrx_word' id='word_1_630' title='bbox 1069 4822 1199 4861; x_wconf 91' lang='lat' dir='ltr'>vero</span> <span class='ocrx_word' id='word_1_631' title='bbox 1232 4813 1563 4879; x_wconf 88' lang='lat' dir='ltr'>appetenda</span> <span class='ocrx_word' id='word_1_632' title='bbox 1587 4816 1713 4878; x_wconf 86' lang='lat' dir='ltr'>est;</span> <span class='ocrx_word' id='word_1_633' title='bbox 1738 4815 1964 4883; x_wconf 88' lang='lat' dir='ltr'>etquod</span> <span class='ocrx_word' id='word_1_634' title='bbox 1992 4831 2167 4885; x_wconf 91' lang='lat' dir='ltr'>appe-</span> 
     </span>
    </p>
   </div>
   <div class='ocr_carea' id='block_1_83' title="bbox 520 4885 2167 4974">
    <p class='ocr_par' dir='ltr' id='par_1_83' title="bbox 520 4885 2167 4974">
     <span class='ocr_line' id='line_1_83' title="bbox 520 4885 2167 4974; baseline 0.012 -37"><span class='ocrx_word' id='word_1_635' title='bbox 520 4885 593 4974; x_wconf 87' lang='lat' dir='ltr'>tit</span> <span class='ocrx_word' id='word_1_636' title='bbox 615 4887 795 4949; x_wconf 79' lang='lat' dir='ltr'>aliud,</span> <span class='ocrx_word' id='word_1_637' title='bbox 819 4890 933 4944; x_wconf 90' lang='lat' dir='ltr'>tale</span> <span class='ocrx_word' id='word_1_638' title='bbox 954 4891 1149 4961; x_wconf 89' lang='lat' dir='ltr'>ipsum</span> <span class='ocrx_word' id='word_1_639' title='bbox 1165 4912 1292 4951; x_wconf 88' lang='lat' dir='ltr'>esse</span> <span class='ocrx_word' id='word_1_640' title='bbox 1308 4898 2167 4974; x_wconf 87' lang='lat' dir='ltr'>naturaliterostenditur,qua-</span> 
     </span>
    </p>
   </div>
   <div class='ocr_carea' id='block_1_84' title="bbox 519 4973 2245 5069">
    <p class='ocr_par' dir='ltr' id='par_1_84' title="bbox 519 4973 2245 5069">
     <span class='ocr_line' id='line_1_84' title="bbox 519 4973 2245 5069; baseline 0.015 -39"><span class='ocrx_word' id='word_1_641' title='bbox 519 4973 573 5031; x_wconf 92' lang='lat' dir='ltr'>le</span> <span class='ocrx_word' id='word_1_642' title='bbox 595 4981 684 5032; x_wconf 88' lang='lat' dir='ltr'>est</span> <span class='ocrx_word' id='word_1_643' title='bbox 706 4977 849 5033; x_wconf 92' lang='lat' dir='ltr'>illud</span> <span class='ocrx_word' id='word_1_644' title='bbox 870 4981 984 5069; x_wconf 83' lang='lat' dir='ltr'>hoc</span> <span class='ocrx_word' id='word_1_645' title='bbox 1007 4983 1201 5055; x_wconf 89' lang='lat' dir='ltr'>ipsum</span> <span class='ocrx_word' id='word_1_646' title='bbox 1231 4989 1385 5057; x_wconf 89' lang='lat' dir='ltr'>quod</span> <span class='ocrx_word' id='word_1_647' title='bbox 1405 4991 1641 5060; x_wconf 87' lang='lat' dir='ltr'>appetit.</span> <span class='ocrx_word' id='word_1_648' title='bbox 1666 4992 1978 5050; x_wconf 86' lang='lat' dir='ltr'>Sufficiunt</span> <span class='ocrx_word' id='word_1_649' title='bbox 1995 4998 2172 5069; x_wconf 85' lang='lat' dir='ltr'>igitur</span> <span class='ocrx_word' id='word_1_650' title='bbox 2198 4977 2245 5041; x_wconf 82' lang='lat' dir='ltr'><strong>D</strong></span> 
     </span>
    </p>
   </div>
   <div class='ocr_carea' id='block_1_85' title="bbox 520 5068 2167 5146">
    <p class='ocr_par' dir='ltr' id='par_1_85' title="bbox 520 5068 2167 5146">
     <span class='ocr_line' id='line_1_85' title="bbox 520 5068 2167 5146; baseline 0.014 -27"><span class='ocrx_word' id='word_1_651' title='bbox 520 5081 648 5137; x_wconf 71' lang='lat' dir='ltr'>quae</span> <span class='ocrx_word' id='word_1_652' title='bbox 682 5068 1073 5137; x_wconf 56' lang='lat' dir='ltr'>praemisimus</span> <span class='ocrx_word' id='word_1_653' title='bbox 1104 5091 1118 5140; x_wconf 90' lang='lat'><strong>;</strong></span> <span class='ocrx_word' id='word_1_654' title='bbox 1152 5090 1185 5126; x_wconf 90' lang='lat' dir='ltr'>a</span> <span class='ocrx_word' id='word_1_655' title='bbox 1218 5076 1499 5145; x_wconf 91' lang='lat' dir='ltr'>prudente</span> <span class='ocrx_word' id='word_1_656' title='bbox 1525 5094 1652 5134; x_wconf 88' lang='lat' dir='ltr'>vero</span> <span class='ocrx_word' id='word_1_657' title='bbox 1686 5081 1931 5141; x_wconf 89' lang='lat' dir='ltr'>rationis</span> <span class='ocrx_word' id='word_1_658' title='bbox 1992 5068 2167 5146; x_wconf 85' lang='lat' dir='ltr'>inter-</span> 
     </span>
    </p>
   </div>
   <div class='ocr_carea' id='block_1_86' title="bbox 517 5158 2075 5243">
    <p class='ocr_par' dir='ltr' id='par_1_86' title="bbox 517 5158 2075 5243">
     <span class='ocr_line' id='line_1_86' title="bbox 517 5158 2075 5243; baseline 0.016 -35"><span class='ocrx_word' id='word_1_659' title='bbox 517 5160 678 5228; x_wconf 90' lang='lat' dir='ltr'>prete</span> <span class='ocrx_word' id='word_1_660' title='bbox 712 5158 836 5212; x_wconf 89' lang='lat' dir='ltr'>suis</span> <span class='ocrx_word' id='word_1_661' title='bbox 868 5168 1328 5233; x_wconf 73' lang='lat' dir='ltr'>unumquodque</span> <span class='ocrx_word' id='word_1_662' title='bbox 1360 5168 1658 5236; x_wconf 91' lang='lat' dir='ltr'>aptabitur</span> <span class='ocrx_word' id='word_1_663' title='bbox 1688 5177 2075 5243; x_wconf 89' lang='lat' dir='ltr'>argumentis.</span> 
     </span>
    </p>
   </div>
   <div class='ocr_carea' id='block_1_87' title="bbox 589 5289 2171 5379">
    <p class='ocr_par' dir='ltr' id='par_1_87' title="bbox 589 5289 2171 5379">
     <span class='ocr_line' id='line_1_87' title="bbox 589 5289 2171 5379; baseline 0.016 -36"><span class='ocrx_word' id='word_1_664' title='bbox 589 5289 841 5354; x_wconf 66' lang='lat' dir='ltr'>Qumstio</span> <span class='ocrx_word' id='word_1_665' title='bbox 872 5308 1006 5348; x_wconf 67' lang='lat' dir='ltr'>vero</span> <span class='ocrx_word' id='word_1_666' title='bbox 1034 5293 1375 5364; x_wconf 81' lang='lat' dir='ltr'>bujusmodi</span> <span class='ocrx_word' id='word_1_667' title='bbox 1403 5305 1493 5355; x_wconf 87' lang='lat' dir='ltr'>est</span> <span class='ocrx_word' id='word_1_668' title='bbox 1519 5320 1530 5355; x_wconf 92' lang='lat'>:</span> <span class='ocrx_word' id='word_1_669' title='bbox 1558 5303 1633 5356; x_wconf 85' lang='lat' dir='ltr'>Ea</span> <span class='ocrx_word' id='word_1_670' title='bbox 1660 5322 1789 5375; x_wconf 68' lang='lat' dir='ltr'>quae</span> <span class='ocrx_word' id='word_1_671' title='bbox 1811 5314 1974 5379; x_wconf 89' lang='lat' dir='ltr'>sunt,</span> <span class='ocrx_word' id='word_1_672' title='bbox 2017 5311 2171 5369; x_wconf 90' lang='lat' dir='ltr'>bona</span> 
     </span>
    </p>
   </div>
   <div class='ocr_carea' id='block_1_88' title="bbox 517 5383 2165 5467">
    <p class='ocr_par' dir='ltr' id='par_1_88' title="bbox 517 5383 2165 5467">
     <span class='ocr_line' id='line_1_88' title="bbox 517 5383 2165 5467; baseline 0.016 -37"><span class='ocrx_word' id='word_1_673' title='bbox 517 5385 873 5445; x_wconf 90' lang='lat' dir='ltr'>sunt;tenet</span> <span class='ocrx_word' id='word_1_674' title='bbox 921 5383 1078 5438; x_wconf 92' lang='lat' dir='ltr'>enim</span> <span class='ocrx_word' id='word_1_675' title='bbox 1123 5388 1457 5443; x_wconf 90' lang='lat' dir='ltr'>communis</span> <span class='ocrx_word' id='word_1_676' title='bbox 1494 5395 1788 5448; x_wconf 86' lang='lat' dir='ltr'>sententia</span> <span class='ocrx_word' id='word_1_677' title='bbox 1835 5398 2165 5467; x_wconf 89' lang='lat' dir='ltr'>doctorum,</span> 
     </span>
    </p>
   </div>
   <div class='ocr_carea' id='block_1_89' title="bbox 518 5470 2164 5549">
    <p class='ocr_par' dir='ltr' id='par_1_89' title="bbox 518 5470 2164 5549">
     <span class='ocr_line' id='line_1_89' title="bbox 518 5470 2164 5549; baseline 0.015 -28"><span class='ocrx_word' id='word_1_678' title='bbox 518 5482 692 5522; x_wconf 91' lang='lat' dir='ltr'>omne</span> <span class='ocrx_word' id='word_1_679' title='bbox 723 5470 876 5539; x_wconf 89' lang='lat' dir='ltr'>quod</span> <span class='ocrx_word' id='word_1_680' title='bbox 911 5476 998 5526; x_wconf 91' lang='lat' dir='ltr'>est</span> <span class='ocrx_word' id='word_1_681' title='bbox 1039 5473 1107 5526; x_wconf 89' lang='lat' dir='ltr'>ad</span> <span class='ocrx_word' id='word_1_682' title='bbox 1148 5473 1364 5531; x_wconf 89' lang='lat' dir='ltr'>bonum</span> <span class='ocrx_word' id='word_1_683' title='bbox 1413 5479 1687 5549; x_wconf 88' lang='lat' dir='ltr'>tendere;</span> <span class='ocrx_word' id='word_1_684' title='bbox 1738 5499 1909 5540; x_wconf 91' lang='lat' dir='ltr'>omne</span> <span class='ocrx_word' id='word_1_685' title='bbox 1969 5494 2164 5545; x_wconf 87' lang='lat' dir='ltr'>autem</span> 
     </span>
    </p>
   </div>
   <div class='ocr_carea' id='block_1_90' title="bbox 2278 3705 3839 3779">
    <p class='ocr_par' dir='ltr' id='par_1_90' title="bbox 2278 3705 3839 3779">
     <span class='ocr_line' id='line_1_90' title="bbox 2278 3705 3839 3779; baseline 0.004 -22"><span class='ocrx_word' id='word_1_686' title='bbox 2278 3707 2510 3774; x_wconf 88' lang='lat' dir='ltr'>temque</span> <span class='ocrx_word' id='word_1_687' title='bbox 2533 3705 2661 3772; x_wconf 90' lang='lat' dir='ltr'>ejus</span> <span class='ocrx_word' id='word_1_688' title='bbox 2689 3711 2892 3775; x_wconf 68' lang='lat' dir='ltr'>prazter</span> <span class='ocrx_word' id='word_1_689' title='bbox 2917 3707 3217 3763; x_wconf 82' lang='lat' dir='ltr'>materiam</span> <span class='ocrx_word' id='word_1_690' title='bbox 3244 3712 3599 3779; x_wconf 89' lang='lat' dir='ltr'>speculatur.</span> <span class='ocrx_word' id='word_1_691' title='bbox 3633 3719 3839 3767; x_wconf 59' lang='lat' dir='ltr'>Amores-</span> 
     </span>
    </p>
   </div>
   <div class='ocr_carea' id='block_1_91' title="bbox 2278 3792 3839 3871">
    <p class='ocr_par' dir='ltr' id='par_1_91' title="bbox 2278 3792 3839 3871">
     <span class='ocr_line' id='line_1_91' title="bbox 2278 3792 3839 3871; baseline 0.003 -25"><span class='ocrx_word' id='word_1_692' title='bbox 2278 3808 2413 3847; x_wconf 90' lang='lat' dir='ltr'>mus</span> <span class='ocrx_word' id='word_1_693' title='bbox 2435 3792 2617 3863; x_wconf 86' lang='lat' dir='ltr'>igitur</span> <span class='ocrx_word' id='word_1_694' title='bbox 2642 3792 2815 3864; x_wconf 92' lang='lat' dir='ltr'>primi</span> <span class='ocrx_word' id='word_1_695' title='bbox 2840 3795 2974 3850; x_wconf 91' lang='lat' dir='ltr'>boni</span> <span class='ocrx_word' id='word_1_696' title='bbox 3001 3799 3368 3867; x_wconf 64' lang='lat' dir='ltr'>praesentiam</span> <span class='ocrx_word' id='word_1_697' title='bbox 3398 3801 3742 3871; x_wconf 76' lang='lat' dir='ltr'>paulispersx</span> <span class='ocrx_word' id='word_1_698' title='bbox 3756 3797 3839 3851; x_wconf 76' lang='lat' dir='ltr'>ani-</span> 
     </span>
    </p>
   </div>
   <div class='ocr_carea' id='block_1_92' title="bbox 2279 3881 3835 3961">
    <p class='ocr_par' dir='ltr' id='par_1_92' title="bbox 2279 3881 3835 3961">
     <span class='ocr_line' id='line_1_92' title="bbox 2279 3881 3835 3961; baseline 0.003 -28"><span class='ocrx_word' id='word_1_699' title='bbox 2279 3896 2395 3947; x_wconf 91' lang='lat' dir='ltr'>mo,</span> <span class='ocrx_word' id='word_1_700' title='bbox 2428 3881 2579 3949; x_wconf 88' lang='lat' dir='ltr'>quod</span> <span class='ocrx_word' id='word_1_701' title='bbox 2617 3897 2744 3937; x_wconf 84' lang='lat' dir='ltr'>esse</span> <span class='ocrx_word' id='word_1_702' title='bbox 2777 3883 3013 3954; x_wconf 89' lang='lat' dir='ltr'>quidem</span> <span class='ocrx_word' id='word_1_703' title='bbox 3050 3891 3296 3953; x_wconf 79' lang='lat' dir='ltr'>constat,</span> <span class='ocrx_word' id='word_1_704' title='bbox 3331 3889 3509 3961; x_wconf 88' lang='lat' dir='ltr'>idque</span> <span class='ocrx_word' id='word_1_705' title='bbox 3537 3908 3600 3945; x_wconf 83' lang='lat' dir='ltr'>ex</span> <span class='ocrx_word' id='word_1_706' title='bbox 3648 3889 3835 3945; x_wconf 83' lang='lat' dir='ltr'>omnium</span> 
     </span>
    </p>
   </div>
   <div class='ocr_carea' id='block_1_93' title="bbox 2277 3968 3841 4047">
    <p class='ocr_par' dir='ltr' id='par_1_93' title="bbox 2277 3968 3841 4047">
     <span class='ocr_line' id='line_1_93' title="bbox 2277 3968 3841 4047; baseline 0.006 -25"><span class='ocrx_word' id='word_1_707' title='bbox 2277 3968 3733 4045; x_wconf 80' lang='lat' dir='ltr'>doctorumindoctorumquesententia,barbararum</span> <span class='ocrx_word' id='word_1_708' title='bbox 3750 3990 3841 4047; x_wconf 84' lang='lat' dir='ltr'>quo-</span> 
     </span>
    </p>
   </div>
   <div class='ocr_carea' id='block_1_94' title="bbox 2279 4059 3839 4137">
    <p class='ocr_par' dir='ltr' id='par_1_94' title="bbox 2279 4059 3839 4137">
     <span class='ocr_line' id='line_1_94' title="bbox 2279 4059 3839 4137; baseline 0.001 -24"><span class='ocrx_word' id='word_1_709' title='bbox 2279 4075 2392 4129; x_wconf 88' lang='lat' dir='ltr'>que</span> <span class='ocrx_word' id='word_1_710' title='bbox 2410 4059 2673 4130; x_wconf 89' lang='lat' dir='ltr'>gentium</span> <span class='ocrx_word' id='word_1_711' title='bbox 2691 4059 3078 4132; x_wconf 90' lang='lat' dir='ltr'>religionibus</span> <span class='ocrx_word' id='word_1_712' title='bbox 3093 4066 3366 4134; x_wconf 87' lang='lat' dir='ltr'>cognosci</span> <span class='ocrx_word' id='word_1_713' title='bbox 3384 4073 3589 4137; x_wconf 87' lang='lat' dir='ltr'>potest.</span> <span class='ocrx_word' id='word_1_714' title='bbox 3615 4072 3708 4122; x_wconf 84' lang='lat' dir='ltr'>Iloc</span> <span class='ocrx_word' id='word_1_715' title='bbox 3721 4065 3839 4136; x_wconf 80' lang='lat' dir='ltr'>igitur</span> 
     </span>
    </p>
   </div>
   <div class='ocr_carea' id='block_1_95' title="bbox 2280 4148 3837 4227">
    <p class='ocr_par' dir='ltr' id='par_1_95' title="bbox 2280 4148 3837 4227">
     <span class='ocr_line' id='line_1_95' title="bbox 2280 4148 3837 4227; baseline 0.002 -24"><span class='ocrx_word' id='word_1_716' title='bbox 2280 4148 2579 4220; x_wconf 88' lang='lat' dir='ltr'>paulisper</span> <span class='ocrx_word' id='word_1_717' title='bbox 2608 4153 2823 4213; x_wconf 87' lang='lat' dir='ltr'>amoto,</span> <span class='ocrx_word' id='word_1_718' title='bbox 2852 4166 3140 4222; x_wconf 90' lang='lat' dir='ltr'>ponamus</span> <span class='ocrx_word' id='word_1_719' title='bbox 3170 4155 3373 4210; x_wconf 89' lang='lat' dir='ltr'>omnia</span> <span class='ocrx_word' id='word_1_720' title='bbox 3402 4172 3551 4223; x_wconf 87' lang='lat' dir='ltr'>esse,</span> <span class='ocrx_word' id='word_1_721' title='bbox 3587 4173 3693 4227; x_wconf 74' lang='lat' dir='ltr'>qua:</span> <span class='ocrx_word' id='word_1_722' title='bbox 3731 4158 3837 4208; x_wconf 76' lang='lat' dir='ltr'>sunt.</span> 
     </span>
    </p>
   </div>
   <div class='ocr_carea' id='block_1_96' title="bbox 2278 4236 3837 4315">
    <p class='ocr_par' dir='ltr' id='par_1_96' title="bbox 2278 4236 3837 4315">
     <span class='ocr_line' id='line_1_96' title="bbox 2278 4236 3837 4315; baseline 0.001 -23"><span class='ocrx_word' id='word_1_723' title='bbox 2278 4236 2432 4293; x_wconf 87' lang='lat' dir='ltr'>bona</span> <span class='ocrx_word' id='word_1_724' title='bbox 2458 4259 2474 4303; x_wconf 84' lang='lat'><strong>;</strong></span> <span class='ocrx_word' id='word_1_725' title='bbox 2498 4244 2675 4310; x_wconf 89' lang='lat' dir='ltr'>atque</span> <span class='ocrx_word' id='word_1_726' title='bbox 2696 4255 2763 4294; x_wconf 90' lang='lat' dir='ltr'>ea</span> <span class='ocrx_word' id='word_1_727' title='bbox 2779 4240 3217 4297; x_wconf 88' lang='lat' dir='ltr'>consideremus</span> <span class='ocrx_word' id='word_1_728' title='bbox 3240 4246 3712 4315; x_wconf 89' lang='lat' dir='ltr'>quemadmodum</span> <span class='ocrx_word' id='word_1_729' title='bbox 3740 4244 3837 4296; x_wconf 80' lang='lat' dir='ltr'>bona</span> 
     </span>
    </p>
   </div>
   <div class='ocr_carea' id='block_1_97' title="bbox 2278 4327 3835 4399">
    <p class='ocr_par' dir='ltr' id='par_1_97' title="bbox 2278 4327 3835 4399">
     <span class='ocr_line' id='line_1_97' title="bbox 2278 4327 3835 4399; baseline 0 -17"><span class='ocrx_word' id='word_1_730' title='bbox 2278 4342 2407 4383; x_wconf 91' lang='lat' dir='ltr'>esse</span> <span class='ocrx_word' id='word_1_731' title='bbox 2438 4332 2699 4398; x_wconf 83' lang='lat' dir='ltr'>possent,</span> <span class='ocrx_word' id='word_1_732' title='bbox 2724 4327 2772 4383; x_wconf 92' lang='lat' dir='ltr'>si</span> <span class='ocrx_word' id='word_1_733' title='bbox 2797 4346 2829 4384; x_wconf 90' lang='lat' dir='ltr'>a</span> <span class='ocrx_word' id='word_1_734' title='bbox 2851 4328 3042 4399; x_wconf 90' lang='lat' dir='ltr'>primo</span> <span class='ocrx_word' id='word_1_735' title='bbox 3066 4330 3215 4386; x_wconf 89' lang='lat' dir='ltr'>bono</span> <span class='ocrx_word' id='word_1_736' title='bbox 3236 4332 3485 4389; x_wconf 88' lang='lat' dir='ltr'>minime</span> <span class='ocrx_word' id='word_1_737' title='bbox 3521 4332 3835 4390; x_wconf 78' lang='lat' dir='ltr'>defluxissent.</span> 
     </span>
    </p>
   </div>
   <div class='ocr_carea' id='block_1_98' title="bbox 2281 4414 3834 4491">
    <p class='ocr_par' dir='ltr' id='par_1_98' title="bbox 2281 4414 3834 4491">
     <span class='ocr_line' id='line_1_98' title="bbox 2281 4414 3834 4491; baseline -0.001 -21"><span class='ocrx_word' id='word_1_738' title='bbox 2281 4416 2426 4471; x_wconf 84' lang='lat' dir='ltr'>Hinc</span> <span class='ocrx_word' id='word_1_739' title='bbox 2451 4416 2703 4486; x_wconf 88' lang='lat' dir='ltr'>intueor,</span> <span class='ocrx_word' id='word_1_740' title='bbox 2724 4416 2880 4473; x_wconf 91' lang='lat' dir='ltr'>aliud</span> <span class='ocrx_word' id='word_1_741' title='bbox 2902 4417 2958 4472; x_wconf 92' lang='lat' dir='ltr'>in</span> <span class='ocrx_word' id='word_1_742' title='bbox 2973 4418 3221 4487; x_wconf 86' lang='lat' dir='ltr'>eisesse,</span> <span class='ocrx_word' id='word_1_743' title='bbox 3238 4423 3389 4491; x_wconf 85' lang='lat' dir='ltr'>quod</span> <span class='ocrx_word' id='word_1_744' title='bbox 3412 4424 3707 4485; x_wconf 85' lang='lat' dir='ltr'>bonasunt,</span> <span class='ocrx_word' id='word_1_745' title='bbox 3730 4414 3834 4474; x_wconf 76' lang='lat' dir='ltr'>aliud</span> 
     </span>
    </p>
   </div>
   <div class='ocr_carea' id='block_1_99' title="bbox 2278 4507 3833 4583">
    <p class='ocr_par' dir='ltr' id='par_1_99' title="bbox 2278 4507 3833 4583">
     <span class='ocr_line' id='line_1_99' title="bbox 2278 4507 3833 4583; baseline -0.002 -22"><span class='ocrx_word' id='word_1_746' title='bbox 2278 4508 2433 4575; x_wconf 89' lang='lat' dir='ltr'>quod</span> <span class='ocrx_word' id='word_1_747' title='bbox 2459 4512 2599 4562; x_wconf 83' lang='lat' dir='ltr'>sunt</span> <span class='ocrx_word' id='word_1_748' title='bbox 2624 4525 2635 4562; x_wconf 89' lang='lat'>:</span> <span class='ocrx_word' id='word_1_749' title='bbox 2660 4513 2913 4578; x_wconf 90' lang='lat' dir='ltr'>ponatur</span> <span class='ocrx_word' id='word_1_750' title='bbox 2928 4510 3086 4564; x_wconf 92' lang='lat' dir='ltr'>enim</span> <span class='ocrx_word' id='word_1_751' title='bbox 3111 4527 3226 4565; x_wconf 89' lang='lat' dir='ltr'>una</span> <span class='ocrx_word' id='word_1_752' title='bbox 3246 4513 3569 4583; x_wconf 87' lang='lat' dir='ltr'>eademque</span> <span class='ocrx_word' id='word_1_753' title='bbox 3589 4507 3833 4568; x_wconf 72' lang='lat' dir='ltr'>substantit</span> 
     </span>
    </p>
   </div>
   <div class='ocr_carea' id='block_1_100' title="bbox 2279 4595 3828 4667">
    <p class='ocr_par' dir='ltr' id='par_1_100' title="bbox 2279 4595 3828 4667">
     <span class='ocr_line' id='line_1_100' title="bbox 2279 4595 3828 4667; baseline 0.002 -18"><span class='ocrx_word' id='word_1_754' title='bbox 2279 4595 2432 4651; x_wconf 91' lang='lat' dir='ltr'>bona</span> <span class='ocrx_word' id='word_1_755' title='bbox 2461 4611 2613 4661; x_wconf 85' lang='lat' dir='ltr'>esse,</span> <span class='ocrx_word' id='word_1_756' title='bbox 2647 4597 2801 4664; x_wconf 90' lang='lat' dir='ltr'>alba,</span> <span class='ocrx_word' id='word_1_757' title='bbox 2834 4596 3051 4667; x_wconf 87' lang='lat' dir='ltr'>gravis,</span> <span class='ocrx_word' id='word_1_758' title='bbox 3083 4601 3370 4655; x_wconf 89' lang='lat' dir='ltr'>rotunda:</span> <span class='ocrx_word' id='word_1_759' title='bbox 3406 4606 3543 4656; x_wconf 92' lang='lat' dir='ltr'>tunc</span> <span class='ocrx_word' id='word_1_760' title='bbox 3572 4600 3703 4656; x_wconf 89' lang='lat' dir='ltr'>aliud</span> <span class='ocrx_word' id='word_1_761' title='bbox 3729 4600 3828 4652; x_wconf 71' lang='lat' dir='ltr'>esset</span> 
     </span>
    </p>
   </div>
   <div class='ocr_carea' id='block_1_101' title="bbox 2278 4682 3829 4756">
    <p class='ocr_par' dir='ltr' id='par_1_101' title="bbox 2278 4682 3829 4756">
     <span class='ocr_line' id='line_1_101' title="bbox 2278 4682 3829 4756; baseline -0.002 -18"><span class='ocrx_word' id='word_1_762' title='bbox 2278 4682 2378 4739; x_wconf 91' lang='lat' dir='ltr'>illa</span> <span class='ocrx_word' id='word_1_763' title='bbox 2405 4683 2531 4756; x_wconf 84' lang='lat' dir='ltr'>ipsa</span> <span class='ocrx_word' id='word_1_764' title='bbox 2558 4684 2907 4753; x_wconf 89' lang='lat' dir='ltr'>substantia,</span> <span class='ocrx_word' id='word_1_765' title='bbox 2934 4685 3090 4740; x_wconf 90' lang='lat' dir='ltr'>aliud</span> <span class='ocrx_word' id='word_1_766' title='bbox 3114 4688 3242 4755; x_wconf 86' lang='lat' dir='ltr'>ejus</span> <span class='ocrx_word' id='word_1_767' title='bbox 3266 4692 3615 4752; x_wconf 83' lang='lat' dir='ltr'>rotunditas,</span> <span class='ocrx_word' id='word_1_768' title='bbox 3638 4686 3756 4743; x_wconf 78' lang='lat' dir='ltr'>aliud</span> <span class='ocrx_word' id='word_1_769' title='bbox 3773 4698 3829 4736; x_wconf 62' lang='lat' dir='ltr'>ce</span> 
     </span>
    </p>
   </div>
   <div class='ocr_carea' id='block_1_102' title="bbox 2276 4770 3826 4850">
    <p class='ocr_par' dir='ltr' id='par_1_102' title="bbox 2276 4770 3826 4850">
     <span class='ocr_line' id='line_1_102' title="bbox 2276 4770 3826 4850; baseline 0 -22"><span class='ocrx_word' id='word_1_770' title='bbox 2276 4770 2384 4841; x_wconf 90' lang='lat' dir='ltr'>lor,</span> <span class='ocrx_word' id='word_1_771' title='bbox 2419 4771 2575 4828; x_wconf 82' lang='lat' dir='ltr'>aliud</span> <span class='ocrx_word' id='word_1_772' title='bbox 2602 4772 2871 4841; x_wconf 88' lang='lat' dir='ltr'>bonitas;</span> <span class='ocrx_word' id='word_1_773' title='bbox 2897 4791 3031 4829; x_wconf 87' lang='lat' dir='ltr'>nam</span> <span class='ocrx_word' id='word_1_774' title='bbox 3066 4776 3113 4830; x_wconf 90' lang='lat' dir='ltr'>si</span> <span class='ocrx_word' id='word_1_775' title='bbox 3141 4775 3263 4831; x_wconf 61' lang='lat' dir='ltr'>hac</span> <span class='ocrx_word' id='word_1_776' title='bbox 3290 4779 3525 4850; x_wconf 86' lang='lat' dir='ltr'>singula</span> <span class='ocrx_word' id='word_1_777' title='bbox 3544 4780 3675 4834; x_wconf 89' lang='lat' dir='ltr'>idem</span> <span class='ocrx_word' id='word_1_778' title='bbox 3695 4776 3826 4830; x_wconf 65' lang='lat' dir='ltr'>essent</span> 
     </span>
    </p>
   </div>
   <div class='ocr_carea' id='block_1_103' title="bbox 2279 4862 3824 4939">
    <p class='ocr_par' dir='ltr' id='par_1_103' title="bbox 2279 4862 3824 4939">
     <span class='ocr_line' id='line_1_103' title="bbox 2279 4862 3824 4939; baseline 0.001 -23"><span class='ocrx_word' id='word_1_779' title='bbox 2279 4862 2433 4931; x_wconf 89' lang='lat' dir='ltr'>quod</span> <span class='ocrx_word' id='word_1_780' title='bbox 2468 4862 2595 4931; x_wconf 91' lang='lat' dir='ltr'>ipsa</span> <span class='ocrx_word' id='word_1_781' title='bbox 2624 4862 2978 4930; x_wconf 83' lang='lat' dir='ltr'>substantia,</span> <span class='ocrx_word' id='word_1_782' title='bbox 3010 4863 3163 4920; x_wconf 92' lang='lat' dir='ltr'>idem</span> <span class='ocrx_word' id='word_1_783' title='bbox 3189 4873 3343 4922; x_wconf 83' lang='lat' dir='ltr'>esset</span> <span class='ocrx_word' id='word_1_784' title='bbox 3367 4870 3614 4939; x_wconf 82' lang='lat' dir='ltr'>gravitas</span> <span class='ocrx_word' id='word_1_785' title='bbox 3632 4864 3749 4937; x_wconf 84' lang='lat' dir='ltr'>quod</span> <span class='ocrx_word' id='word_1_786' title='bbox 3766 4874 3824 4914; x_wconf 74' lang='grc' dir='ltr'>οο·</span> 
     </span>
    </p>
   </div>
   <div class='ocr_carea' id='block_1_104' title="bbox 2280 4945 3823 5027">
    <p class='ocr_par' dir='ltr' id='par_1_104' title="bbox 2280 4945 3823 5027">
     <span class='ocr_line' id='line_1_104' title="bbox 2280 4945 3823 5027; baseline 0.002 -24"><span class='ocrx_word' id='word_1_787' title='bbox 2280 4950 2385 5018; x_wconf 92' lang='lat' dir='ltr'>lor,</span> <span class='ocrx_word' id='word_1_788' title='bbox 2410 4951 2564 5021; x_wconf 91' lang='lat' dir='ltr'>quod</span> <span class='ocrx_word' id='word_1_789' title='bbox 2592 4951 2897 5016; x_wconf 85' lang='lat' dir='ltr'>bonum,et</span> <span class='ocrx_word' id='word_1_790' title='bbox 2918 4952 3131 5008; x_wconf 91' lang='lat' dir='ltr'>bonum</span> <span class='ocrx_word' id='word_1_791' title='bbox 3159 4957 3311 5024; x_wconf 91' lang='lat' dir='ltr'>quod</span> <span class='ocrx_word' id='word_1_792' title='bbox 3334 4958 3600 5027; x_wconf 83' lang='lat' dir='ltr'>gravitas;</span> <span class='ocrx_word' id='word_1_793' title='bbox 3617 4952 3735 5026; x_wconf 89' lang='lat' dir='ltr'>quod</span> <span class='ocrx_word' id='word_1_794' title='bbox 3748 4945 3823 5002; x_wconf 66' lang='lat' dir='ltr'>ﬁeri</span> 
     </span>
    </p>
   </div>
   <div class='ocr_carea' id='block_1_105' title="bbox 2281 5041 3821 5115">
    <p class='ocr_par' dir='ltr' id='par_1_105' title="bbox 2281 5041 3821 5115">
     <span class='ocr_line' id='line_1_105' title="bbox 2281 5041 3821 5115; baseline 0.001 -22"><span class='ocrx_word' id='word_1_795' title='bbox 2281 5046 2492 5096; x_wconf 90' lang='lat' dir='ltr'>natura</span> <span class='ocrx_word' id='word_1_796' title='bbox 2515 5058 2625 5096; x_wconf 92' lang='lat' dir='ltr'>non</span> <span class='ocrx_word' id='word_1_797' title='bbox 2656 5041 2814 5098; x_wconf 83' lang='lat' dir='ltr'>sinit.</span> <span class='ocrx_word' id='word_1_798' title='bbox 2838 5042 3009 5099; x_wconf 84' lang='lat' dir='ltr'>Aliud</span> <span class='ocrx_word' id='word_1_799' title='bbox 3042 5044 3224 5115; x_wconf 89' lang='lat' dir='ltr'>igitur</span> <span class='ocrx_word' id='word_1_800' title='bbox 3244 5052 3385 5101; x_wconf 91' lang='lat' dir='ltr'>tunc</span> <span class='ocrx_word' id='word_1_801' title='bbox 3406 5047 3461 5101; x_wconf 92' lang='lat' dir='ltr'>in</span> <span class='ocrx_word' id='word_1_802' title='bbox 3486 5048 3564 5103; x_wconf 90' lang='lat' dir='ltr'>eis</span> <span class='ocrx_word' id='word_1_803' title='bbox 3588 5049 3821 5100; x_wconf 64' lang='lat' dir='ltr'>essetesse</span> 
     </span>
    </p>
   </div>
   <div class='ocr_carea' id='block_1_106' title="bbox 2284 5129 3823 5207">
    <p class='ocr_par' dir='ltr' id='par_1_106' title="bbox 2284 5129 3823 5207">
     <span class='ocr_line' id='line_1_106' title="bbox 2284 5129 3823 5207; baseline 0.003 -23"><span class='ocrx_word' id='word_1_804' title='bbox 2284 5130 2438 5184; x_wconf 89' lang='lat' dir='ltr'>aliud</span> <span class='ocrx_word' id='word_1_805' title='bbox 2460 5129 2679 5201; x_wconf 81' lang='lat' dir='ltr'>aliquid</span> <span class='ocrx_word' id='word_1_806' title='bbox 2699 5147 2865 5199; x_wconf 89' lang='lat' dir='ltr'>esse;</span> <span class='ocrx_word' id='word_1_807' title='bbox 2890 5148 2956 5187; x_wconf 90' lang='lat' dir='ltr'>ac</span> <span class='ocrx_word' id='word_1_808' title='bbox 2973 5136 3115 5188; x_wconf 94' lang='lat' dir='ltr'>tunc</span> <span class='ocrx_word' id='word_1_809' title='bbox 3138 5134 3293 5189; x_wconf 90' lang='lat' dir='ltr'>bona</span> <span class='ocrx_word' id='word_1_810' title='bbox 3312 5136 3541 5207; x_wconf 91' lang='lat' dir='ltr'>quidem</span> <span class='ocrx_word' id='word_1_811' title='bbox 3565 5135 3823 5197; x_wconf 51' lang='lat' dir='ltr'>essedume</span> 
     </span>
    </p>
   </div>
   <div class='ocr_carea' id='block_1_107' title="bbox 2281 5220 3820 5295">
    <p class='ocr_par' dir='ltr' id='par_1_107' title="bbox 2281 5220 3820 5295">
     <span class='ocr_line' id='line_1_107' title="bbox 2281 5220 3820 5295; baseline 0.002 -23"><span class='ocrx_word' id='word_1_812' title='bbox 2281 5221 2477 5273; x_wconf 89' lang='lat' dir='ltr'>tamen</span> <span class='ocrx_word' id='word_1_813' title='bbox 2501 5220 2720 5290; x_wconf 89' lang='lat' dir='ltr'>aliquid</span> <span class='ocrx_word' id='word_1_814' title='bbox 2740 5237 2889 5289; x_wconf 88' lang='lat' dir='ltr'>esse;</span> <span class='ocrx_word' id='word_1_815' title='bbox 2909 5231 3127 5279; x_wconf 90' lang='lat' dir='ltr'>actunc</span> <span class='ocrx_word' id='word_1_816' title='bbox 3152 5224 3299 5279; x_wconf 86' lang='lat' dir='ltr'>bona</span> <span class='ocrx_word' id='word_1_817' title='bbox 3320 5225 3547 5295; x_wconf 88' lang='lat' dir='ltr'>quidem</span> <span class='ocrx_word' id='word_1_818' title='bbox 3561 5226 3820 5281; x_wconf 54' lang='lat' dir='ltr'>essentesﬁ</span> 
     </span>
    </p>
   </div>
   <div class='ocr_carea' id='block_1_108' title="bbox 2282 5309 3816 5379">
    <p class='ocr_par' dir='ltr' id='par_1_108' title="bbox 2282 5309 3816 5379">
     <span class='ocr_line' id='line_1_108' title="bbox 2282 5309 3816 5379; baseline 0 -16"><span class='ocrx_word' id='word_1_819' title='bbox 2282 5309 2451 5364; x_wconf 87' lang='lat' dir='ltr'>modo</span> <span class='ocrx_word' id='word_1_820' title='bbox 2482 5314 2678 5365; x_wconf 89' lang='lat' dir='ltr'>essent</span> <span class='ocrx_word' id='word_1_821' title='bbox 2720 5328 2834 5366; x_wconf 91' lang='lat' dir='ltr'>non</span> <span class='ocrx_word' id='word_1_822' title='bbox 2869 5328 2903 5368; x_wconf 91' lang='lat' dir='ltr'>a</span> <span class='ocrx_word' id='word_1_823' title='bbox 2942 5312 3118 5379; x_wconf 89' lang='lat' dir='ltr'>bono,</span> <span class='ocrx_word' id='word_1_824' title='bbox 3150 5330 3218 5369; x_wconf 89' lang='lat' dir='ltr'>ac</span> <span class='ocrx_word' id='word_1_825' title='bbox 3258 5315 3409 5370; x_wconf 91' lang='lat' dir='ltr'>bona</span> <span class='ocrx_word' id='word_1_826' title='bbox 3438 5319 3637 5378; x_wconf 84' lang='lat' dir='ltr'>essent,</span> <span class='ocrx_word' id='word_1_827' title='bbox 3676 5325 3726 5364; x_wconf 81' lang='lat' dir='ltr'>ac</span> <span class='ocrx_word' id='word_1_828' title='bbox 3748 5318 3816 5360; x_wconf 72' lang='lat' dir='ltr'>non</span> 
     </span>
    </p>
   </div>
   <div class='ocr_carea' id='block_1_109' title="bbox 2277 5395 3813 5470">
    <p class='ocr_par' dir='ltr' id='par_1_109' title="bbox 2277 5395 3813 5470">
     <span class='ocr_line' id='line_1_109' title="bbox 2277 5395 3813 5470; baseline -0.001 -19"><span class='ocrx_word' id='word_1_829' title='bbox 2277 5395 2431 5451; x_wconf 90' lang='lat' dir='ltr'>idem</span> <span class='ocrx_word' id='word_1_830' title='bbox 2464 5404 2661 5454; x_wconf 88' lang='lat' dir='ltr'>essent</span> <span class='ocrx_word' id='word_1_831' title='bbox 2691 5400 2849 5470; x_wconf 91' lang='lat' dir='ltr'>quod</span> <span class='ocrx_word' id='word_1_832' title='bbox 2902 5400 3073 5468; x_wconf 84' lang='lat' dir='ltr'>bona,</span> <span class='ocrx_word' id='word_1_833' title='bbox 3105 5402 3205 5457; x_wconf 91' lang='lat' dir='ltr'>sed</span> <span class='ocrx_word' id='word_1_834' title='bbox 3247 5403 3330 5458; x_wconf 87' lang='lat' dir='ltr'>eis</span> <span class='ocrx_word' id='word_1_835' title='bbox 3371 5403 3524 5457; x_wconf 86' lang='lat' dir='ltr'>aliud</span> <span class='ocrx_word' id='word_1_836' title='bbox 3565 5404 3691 5455; x_wconf 80' lang='lat' dir='ltr'>esset</span> <span class='ocrx_word' id='word_1_837' title='bbox 3720 5407 3813 5451; x_wconf 67' lang='lat' dir='ltr'>esse.</span> 
     </span>
    </p>
   </div>
   <div class='ocr_carea' id='block_1_110' title="bbox 2278 5485 3814 5561">
    <p class='ocr_par' dir='ltr' id='par_1_110' title="bbox 2278 5485 3814 5561">
     <span class='ocr_line' id='line_1_110' title="bbox 2278 5485 3814 5561; baseline -0.003 -22"><span class='ocrx_word' id='word_1_838' title='bbox 2278 5485 2437 5540; x_wconf 92' lang='lat' dir='ltr'>aliud</span> <span class='ocrx_word' id='word_1_839' title='bbox 2468 5486 2634 5543; x_wconf 89' lang='lat' dir='ltr'>bonis</span> <span class='ocrx_word' id='word_1_840' title='bbox 2659 5504 2825 5557; x_wconf 85' lang='lat' dir='ltr'>esse;</span> <span class='ocrx_word' id='word_1_841' title='bbox 2860 5490 3015 5561; x_wconf 90' lang='lat' dir='ltr'>quod</span> <span class='ocrx_word' id='word_1_842' title='bbox 3039 5490 3087 5545; x_wconf 90' lang='lat' dir='ltr'>si</span> <span class='ocrx_word' id='word_1_843' title='bbox 3128 5490 3269 5546; x_wconf 89' lang='lat' dir='ltr'>nihil</span> <span class='ocrx_word' id='word_1_844' title='bbox 3293 5492 3524 5546; x_wconf 90' lang='lat' dir='ltr'>omnino</span> <span class='ocrx_word' id='word_1_845' title='bbox 3540 5488 3669 5543; x_wconf 86' lang='lat' dir='ltr'>aliud</span> <span class='ocrx_word' id='word_1_846' title='bbox 3684 5488 3814 5537; x_wconf 78' lang='lat' dir='ltr'>essent</span> 
     </span>
    </p>
   </div>
   <div class='ocr_carea' id='block_1_111' title="bbox 588 5596 3807 5698">
    <p class='ocr_par' dir='ltr' id='par_1_111' title="bbox 588 5596 3807 5698">
     <span class='ocr_line' id='line_1_111' title="bbox 588 5596 3807 5698; baseline -0 -24"><span class='ocrx_word' id='word_1_847' title='bbox 693 5596 1794 5698; x_wconf 39' lang='lat' dir='ltr'>{Tﬁ&#39;ujﬁf’fﬁitffusnerLat‘breviores</span> <span class='ocrx_word' id='word_1_848' title='bbox 1813 5611 1917 5668; x_wconf 84' lang='lat' dir='ltr'>has</span> <span class='ocrx_word' id='word_1_849' title='bbox 1948 5616 2297 5698; x_wconf 72' lang='lat' dir='ltr'>scriptiones</span> <span class='ocrx_word' id='word_1_850' title='bbox 2321 5639 2461 5679; x_wconf 89' lang='lat' dir='ltr'>suas</span> <span class='ocrx_word' id='word_1_851' title='bbox 2477 5640 2581 5697; x_wconf 89' lang='lat' dir='ltr'>per</span> <span class='ocrx_word' id='word_1_852' title='bbox 2609 5623 3028 5698; x_wconf 83' lang='lat' dir='ltr'>hebdomadas,</span> <span class='ocrx_word' id='word_1_853' title='bbox 3060 5627 3214 5684; x_wconf 86' lang='lat' dir='ltr'>sicut</span> <span class='ocrx_word' id='word_1_854' title='bbox 3234 5630 3403 5686; x_wconf 88' lang='lat' dir='ltr'>&#39;t‘itus</span> <span class='ocrx_word' id='word_1_855' title='bbox 3427 5627 3603 5684; x_wconf 81' lang='lat' dir='ltr'>Livius</span> <span class='ocrx_word' id='word_1_856' title='bbox 3621 5620 3807 5679; x_wconf 80' lang='lat' dir='ltr'>divinum</span> 
     </span>
    </p>
   </div>
   <div class='ocr_carea' id='block_1_112' title="bbox 517 5673 2123 5755">
    <p class='ocr_par' dir='ltr' id='par_1_112' title="bbox 517 5673 2123 5755">
     <span class='ocr_line' id='line_1_112' title="bbox 517 5673 2123 5755; baseline 0.016 -35"><span class='ocrx_word' id='word_1_857' title='bbox 517 5681 667 5738; x_wconf 87' lang='lat' dir='ltr'>opus</span> <span class='ocrx_word' id='word_1_858' title='bbox 697 5683 873 5726; x_wconf 87' lang='lat' dir='ltr'>suum</span> <span class='ocrx_word' id='word_1_859' title='bbox 903 5686 1007 5742; x_wconf 92' lang='lat' dir='ltr'>per</span> <span class='ocrx_word' id='word_1_860' title='bbox 1039 5673 1303 5746; x_wconf 87' lang='lat' dir='ltr'>decades,</span> <span class='ocrx_word' id='word_1_861' title='bbox 1331 5677 1651 5737; x_wconf 86' lang='lat' dir='ltr'>Sabellicus</span> <span class='ocrx_word' id='word_1_862' title='bbox 1682 5698 1785 5755; x_wconf 91' lang='lat' dir='ltr'>per</span> <span class='ocrx_word' id='word_1_863' title='bbox 1813 5673 2123 5745; x_wconf 63' lang='lat' dir='ltr'>enneades.</span> 
     </span>
    </p>
   </div>
  </div>
