4046 6180
194 284 336 343 1313
573 278 645 337 IN
686 275 818 333 LIB.
860 264 1201 339 QUOMODO
1242 257 1476 319 SUBST.
1519 252 1722 310 BONrE
1763 248 1910 305 SINT

2020 246 2280 302 )LBERTI
2320 244 2660 302 PORRET/E
2703 238 3235 299 COMMENTARIA.
3473 238 3611 294 1314

196 414 320 473 nisi
344 414 517 477 bona,
541 420 729 476 neque
745 399 965 475 gravia,
987 390 1658 467 nequecolorata,nequo
1677 374 1853 450 spatii
1888 374 1943 440 Α
1972 378 2140 439 sent;
2175 378 2231 425 et
2260 370 2537 440 quoniam
2567 375 2698 423 actu
2733 385 2849 423 non
2896 372 3140 439 potuere
3179 365 3448 431 existere,
3498 362 3613 421 nisi

2092 461 2107 477 ‘
2158 476 2161 477 ⁷
2336 460 2394 477 “³
2430 475 2507 477 ""
2538 475 2551 477 ’
2593 459 2806 477 L‘_‘-‘*
2851 461 2931 477 --‘
2981 455 3353 477 -—-J-__r---a
3402 453 3613 477 :_1_:_-_

199 453 320 473 μω.
345 453 517 477 ww,
545 453 801 476 "uno-
920 453 964 467 ν,
1082 453 1098 467 ,
1452 453 1455 454 ν

199 498 571 559 dimensione
594 488 893 555 distantia,
915 502 1018 540 nec
1050 481 1170 537 ulla
1197 478 1256 533 in
1287 475 1370 532 eis
1401 470 1657 545 qualitas
1678 468 1854 530 esset,
1965 460 2109 515 illud
2144 476 2211 515 eu
2241 460 2397 531 quod
2429 475 2560 513 vere
2593 459 2812 513 bonum
2844 461 2956 518 est,
2981 455 3378 526 produxisset,
3402 453 3617 509 idcirco

201 592 318 647 nisi
349 592 576 643 tantum
602 583 756 637 bona
777 580 994 641 essent,
1021 582 1158 627 tunc
1180 584 1295 623 non
1318 560 1536 628 res,sed
1564 571 1759 613 rerum
1783 554 1859 607 vi-
1968 555 2024 605 et
2044 565 2173 604 esse
2193 565 2393 604 eorum
2420 548 2635 602 bonum
2661 551 2839 613 est,et
2872 562 2985 599 non
3002 550 3090 598 est
3109 542 3302 597 simile
3342 542 3621 597 substan-

204 684 489 737 derentur
522 689 650 729 esse
683 665 1039 743 principium
1078 678 1092 729 ;
1126 675 1231 715 nec
1263 656 1458 728 potius
1503 649 1860 709 viderentur,
1968 638 2095 694 tiali
2126 638 2276 693 bono
2310 638 2368 692 id
2398 637 2550 707 quod
2572 636 2644 689 ab
2666 651 2731 689 eo
2756 633 2923 687 ﬂuxit
2945 649 2956 685 :
2981 638 3038 686 et
3089 632 3198 685 nisi
3249 631 3319 684 ab
3363 645 3429 685 eo
3448 629 3621 685 ﬂuxi-

2085 735 2094 743 .
2153 728 2187 743 ιο
2270 734 2279 743 .
2490 728 2538 743 ιι
2578 742 2587 743 κ
2624 741 2665 743 ν-
2719 723 2984 743 AA__-__:..
3010 720 3241 743 --__-_.l
3280 724 3415 743 ..η-ι
3475 720 3620 743 LA..-

205 720 479 737 υν¹ν⁸⁴¹““
522 720 649 729 νν·”
685 720 843 743 Γ-ητ-
878 720 903 737 ιθ
1080 720 1090 729 ι
1266 720 1279 728 .

205 772 314 827 sed
329 767 649 823 videretur:
672 775 856 813 unum
880 755 1035 809 enim
1057 748 1366 816 solumque
1388 747 1475 797 est
1498 732 1864 808 hujusmodi,
1973 735 2123 798 sent,
2153 728 2288 783 licet
2308 731 2509 783 essent
2528 728 2699 791 bona,
2718 728 2915 777 tamen
2934 723 2989 775 in
3007 720 3241 791 eoquod
3278 724 3440 785 sunt,
3475 720 3628 772 bona

206 858 367 931 quod
401 860 629 910 tantum
666 851 909 908 bonum,
944 840 1219 909 aliudque
1250 833 1395 889 nihil
1427 830 1539 895 sit;
1573 843 1695 897 quae
1728 839 1865 893 quo-

210 955 373 1004 niam
400 960 514 999 non
539 946 679 996 sunt
701 933 1014 1005 simplicia,
1041 945 1144 983 nec
1167 940 1295 980 esse
1313 919 1552 977 omnino
1578 916 1865 987 poterant,

211 1000 334 1093 nisi
358 1032 495 1089 eaid
522 1028 677 1101 quod
710 1000 1137 1080 solumbonum
1162 1018 1269 1080 est,
1292 1026 1419 1065 esse
1446 1004 1747 1061 voluisset.
1773 1000 1869 1055 Id-

213 1137 375 1179 crrco
398 1118 678 1192 quoniam
705 1129 833 1169 esse
854 1124 1056 1166 eorum
1077 1123 1109 1160 a
1129 1101 1266 1159 boni
1289 1098 1584 1155 voluntate
1607 1089 1869 1153 deﬂuxit,

215 1215 377 1269 bona
402 1225 529 1265 esse
553 1206 870 1268 dicuntur;
898 1198 1151 1269 primum
1175 1189 1329 1247 enim
1354 1188 1574 1242 bonum
1607 1177 1873 1251 quoniam

220 1305 336 1367 est,
356 1298 414 1352 in
434 1313 500 1351 eo
528 1292 682 1365 quod
709 1294 818 1359 est,
840 1288 1057 1342 bonum
1083 1285 1171 1336 est
1195 1297 1209 1347 ;
1232 1274 1555 1333 secundum
1599 1284 1731 1323 vero
1772 1266 1872 1320 bo-

226 1404 395 1457 num,
421 1384 698 1457 quoniam
718 1396 786 1435 ex
803 1394 869 1434 eo
888 1373 1055 1430 ﬂuxit
1076 1370 1247 1439 cujus
1270 1368 1464 1438 ipsum
1488 1376 1615 1416 esse
1654 1359 1874 1412 bonum

226 1674 396 1719 num,
430 1660 485 1710 et
515 1651 669 1725 quod
703 1649 919 1704 bonum
954 1642 1069 1695 tale
1101 1642 1212 1700 est,
1239 1640 1303 1687 ut
1333 1637 1483 1687 recte
1515 1628 1765 1689 dicatur,
1818 1622 1876 1674 in

1975 833 2102 873 esse
2126 835 2236 872 non
2260 821 2534 888 possent;
2561 814 2837 884 quoniam
2865 816 2921 865 et
2945 814 3154 881 praeter
3177 810 3395 863 bonum
3421 811 3479 861 et
3509 822 3623 861 non

1977 924 2045 962 ex
2063 908 2214 962 bono
2235 909 2453 971 essent,
2482 920 2615 958 cum
2642 901 2782 955 illud
2813 900 3005 971 ipsum
3032 899 3248 952 bonum
3277 897 3529 967 primum
3572 898 3631 949 et

1978 996 2173 1067 ipsum
2200 1011 2329 1050 esse
2353 994 2448 1059 sit,
2470 998 2525 1047 et
2550 992 2742 1062 ipsum
2771 991 3009 1053 bonum,
3038 992 3093 1041 et
3133 987 3327 1057 ipsum
3366 1000 3493 1039 esse
3526 983 3626 1037 bo-

1981 1102 2144 1140 num.
2164 1090 2442 1139 Atnonne
2459 1082 2630 1137 etiam
2646 1078 2795 1146 alba,
2816 1079 2873 1131 in
2890 1094 2955 1132 eo
2972 1076 3125 1147 quod
3143 1080 3303 1139 sunt,
3348 1074 3478 1127 alba
3502 1085 3632 1126 esse

1983 1174 2277 1245 Oportebit
2309 1188 2375 1226 ea
2406 1187 2532 1241 quae
2566 1168 2696 1224 alba
2729 1171 2890 1231 sunt,
2922 1164 3202 1235 quoniam
3235 1179 3301 1217 ex
3332 1160 3633 1215 voluntate

1984 1263 2081 1319 Dei
2118 1262 2432 1326 ﬂuxerunt,
2468 1265 2533 1313 ut
2563 1261 2762 1313 essent
2792 1254 2966 1310 alba?
3013 1252 3266 1307 minime.
3316 1249 3487 1305 Aliud
3547 1252 3637 1304 est

1987 1353 2143 1407 enim
2174 1367 2324 1413 esse,
2355 1355 2410 1405 et
2441 1348 2598 1403 aliud
2633 1346 2765 1400 alba
2797 1360 2962 1399 esse:
2996 1344 3103 1397 hoc
3150 1341 3302 1406 ideo,
3354 1338 3635 1411 quoniam

1989 1443 2087 1515 qui
2112 1458 2177 1495 ea
2202 1446 2267 1495 ut
2283 1443 2483 1494 essent
2524 1436 2725 1502 efﬁcit,
2759 1436 2951 1489 bonus
2984 1431 3218 1502 quidem
3254 1433 3364 1496 est,
3396 1427 3638 1482 minime

1988 1548 2120 1587 vero
2153 1529 2342 1584 albus.
2378 1524 2745 1581 Voluntatem
2779 1522 2959 1593 igitur
2991 1520 3123 1575 boni
3160 1518 3436 1574 comitata
3474 1518 3636 1585 sunt,

1990 1626 2053 1675 ut
2076 1625 2270 1675 essent
2298 1619 2470 1681 bona,
2502 1615 2559 1668 in
2595 1630 2660 1667 eo
2695 1613 2846 1682 quod
2882 1614 3055 1674 sunt;
3106 1607 3463 1662 voluntatem
3497 1622 3632 1660 vero

229 1696 396 1719 .......,
431 1696 485 1710 υ.
516 1696 669 1725 ην..
706 1696 915 1704 --κ-,η
1202 1696 1209 1700 γ

229 1762 301 1801 eo
332 1742 485 1815 quod
520 1745 624 1807 est,
657 1752 785 1792 esse
817 1734 1057 1787 bonum.
1096 1730 1292 1797 Ipsum
1325 1720 1505 1791 igitur
1525 1731 1653 1772 esse
1674 1727 1877 1768 eorum
1913 1738 1960 1801 Β
1990 1726 2104 1764 non
2133 1707 2244 1761 albi
2274 1723 2386 1760 non
2412 1708 2549 1757 sunt
2572 1701 2869 1763 comitata,
2896 1705 2961 1752 ut
2981 1696 3116 1751 talis
3138 1698 3263 1764 ejus
3304 1700 3461 1748 esset
3502 1710 3638 1762 pro-

1359 1813 1371 1815 _
1588 1812 1595 1815 .
2069 1797 2135 1815 9-.
2191 1813 2206 1815 _
2260 1800 2316 1815 -4
2348 1799 2490 1815 ---,ι
2518 1791 2711 1815 -ιι.....ν.
2742 1790 2796 1815 ε..
2826 1804 2887 1815 ,ιη
2914 1786 3064 1815 aut”!
3089 1790 3171 1815 ,ιρι
3197 1804 3209 1815 .
3261 1798 3450 1815 ποηηο
3481 1781 3634 1815 ,πίω

231 1837 452 1891 bonum
489 1837 621 1897 est;
653 1834 793 1882 tunc
820 1823 998 1887 enim,
1033 1819 1091 1872 in
1126 1833 1189 1871 eo
1223 1813 1376 1884 quod
1408 1812 1626 1871 essent,
1660 1820 1775 1857 non
1794 1816 1883 1857 es-

234 1929 370 1979 sent
402 1922 574 1984 bona,
610 1916 659 1971 si
692 1932 722 1969 a
756 1911 943 1984 primo
990 1908 1141 1961 bono
1192 1902 1433 1956 minime
1482 1892 1884 1951 deﬂuxissent.

313 2013 439 2076 Qua
468 2010 524 2062 in
559 2023 619 2061 re
650 2003 843 2059 soluta
873 1996 1117 2071 quaestio
1148 1999 1270 2047 est:
1303 1987 1520 2042 idcirco
1550 1982 1701 2037 enim
1756 1979 1891 2033 licet

242 2104 305 2157 in
338 2117 402 2156 eo
427 2098 580 2170 quod
602 2097 762 2159 sunt,
785 2092 937 2146 bona
959 2089 1119 2149 sunt,
1149 2097 1263 2135 non
1287 2081 1424 2134 sunt
1445 2080 1632 2129 tamen
1677 2067 1889 2124 similia

243 2191 436 2263 primo
470 2189 661 2243 bono:
695 2178 973 2253 quoniam
1008 2190 1122 2228 non
1156 2182 1387 2239 quoquo
1419 2163 1591 2218 modo
1614 2161 1736 2214 sint
1778 2172 1891 2223 res,

242 2282 441 2352 ipsum
468 2294 591 2333 esse
610 2286 809 2329 earum
834 2269 1052 2322 bonum
1075 2265 1164 2315 est
1187 2278 1201 2326 ;
1226 2258 1325 2313 sed
1352 2253 1629 2325 quoniam
1654 2264 1765 2302 non
1794 2262 1893 2317 po-

244 2374 364 2425 test
388 2364 722 2435 esseipsum
738 2373 868 2413 esse
888 2347 1226 2417 rerum,nisi
1250 2343 1479 2415 aprimo
1492 2353 1621 2394 esse
1641 2334 1898 2390 deﬂuxe-

248 2459 348 2525 rit,
380 2456 437 2510 id
470 2458 558 2510 est
588 2469 617 2506 a
650 2452 799 2505 bono
826 2462 839 2501 :
874 2443 1089 2497 idcirco
1120 2438 1312 2508 ipsum
1345 2446 1474 2486 esse
1518 2429 1733 2482 bonum
1786 2427 1897 2485 est,

254 2516 445 2619 neque
466 2549 554 2598 est
584 2538 775 2597 simile
807 2535 855 2591 ei
890 2552 921 2589 a
946 2546 1062 2602 quo
1093 2531 1201 2583 est.
1255 2521 1402 2577 Illud
1459 2516 1613 2573 enim
1669 2526 1899 2582 quoquo

264 2598 438 2619 "'1"
965 2598 983 2602 .-

264 2638 438 2691 modo
455 2635 531 2687 sit
550 2633 766 2686 bonum
785 2616 1215 2691 est,ineoqund
1252 2618 1371 2677 est;
1405 2624 1519 2663 non
1553 2603 1705 2659 enim
1741 2598 1899 2654 aliud

258 2730 350 2780 est
374 2728 755 2795 praeterquam
780 2689 993 2769 bonum
1024 2726 1036 2773 ;
1060 2708 1168 2760 hoc
1192 2707 1411 2763 autem,
1438 2695 1549 2749 nisi
1593 2689 1789 2746 abillo
1821 2704 1906 2742 es-

264 2819 375 2881 set,
401 2815 617 2868 bonum
644 2808 885 2861 fortasse
905 2814 1033 2855 esse
1056 2795 1254 2867 posset
1282 2807 1296 2857 ;
1321 2788 1418 2843 sed
1454 2786 1693 2844 bonum,
1745 2779 1803 2831 in
1839 2791 1904 2831 eo

268 2903 423 2975 quod
458 2905 569 2965 est,
602 2910 731 2952 esse
763 2908 878 2947 non
910 2889 1125 2959 posset.
1157 2882 1320 2935 Tunc
1350 2875 1506 2931 enim
1536 2867 1907 2942 participaret

264 2992 506 3048 forsitan
534 2988 684 3041 bono
710 3000 724 3050 ;
746 2982 941 3052 ipsum
971 2990 1103 3029 vero
1138 2985 1265 3026 esse
1296 2964 1449 3038 quod
1482 2977 1595 3016 non
1630 2957 1908 3012 haberent

256 3044 488 3144 avbouo,
512 3044 729 3132 bonum
754 3044 967 3124 habere
986 3079 1101 3118 non
1121 3061 1376 3129 possent.
1396 3046 1821 3125 lgitursublato
1835 3044 1905 3099 ab

1996 1797 2231 1868 prietes,
2259 1800 2320 1848 ut
2342 1799 2495 1847 esset
2517 1791 2713 1845 album
2742 1790 2800 1842 in
2825 1804 2889 1841 eo
2913 1786 3066 1856 quod
3088 1790 3175 1838 est
3197 1804 3211 1849 τ,
3261 1798 3451 1853 neque
3481 1781 3638 1836 enim

1997 1902 2063 1941 ex
2078 1885 2189 1939 albi
2211 1880 2915 1937 voluntatedeﬂuxerunt.
2933 1875 3131 1943 Itaque
3150 1872 3287 1942 quia
3307 1868 3493 1925 voluit
3516 1883 3645 1924 esse

1999 1991 2067 2030 ea
2088 1973 2241 2037 alba,
2264 1971 2364 2042 qui
2389 1986 2502 2024 non
2526 1972 2649 2023 erat
2674 1965 2864 2033 albus,
2887 1962 3173 2018 suntalba
3213 1966 3439 2014 tantum
3467 1976 3482 2026 ;
3507 1957 3646 2030 quia

1999 2080 2132 2119 vero
2157 2061 2342 2117 voluit
2362 2075 2426 2112 ea
2449 2072 2577 2111 esse
2599 2057 2768 2120 bona,
2794 2052 2893 2122 qui
2913 2057 3038 2105 erat
3054 2048 3266 2114 bonus,
3308 2055 3450 2101 sunt
3468 2047 3645 2116 bona,

2003 2155 2059 2207 in
2092 2168 2157 2207 eo
2193 2150 2345 2221 quod
2382 2151 2541 2201 sunt.
2576 2141 2910 2199 Secundum
2943 2138 3095 2193 hanc
3126 2136 3309 2208 igitur
3339 2135 3646 2203 rationem,

2005 2244 2219 2297 cuncta
2248 2240 2476 2308 oportet
2506 2248 2633 2288 esse
2656 2231 2842 2301 justa,
2876 2226 3149 2298 quoniam
3178 2223 3518 2295 ipsejustus
3538 2227 3647 2289 est,

2007 2328 2194 2401 quiea
2214 2321 2655 2381 essevoluit.Ne
2671 2317 3202 2389 hocquidem,nam
3248 2313 3467 2367 bonum
3498 2326 3650 2377 esse,

2008 2414 2594 2483 essentiam,justum
2628 2423 2760 2462 vero
2791 2421 2939 2469 esse,
2973 2410 3167 2459 actum
3202 2400 3469 2469 respicit:
3494 2400 3649 2453 idem

2010 2514 2202 2563 autem
2230 2509 2315 2559 est
2346 2504 2403 2555 in
2439 2518 2504 2555 eo
2534 2514 2683 2566 esse,
2716 2495 2869 2567 quod
2906 2508 3072 2563 agere
3099 2534 3112 2557 ,
3143 2491 3299 2544 idem
3334 2488 3517 2559 igitur
3563 2488 3657 2542 bo-

2013 2613 2152 2652 num
2180 2609 2306 2648 esse
2326 2590 2476 2661 quod
2500 2580 2944 2658 justum.Nobis
2967 2596 3098 2635 vero
3115 2596 3227 2633 non
3243 2583 3333 2633 est
3355 2578 3509 2631 idem
3529 2590 3659 2631 esse

2012 2684 2164 2751 quod
2199 2695 2390 2751 agere,
2426 2692 2539 2731 non
2563 2675 2719 2729 enim
2771 2670 3069 2741 simplices
3110 2683 3355 2723 sumus:
3408 2681 3521 2720 non
3573 2671 3662 2719 est

2013 2772 2191 2842 igitur
2214 2768 2382 2822 nobis
2405 2764 2559 2818 idem
2585 2762 2752 2815 bonis
2769 2775 2919 2825 esse,
2944 2757 3099 2827 quod
3118 2754 3303 2826 jnstis
3331 2774 3344 2821 ;
3369 2753 3471 2808 sed
3505 2753 3660 2807 idem

2015 2860 2184 2914 nobis
2216 2862 2320 2924 est,
2355 2869 2480 2909 esse
2512 2850 2786 2906 omnibus
2816 2846 3004 2914 bonis,
3034 2844 3090 2898 in
3121 2860 3187 2898 eo
3219 2843 3371 2913 quod
3426 2856 3660 2897 sumus.

2018 2950 2176 3004 Bona
2206 2946 2385 3017 igitur
2414 2940 2606 2998 omnia
2635 2942 2792 3005 sunt,
2826 2952 2942 2990 non
2974 2933 3147 2988 etiam
3168 2933 3370 3003 justa:
3403 2927 3660 3000 amplius

2022 3039 2241 3093 bonum
2273 3033 2511 3105 quidem
2546 3026 2816 3100 generale
2843 3029 2951 3092 est,
2979 3024 3202 3093 justum
3227 3035 3360 3074 vero
3384 3018 3660 3088 speciale,

259 3100 291 3138 Ε
317 3097 488 3144 nouo,
516 3097 729 3132 Donum
756 3097 967 3124 unuow
988 3097 1101 3118 uuu
1124 3097 1376 3129 ,λυ-νυνι...
1396 3097 1563 3125 .υ.-...
1588 3097 1780 3103 ____--,
1799 3097 1811 3099 -
1843 3097 1850 3099 _
2290 3097 2310 3105 _
2551 3097 2574 3100 v

259 3171 353 3225 his
369 3166 554 3240 primo
571 3160 925 3218 bonomente
944 3142 1518 3221 etcogitatione,ista
1546 3139 1679 3193 licet
1710 3135 1909 3189 essent
1939 3097 1982 3164 θ
2023 3142 2125 3181 nec
2158 3124 2380 3196 species
2414 3118 2715 3174 descendit
2746 3116 2802 3168 in
2836 3112 3057 3168 omnia.
3107 3110 3323 3165 Idcirco
3372 3107 3488 3162 alia
3532 3105 3664 3176 qui-

1303 3234 1314 3240 ·
1778 3239 1798 3240 η
1824 3237 1876 3240 --
2027 3218 2152 3240 in»
2180 3214 2332 3240 ειη-ι.-
2395 3208 2502 3240 nun
2539 3204 2691 3240 olim-1
2718 3221 2730 3233 ο
2766 3202 2959 3240 nmnin
2996 3214 3130 3240 unm
3160 3198 3331 3240 hnnn-

260 3261 436 3323 bona,
460 3259 678 3319 tamen,
702 3249 761 3303 in
786 3261 852 3301 eo
875 3240 1031 3314 quod
1051 3240 1271 3304 essent,
1303 3234 1457 3288 bona
1476 3242 1604 3284 esse
1628 3240 1742 3279 non
1775 3237 1911 3293 pos-

2024 3214 2360 3286 demjusta,
2394 3208 2508 3264 alia
2537 3204 2731 3261 aliud:
2766 3202 2964 3257 omnia
2996 3214 3130 3254 vero
3160 3198 3332 3252 bona.

272 3353 3624 3430 __________________________.________—.————-———

1116 3516 1556 3587 GILBERTI
1597 3504 2065 3574 PORRETE
2108 3492 2808 3564 COMMENTARIA

996 3694 1084 3754 IN
1134 3686 1434 3749 LIBRUM
1478 3676 1867 3749 QUOMODO
1908 3664 2426 3733 SUBSTANTl/E
2464 3658 2695 3722 BON/E
2740 3654 2941 3717 SINT.

339 4013 490 4077 Quod
526 4012 707 4063 Graece
734 3999 1053 4082 φιλοσοφία,
1089 3995 1271 4048 Latine
1315 4003 1464 4041 amor
1493 3982 1773 4049 sapientia:
1840 3978 1920 4029 di-

275 4062 446 4152 citur,
484 4062 645 4157 cujus
703 4062 916 4152 quidem
951 4062 1081 4157 tota
1116 4075 1325 4157 species
1374 4066 1726 4157 philosopLhis,
1756 4062 1809 4157 id
1844 4063 1926 4109 est

280 4137 919 4223 ams't‘oribns‘sapientim
953 4137 1269 4223 placetgsed
1308 4155 1417 4191 non
1475 4137 1697 4188 cuilibet
1742 4137 1924 4223 .tjotam

282 4204 611 4290 Eliges}:
632 4204 1112 4282 Atiendunt'enim
1146 4222 1198 4267 in
1235 4216 1351 4290 ipso
1399 4225 1504 4275 quo
1563 4212 1706 4290 sunt,
1740 4204 1792 4253 id
1848 4207 1929 4284 est

281 4310 560 4362 hominum
595 4317 808 4370 genere.
842 4296 1126 4363 plurimos,
1168 4274 1271 4355 qui
1296 4274 1549 4347 tanquam
1601 4282 1756 4328 bruta
1814 4274 1927 4325 ani-

1156 4368 1162 4370 λ
1234 4358 1244 4369 '
1379 4358 1420 4370 ’ν
1473 4352 1707 4370 ιε---ι---
1767 4347 1899 4370 aut-

283 4383 442 4433 malis
469 4347 759 4430 seseototos
788 4347 1037 4421 sensibus
1082 4347 1201 4413 aut-
1233 4352 1708 4417 imaginationibus
1764 4347 1926 4433 dede;

286 4415 442 4433 usus":
469 4415 584 4430 υνσυ
622 4415 758 4427 ’νυν-ν
789 4415 962 4421 -----..
983 4415 1005 4416 η

286 4463 411 4505 runt
442 4466 456 4511 ;
491 4450 688 4500 multos
717 4458 842 4494 vero
874 4439 966 4504 qui
999 4436 1173 4501 primo
1203 4415 1354 4493 quasi
1385 4423 1606 4474 rationis
1654 4424 1801 4468 motu
1860 4415 1926 4464 ad

1104 4507 1114 4511 -
1248 4500 1259 4510 ⁸
1342 4500 1374 4511 ι*
1434 4509 1510 4511 ei-
1572 4491 1769 4511 --..-:..:
1836 4487 1899 4511 ΔΑ

286 4487 411 4505 qu-
492 4487 688 4500 ιιι-ιυιννν
730 4487 835 4494 .--ν
921 4487 962 4488 γη
1003 4487 1015 4501 ι
1221 4487 1233 4493 -

286 4541 349 4576 ea
375 4489 493 4589 qu'aa
530 4524 723 4583 praeter
753 4487 944 4565 sensus
997 4513 1048 4558 et
1104 4500 1515 4554 imauinationes
1565 4491 1771 4552 concipi
1834 4487 1927 4535 de-

857 4584 914 4589 -ῌ
1203 4567 1469 4589 ‘1‘“‘L:
1527 4564 1745 4589 Αωνιῖηη
1798 4572 1927 4589 ann-

286 4564 823 4652 SZni:'EoBie"d&aat.
857 4584 981 4632 Illos
1012 4592 1139 4641 ergo
1167 4567 1472 4652 philosophi
1524 4564 1745 4652 omnino
1798 4572 1928 4641 con:

287 4631 437 4652 "VI-lt.
469 4631 822 4643 vvucu....__--
862 4631 915 4632 νη
939 4631 944 4632 .
1074 4631 1104 4641 υ
1171 4631 1183 4639 ⁸
1386 4631 1397 4632 7

287 4670 575 4724 temnunt;
608 4664 707 4711 hos
741 4663 919 4708 autem
952 4649 1276 4718 quibusdam
1308 4639 1608 4694 elementis,
1667 4641 1721 4684 et
1780 4631 1930 4695 quasi

1059 4723 1063 4724 ν
1202 4720 1212 4724 -
1541 4711 1574 4724 ι·
1638 4714 1675 4724 γι
1788 4711 1828 4724 ,ι
1877 4706 1927 4724 L:

286 4740 510 4790 nutibus
541 4706 869 4787 exteriorum
928 4706 1385 4790 signiﬁcationum
1428 4711 1725 4762 erudiunt:
1781 4711 1834 4756 et
1877 4706 1929 4753 hi

286 4776 502 4878 quidem
535 4776 1335 4878 hac'disci—phus,“quaaGraace.
1386 4784 1616 4878 dicitgr,I
1637 4778 1843 4859 axohﬁ,
1868 4776 1934 4825 si-

288 4854 726 4945 Rides—tionibus
755 4854 986 4945 acceptis
1020 4854 1142 4915 tari
1202 4859 1457 4926 gestiunt.
1517 4854 1624 4933 Sed
1677 4854 1931 4916 quoniam

290 4923 722 4945 nu-"v---v--~—-
760 4923 783 4925 νὴ
887 4923 896 4933 .
1207 4923 1227 4926 γ

290 4954 346 5004 id
381 4957 579 5019 praeter
609 4947 819 4999 dicendi
864 4942 1099 4992 rationes
1150 4935 1376 4985 tentant,
1432 4940 1572 4988 saepe
1612 4923 1666 4972 in
1726 4933 1935 4970 errores

985 5010 994 5019 ³
1258 5017 1269 5019 -
1314 5004 1398 5019 ‘ul
1458 4994 1763 5019 ἐκηλ--ο..ηοη
1846 4993 1933 5019 «λιιι

289 4993 567 5083 labiintur,
599 5033 739 5082 saepe
771 5019 949 5066 autem
983 5010 1281 5066 incongrua
1311 5004 1403 5049 aut
1458 4994 1786 5059 imperfecta,
1844 4993 1937 5039 aut

1127 5076 1156 5083 ..
1223 5075 1253 5083 ..
1344 5075 1353 5083 ,
1413 5070 1447 5083 η
1634 5082 1637 5083 ν
1710 5064 1913 5083 ,η’-ω

289 5064 755 5157 SBLZFQBHnEZBu
776 5064 1026 5137 woratione
1058 5064 1378 5157 bal'butiunt.
1398 5070 1646 5157 pilorum
1708 5064 1933 5157 aliquas,

290 5133 755 5229 :Znggiige'nii'é
781 5133 981 5219 torpor,
1008 5150 1117 5229 vel.
1137 5143 1339 5207 ingenii
1369 5137 1686 5229 .hebaetudo,
1736 5135 1789 5183 in
1843 5133 1935 5229 his

289 5204 916 5303 quibusbcgnsueverunt
954 5204 1278 5275 exteriorum
1340 5208 1791 5273 είέηῖθοελὶίουυω
1841 5204 1937 5252 de"

871 5300 903 5303 _-
1206 5288 1218 5303 ι
1274 5296 1441 5303 ----.ν.
1504 5291 1679 5303 ..ιι-..Μ
1746 5275 1935 5303 animiin-

290 5275 469 5359 tinent
498 5304 794 5356 elementis.
828 5300 971 5349 Alios
1004 5306 1127 5341 vero
1158 5288 1220 5337 ad
1274 5296 1446 5359 ipsam
1504 5291 1681 5327 rerum
1746 5275 1935 5322 verita-

294 5386 418 5437 tem,
453 5392 611 5442 quam
643 5377 784 5424 ultra
810 5365 1224 5434 signiﬁcationes
1284 5350 1480 5405 mentis
1529 5352 1666 5398 acies
1725 5350 1937 5395 natura-

1052 5436 1080 5442 ._
1129 5432 1159 5442 ,ι
1356 5424 1513 5442 9):.--
1578 5418 1772 5442 ι-..ι.;ι.
1843 5418 1937 5442 ιιι...

959 5432 1192 5510 veritatis
1247 5424 1514 5510 cupiditas
1578 5418 1772 5497 trahit:
1825 5418 1940 5510 .208

293 5536 509 5587 quoque
569 5487 875 5581 p'hilJOSOphI
930 5503 1166 5573 propriis
1219 5487 1427 5559 sibique
1493 5487 1941 5542 convenientibus

887 5583 923 5587 ·-
1072 5578 1084 5587 ·
1146 5576 1157 5587 ·
1216 5576 1229 5587 ι
1277 5586 1289 5587 κ
1355 5568 1470 5587 1η--
1546 5563 1746 5587 ;.η...ηη
1780 5564 1825 5587 ne
1861 5563 1941 5587 1ης»

296 5563 506 5646 Sidonii-sv
541 5563 832 5640 destinauit.
887 5563 1014 5629 Nam
1039 5563 1294 5624 'hebetes
1355 5568 1490 5623 illos,
1546 5563 1747 5613 inculto
1780 5564 1832 5607 et
1860 5563 1941 5618 (ut

296 5668 368 5717 ita
431 5665 659 5723 dicatur)
712 5658 983 5709 rusticano
1047 5658 1314 5703 sermone,
1368 5654 1474 5703 quo
1532 5649 1724 5684 sensus
1774 5631 1942 5691 magis

294 5752 456 5803 quam
520 5710 801 5787 evolvatur
861 5724 1182 5783 involvitur,
1224 5726 1437 5776 semper
1489 5710 1733 5803 lab'orare
1821 5715 1937 5764 per-

1266 5780 1507 5803 κμεμηιιμ
1589 5788 1786 5803 ιι--ηηνι
1845 5773 1937 5803 im.

294 5811 518 5863 mittunt
548 5823 562 5859 :

621 5800 971 5870 spectabilem
1026 5773 1180 5842 vero.
1228 5773 1509 5849 sapientia
1565 5778 1788 5829 formam
1845 5773 1945 5821 illis

2032 3983 2376 4035 nequaquam
2412 3978 2682 4029 exponere
2716 3962 3065 4035 prostituunt.
3096 3958 3241 4009 Alios
3284 3972 3412 4009 vero
3470 3957 3534 4007 ad
3594 3956 3675 4019 ip-

2033 4029 2144 4093 sam
2176 4029 2461 4105 quamdam
2504 4050 2623 4099 quae
2660 4037 2883 4081 vocatur
2916 4030 3189 4080 rationum
3248 4030 3333 4079 via
3389 4029 3628 4090 dirigunt
3661 4041 3675 4076 :

2035 4127 2145 4165 non
2192 4100 2380 4162 tamen
2445 4108 2509 4157 ad
2568 4120 2685 4155 eam
2744 4117 2896 4166 seque
2926 4116 3113 4152 omnes
3157 4102 3460 4150 admittunt.
3496 4100 3680 4147 Plures

2035 4187 2177 4235 enim
2201 4178 2600 4235 communibus,
2628 4181 2681 4225 et
2730 4189 2851 4238 quae
2900 4175 3150 4223 omnibus
3207 4176 3345 4220 notas
3409 4174 3537 4218 sunt
3594 4183 3677 4217 ra-

2035 4257 2291 4315 tionibus,
2323 4258 2578 4313 tanquam
2611 4248 2824 4311 publica
2884 4247 2968 4293 via
3019 4247 3317 4299 currentes,
3376 4242 3440 4291 ad
3487 4238 3676 4302 imagi-

2036 4342 2160 4377 nem
2220 4326 2358 4388 ejns,
2409 4336 2528 4385 quae
2586 4320 2640 4368 in
2705 4316 3027 4367 naturalium
3083 4314 3519 4364 concretionibus
3547 4325 3684 4374 quo-

2043 4382 2353 4447 dammodo
2385 4382 2751 4445 adumbratur,
2803 4389 3096 4437 adducunt.
3160 4384 3358 4434 Multos
3409 4396 3538 4432 vero
3601 4382 3685 4432 his

1963 4477 2008 4540 D
2040 4470 2361 4540 naturalium
2394 4462 2626 4522 speculis
2649 4466 2906 4511 assuetos.
2940 4458 3005 4507 ad
3039 4472 3101 4506 ea
3146 4471 3267 4519 quis
3297 4471 3328 4505 a
3389 4456 3684 4503 concretio-

2041 4543 2196 4590 nibus
2228 4538 2384 4587 altior
2415 4535 2715 4596 disciplina,
2759 4546 2878 4593 quae
2926 4531 3105 4578 Graece
3164 4527 3363 4577 dicitur
3427 4523 3662 4597 μάθησις

2041 4566 2196 4590 utuue
2228 4566 2375 4587 αιιιυι
2415 4566 2715 4596 ulunpuuu,
2759 4566 2878 4593 quw
2928 4566 3105 4578 νιυυνν
3165 4566 3355 4577 una"...
3469 4566 3500 4578 ..,
3544 4566 3631 4578 ..η

2040 4608 2319 4662 abstrahit.
2355 4610 2547 4655 vocant
2579 4619 2591 4653 :
2626 4610 2683 4652 ut
2712 4604 2781 4651 ibi
2819 4605 3066 4651 naturam
3099 4613 3275 4648 rerum
3325 4603 3379 4648 et
3427 4566 3684 4661 Sro'p‘rie‘:

2043 4690 2228 4738 tatem,
2261 4694 2322 4729 ac
2351 4692 2442 4740 per
2476 4677 2577 4725 hoc
2607 4676 2883 4738 sapientiae
2928 4673 3177 4736 speciem,
3210 4684 3329 4733 quin
3389 4671 3444 4719 in
3505 4669 3687 4730 huius-

2042 4756 2185 4807 modi
2218 4754 2386 4813 magis
2409 4749 2644 4808 resultat,
2704 4746 2890 4810 purius
2948 4743 3425 4806 comprehendant.
3480 4742 3687 4790 Paucos

2042 4841 2168 4877 vero
2200 4838 2335 4887 quos
2369 4823 2656 4871 intentiore
2687 4819 2865 4868 studio
2894 4818 3080 4867 vident
3136 4818 3385 4871 attentos,
3438 4816 3492 4863 et
3537 4826 3689 4860 men-

2043 4900 2253 4950 tissacie
2282 4894 2721 4958 perspicaciores,
2755 4905 2853 4939 nec
2881 4895 2987 4939 tam
3049 4887 3221 4938 laudis
3275 4886 3506 4949 propriis
3556 4884 3687 4933 levi-

2044 4977 2153 5022 tate
2212 4968 2455 5021 subvehi,
2514 4979 2675 5029 quam
2728 4963 2966 5012 veritatis
3024 4960 3191 5024 ipsius
3247 4959 3425 5022 specie
3510 4958 3688 5012 trahit,

2044 5058 2169 5093 vere
2229 5042 2420 5104 dignos
2476 5037 2672 5101 quibus
2720 5035 3000 5097 sapientiae
3037 5030 3272 5093 dignitas
3303 5034 3572 5085 exeratur,
3634 5029 3691 5077 in

2045 5097 2314 5182 quoddam
2371 5097 2523 5171 quasi
2581 5107 2930 5182 diversorium
2995 5113 3144 5152 extra
3200 5103 3467 5163 publicam
3523 5097 3693 5147 ratio-

2046 5191 2247 5241 nalium
2309 5185 2468 5237 viam,
2502 5184 2553 5229 et
2609 5177 2937 5248 θεωρήματα
2974 5188 3089 5223 sive
3127 5173 3426 5243 ἀξιώματα,
3459 5171 3561 5219 hoc
3614 5173 3695 5218 est

2047 5267 2441 5335 speculationes
2497 5260 2631 5335 sive.
2666 5259 2949 5335 dignitates
3001 5252 3431 5315 disciplinalium,
3469 5250 3694 5299 ducunt.

2048 5320 2148 5394 [ibi
2199 5338 2431 5403 quodam
2485 5329 2635 5394 quasi
2692 5320 2815 5403 sinu
2875 5329 3083 5380 secreti.
3160 5322 3437 5385 sapientiai
3522 5320 3695 5381 ipsius

2050 5392 2336 5477 quamdam
2387 5392 2516 5477 prte—
2569 5400 2775 5477 caeteris
2830 5398 3149 5477 dignitatem
3213 5394 3321 5442 illis
3378 5392 3692 5442 ostendunt.

2050 5462 2201 5531 iisne
2236 5462 2399 5537 igitur
2428 5475 2503 5522 illi
2539 5472 2687 5534 pauci
2719 5484 2781 5519 ea
2828 5470 2879 5517 iu
2940 5469 3137 5517 mentis
3193 5467 3304 5513 acie
3361 5478 3481 5527 quae
3542 5462 3697 5512 intel-

2051 5555 2218 5603 lectus
2252 5552 2491 5605 vocatur,
2522 5545 2612 5592 diu
2643 5542 2979 5601 multumque
3015 5538 3071 5586 in
3119 5537 3263 5585 omni
3298 5550 3476 5585 rerum
3526 5548 3695 5596 gene-

2051 5640 2124 5681 re,
2155 5619 2407 5670 videlicet
2438 5623 2490 5665 et
2517 5616 2572 5662 iu
2609 5610 2964 5663 naturalibus,
3000 5615 3053 5658 et
3089 5610 3142 5657 iu
3178 5608 3585 5661 mathematicis,
3646 5610 3699 5653 et

2050 5695 2278 5744 maxime
2312 5690 2367 5738 in
2400 5686 2715 5746 theologicis
2746 5682 3039 5737 intuentes,
3072 5682 3341 5729 mirantur
3370 5678 3486 5742 ejus
3532 5678 3696 5727 ratio-

2050 5782 2146 5819 nes
2173 5767 2237 5817 ab
2270 5762 2494 5813 aliorum
2530 5755 2828 5806 rationibus
2859 5767 2975 5804 esse
3022 5752 3280 5810 diversas,
3341 5764 3442 5801 nec
3500 5750 3693 5813 quibus
