4030 6186
494 246 630 301 1315

496 371 752 437 explicari
804 370 1048 433 possunt,
1099 365 1352 437 cognatos
1411 374 1531 437 esse.
1586 369 1896 437 sermones;
1934 428 1943 437 .
1978 365 2104 437 ervi.

494 424 714 508 qu‘ando
745 424 1091 504 proportione
1123 434 1349 484 rationis
1378 430 1601 508 alicujus
1632 429 1693 477 ad
1733 442 1848 508 eam
1899 428 1963 508 ab
2021 424 2137 508 aliis

496 500 790 577 contingat,
823 500 931 563 imo
984 521 1201 559 necesse
1262 507 1330 554 sit
1360 503 1521 552 verba
1576 502 1857 577 transumi,
1913 500 2131 577 inextri-

495 571 1012 637 cabilesVadmodum
1071 578 1400 643 quaestiones
1458 578 1731 637 praestare.
1794 571 2140 643 Hmcdgitur

497 664 625 708 sunt
679 656 955 718 sapientiae
1006 654 1057 700 in
1088 640 1339 710 'qualibet
1401 645 1669 696 facultate.
1705 644 1793 691 sed
1828 640 2051 718 maxime
2083 644 2137 718 in

497 714 806 791 theologiga
865 725 1046 788 paucis
1106 727 1232 771 nota
1290 722 1510 791 secreta.
1542 729 1769 791 quorum
1824 715 1949 777 quia
1975 714 2140 791 gloria

498 784 771 863 dignitatis
819 784 1149 845 summorum
1212 792 1373 841 etiam
1449 786 1888 863 philosophorum
1940 784 2141 863 _trab.it

498 859 922 924 admirationem,
957 868 1022 915 ab
1080 864 1210 928 ipsis
1240 859 1516 935 παράδοξα
1541 862 1798 935 vocantur
1828 872 1860 935 _:_
1902 859 1955 935 et
2016 859 2139 935 quia

499 948 758 1007 praestant
809 940 1154 1007 quaestiones,
1206 928 1422 1004 quando
1464 931 1738 987 translatis
1804 928 2139 1007 dictionibus

497 1000 1257 1084 preponuntur.ép6).1§pata
1289 1011 1369 1060 vel
1392 1008 1769 1077 ἐνθυμήματα,
1804 1000 2009 1084 hnc‘eSl
2026 1013 2139 1084 PFO-

494 1098 808 1159 positiones,
848 1081 1125 1145 dicuntur.
1179 1094 1437 1150 Quoniam
1496 1104 1622 1139 vero
1677 1086 1793 1159 hie“:
1844 1081 1999 1159 altior
2038 1082 2138 1159 _in-

492 1148 806 1231 telligentia'
835 1164 1065 1229 percipit
1114 1148 1214 1226 per
1266 1162 1638 1212 excellentiam
1684 1148 2000 1224 ἑϐδομάδες,
2038 1153 2139 1201 hoc

492 1251 574 1296 est
603 1246 1001 1309 conceptiones,
1034 1242 1388 1292 nominantur
1420 1256 1430 1289 :
1465 1242 1650 1302 utique
1699 1236 1855 1296 longe
1912 1233 2138 1309 diversa

495 1318 560 1367 ab
590 1317 692 1366 illis
721 1307 1171 1378 conceptionibus
1220 1328 1338 1375 qua:
1396 1311 1752 1381 ἐνθυμήματα
1782 1307 2135 1384 appellantur.

493 1388 585 1437 Est
614 1389 753 1437 enim
804 1388 1033 1450 quodam
1092 1386 1575 1443 argumentationis
1636 1394 1823 1445 genus,
1881 1387 2136 1441 quoniam

496 1466 622 1509 ante
676 1460 1075 1509 conclusionem
1139 1455 1302 1537 λᾲγος
1335 1471 1451 1537 cum
1488 1454 1657 1537 λόγῳ,
1717 1452 1765 1500 id
1826 1454 1908 1499 est
1963 1460 2138 1537 sermo

493 1546 612 1582 cum
662 1545 911 1580 sermone
969 1525 1284 1591 assumptio,
1339 1526 1540 1576 scilicet
1573 1525 1712 1573 'cum
1770 1525 2137 1591 propositione

493 1603 874 1665 conjungitur:
914 1586 1285 1663 ideoque-tota
1311 1598 1400 1647 illa
1425 1595 1598 1645 oratio
1656 1586 2137 1665 συλλογισμόςκί(1

493 1679 573 1722 est
595 1663 884 1722 collocutio
916 1671 1129 1719 dicitur.
1176 1671 1263 1718 Est
1319 1683 1447 1716 vero
1510 1665 1654 1715 aliud
1718 1663 2138 1723 argumentatiO'

1341 232 1411 287 IN
1453 227 1717 286 LIBRUM
1754 221 2093 290 QUOMODO
2134 216 2578 278 SUBSTANTLE
2618 221 2823 279 BONIE
2862 224 3016 281 SINT

3684 236 3789 291 l3l6

1978 356 2030 400 et
2092 352 2134 399 si
2163 347 2221 415 Α
2251 353 2485 409 rendam,
2519 351 2640 400 ideo
2671 352 2813 415 quod
2845 366 2954 401 non
2976 352 3229 402 omnibus
3258 357 3436 403 notum
3486 354 3547 404 sit
3591 355 3671 407 iter
3716 362 3798 410 hu-

2246 426 2481 489 jusmodi
2520 424 2891 487 scriptionum,
2923 425 2973 473 id
2999 431 3207 480 est,non
3240 426 3386 475 multi
3416 433 3528 476 sunt
3553 429 3629 492 qui
3654 432 3704 481 de
3721 434 3801 482 hu-

2243 499 2479 561 jusmodi
2511 500 2742 548 scribere
2796 498 3193 554 consueverint,
3251 505 3341 548 aut
3393 500 3538 549 etiam
3592 503 3803 555 scribendi

2249 570 2500 619 noverint
2530 571 2811 618 rationem.
2840 570 2967 618 Nam
3001 570 3099 617 etsi
3147 570 3257 626 bos,
3314 585 3439 633 quos
3489 586 3651 635 graves
3692 575 3805 626 locos

2247 645 2525 697 vocabant,
2576 646 2687 692 suis
2749 643 3073 707 quandoque
3131 644 3460 692 orationibus
3522 647 3805 704 insuruerint,

2247 718 2305 762 ut
2359 714 2603 764 Socrates
2638 721 2691 763 et
2750 716 2897 774 Cato,
2955 722 3008 762 et
3052 714 3141 763 alii
3203 715 3373 770 multi,
3427 714 3621 764 minime
3669 722 3805 767 tamen

2249 785 2334 834 his
2364 786 2657 835 tractandis
2686 801 2903 848 operam
2952 788 3168 835 dabant.
3202 786 3350 843 Quod
3413 802 3529 836 vero
3580 788 3668 837 hoc
3713 794 3808 840 scri-

2245 858 2486 920 ptionum
2520 860 2622 907 iter
2656 859 2840 922 paucis
2866 863 3053 906 notum
3087 859 3171 914 sit.
3206 863 3258 907 et
3302 863 3349 907 te
3402 872 3517 907 vere
3558 861 3806 917 attendisse,

2246 934 2296 977 et
2325 944 2439 978 eam
2477 930 2633 978 etiam
2658 966 2669 983 ,
2703 944 2769 978 ne
2807 944 2904 977 usu
2936 928 3229 987 communi,
3263 927 3305 977 si
3329 928 3519 979 scilicet
3564 946 3591 979 a
3618 931 3808 991 pluribus

2247 999 2555 1059 hujusmodi
2587 1004 2963 1057 tractarentur,
3007 1000 3338 1057 vilescerent,
3398 1005 3501 1049 tam
3557 1002 3687 1050 valde
3726 1005 3809 1064 pla-

2247 1071 2436 1127 cuisse,
2470 1072 2713 1135 exempla
2744 1074 2832 1121 tua
2864 1070 2930 1121 ad
2962 1085 3067 1126 me,
3101 1075 3161 1119 ut
3185 1071 3251 1119 de
3283 1070 3383 1119 bac
3411 1072 3668 1120 scriberem
3699 1086 3811 1135 que-

2247 1141 2440 1197 stione,
2494 1140 2699 1190 directa
2754 1143 3009 1205 comperi.
3041 1140 3175 1190 Nam
3231 1155 3294 1190 ex
3324 1141 3402 1189 bis
3432 1155 3542 1203 qum
3571 1142 3618 1189 in
3644 1156 3697 1191 ea
3724 1144 3811 1207 legi,

2246 1225 2344 1273 ego
2401 1213 2513 1274 ipse
2566 1226 2683 1261 sum
2736 1217 2861 1262 tuus
2919 1214 3084 1267 testis,
3145 1226 3305 1276 quam
3352 1213 3591 1262 vivaciter
3640 1216 3811 1264 antehac

2245 1283 2409 1332 fueris
2430 1283 2758 1346 complexus,
2795 1283 2844 1332 id
2877 1289 2981 1347 est,
3036 1284 3132 1333 tibi
3180 1284 3511 1347 placuerint:
3564 1285 3663 1333 haec
3709 1288 3812 1334 sedi-

2244 1357 2329 1402 cet
2350 1356 2549 1416 paucis,
2585 1353 2723 1404 sicut
2752 1354 2952 1403 dictum
2991 1358 3089 1412 est,
3124 1359 3307 1404 notum
3363 1369 3476 1404 esse
3531 1356 3621 1404 iter
3670 1356 3811 1419 hujus-

2245 1424 2389 1473 modi
2422 1426 2812 1487 scriptionum;
2844 1431 2896 1475 et
2934 1429 2991 1475 tu
3048 1425 3267 1489 quidem
3328 1426 3393 1475 de
3450 1426 3682 1489 praedicta
3720 1428 3812 1478 heb-

2244 1494 2472 1544 domade
2530 1494 2825 1559 digerenda
2879 1497 2954 1546 sic
3012 1497 3273 1560 postulas.
3332 1499 3439 1560 Ego
3486 1512 3603 1547 vero
3653 1499 3811 1560 ipse,et

2245 1566 2402 1623 hanc.
2460 1574 2512 1617 et
2563 1570 2693 1617 alias
2739 1569 3117 1629 ,hebdomades
3173 1576 3506 1620 commentor
3559 1570 3753 1633 quidem,
3779 1572 3812 1619 id

2246 1642 2342 1693 est.
2402 1654 2453 1687 in
2514 1644 2746 1688 mentem
2806 1641 3117 1704 frequenter
3172 1642 3565 1701 comminiscor,
3613 1642 3690 1689 sed
3745 1642 3813 1689 hoc

491 1710 576 1794 Et;
602 1710 810 1807 “genus,
875 1757 980 1804 quo
1035 1748 1158 1791 ante
1219 1741 1618 1789 conclusionem
1670 1710 1867 1799 aliquid
1914 1733 2129 1798 quidem
2164 1710 2208 1774 Β
2240 1710 3812 1807 E‘ijtﬁetn‘iE-“QUgeniis".nigﬁfulqtqugfimemoriam

493 1816 708 1873 dicitur,
743 1815 833 1863 sed
869 1813 1014 1862 aliud
1048 1816 1190 1875 quod
1220 1810 1467 1859 similiter
1496 1810 1729 1858 dictione
1760 1806 2135 1869 exponendum

490 1891 621 1940 erat,
654 1888 707 1933 in
745 1886 919 1933 anima
956 1884 1156 1946 absque
1188 1882 1424 1931 dictione
1455 1885 1712 1929 tenetur:
1774 1885 1847 1933 ut,
1907 1882 1987 1926 est
2047 1877 2137 1924 ho-

489 1971 599 2014 mo,
636 1958 797 2019 igitur
822 1960 901 2005 est
933 1955 1146 2004 animal.
1180 1954 1272 2002 Hic
1308 1955 1448 2001 enim
1481 1967 1543 2000 ex
1601 1967 1662 2000 eo
1726 1950 1871 2015 quod
1931 1950 2132 1998 dictum

488 2033 586 2086 est,
616 2032 695 2078 est
723 2028 881 2076 homo
914 2044 925 2086 ;
959 2032 1010 2075 et
1043 2041 1107 2075 ex
1138 2041 1202 2074 uo
1234 2025 1377 2089 quod
1415 2026 1616 2083 absque
1648 2025 1880 2072 dictione
1929 2022 2132 2083 cogita-

487 2104 593 2161 tur,
628 2098 849 2154 scilicet,
880 2099 1041 2147 homo
1101 2098 1415 2146 naturaliter
1475 2110 1589 2143 esse
1646 2096 1864 2148 animal,
1923 2092 2133 2141 conclu-

489 2184 604 2219 sum
639 2174 736 2224 est,
773 2175 853 2218 est
890 2169 1105 2217 animal.
1141 2167 1341 2217 Idcirco
1375 2171 1485 2215 tota
1516 2168 1686 2215 oratio
1724 2166 1788 2213 ab
1845 2164 1930 2213 illa
1984 2168 2131 2227 parte

484 2241 871 2297 antecedentis,
906 2254 1024 2303 qua:
1056 2242 1172 2288 sine
1227 2237 1563 2302 expositione
1619 2242 1829 2285 tenetur
1886 2235 1941 2283 in
2011 2235 2129 2282 ani-

486 2328 593 2365 ma.
627 2311 917 2384 ἐνθῦμημα
946 2316 1182 2384 vocatur.
1216 2312 1350 2361 Sunt
1379 2315 1431 2359 et
1461 2310 1564 2358 alia
1600 2307 1976 2384 ἐνθυμήματα,
2008 2321 2127 2384 qum

486 2389 581 2433 aut
627 2379 782 2448 juxta
824 2379 1148 2443 qualitatem
1206 2395 1533 2431 summarum
1592 2382 1944 2429 oratoriarum
2031 2379 2127 2428 ali-

484 2455 613 2519 quid
645 2457 809 2505 menti
837 2456 1167 2518 relinquunt.
1205 2459 1260 2502 ut
1301 2458 1472 2501 mater
1527 2452 1740 2513 diligit;
1804 2457 1896 2501 aut
1951 2451 2126 2500 inclu-

478 2527 629 2575 sione
688 2527 869 2587 aliquo
921 2527 1021 2574 sub
1074 2523 1498 2585 interrogatione
1558 2524 1731 2585 posito
1798 2523 2123 2571 contrarium

476 2598 700 2659 intelligi
729 2598 936 2651 volunt,
975 2601 1033 2644 ut
1062 2596 1203 2658 quod
1265 2596 1365 2642 scis
1424 2594 1655 2655 prodest,
1719 2598 1770 2642 et
1825 2594 1967 2656 quod
2033 2606 2123 2641 ne-

479 2670 581 2717 scis
612 2683 721 2718 non
756 2670 928 2718 obest.
960 2668 1059 2717 Sed
1094 2666 1235 2715 nulla
1289 2666 1483 2714 talibus
1536 2667 1981 2727 conceptionibus
2039 2664 2124 2712 di-

476 2740 654 2803 gnitas
681 2741 837 2788 inest.
888 2740 1005 2787 Non
1066 2738 1206 2786 enim
1270 2752 1301 2785 a
1357 2738 1565 2785 ratione
1627 2741 1679 2785 et
1734 2737 2122 2784 consuetudine

470 2810 712 2875 vulgaris
742 2811 903 2860 etiam
937 2810 1198 2858 sermonis
1223 2807 1523 2862 discedunt,
1557 2820 1727 2869 eoque
1786 2809 1953 2869 magis
2007 2807 2123 2854 illas

476 2882 529 2931 in
566 2887 744 2931 mente
782 2886 927 2931 tenet
962 2886 1157 2939 orator,
1195 2880 1336 2943 quod
1369 2880 1694 2941 superﬂuum
1731 2878 1872 2941 apud
1924 2892 1978 2927 se
2032 2878 2123 2941 ju-

476 2954 639 3009 dicat,
698 2970 787 3001 eas
846 2954 1095 3001 omnibus
1158 2956 1313 3000 notas
1368 2952 1608 2999 oratione
1662 2951 1907 3012 proponi.
1994 2951 2121 3009 Quae

477 3039 605 3074 vero
634 3025 999 3074 hebdomadas
1056 3023 1412 3087 appellantur,
1472 3036 1501 3070 a
1566 3035 1727 3070 sensu
1793 3021 2117 3084 simplicium

2249 1794 2420 1830 meam
2452 1797 2730 1839 conservo,
2784 1785 2962 1846 potius
3017 1799 3176 1848 quam
3208 1786 3489 1848 participo,
3524 1787 3571 1834 id
3599 1792 3666 1835 est
3712 1802 3815 1836 com-

2244 1853 2461 1903 munico
2518 1855 2766 1917 cuiquam
2826 1855 3052 1911 illorum,
3116 1870 3347 1919 quorum
3403 1857 3609 1906 lascivia
3650 1860 3815 1907 interior

2242 1938 2302 1992 ac
2328 1924 2560 1974 exterior
2590 1925 2905 1987 petulantia,
2938 1926 3073 1975 nihil
3106 1930 3308 1989 patitur
3339 1942 3453 1978 esse
3508 1929 3812 1992 conjunctum,

2240 1990 2292 2041 id
2327 1999 2405 2043 est
2460 1994 2751 2057 perfectum
2779 1997 2831 2044 in
2886 2010 2939 2045 se
2971 2000 3024 2044 et
3050 1998 3167 2046 aliis
3196 2012 3513 2059 congruum,
3538 1990 3664 2062 quod
3694 2001 3813 2049 Graeci

2239 2064 2427 2114 dicunt
2456 2064 2774 2137 ἁρμονικόν.
2808 2066 2955 2125 Quod
2989 2070 3173 2132 utique
3204 2072 3455 2131 provenit
3483 2085 3584 2120 non
3613 2073 3669 2121 ab
3697 2072 3815 2120 animi

2237 2138 2464 2192 ratione,
2499 2139 2591 2187 sed
2626 2152 2656 2187 a
2679 2138 2804 2201 joco
2834 2139 3062 2189 lascivias
3105 2142 3323 2203 risuque
3386 2143 3675 2204 petulantia
3719 2156 3813 2191 sua.

2235 2206 2386 2257 Tales
2440 2223 2672 2273 namque
2730 2224 2829 2260 sua
2884 2215 3093 2260 tantum
3152 2213 3378 2262 inventa
3434 2214 3604 2263 solent
3630 2214 3811 2273 laudare,

2236 2283 2553 2347 ceterorum
2599 2295 2725 2330 vero
2780 2284 3109 2343 vituperare,
3144 2288 3193 2331 et
3227 2288 3486 2347 tanquam
3520 2286 3695 2333 nullius
3719 2285 3809 2337 sint,

2236 2346 2497 2399 deridere.
2534 2351 2623 2399 [lis
2655 2366 2779 2413 ergo
2829 2353 3106 2413 sapientim
3163 2346 3387 2413 secreta,
3437 2357 3671 2419 quoniam
3720 2371 3811 2420 pro-

2233 2426 2350 2481 pter
2380 2435 2472 2471 eos
2503 2424 2593 2485 qui
2625 2422 2771 2486 digni
2805 2424 3060 2475 videntur
3083 2429 3305 2476 omnino
3368 2434 3540 2479 tacere
3587 2443 3682 2478 non
3725 2442 3811 2490 pos-

2232 2508 2437 2551 sumus,
2470 2495 2645 2557 aliqua
2675 2496 2739 2543 de
2771 2496 2900 2545 locis
2929 2497 3302 2560 multiplicatis
3365 2501 3677 2549 conformata
3724 2513 3811 2560 spe-

2232 2567 2309 2614 cie
2365 2565 2496 2624 veri,
2535 2571 2627 2615 aut
2678 2568 2867 2618 saltem
2928 2570 3108 2633 aliqua
3174 2573 3461 2622 verborum
3516 2573 3813 2623 contractione

2231 2636 2567 2686 obducimus.
2605 2640 2835 2688 Prohinc
2860 2654 3074 2697 moneo,
3102 2646 3156 2689 tu
3188 2657 3254 2691 ne
3282 2644 3357 2691 sis
3387 2644 3632 2693 adversus
3680 2643 3819 2689 obscu.

2231 2710 2473 2758 ritatibus
2505 2710 2797 2767 brevitatis,
2824 2712 2873 2759 id
2906 2718 3002 2765 est,
3034 2726 3153 2775 quas
3186 2728 3249 2761 ex
3280 2712 3548 2763 brevitate
3579 2714 3820 2775 contingere

2231 2787 2474 2844 possunt.
2504 2784 2631 2841 Quae
2664 2798 2783 2832 cum
2815 2786 2936 2844 sint,
2961 2790 3149 2834 contra
3179 2786 3435 2849 obliquos
3466 2788 3817 2836 obtrectatorum

2231 2867 2457 2911 morsus,
2494 2857 2671 2904 arcani
2704 2856 2807 2904 ﬁda
2864 2856 3128 2913 custodia,
3160 2858 3305 2920 quod
3369 2874 3479 2909 non
3540 2858 3815 2909 mediocriter

2229 2926 2361 2975 utile
2425 2931 2522 2983 est,
2580 2931 2690 2975 tum
2750 2927 2910 2976 etiam
2956 2930 3244 2986 commodi,
3276 2930 3331 2979 id
3355 2936 3454 2987 est,
3489 2932 3584 2980 boc
3613 2927 3818 2980 commodi

2228 2998 2542 3047 naturaliter
2599 2999 2816 3060 habent,
2873 3002 3019 3064 quod
3074 3002 3462 3065 colloquuntur
3489 3018 3604 3053 cum
3634 3005 3700 3051 bis
3726 3002 3815 3050 solis

478 3098 701 3145 omnino
733 3097 916 3159 procul
948 3072 1109 3145 sunt-z
1131 3072 1195 3143 ‘et
1228 3093 1319 3157 qui
1354 3095 1407 3141 in
1439 3093 1683 3155 plurimis
1710 3072 2117 3147 studuelrunt,et
2146 3090 2189 3158 α
2227 3072 2929 3159 (Ξίξξηίξξιξξθοῇθῂρρεέμξυε
2950 3075 3426 3159 Δροιὶνιῖῑιίεξξιιὶιιῑιι
3448 3078 3699 3159 rationum
3755 3075 3815 3123 vis

475 3166 781 3230 sophisticis
816 3169 973 3217 etiam
1011 3163 1483 3215 exercitationibus
1532 3163 1740 3227 probati
1800 3168 2112 3226 paruerunt,

474 3252 657 3286 earum
706 3237 966 3286 miraculo
1020 3240 1445 3295 commoventur,
1507 3240 1558 3283 et
1614 3236 1749 3284 sicut
1804 3236 2117 3296 prmdictum

472 3314 568 3365 est,
624 3310 689 3356 ad
748 3310 982 3370 ipsarum
1037 3306 1542 3367 contemplationem
1604 3318 1713 3353 non
1766 3304 1869 3353 nisi
1922 3319 2119 3368 paucos

472 3392 675 3440 eosque
729 3378 880 3425 valde
940 3376 1193 3439 probatos
1241 3375 1548 3423 admittunt.
1608 3373 1925 3438 Hujusmodi
1994 3375 2121 3423 mul-

471 3452 554 3495 tas
614 3452 907 3509 premente
971 3446 1189 3494 Boetius
1246 3445 1519 3507 sapientim
1573 3450 1782 3493 amator
1854 3445 2031 3505 habet,
2065 3449 2120 3494 et

472 3518 712 3565 Romano
743 3516 938 3565 Joanni
972 3517 1200 3565 diacono
1232 3517 1319 3564 diu
1360 3514 1887 3581 pulsanti,dignoque
1919 3516 2001 3562 cui
2024 3514 2120 3562 ali-

470 3588 690 3649 quando
724 3586 1044 3650 aperiretur,
1084 3586 1313 3648 qualiter
1344 3591 1549 3647 poterat
1579 3586 1632 3633 in
1667 3585 1917 3637 naturali.
1974 3586 2118 3633 ideo-

471 3671 575 3719 que
608 3656 907 3720 composito
939 3656 1300 3719 fabricatoque
1327 3669 1593 3710 sermone.
1618 3655 1819 3717 aliquas
1851 3656 2117 3705 exerebat.

468 3727 612 3776 Inter
633 3743 767 3791 quas
794 3742 903 3777 una
920 3733 1035 3777 erat
1056 3742 1161 3790 qua
1183 3727 1461 3776 dicebatur
1481 3740 1545 3775 ea
1566 3740 1685 3789 quae
1700 3732 1961 3782 sunt,esse
1981 3728 2121 3776 bona

470 3798 523 3847 in
548 3814 610 3847 eo
633 3799 775 3861 quod
799 3804 1071 3857 sunt,cum
1096 3804 1274 3848 tamen
1297 3814 1402 3847 non
1436 3800 1544 3846 sint
1566 3798 1939 3846 substantialis
1957 3799 2118 3847 bona.

468 3867 636 3927 Quam
668 3869 1078 3919 admirationem
1099 3870 1316 3933 quidem
1354 3871 1710 3917 venerabatur
1736 3870 1994 3929 Joannes,
2027 3870 2117 3917 sed

469 3954 499 3989 a
530 3941 751 3990 veritate
782 3956 971 3990 sensus
1000 3941 1160 3997 illius,
1194 3941 1543 4004 quarumdam
1577 3939 1845 3988 rationum
1891 3942 1982 4003 qui
2041 3942 2120 3989 vi-

470 4012 698 4061 debatur
733 4014 786 4061 in
821 4027 883 4061 ea
905 4012 1205 4069 conﬂictus,
1230 4012 1469 4075 ejusdem
1494 4010 1903 4073 intelligentiam
1938 4012 2119 4060 exclu-

471 4082 651 4132 debat.
684 4083 839 4133 Hunc
867 4097 994 4146 ergo
1025 4083 1355 4139 conﬂictum,
1388 4087 1607 4144 rogatus
1651 4082 1717 4130 ab
1775 4096 1838 4129 eo
1896 4081 2117 4130 Boetius

471 4152 703 4216 primum
733 4153 806 4204 illi
849 4156 1167 4219 proposuit:
1202 4160 1259 4204 ut
1296 4168 1357 4202 ea
1420 4166 1541 4217 quas
1599 4158 1740 4208 sunt,
1801 4167 1908 4201 non
1959 4153 2118 4202 modo

468 4227 525 4276 in
557 4241 620 4277 eo
651 4227 793 4292 quod
827 4232 969 4281 sunt.
1002 4241 1189 4276 verum
1223 4224 1380 4275 etiam
1435 4225 1584 4273 nullo
1639 4224 1797 4272 modo
1860 4238 1974 4273 esse
2030 4226 2121 4274 bo-

466 4310 557 4355 no,
582 4298 937 4361 quarumdam
968 4298 1268 4361 phantasiis
1300 4299 1569 4346 rationum
1619 4295 1894 4344 conclusii.
1954 4296 2117 4345 Dein-

466 4370 532 4418 de
564 4374 728 4418 totam
764 4370 926 4432 hujus
961 4369 1259 4430 renigmatis
1292 4370 1489 4417 nubem
1539 4367 1802 4415 divisione
1861 4367 2116 4423 decussit,

2231 3143 2522 3203 vestigant,
2572 3148 2624 3191 et
2658 3142 3081 3194 indeflcientium
3115 3146 3419 3197 studiorum
3444 3146 3694 3211 impendio
3718 3160 3817 3195 com-

2227 3215 2847 3276 parantconceptionum
2881 3228 3095 3273 arcana,
3131 3217 3224 3280 qui
3258 3232 3386 3268 vere
3436 3218 3579 3281 digni
3612 3222 3718 3267 sunt
3758 3218 3812 3265 in-

2225 3286 2447 3333 tromitti
2469 3285 2533 3332 ad
2563 3299 2644 3333 ea.

2292 3366 2352 3412 Ut
2387 3364 2572 3426 igitur,
2607 3364 2728 3431 etc.]
2757 3365 2916 3423 Quasi
2951 3381 2962 3415 :
2996 3368 3241 3418 Postulas
3265 3372 3325 3419 ut
3358 3369 3610 3432 digeram,
3637 3375 3681 3419 et
3726 3368 3809 3416 evi-

2226 3434 2445 3485 dentius
2512 3442 2802 3484 monstrem
2885 3437 3271 3489 obscuritatem
3358 3442 3673 3503 quaestionis,
3741 3444 3812 3487 etc

2227 3506 2296 3555 Ut
2350 3506 2515 3569 igitur
2572 3512 2677 3555 tuas
2734 3506 3057 3558 satisfaciam
3115 3511 3484 3573 postulationi,
3540 3512 3633 3561 feci
3672 3512 3749 3567 sic,
3776 3514 3816 3557 ut

2227 3578 2339 3626 ﬁeri
2404 3578 2538 3626 solet
2596 3577 2649 3625 iu
2707 3579 3087 3629 mathematica
3147 3583 3377 3633 maxime
3462 3583 3728 3645 disciplina,
3777 3579 3813 3626 id

2227 3653 2308 3698 est
2377 3650 2732 3705 arithmetica,
2782 3652 3127 3713 geometrica,
3180 3655 3404 3708 musica.
3490 3652 3807 3704 astronomica.

2228 3725 2279 3769 et
2334 3721 2388 3768 in
2443 3721 2650 3770 caeteris
2701 3723 2860 3770 etiam
2918 3724 3164 3785 pluribus
3193 3725 3497 3786 disciplinis
3527 3742 3539 3774 :
3568 3726 3692 3775 utin
3720 3736 3816 3786 prie

2226 3794 2546 3843 dicamentis
2603 3799 2655 3843 et
2715 3796 3011 3858 analyticis,
3074 3795 3129 3844 in
3180 3799 3380 3860 quibus
3430 3800 3660 3862 quaedam
3705 3808 3811 3844 secu-

2226 3867 2358 3913 turis
2419 3866 2730 3913 tractatibus
2788 3866 3086 3916 necessaria
3141 3876 3549 3931 praeponuntur.
3624 3868 3813 3919 videlicet

2227 3938 2496 4000 prmposui
2543 3937 2801 3987 terminos
2857 3940 3192 4003 regulaeque.
3244 3941 3475 3992 Eosdem
3532 3956 3652 4007 quos
3699 3944 3811 3987 vocat

2228 4007 2505 4064 terminos,
2564 4011 2719 4057 vocat
2777 4008 2937 4057 etiam
2996 4011 3225 4072 regulas,
3276 4014 3371 4061 sed
3405 4016 3607 4075 regulas
3629 4010 3807 4075 quidem.

2227 4082 2479 4143 quoniam
2537 4078 2695 4129 locali
2759 4080 3107 4129 similitudine
3156 4083 3322 4132 multa
3356 4081 3808 4135 continent.tenni-

2228 4164 2327 4199 nos
2360 4164 2501 4208 vero,
2538 4150 2793 4213 quoniam
2828 4165 2892 4199 ex
2925 4166 3108 4201 eorum
3143 4152 3426 4216 principiis
3484 4150 3806 4204 demonstratio

2228 4222 2622 4284 propositorum
2664 4220 2966 4279 deducitur,
3022 4228 3075 4271 et
3131 4237 3317 4274 eorum
3381 4226 3648 4289 postremis
3697 4222 3810 4271 indu-

2229 4292 2499 4343 ctionibus
2555 4298 2811 4357 tanquam
2873 4295 3067 4345 ﬁnibus
3126 4298 3474 4347 terminatur.
3536 4299 3634 4346 Hos
3691 4295 3810 4358 igitur

2229 4368 2341 4415 sive
2378 4366 2638 4415 terminos
2669 4367 2779 4415 sive
2810 4368 3019 4431 regulas
3051 4370 3344 4432 praeposui,
3394 4371 3585 4432 quibus
3640 4367 3807 4417 efﬁciam

462 4446 515 4489 et
546 4439 627 4488 sic
663 4441 726 4489 ad
767 4441 1144 4500 hebdomadis,
1177 4441 1279 4489 hoc
1311 4444 1407 4495 est.
1463 4436 1832 4501 conceptionis
1890 4437 2115 4500 dignita-
2145 4444 2190 4510 ι)
2227 4443 2417 4489 cuncta
2464 4451 2584 4500 quas
2630 4444 2948 4510 sequuntur,
2998 4440 3048 4488 id
3102 4446 3198 4498 est,
3237 4441 3437 4504 quibus
3467 4446 3519 4490 et
3544 4440 3808 4504 propositam

468 4516 597 4567 tem.
624 4513 1039 4575 intelligentiam
1071 4513 1188 4577 ejus
1218 4512 1450 4561 admisit.

528 4583 758 4631 Postulo:
815 4583 940 4650 etc.]
997 4585 1131 4642 Quid
1190 4585 1426 4633 Joannes
1475 4583 1735 4631 diaconus
1812 4585 1975 4644 petat,
2062 4586 2114 4632 et

463 4654 592 4716 quid
624 4669 679 4701 se
710 4654 972 4704 facturum
1010 4669 1171 4717 super
1220 4655 1321 4703 hoc
1377 4654 1593 4703 Boetius
1649 4653 1932 4716 spondeat.
1991 4658 2114 4703 tan-

464 4738 624 4786 quam
684 4725 834 4773 brevi
898 4726 1135 4789 prologo,
1192 4740 1298 4788 quo
1329 4724 1680 4775 attentionem
1717 4725 1832 4788 ejus
1867 4739 1985 4787 quae
2033 4727 2111 4773 in-

463 4794 743 4843 formando
776 4797 1141 4860 solvendoque
1164 4796 1477 4846 emblemate
1523 4796 1694 4856 magis
1750 4799 1865 4845 erat
1926 4810 2110 4845 neces-

461 4868 622 4923 saria,
660 4872 883 4924 moveat,
918 4870 1193 4929 prmmittit
1223 4873 1295 4925 ;et
1344 4869 1444 4917 ait:
1478 4868 1741 4924 Postulas,
1803 4866 1953 4929 quasi
2001 4881 2111 4915 rem

463 4939 677 4987 anobis
707 4943 815 4989 tum
848 4939 1376 4995 amicitimdebitam,
1439 4946 1495 4988 ut
1557 4953 1716 4987 unam
1779 4954 1843 4987 ex
1905 4939 2112 4988 hebdo-

462 5009 711 5059 madibus
774 5012 992 5068 nostris,
1052 5010 1301 5061 videlicet
1363 5009 1745 5060 obscuritatem
1796 5009 2114 5073 quaestionis

465 5081 585 5143 ejus
616 5096 736 5144 quae
767 5083 1011 5132 continet
1059 5085 1300 5140 modum,
1360 5096 1467 5144 quo
1521 5082 1723 5129 scilicet
1776 5081 2111 5136 substantia,

463 5155 516 5202 id
554 5160 633 5203 est
667 5169 789 5217 quae
841 5156 894 5203 in
929 5155 1262 5204 naturalibus
1296 5170 1377 5203 res
1437 5154 1788 5203 subsistentes
1841 5152 2112 5210 dicuntur,

460 5224 618 5274 boum
650 5228 772 5279 sint,
808 5226 861 5274 in
892 5240 955 5275 eo
988 5227 1130 5288 quod
1180 5226 1302 5285 sint,
1362 5239 1481 5273 cum
1536 5238 1644 5272 non
1707 5223 1816 5272 sint
1872 5226 2115 5274 substan-

467 5297 613 5346 tialia
647 5300 807 5357 bona,
828 5299 929 5347 hoc
960 5304 1057 5352 est,
1094 5311 1213 5345 cum
1247 5296 1460 5345 bonitas
1493 5298 1608 5359 ipsa
1640 5310 1745 5345 non
1809 5298 1876 5345 sit
1927 5310 2112 5345 eorum

466 5369 531 5417 de
587 5371 783 5430 quibus
843 5370 1166 5432 prmdicatur
1214 5369 1618 5417 subsistentium
1674 5382 1808 5428 esse,
1873 5368 2113 5429 digeram

464 5441 604 5502 quod
641 5444 737 5496 est,
770 5445 822 5489 et
845 5442 1003 5503 paulo
1035 5444 1157 5502 post
1188 5438 1511 5495 evidentius,
1558 5440 1660 5487 hoc
1716 5444 1798 5487 est
1854 5440 2116 5501 aliquate-

463 5524 567 5559 nus
590 5509 869 5561 evidenter
912 5518 1227 5572 monstrem,
1290 5512 1537 5560 videlicet
1592 5512 1789 5572 quibus
1836 5523 2114 5570 argumen-

460 5583 527 5630 tis
563 5584 866 5639 aftirmatio,
900 5586 1200 5647 quibusque
1239 5583 1454 5645 negatio
1492 5581 1705 5639 probari
1744 5594 1899 5641 posse
1936 5582 2114 5629 videa-

459 5660 564 5711 tur,
602 5661 654 5704 et
682 5670 789 5719 quo
818 5656 1229 5716 multiplicitatis
1264 5656 1380 5703 loco
1427 5655 1641 5710 divisio,
1694 5667 1835 5700 verm
1876 5652 2113 5701 scientias

460 5740 611 5775 error
650 5728 823 5789 cedat,
865 5743 1149 5791 exponam.
1198 5726 1447 5789 Dicisque
1500 5727 1553 5775 id
1611 5740 1727 5775 esse
1784 5723 2112 5783 faciendum,

461 5797 517 5846 id
547 5806 642 5857 est,
675 5798 993 5861 qumstionis
1020 5799 1182 5863 hujus
1224 5798 1606 5848 obscuritatem
1664 5798 1739 5847 ita
1799 5810 1914 5847 esse
1966 5796 2116 5860 dige-

2225 4510 2617 4560 hebdomadem
2674 4509 2868 4560 abduci
2924 4512 2975 4559 in
3034 4512 3432 4562 dubitationem
3490 4512 3747 4562 ostendam.
3776 4512 3810 4554 εἰ

2224 4597 2284 4632 ex
2320 4580 2724 4645 multiplicitatis
2759 4582 2876 4632 loco
2909 4581 3082 4632 diviso
3118 4584 3288 4646 ipsam
3342 4585 3660 4633 conﬁrmem.

2288 4654 2601 4709 Communis,
2630 4652 2751 4720 etc.]
2784 4653 2963 4703 Prima
2994 4668 3151 4717 quam
3184 4656 3343 4718 ponit
3398 4656 3600 4719 regula.
3628 4651 3806 4703 omnium

2224 4740 2343 4790 qua:
2375 4730 2691 4787 sequuntur,
2746 4726 2852 4773 imo
2912 4726 3149 4774 omnium
3182 4727 3573 4791 cujuscumque
3601 4721 3806 4773 facultatis

2224 4798 2331 4845 sint
2360 4796 2689 4858 generalium
2723 4797 3127 4851 sententiarum,
3181 4809 3319 4860 quas
3374 4799 3532 4847 etiam
3590 4797 3675 4844 hoc
3721 4792 3802 4839 loco

2223 4866 2607 4928 conceptiones
2663 4871 2835 4923 vocat,
2898 4872 2977 4915 est
3027 4867 3192 4916 locus.
3243 4869 3311 4918 Ut
3367 4871 3507 4918 enim
3539 4868 3597 4916 de
3623 4860 3803 4929 positlvis

2224 4937 2589 5003 grammatica:
2617 4938 2883 4986 facultatis
2910 4937 3104 5002 regulis
3150 4942 3444 4999 taceamus,
3501 4945 3683 4988 certum
3730 4934 3798 4985 est.

2224 5011 2365 5075 quod
2426 5014 2479 5058 et
2527 5011 2617 5071 qui
2677 5014 2937 5058 vocantur
2993 5024 3310 5060 communes
3344 5012 3441 5061 loci
3490 5008 3799 5063 rbetornm,el

2225 5084 2469 5133 maximae
2494 5080 2888 5144 propositiones
2936 5080 3360 5140 dialecticorum,
3424 5088 3477 5131 et
3536 5080 3799 5131 theoremata

2223 5158 2633 5219 geometrarum,
2673 5156 2725 5199 et
2763 5150 3028 5201 axiomata
3086 5156 3429 5209 musicorum,
3486 5158 3536 5202 et
3583 5145 3797 5213 generale!

2223 5222 2508 5275 sententiae
2537 5222 2835 5271 ethicorum
2873 5237 2964 5271 seu
2996 5224 3452 5287 philosOphorum,
3510 5221 3799 5287 continentur

2226 5296 2568 5346 universitate
2615 5295 2776 5357 hujus
2839 5296 3054 5358 regulas,
3113 5286 3224 5359 qua
3272 5297 3506 5346 dicitur:
3553 5286 3798 5359 Communis

2224 5368 2689 5429 aniuniconceptio
2722 5370 2801 5415 est
2832 5358 3150 5427 enuntiatio,
3187 5382 3343 5430 quam
3388 5368 3606 5432 quisque
3654 5358 3798 5432 probat

2225 5440 2481 5493 auditam,
2512 5426 2617 5487 non
2652 5438 2812 5487 unius
2842 5444 3070 5497 tantum,
3129 5426 3219 5489 sed
3258 5426 3550 5491 communis
3580 5433 3731 5490 animi,
3756 5426 3791 5476 id

2227 5516 2305 5559 est
2338 5512 2625 5561 multorum
2658 5512 2956 5560 animorum
2990 5515 3148 5560 vocat
3178 5527 3296 5563 eam
3329 5516 3390 5562 de
3421 5528 3522 5577 qua
3574 5520 3695 5581 nunc
3725 5500 3794 5581 ,ξο-

2225 5582 2409 5646 quitur
2440 5584 2843 5643 conceptionem
2876 5600 2883 5608 -
2918 5585 3172 5643 quoniam
3206 5586 3421 5643 scilicet,
3451 5597 3566 5647 quas
3615 5577 3792 5651 inﬁnita-

2223 5643 2360 5709 rum,
2399 5654 2773 5715 singularium,
2808 5668 3205 5714 concesserum,
3234 5673 3324 5707 seu
3357 5643 3624 5706 dubiarum
3656 5643 3792 5697 locali!

2225 5730 2303 5774 est
2333 5726 2484 5782 ratio,
2517 5726 2765 5786 plurimis
2790 5726 2874 5776 vel
2906 5732 3115 5786 natura,
3144 5729 3231 5778 vel
3262 5729 3443 5793 Opiﬁce
3473 5726 3626 5788 logica
3652 5718 3785 5793 nolam

2226 5796 2358 5845 adeo
2396 5785 2809 5855 esseiconvenit,
2846 5803 2901 5848 ut
2930 5813 3050 5848 cum
3084 5800 3149 5849 ad
3180 5785 3377 5865 aliquid
3432 5785 3781 5848 confirmandum
