4046 6180
259 263 399 319 1317

1327 253 1653 312 GILBERTI
1691 250 2035 309 ΡΟΒΒΕΤΕ
2074 250 2605 311 COMMENTAHIA.

3525 258 3661 313 1318

258 388 584 441 adducetur,
640 381 949 433 testimonio
1005 379 1342 443 probationis
1401 393 1510 429 non
1560 382 1729 442 egeat.
1760 377 1909 426 Unde
1940 378 1995 444 Α
2025 375 2372 426 facultatibus
2402 390 2499 427 usu
2537 378 2771 443 diverso,
2811 391 2945 437 esse,
2977 381 3028 428 et
3065 392 3179 428 esse
3224 378 3439 442 aliquid,
3483 381 3661 431 diver-

260 466 314 509 et
344 459 471 508 alibi
525 452 1039 509 indemonstrabilis,
1098 456 1152 500 et
1203 464 1299 514 per
1359 463 1414 499 se
1460 454 1586 497 nota
1616 446 1829 502 dicitur.
1862 453 1914 496 et

260 530 369 584 hic.
402 525 726 583 enuntiatio,
754 537 914 587 quam
973 523 1204 586 quisque
1271 521 1462 583 probat
1500 520 1758 569 auditam.
1790 518 1914 567 Ideo

262 615 496 666 namque
529 601 623 647 aut
652 595 860 646 0111101111
913 592 1149 666 inventis
1206 606 1347 656 saepe
1400 590 1760 666 interseritur,
1791 595 1917 666 Laut

263 659 602 723 orationibus
631 669 740 732 jam
777 664 1028 730 perfectis
1060 669 1219 728 atque
1256 661 1560 713 terminatis
1607 659 1913 732 exponitur,

257 740 524 807 quoniam
556 731 644 787 vel
670 735 1003 793 naturaliter,
1028 734 1114 783 vel
1168 748 1233 783 ex
1286 735 1456 796 logica
1498 731 1781 807 disciplina
1810 732 1917 807 illis

263 800 387 863 cum
420 811 618 875 quibus
669 821 843 857 sermo
903 807 1363 875 conseriturtest
1420 804 1640 875 omnino
1670 800 1913 875 indubia.

262 884 373 934 Nec
402 871 453 932 te
485 884 696 930 moveat
726 877 869 941 quod
900 877 1184 938 conceptio
1216 873 1414 923 dicitur
1455 871 1775 931 enuntiatio,
1824 876 1917 920 aut

261 959 307 1005 si
339 953 502 1005 etiam
534 964 811 1006 converso,
845 947 1147 999 enuntiatio
1192 945 1404 995 dicatur
1446 945 1746 1007 conceptio,
1779 956 1913 1007 quo-

262 1028 413 1076 niam
444 1028 498 1072 et
529 1022 671 1085 quod
704 1019 1041 1083 concipimus
1074 1018 1443 1070 enuntiemus,
1477 1021 1530 1065 et
1563 1015 1706 1078 quod
1739 1025 1917 1063 enun-

261 1098 464 1146 tiemus
498 1090 849 1154 concipimus.
882 1090 1083 1138 Harum
1120 1092 1299 1137 autem
1331 1100 1451 1149 quae
1500 1087 1573 1136 ita
1603 1096 1919 1135 communes

267 1167 440 1217 animi
474 1166 726 1214 dicuntur
757 1162 1170 1224 conceptionum
1201 1158 1395 1221 duplex
1428 1161 1508 1207 est
1539 1159 1748 1206 modus.
1782 1154 1917 1203 Nam

268 1252 377 1288 una
408 1236 485 1287 ita
515 1233 816 1284 communis
847 1232 1012 1281 animi
1046 1235 1142 1289 est,
1178 1234 1236 1279 ut
1282 1231 1525 1279 omnium
1552 1229 1635 1287 sit,
1667 1228 1722 1276 id
1749 1230 1830 1275 est
1861 1228 1919 1274 ut

266 1322 457 1359 omnes
489 1305 738 1355 homines
762 1304 902 1352 hanc
956 1301 1275 1351 naturaliter
1333 1297 1585 1349 noverint
1616 1314 1629 1358 ;
1674 1296 1838 1346 veluti
1874 1296 1919 1345 si

264 1381 409 1431 hanc
442 1376 849 1439 conceptionem
883 1373 1259 1435 geometricam
1317 1384 1611 1434 proponas,
1660 1382 1766 1433 qua
1794 1367 1921 1417 dici-

262 1458 394 1502 tur:
429 1450 481 1499 Si
520 1448 732 1497 duobus
762 1443 1065 1509 aequalibus
1117 1441 1348 1506 aequalia
1402 1441 1633 1497 auferas,
1666 1454 1785 1504 quas
1832 1454 1921 1490 re-

262 1525 589 1587 linquuntur
651 1516 901 1587 aequalia
938 1530 1053 1565 esse
1112 1514 1294 1587 nullus
1352 1513 1680 1587 intelligens,
1736 1511 1922 1587 idest

270 1584 453 1645 nullus
485 1604 630 1640 sanae
667 1587 863 1637 mentis
892 1586 1072 1644 homo,
1095 1586 1146 1633 id
1182 1590 1354 1645 neget.
1376 1586 1572 1633 Omnes
1592 1586 1735 1633 enim
1760 1584 1918 1632 etiam

271 1673 470 1725 praeter
502 1661 728 1724 logicam
760 1658 1118 1720 disciplinam,
1150 1656 1202 1704 id
1259 1670 1440 1704 verum
1496 1669 1609 1705 esse
1668 1655 1922 1704 naturali-

2026 462 2142 496 sum
2172 448 2443 497 dicuntur.
2503 448 2638 498 Nam
2704 450 2756 498 in
2814 448 3132 514 theologica,
3172 450 3356 501 divina
3412 455 3661 514 essentia,

2025 532 2182 581 quam
2215 520 2280 568 de
2310 521 2418 567 Deo
2452 520 2823 581 praedicamus,
2886 535 3005 570 cum
3069 522 3313 579 dicimus,
3372 524 3510 573 Deus
3565 529 3663 585 est,

2024 589 2266 639 omnium
2299 596 2602 639 creatorum
2636 592 2833 640 dicitur
2861 605 2993 641 esse.
3052 594 3183 642 Cum
3246 594 3388 643 enim
3437 594 3665 645 dicimus

2025 675 2220 725 corpus
2250 667 2347 718 est,
2383 662 2463 710 vel
2495 662 2656 710 homo
2717 667 2814 719 est,
2847 665 2932 712 vel
2986 663 3314 725 hujusmodi,
3378 666 3666 726 theologici

2026 732 2129 782 hoc
2159 748 2273 783 esse
2304 735 2504 783 dictum
2541 732 2850 791 intelligunt
2883 738 3116 798 quadam
3162 740 3463 788 extrinseca
3497 739 3668 788 deno-

2024 804 2321 855 minatione
2352 808 2418 855 ab
2454 807 2685 855 essentia
2717 808 2796 855 sui
2828 806 3097 870 principii.
3130 809 3246 858 Non
3286 810 3430 859 enim
3483 812 3669 861 dicunt

2026 878 2408 939 corporalitate
2446 893 2641 942 corpus
2671 895 2806 935 esse,
2838 880 2931 927 sed
2991 894 3108 929 esse
3163 879 3385 943 aliquid,
3419 896 3519 931 nec
3566 883 3665 932 hu-

2023 949 2280 997 manitate
2318 949 2589 999 hominem
2624 965 2758 1011 esse,
2793 950 2885 999 sed
2920 965 3035 1000 esse
3068 949 3290 1014 aliquid,
3329 959 3381 1001 et
3417 952 3669 1003 similiter

2025 1020 2451 1082 unumquodque
2488 1023 2805 1077 subsistens,
2837 1024 3063 1071 essentia
3120 1024 3202 1071 sui
3251 1024 3502 1088 principii
3542 1040 3673 1088 prte-

2027 1090 2207 1161 dicant
2236 1105 2345 1139 non
2379 1106 2493 1142 esse
2524 1093 2744 1155 aliquid,
2802 1094 2893 1143 sed
2948 1107 3082 1143 esse.
3148 1094 3237 1144 llla
3295 1110 3420 1146 vero
3451 1112 3572 1161 qum
3616 1099 3671 1146 in

2027 1160 2144 1223 ipso
2171 1166 2351 1211 creata
2379 1168 2459 1213 est
2488 1164 2834 1214 subsistentia
2892 1178 3001 1213 non
3064 1179 3197 1223 esse,
3262 1167 3355 1215 sed
3411 1183 3526 1218 esse
3574 1168 3673 1218 ali-

2028 1231 2175 1295 quid.
2207 1231 2272 1281 Et
2301 1233 2369 1281 ad
2403 1236 2651 1284 eumdem
2679 1236 2897 1285 modum
2929 1234 3192 1298 quidquid
3224 1244 3479 1300 operante
3529 1253 3673 1289 sum-

2029 1316 2114 1351 mo
2146 1302 2414 1367 principio
2446 1310 2543 1366 est,
2576 1306 2761 1355 eadem
2815 1305 3119 1369 principali,
3181 1312 3235 1357 et
3291 1307 3533 1359 increata
3588 1324 3674 1360 es-

2028 1375 2200 1423 sentia
2229 1374 2419 1426 dicunt
2453 1390 2585 1434 esse,
2620 1391 2717 1425 suo
2752 1391 2878 1427 vero
2920 1377 3159 1441 quolibet
3218 1393 3415 1441 genere
3471 1380 3674 1445 aliquid

2029 1458 2167 1493 esse.
2197 1444 2417 1496 Illorum
2448 1462 2575 1497 vero
2610 1447 3053 1510 philosophorum
3118 1448 3315 1511 quibus
3361 1466 3471 1501 suis
3506 1444 3674 1502 facul-

2028 1515 2151 1564 tatis
2182 1531 2379 1580 genera
2412 1527 2553 1581 sunt,
2614 1520 2725 1567 sola
2786 1520 2878 1567 illa
2929 1533 3049 1582 quas
3110 1534 3173 1568 ex
3238 1522 3504 1585 principio
3556 1539 3674 1575 esse

2030 1593 2315 1650 cceperunt
2346 1603 2358 1640 :
2394 1589 2479 1637 alii
2513 1589 2768 1652 quislibet
2798 1590 2889 1638 illa
2928 1589 3231 1639 orationum
3288 1608 3506 1643 suarum
3553 1597 3675 1645 the-

2031 1664 2189 1714 mata,
2223 1660 2274 1707 111
2309 1667 2387 1710 est
2445 1665 2713 1716 materias,
2752 1662 2815 1709 de
2875 1662 3070 1724 quibus
3128 1662 3439 1725 loquuntur,
3486 1668 3674 1717 eodem

276 1742 360 1787 ῑεΐ
388 1735 739 1793 εοκῐιοεουοῐ·
772 1729 887 1779 Alia
946 1743 1073 1777 νεΓο
1132 1728 1206 1776 ita
1257 1728 1556 1776 οοωωυῦίε
1610 1727 1770 1775 animi
1824 1729 1921 1782 est.
1952 1747 2000 1812 B
2031 1743 2135 1810 quo
2166 1731 2352 1812 dicunt
2384 1745 2520 1785 esse.
2580 1733 2769 1781 dicunt
2806 1733 2988 1810 etiam
3030 1745 3159 1812 esse
3218 1735 3419 1797 aliquid
3454 1751 3465 1784 :
3531 1740 3674 1789 unde

276 1807 422 1871 quod
455 1818 561 1854 non
589 1803 831 1852 omnium
863 1799 1162 1855 hominum,
1219 1802 1310 1848 sed
1361 1800 1638 1848 doctorum
1684 1803 1925 1847 tantum-

271 1881 437 1930 modo
468 1882 567 1933 est,
600 1888 719 1938 quas
778 1877 958 1922 tamen
1012 1871 1160 1921 venit
1216 1885 1277 1920 ex
1332 1872 1530 1920 talibus
1560 1871 1926 1934 conceptioni-

272 1953 393 2012 bus,
452 1963 573 2013 qum
632 1946 861 2010 qualiter
909 1942 1220 2008 praedictum
1279 1949 1375 2002 est,
1424 1943 1727 1992 communis
1800 1946 1926 1991 sunt

277 2024 447 2075 animi
479 2037 492 2082 ;
526 2026 580 2070 ut
612 2024 691 2069 est
718 2018 831 2068 haec
866 2030 877 2065 :
909 2018 1036 2075 Quae
1095 2015 1456 2079 incorporalia
1520 2020 1661 2073 sunt,
1695 2016 1747 2063 in
1810 2015 1924 2063 loco

275 2110 387 2146 non
421 2107 555 2143 esse.
589 2092 715 2140 Hth
746 2089 887 2139 enim
936 2102 1042 2137 non
1102 2088 1321 2151 quidem
1380 2086 1516 2150 ejus,
1564 2100 1684 2149 qua;
1732 2087 1926 2136 dicitur

272 2166 462 2228 logicas
492 2158 723 2212 rationis
754 2158 1122 2213 universitate,
1157 2158 1307 2206 locus
1337 2162 1439 2218 est,
1489 2157 1579 2205 sed
1633 2170 1695 2205 ex
1725 2156 1926 2228 logica)

273 2226 395 2286 loco
447 2233 695 2289 veniens,
749 2231 1031 2280 naturalis.
1086 2228 1182 2278 Est
1237 2241 1471 2291 namque
1529 2226 1927 2277 dialecticorum

276 2305 535 2357 omnibus
571 2310 697 2353 nota
727 2303 909 2365 t0pica
938 2300 1227 2365 generalis,
1261 2299 1402 2363 quod
1436 2298 1536 2347 soli
1590 2298 1753 2348 alicui
1810 2312 1929 2361 pro-

275 2376 456 2442 prium
484 2379 581 2432 est,
615 2374 666 2423 id
698 2374 815 2422 sine
849 2387 911 2422 eo
944 2386 1061 2421 esse
1094 2384 1202 2419 non
1236 2373 1411 2432 potest
1446 2384 1460 2420 :
1495 2372 1553 2418 ut
1609 2370 1778 2442 color,
1802 2369 1930 2433 quia

276 2439 381 2498 soli
412 2444 623 2509 corpori
655 2442 869 2498 accidit,
903 2456 1012 2491 non
1050 2443 1152 2490 nisi
1186 2441 1238 2489 in
1272 2453 1494 2502 corpore
1526 2445 1624 2489 est.
1661 2439 1733 2488 hx
1767 2440 1930 2503 hujus

274 2519 441 2582 igitur
467 2518 567 2566 loci
595 2514 953 2565 universitate
986 2512 1238 2563 omnibus
1269 2512 1429 2560 etiam
1488 2511 1809 2582 hominibus,
1831 2525 1929 2561 na-

275 2580 524 2639 turaliter
547 2588 781 2650 cognita,
813 2586 962 2635 venit
991 2584 1106 2634 hinc
1137 2583 1417 2645 conceptio
1459 2582 1571 2630 sive
1629 2580 1929 2631 enuntiatio

278 2660 559 2717 naturalis,
614 2674 719 2722 qua
770 2659 980 2714 dicitur,
1039 2670 1160 2720 qua:
1245 2655 1601 2718 incorporalia
1670 2660 1813 2713 sunt,
1872 2653 1926 2704 in

277 2734 399 2784 loco
429 2746 535 2782 non
568 2745 704 2780 esse.
736 2729 909 2779 Locus
938 2729 1100 2784 enim,
1133 2733 1188 2777 et
1245 2740 1353 2791 quo
1404 2727 1588 2783 locale,
1620 2730 1669 2775 et
1716 2740 1824 2789 quo
1854 2726 1931 2775 lo-

278 2808 460 2854 catum
489 2801 691 2865 aliquid
722 2815 848 2851 vere
879 2800 1213 2861 intelligitur,
1265 2799 1388 2848 solis
1432 2797 1749 2859 corporibus
1793 2799 1932 2847 acci-

278 2877 379 2926 dit.
412 2875 583 2926 Sotidi
614 2886 846 2936 namque
901 2868 1167 2920 intervalli
1228 2870 1664 2931 circumscriptio,
1697 2883 1816 2933 qua:
1872 2869 1929 2918 in

276 2962 479 3013 genere
510 2945 875 3010 quantitatum
905 2943 1054 2992 locus
1089 2946 1332 2999 vocatur,
1362 2942 1418 3013 in
1449 2941 1576 2989 solis
1615 2941 1931 3002 corporibus

276 3012 382 3070 est.
415 3019 601 3081 Itaque
632 3019 686 3066 et
712 3015 799 3065 ille
832 3015 998 3071 locus,
1032 3015 1121 3078 qui
1155 3027 1217 3062 ex
1250 3012 1480 3076 quadam
1526 3012 1930 3061 intervallorum

279 3091 352 3142 ad
386 3104 441 3139 se
473 3088 704 3140 invicem
732 3085 1016 3137 ordinabili
1048 3085 1348 3141 collatione,
1384 3082 1658 3133 collocatio
1688 3084 1931 3134 nomina-

277 3165 390 3218 tur,
424 3164 632 3210 tantum
665 3170 949 3222 corporum
1002 3161 1106 3218 est,
1136 3152 1433 3204 secundum
1487 3167 1646 3216 quam
1705 3168 1926 3215 genera-

278 3234 407 3283 liter
436 3233 652 3297 quidem
680 3232 870 3290 locata,
930 3228 1231 3289 specialiter
1284 3240 1411 3276 vero
1468 3226 1608 3275 intra
1656 3232 1708 3276 et
1763 3233 1931 3285 extra,

283 3307 429 3356 ultra
458 3309 511 3354 et
539 3305 690 3359 citra,
717 3302 902 3350 subter
932 3304 984 3348 et
1012 3314 1195 3362 supra,
1244 3303 1297 3347 et
1344 3297 1677 3361 hujusmodi,
1708 3312 1936 3361 corpora

279 3376 408 3442 ipsa
436 3376 550 3425 sola
578 3378 719 3424 recte
751 3371 1006 3421 dicuntur
1036 3386 1049 3423 ;
1101 3374 1153 3419 et
1209 3370 1324 3418 haec
1349 3367 1596 3442 hquidem
1654 3367 1933 3442 collocatio

282 3440 554 3499 universis
585 3444 879 3495 mundanas
919 3442 1190 3492 machinae
1222 3440 1466 3504 partibus
1512 3442 1781 3490 convenit.
1814 3440 1935 3504 Ipsa

280 3534 415 3569 vero
446 3518 741 3568 secundum
774 3530 832 3564 se
864 3516 1033 3564 totam
1066 3515 1252 3577 utique
1296 3512 1476 3561 localis
1519 3515 1637 3560 est:
1680 3514 1933 3572 quoniam

277 3589 651 3641 intervallaris
682 3588 797 3650 ejus
824 3584 1100 3649 protensio
1165 3586 1276 3633 suis
1331 3582 1648 3647 quibusdam
1694 3582 1937 3631 terminis

279 3663 567 3717 retinetur,
600 3658 743 3722 quod
778 3661 857 3707 est
888 3656 1363 3704 circumscribitur.
1410 3653 1544 3711 Quia
1589 3658 1767 3702 tamen
1814 3668 1934 3716 pro-

281 3738 407 3798 pter
435 3733 602 3795 ipsam
637 3742 749 3779 non
779 3734 860 3777 est
892 3726 1033 3775 aliud
1068 3739 1279 3798 corpus,
1314 3738 1411 3773 nec
1442 3728 1611 3784 extra,
1646 3738 1743 3773 nec
1773 3723 1936 3798 intra,

278 3795 388 3855 nec
412 3803 566 3864 ultra,
600 3815 698 3850 nec
731 3799 883 3855 citra,
916 3811 1015 3846 nec
1051 3796 1252 3851 subter,
1284 3809 1383 3843 nec
1420 3809 1598 3857 supra,
1630 3809 1727 3843 nec
1764 3795 1935 3858 juxta,

280 3889 390 3926 nec
417 3874 556 3923 circa
590 3872 793 3934 aliquid
825 3884 958 3929 esse,
996 3882 1094 3917 nec
1149 3866 1461 3931 hujusmodi
1520 3865 1695 3929 aliqua
1746 3866 1939 3930 pradi—

278 3951 534 3997 camenta
594 3944 882 4005 recipere;
937 3940 1057 3988 ideo
1117 3952 1213 3988 nec
1273 3937 1570 3987 secundum
1660 3952 1714 3987 se
1773 3942 1936 3988 totam

273 4020 457 4069 locata
487 4029 604 4065 esse
637 4016 852 4077 potest:
888 4015 1043 4073 atque
1078 4009 1131 4057 in
1188 4008 1291 4058 hoc
1336 4022 1454 4056 cum
1512 4008 1938 4071 incorporalibus

277 4089 555 4143 convenit,
587 4098 708 4150 quin
746 4084 875 4147 quia
907 4096 1014 4131 non
1046 4083 1172 4129 sunt
1213 4079 1423 4134 localis,
1476 4092 1811 4141 nequaquam
1856 4081 1940 4129 lo-

285 4164 405 4211 cata
436 4156 667 4221 intelligi
701 4160 950 4221 possunt.
980 4153 1082 4203 Sed
1112 4153 1248 4202 sicut
1296 4152 1496 4201 dictum
1545 4155 1639 4211 est,
1692 4153 1938 4213 quamvis

283 4234 380 4282 illa
409 4229 642 4281 maxima
671 4225 985 4292 propositio,
1044 4228 1096 4274 et
1156 4223 1339 4287 tepica
1395 4222 1676 4284 generalis,
1712 4235 1774 4270 ex
1831 4236 1938 4283 qua

286 4304 553 4354 naturalis
576 4300 693 4349 haec
716 4298 884 4354 venit,
913 4302 967 4346 et
999 4297 1052 4345 in
1084 4309 1190 4359 qua
1238 4308 1360 4343 cum
1409 4293 1633 4342 inﬁnitis
1671 4293 1787 4342 aliis
1817 4307 1939 4342 con-

283 4375 515 4432 tinetur,
536 4370 789 4421 omnibus
819 4371 977 4419 etiam
1009 4366 1327 4417 naturaliter
1376 4367 1505 4413 nota
1550 4364 1634 4420 sit,
1672 4363 1786 4413 haec
1817 4369 1936 4413 tan-

285 4452 406 4497 tum
433 4458 551 4508 quas
582 4443 741 4492 modo
771 4443 934 4497 venit,
985 4437 1358 4488 tantummodo
1415 4435 1693 4483 doctorum
1729 4434 1939 4508 dicitur

288 4530 426 4567 esse.
449 4505 622 4563 iﬂecte
668 4514 897 4575 utique:
952 4510 1130 4559 caeteri
1187 4520 1419 4570 namque
1482 4520 1578 4554 usu
1634 4505 1938 4562 verborum,

285 4587 383 4649 qui
414 4600 555 4649 saepe
584 4598 649 4634 ex
683 4585 863 4646 aliqua
894 4595 1055 4631 causa
1110 4579 1418 4649 extenditur
1478 4576 1618 4625 ultra
1667 4580 1938 4649 naturam,

286 4647 521 4720 decepti,
554 4669 620 4704 ex
650 4654 837 4704 eodem
870 4666 1033 4702 sensu
1066 4651 1265 4700 dictum
1299 4647 1571 4711 accipiunt
1600 4660 1612 4720 ς
1648 4648 1842 4720 Anima
1864 4650 1944 4696 est

286 4718 441 4781 intra
466 4741 664 4790 corpus
695 4725 955 4781 animalis,
984 4728 1037 4773 et
1067 4728 1217 4772 extra
1246 4735 1439 4784 corpus
1472 4719 1683 4783 lapidis,
1717 4723 1767 4768 et
1797 4718 1942 4790 linea

288 4802 398 4852 sita
432 4802 487 4849 in
518 4789 762 4861 corpore,
795 4800 848 4846 et
881 4799 1033 4845 extra
1064 4794 1298 4842 animam
1348 4795 1447 4849 est,
1506 4795 1559 4839 et
1609 4789 1942 4861 bujusmodi,

288 4886 354 4923 ex
387 4882 492 4934 quo
540 4860 704 4918 sensu
762 4880 956 4929 corpus
1017 4862 1217 4925 aliquid
1267 4861 1409 4911 intra
1454 4861 1537 4909 vel
1595 4864 1745 4934 extra
1801 4860 1944 4934 aliud

288 4930 490 5005 corpus
520 4944 619 4997 est,
647 4938 892 4988 audiunt.
929 4936 1081 4984 Docti
1118 4947 1260 4988 vero,
1293 4946 1429 4995 quos
1488 4946 1596 4980 una
1649 4932 1811 5005 facies
1863 4930 1946 4979 di-

287 5004 570 5066 versarum
630 5011 926 5062 dictionum
978 5020 1086 5056 non
1145 5005 1359 5067 decipit,
1422 5017 1613 5052 sensus
1674 5004 1823 5064 ipsos
1854 5006 1945 5065 qui

291 5088 396 5138 sub
426 5087 611 5135 eadem
643 5082 856 5132 dicendi
914 5078 1108 5128 diversi
1166 5079 1295 5124 sunt
1344 5075 1618 5139 qualitate,
1674 5072 1944 5129 dividunt,

290 5161 526 5223 ideoque
556 5158 699 5222 quod
734 5153 851 5205 aliis
884 5152 1103 5226 minime
1132 5151 1370 5226 videtur,
1422 5152 1774 5226 cognoscunt.
1822 5148 1948 5196 11ωο

289 5236 376 5283 est
406 5220 896 5295 igitur—communis
927 5223 1093 5274 animi
1139 5222 1231 5269 illa
1279 5220 1579 5295 conceptio,
1614 5220 1725 5295 sive
1774 5232 1945 5295 enun-

290 5289 470 5363 tiatio,
503 5315 624 5366 quas
656 5300 937 5349 doctorum
968 5293 1345 5366 tantummodo
1379 5295 1475 5366 est,
1509 5295 1561 5339 et
1607 5294 1800 5366 caetera
1846 5289 1949 5366 1111-

284 5359 536 5440 jusmodi
582 5383 704 5434 quas
763 5382 869 5440 non
930 5365 1121 5440 vulgus
1179 5362 1551 5425 comprobant,
1615 5361 1708 5440 sed
1780 5359 1948 5407 multo

290 5432 396 5496 usu
430 5432 764 5493 diversarum
795 5437 1223 5501 disciplinarum.
1260 5444 1311 5485 et
1345 5440 1449 5484 tam
1480 5432 1739 5495 exemplis
1787 5444 1947 5495 quam

292 5516 503 5582 rogulis
533 5512 699 5564 docti.
773 5583 784 5586 _
917 5582 970 5586 μ
1295 5579 1306 5586 ⁸
1549 5579 1559 5586 ι
1602 5575 1613 5586 ⁹

360 5573 608 5639 Secunda
637 5583 826 5646 regula
857 5597 868 5629 :
908 5582 1172 5629 Diversum
1231 5579 1324 5638 est,
1358 5591 1479 5633 esse,
1512 5579 1559 5624 et
1593 5575 1651 5622 id
1697 5573 1949 5637 quodest.

297 5662 469 5725 Ipsum
500 5657 636 5709 enim
670 5670 792 5713 esse,
827 5652 1056 5703 nondum
1113 5653 1233 5712 est;
1285 5653 1361 5725 at-
1394 5662 1513 5725 rer?
1535 5646 1703 5725 “quod
1732 5650 1951 5725 Δενιςίκασ-

296 5716 442 5796 cepta
475 5728 676 5779 carendi
704 5728 899 5791 forma,
937 5727 1011 5772 est
1036 5718 1496 5796 atque_consistit.]
1535 5716 1949 5796 Hic_notandum

297 5787 529 5859 videtur,
556 5787 1075 5864 quod’diversorum
1129 5789 1576 5856 philosophorum
1631 5789 1685 5837 in
1732 5787 1955 5836 diversis

2033 1800 2193 1848 etiam
2227 1800 2327 1848 hoc
2359 1803 2599 1859 verbum,
2633 1807 2731 1863 est,
2765 1802 2952 1851 dicunt
3013 1802 3077 1850 de
3128 1805 3378 1853 omnibus
3402 1808 3673 1870 aaquivoce

2034 1870 2333 1933 praedicari.
2364 1871 2469 1921 Alii
2502 1888 2629 1923 vero
2689 1872 2956 1927 dividunt,
2991 1878 3042 1921 et
3098 1888 3154 1922 ea
3206 1889 3326 1937 quae
3376 1878 3676 1930 subsistunt

2033 1943 2362 2012 dicuntesse
2395 1945 2773 2006 subsistentiis,
2811 1951 2864 1993 et
2894 1958 3007 1993 esse
3040 1945 3242 2008 aliquid
3276 1948 3358 1996 his
3388 1963 3506 2012 quae
3546 1951 3675 1999 sub-

2034 2010 2306 2060 sistentias
2337 2014 2679 2069 comitantur,
2723 2014 3152 2064 intervallaribus
3209 2010 3419 2067 scilicet
3456 2034 3676 2069 mensu-

2034 2083 2107 2130 ris
2163 2086 2216 2131 et
2272 2082 2639 2146 qualitatibus.
2693 2084 2911 2133 (laeteris
2960 2099 3086 2133 vero
3142 2092 3344 2149 septem
3414 2104 3673 2153 generum

2037 2153 2466 2217 praadicamentis
2492 2156 2677 2203 eadem
2710 2156 3056 2204 subsistentia
3112 2169 3212 2205 nec
3268 2173 3403 2219 esse,
3442 2175 3540 2210 nec
3579 2162 3679 2210 ali-

2036 2226 2161 2287 quid
2211 2239 2325 2274 esse
2385 2226 2707 2275 concedunt.
2759 2226 3014 2276 Similiter
3069 2232 3121 2276 et
3194 2230 3402 2281 nullum
3460 2231 3676 2282 illorum

2036 2312 2156 2362 quas
2187 2299 2476 2348 abstractio
2504 2298 2883 2347 mathematica
2913 2299 2979 2347 ab
3011 2298 3093 2348 his
3142 2300 3206 2349 de
3254 2303 3452 2365 quibus
3490 2306 3679 2368 praedi-

2037 2375 2225 2419 cantur
2254 2370 2463 2429 dividit,
2495 2370 2582 2418 vel
2612 2384 2747 2431 esse,
2784 2370 2867 2419 vel
2902 2370 3100 2433 aliquid
3156 2385 3272 2422 esse
3312 2376 3678 2425 consentiunt.

2035 2441 2170 2504 Ergo
2206 2456 2323 2491 cum
2360 2442 2559 2489 dicitur
2588 2440 2857 2489 diversum
2893 2454 3028 2497 esse,
3067 2447 3118 2490 et
3170 2444 3221 2493 id
3280 2447 3420 2508 quod
3462 2450 3557 2505 est,
3593 2462 3679 2497 se-

2037 2512 2271 2561 cundum
2307 2510 2639 2573 theologicos
2669 2510 2885 2574 quidem
2919 2512 3237 2576 intelligitur
3270 2520 3396 2567 esse
3445 2517 3498 2566 id
3534 2519 3678 2582 quod

2039 2588 2119 2632 est
2147 2582 2489 2646 principium,
2523 2582 2570 2631 id
2604 2584 2746 2645 quod
2806 2588 2887 2632 est
2948 2597 3093 2641 vero,
3129 2586 3256 2635 illud
3316 2589 3461 2651 quod
3509 2595 3589 2639 est
3614 2603 3679 2639 ex
3707 2602 3717 2629 ι

2039 2654 2351 2717 principio;
2411 2655 2503 2703 sed
2560 2654 2859 2703 secundum
2920 2654 3053 2704 alios
3136 2656 3500 2722 philosophos,
3564 2675 3679 2711 esse

2039 2726 2441 2774 subsistentium
2477 2725 2605 2775 solae
2661 2724 2878 2774 illorum
2936 2740 3055 2789 qua:
3114 2729 3473 2790 praedicantur
3509 2732 3683 2781 subsi-

2039 2796 2248 2844 stentia;
2281 2811 2293 2856 ;
2327 2810 2446 2859 quae
2478 2810 2608 2845 vero
2640 2801 2783 2853 sunt,
2821 2810 2882 2845 ea
2938 2802 3147 2847 tantum
3205 2813 3324 2862 quas
3380 2801 3498 2851 illas
3546 2802 3597 2850 in
3625 2817 3681 2851 se

2038 2866 2287 2916 habendo
2323 2866 2641 2916 subsistunt.
2706 2867 2791 2915 Sic
2844 2881 2971 2931 ergo
3028 2877 3080 2917 et
3129 2873 3428 2921 secundum
3484 2873 3683 2922 theolo-

2039 2938 2203 3000 gicos,
2237 2941 2291 2986 et
2347 2938 2642 2987 secundum
2709 2938 2840 2987 alios
2892 2937 3246 3002 philosophos
3302 2948 3445 2993 recte
3507 2947 3683 3007 potest

2040 3008 2144 3058 dici
2181 3024 2193 3058 :
2226 3007 2499 3058 diversum
2532 3014 2609 3058 est
2639 3023 2773 3070 esse,
2804 3013 2856 3058 et
2889 3008 2944 3058 id
2979 3011 3121 3073 quod
3154 3017 3249 3061 est.
3281 3012 3384 3063 Sed
3441 3019 3493 3065 et
3541 3015 3681 3064 hanc

2038 3080 2295 3142 regulam,
2329 3083 2379 3129 et
2410 3084 2629 3129 caeteras
2660 3094 2780 3145 quae
2811 3086 3114 3144 sequuntur
3137 3089 3335 3146 praeter
3382 3087 3677 3150 septimam,

2039 3155 2147 3200 tam
2191 3166 2289 3200 usu
2352 3151 2767 3213 theologicorum
2826 3165 2983 3215 quam
3047 3153 3271 3204 aliorum
3336 3156 3681 3220 philosopho-

2038 3236 2174 3283 rum,
2210 3222 2313 3271 hoc
2342 3222 2459 3271 loco
2496 3220 2666 3286 accipi
2698 3223 2915 3280 debere,
2947 3225 3235 3286 sequentia
3263 3241 3361 3277 nos
3391 3228 3679 3277 docebunt.

2038 3294 2144 3342 Nos
2176 3298 2350 3342 tamen
2383 3307 2569 3342 omnes
2602 3299 2797 3357 praeter
2828 3294 2973 3343 illam
3033 3298 3332 3358 septimam,
3376 3304 3433 3349 ut
3483 3297 3682 3362 signiti-

2040 3366 2248 3414 cantius
2275 3366 2792 3423 demonstrarentur,
2855 3367 2909 3415 in
2969 3368 3301 3418 naturalibus
3363 3370 3686 3433 exemplabi-

2041 3447 2178 3484 mus.
2208 3436 2298 3483 Ait
2327 3450 2452 3498 ergo
2481 3449 2493 3483 :
2528 3436 2802 3485 Diversum
2834 3442 2914 3486 est
2944 3450 3081 3498 esse,
3119 3438 3168 3487 id
3202 3445 3281 3489 est
3319 3441 3683 3500 subsistentia,

2044 3520 2165 3570 qum
2197 3510 2277 3555 est
2335 3505 2390 3554 in
2424 3506 2770 3562 subsistente,
2802 3512 2855 3556 et
2902 3507 2954 3556 id
3004 3509 3148 3571 quod
3209 3515 3307 3567 est,
3329 3512 3379 3560 id
3439 3518 3521 3561 est
3566 3512 3687 3561 sub-

2039 3579 2233 3625 sistens
2265 3577 2318 3624 in
2369 3589 2477 3639 quo
2535 3580 2616 3625 est
2670 3576 3064 3627 subsistentia:
3127 3585 3183 3628 ut
3238 3583 3586 3645 corporalitas
3632 3586 3687 3631 et

2040 3662 2255 3711 corpus,
2289 3646 2596 3696 humanitas
2624 3652 2677 3696 et
2706 3648 2883 3705 homo,
2915 3662 3058 3698 Vere.
3116 3652 3297 3712 Ipsum
3353 3656 3494 3702 enim
3539 3653 3683 3716 quod

2041 3732 2139 3781 per
2170 3718 2585 3767 abstraclionem
2617 3719 3016 3782 quodammodo
3047 3721 3111 3769 ab
3143 3721 3234 3771 illo
3265 3723 3317 3772 in
3350 3739 3457 3788 quo
3487 3728 3567 3773 est
3601 3726 3687 3774 in-

2042 3791 2283 3840 tellectus
2312 3795 2523 3853 separet
2583 3804 2720 3845 esse,
2779 3793 3020 3841 nondum
3071 3801 3170 3844 est.
3227 3796 3343 3845 Non
3403 3798 3523 3846 ait:
3574 3810 3685 3846 non

2043 3867 2140 3922 est,
2170 3862 2261 3910 sed
2294 3862 2534 3910 nondum
2568 3868 2690 3917 est:
2725 3862 2851 3912 dum
2884 3865 3026 3912 enim
3061 3866 3233 3928 ipsam
3292 3867 3428 3918 illam
3480 3868 3687 3932 simpli-

2044 3947 2157 3984 cem
2205 3947 2503 3995 puramque
2552 3933 2781 3982 formam
2842 3940 2899 3983 ut
2938 3936 2991 3983 in
3046 3938 3222 4000 seipsa
3268 3945 3348 3989 est
3394 3943 3684 4000 intuemur,

2044 4006 2187 4069 quod
2213 4010 2293 4054 est
2347 4018 2465 4054 eam
2526 4005 2678 4054 aliter
2729 4020 2889 4068 quam
2949 4007 3017 4055 sit
3073 4011 3368 4073 attendere,
3430 4013 3686 4076 quodam-

2044 4076 2203 4126 modo
2239 4090 2346 4125 non
2377 4080 2474 4137 est,
2498 4090 2560 4125 eo
2619 4077 2763 4137 quod
2811 4090 2918 4126 non
2976 4079 3205 4141 qualiter
3242 4083 3551 4139 attenditur,
3589 4089 3686 4133 est.

2044 4147 2153 4196 Etsi
2186 4148 2326 4196 enim
2364 4147 2670 4196 abstractim
2710 4148 3023 4206 attenditur,
3056 4155 3137 4200 est
3200 4156 3376 4202 tamen
3431 4155 3689 4204 inabstra-

2045 4224 2148 4268 cta.
2180 4220 2246 4267 At
2276 4232 2400 4267 vero
2428 4218 2480 4267 id
2511 4220 2651 4281 quod
2685 4223 2782 4278 est,
2815 4226 3036 4283 accepta
3065 4221 3119 4270 in
3150 4236 3205 4271 se
3242 4224 3416 4274 forma
3449 4225 3685 4282 essendi,

2045 4290 2095 4338 id
2132 4294 2228 4345 est,
2253 4304 2314 4337 ea
2345 4303 2506 4351 quam
2538 4290 2846 4337 abstractim
2904 4292 3211 4341 intellectus
3269 4296 3519 4357 concipit,
3569 4296 3691 4346 sub-

2046 4359 2304 4417 sistentia,
2339 4373 2460 4423 qua:
2496 4359 2733 4422 acceptio
2782 4358 2994 4417 dicitur,
3053 4365 3329 4425 generatio
3384 4370 3480 4425 est,
3532 4371 3690 4429 atque

2048 4431 2311 4502 materiae,
2355 4444 2490 4502 quas,
2532 4428 2636 4498 ὕλη
2703 4429 2918 4486 dicitur,
2979 4432 3271 4499 formasque
3325 4437 3503 4501 hujus,
3568 4428 3688 4502 quas

2048 4503 2227 4550 Grece
2259 4497 2534 4567 οὐσιωδής
2571 4507 2807 4571 vocatur,
2838 4497 3412 4571 concursum,‘opiﬂce'
3447 4508 3534 4558 illa
3582 4497 3693 4559 ior-

2052 4586 2138 4620 ma
2169 4585 2288 4634 qua:
2307 4574 2632 4644 nominatur
2662 4569 2835 4639 οὐσία,
2862 4574 3019 4636 juxta
3066 4569 3339 4641 exemplar
3383 4579 3525 4629 illius
3572 4594 3693 4644 qua

2051 4642 2249 4715 dicitur
2279 4639 2444 4707 εἰδέα,
2478 4640 2659 4706 εἰκὼν,
2691 4643 2792 4715 1100
2829 4648 2909 4693 est
2971 4646 3112 4695 illius
3167 4639 3489 4715 exemplaris
3527 4639 3697 4701 exem-

2053 4712 2199 4776 plum
2232 4718 2281 4762 et
2310 4715 2485 4777 imago
2517 4713 2763 4763 consistit
2793 4729 2805 4763 :
2869 4720 2928 4765 ut
2970 4731 3182 4781 corpus,
3214 4735 3277 4770 eo
3308 4712 3453 4785 quod
3492 4726 3553 4772 ut
3580 4737 3696 4773 esse

2052 4786 2480 4859 corporalitatem
2509 4785 2688 4843 habet,
2723 4789 2802 4835 est
2831 4800 3027 4851 corpus
3058 4806 3070 4848 ;
3109 4796 3161 4840 et
3217 4792 3391 4851 homo,
3445 4808 3508 4844 eo
3551 4794 3698 4859 quod

2054 4854 2461 4905 humanitatem.

2113 4926 2287 4999 Tertia
2318 4927 2501 4989 regula
2532 4939 2545 4974 :
2584 4926 2733 4986 Quod
2785 4930 2876 4999 est,
2934 4933 3258 4996 participare
3302 4935 3484 4999 aliqua
3514 4940 3679 4999 potest

2051 4998 2143 5046 sed
2168 4999 2335 5061 ipsum
2365 5012 2485 5053 esse,
2521 4998 2664 5071 milia
2691 4998 2843 5071 modo
2873 5000 3047 5065 aliqua
3094 4998 3429 5069 participat;
3456 4998 3526 5071 ﬁt,
3561 5009 3698 5056 enim

2052 5071 2384 5135 participatio
2411 5069 2713 5143 cumAaliud
2741 5072 2957 5143 Ῑαηιλρεί
2986 5087 3007 5135 ;
3034 5080 3108 5123 est
3138 5081 3308 5126 autem
3339 5069 3565 5143 aliquid,
3586 5094 3698 5127 cum

2054 5154 2158 5190 esse
2181 5136 2501 5205 susceperit]
2532 5139 2767 5187 Sensus:
2822 5140 2874 5189 id
2935 5145 3077 5205 quod
3137 5152 3233 5207 est,
3266 5148 3366 5196 hoc
3418 5136 3705 5198 0010111101-

2056 5215 2221 5267 stens,
2259 5212 2401 5282 quod
2436 5224 2497 5258 ea
2527 5223 2685 5273 quam
2716 5210 2778 5282 in
2806 5225 2860 5260 se
2894 5213 3074 5273 habet,
3110 5219 3457 5268 subsistentia
3488 5224 3586 5275 est,
3611 5234 3701 5282 po-

2057 5288 2159 5331 test
2189 5280 2508 5344 participare
2540 5281 2735 5343 aliquo,
2768 5280 2819 5330 id
2856 5291 2934 5332 est
2990 5300 3110 5335 cum
3164 5290 3279 5351 ipsa
3339 5280 3701 5346 subsistentia,

2055 5353 2253 5414 aliquid
2287 5352 2430 5400 aliud
2466 5353 2610 5415 quod
2672 5354 2736 5400 ad
2794 5357 3094 5415 potentiam
3146 5358 3509 5410 subsistentia:
3566 5361 3708 5409 illius

2056 5430 2341 5497 pertineat.
2372 5426 2425 5474 in
2455 5439 2510 5473 se
2545 5430 2720 5487 potest
2755 5426 2949 5477 habere
2984 5443 2995 5477 :
3050 5436 3106 5480 ut
3162 5447 3358 5493 corpus
3413 5433 3555 5497 quod
3587 5448 3706 5483 cor-

2057 5496 2364 5561 poralitate,
2397 5511 2555 5559 quam
2592 5498 2645 5545 in
2705 5512 2760 5546 se
2822 5500 3004 5560 habet,
3066 5508 3162 5560 est,
3196 5519 3315 5553 cum
3362 5496 3439 5554 ea
3475 5506 3707 5555 colorem

2059 5570 2241 5626 etiam,
2274 5573 2327 5642 et
2354 5568 2578 5642 lineam,
2605 5574 2657 5618 et
2696 5570 3035 5642 diversorum
3093 5591 3350 5639 generum
3408 5578 3711 5642 qualitates,

2058 5645 2112 5689 et
2142 5641 2474 5703 quantitates
2512 5641 2647 5688 alias
2678 5641 2742 5689 ad
2800 5647 3193 5707 corporalitatis
3244 5641 3537 5711 potentiam
3596 5664 3711 5712 per-

2059 5714 2315 5771 tinentes,
2350 5712 2545 5774 quibus
2577 5712 2752 5774 ipsum
2818 5716 2976 5778 quale
3030 5724 3082 5767 et
3139 5725 3401 5784 quantum
3443 5726 3541 5779 est,
3570 5720 3626 5771 in
3658 5736 3715 5773 se

2063 5785 2243 5834 habet.
2277 5785 2377 5834 Sed
2405 5785 2579 5848 ipsum
2603 5798 2743 5847 esse,
2772 5786 2825 5836 id
2880 5793 2963 5839 est
3016 5793 3381 5856 subsistentia,
3418 5809 3538 5861 qua
3578 5797 3697 5847 ines
