4046 6180
235 164 366 216 1321

1299 160 1622 215 CILBERTI
1658 157 2000 212 PORRET/E
2038 158 2571 215 COMMENTARIA.

3502 171 3639 224 1322

234 286 398 335 Filius
431 288 510 334 est
542 288 749 347 potens,
781 284 1009 347 Spiritus
1042 284 1319 333 amborum
1351 289 1430 332 est
1462 289 1671 346 potens,
1734 281 1879 329 nulla
1910 285 1961 347 Α
1994 295 2057 328 ex
2086 296 2192 345 quo
2224 283 2337 343 ipse
2369 288 2599 340 constat,
2634 297 2739 333 non
2791 285 2892 334 sibi
2937 288 3104 346 unita,
3156 288 3251 339 sed
3294 304 3418 341 vere
3472 306 3638 342 unum

231 356 445 405 ratione
470 356 694 413 intelligi
727 356 885 404 debet
916 355 1057 404 aliud
1092 370 1207 403 esse
1240 356 1381 417 quod
1416 359 1569 409 est,et
1599 352 1744 401 aliud
1767 366 1879 399 esse

232 443 344 492 quo
400 435 588 490 potens
652 432 752 491 est,
783 427 1037 489 quoniam
1071 432 1123 475 et
1152 427 1309 483 Patri,
1342 432 1393 475 et
1423 426 1556 474 Filio
1590 430 1642 473 et
1699 426 1880 473 ambo-

232 514 353 548 rum
413 499 631 561 Spiritui
686 500 828 546 idem
887 498 1110 546 omnino
1144 502 1244 555 est,
1278 503 1329 546 et
1359 511 1491 549 esse.
1526 501 1579 545 et.
1610 499 1883 558 potentem

232 584 398 631 esse;
446 568 924 618 similiterillornm
977 570 1135 617 trium
1193 569 1411 617 cuilibet
1467 568 1606 615 idem
1641 571 1719 615 est
1749 579 1882 620 esse,

234 647 287 692 et
350 643 644 704 sapientem
704 656 865 700 esse;
932 642 1054 689 item
1115 640 1335 689 cuilibet
1391 640 1605 688 illorum
1638 640 1774 686 idem
1808 640 1887 685 est

235 726 374 769 esse,
407 718 457 761 et
488 716 687 761 bonum
721 727 858 765 esse,
892 717 943 761 et
975 713 1282 774 hujusmodi
1320 726 1328 757 :
1363 712 1504 774 quod
1540 711 1590 757 in
1625 722 1731 757 non
1766 707 1886 755 sim-

233 784 470 849 plicibus
496 784 636 847 quod
670 789 797 833 sunt
828 783 1013 833 omnia
1034 798 1157 846 quas
1189 788 1369 832 creata
1414 782 1729 841 subsistunt,
1786 778 1885 826 mi-

234 856 382 904 nime
412 870 592 905 verum
637 861 732 904 est.

304 928 454 977 Unde
497 934 547 977 et
585 932 774 976 octava
830 927 1014 990 regula
1049 932 1128 974 est
1162 940 1173 973 :
1223 923 1377 974 Omni
1425 923 1699 997 composito
1739 918 1890 997 aliud

236 1004 464 1056 estesse,
524 998 677 1047 aliud
722 1001 890 1061 ipsum
922 998 1036 1064 est]
1094 998 1311 1046 Duobus
1364 996 1538 1044 modis
1571 993 1885 1055 compositio

235 1070 501 1133 accipitur
534 1084 545 1119 ε
584 1083 722 1118 unus
753 1075 853 1126 est,
886 1084 992 1130 quo
1025 1068 1321 1117 subsistens
1356 1065 1566 1128 aliquod
1632 1078 1693 1112 ex
1757 1064 1886 1111 sub-

236 1143 554 1192 sistentibus
581 1144 717 1191 inter
744 1157 798 1190 se
830 1141 1077 1195 diversis.
1110 1145 1163 1189 et
1191 1156 1220 1189 a
1277 1140 1473 1203 quibus
1530 1137 1882 1199 compositum

238 1216 414 1279 ipsum
449 1214 588 1263 aliud
623 1218 723 1267 est,
757 1214 956 1261 dicitur
988 1226 1101 1261 esse
1161 1211 1515 1272 compositum
1550 1224 1561 1257 :
1597 1212 1653 1257 ut
1702 1210 1882 1286 horno,

238 1288 333 1350 qui
368 1301 427 1335 ex
456 1284 711 1334 carnibus
743 1290 794 1333 et
825 1286 1055 1345 ossibus,
1089 1284 1169 1331 vel
1201 1297 1263 1331 ex
1294 1295 1518 1343 corpore
1578 1283 1629 1328 et
1695 1282 1886 1350 spiritu

238 1358 567 1420 compositura
622 1359 721 1405 est.
785 1356 857 1403 De
909 1370 1015 1418 quo
1078 1352 1375 1415 composito
1460 1364 1569 1399 non
1664 1349 1885 1425 dubium

238 1433 324 1476 est
370 1419 601 1491 plurima
659 1426 954 1490 praedicari,
1011 1439 1133 1474 nam
1196 1430 1248 1473 et
1292 1438 1450 1472 omne
1473 1435 1581 1485 quo
1610 1419 1888 1483 quodlibet

238 1514 571 1561 componens
600 1507 698 1561 est,
732 1506 782 1549 et
813 1514 918 1562 quo
951 1498 1151 1562 aliquid
1187 1502 1286 1556 est,
1320 1501 1373 1545 et
1428 1510 1564 1551 esse,
1615 1493 1755 1556 quod
1820 1506 1886 1540 ex

240 1573 388 1620 omni
456 1569 894 1634 componentium
954 1584 1068 1617 esse
1124 1573 1174 1617 et
1230 1569 1347 1616 aliis
1393 1566 1711 1629 quibusdum
1745 1576 1886 1611 com-

1996 357 2154 424 atque
2180 353 2317 403 idem
2355 354 2631 413 dicuntur,
2683 370 2790 404 non
2840 362 3022 407 tamen
3071 361 3213 422 quod
3264 376 3460 424 corpus
3515 362 3642 412 illud

1996 422 2218 472 omnino
2252 427 2316 472 sit
2355 427 2494 474 idem
2542 427 2682 489 quod
2734 428 2917 489 homo,
2970 430 3058 479 sed
3110 434 3252 495 quod
3288 422 3447 483 homo
3496 435 3639 483 idem

1995 498 2214 543 omnino
2251 498 2391 557 quod
2426 512 2620 559 corpus
2657 498 2781 548 illud
2816 505 2911 549 est.
2953 500 3095 551 Unio
3145 518 3271 553 vero
3324 519 3535 567 semper
3596 507 3657 554 il.

1994 564 2165 613 lorum
2200 572 2292 622 est,
2327 581 2447 629 quas
2474 568 2684 617 diversa
2718 576 2843 619 sunt
2897 573 3172 635 utriusque
3228 564 3454 623 numero
3489 592 3501 624 :
3558 578 3649 626 sed

1994 636 2111 686 haec
2140 643 2219 685 est
2267 640 2435 687 modis
2471 655 2532 689 ex
2577 641 2884 691 diversitate
2922 644 3188 693 rationum
3240 646 3478 696 diversis.
3547 651 3652 699 Ali-

1994 711 2074 755 ter
2103 721 2334 772 namque
2367 710 2463 759 sibi
2494 712 2641 760 unita
2672 714 2927 763 dicuntur
2975 718 3196 765 materia
3245 722 3404 780 atque
3455 720 3650 775 forma,

1995 784 2053 826 ut
2102 781 2333 841 quodam
2382 784 2629 831 rationali
2681 784 2867 834 habitu
2936 802 3100 835 unum
3158 790 3456 838 subsistens
3523 792 3590 839 sit
3635 796 3647 838 ς

1996 849 2146 899 aliter
2184 867 2307 912 pars
2338 857 2391 901 et
2416 868 2557 914 pars,
2594 860 2652 904 ut
2702 857 2845 917 quod
2895 863 3105 907 constat
3154 875 3217 907 ex
3267 860 3361 917 eis,
3416 864 3649 921 naturali

1994 930 2086 972 aut
2131 926 2377 973 rationali
2423 927 2603 975 habitu
2657 942 2823 977 unum
2878 933 3048 979 totum
3118 930 3203 989 sit,
3256 939 3346 983 aut
3425 934 3647 984 aliarum

1996 994 2268 1075 rationum
2304 998 2589 1078 consortiis
2623 1013 2632 1046 :
2670 1006 2726 1078 ut
2756 1001 2807 1049 in
2841 1001 3104 1058 civilibus,
3133 1010 3225 1053 aut
3284 1004 3501 1078 linguae,
3554 1012 3648 1056 aut

1996 1068 2150 1125 ritus,
2183 1073 2275 1117 aut
2306 1069 2455 1130 legis,
2487 1076 2578 1119 aut
2608 1070 2728 1130 loci,
2764 1077 2855 1122 aut
2882 1073 3120 1132 affectus,
3156 1077 3315 1125 unius
3345 1068 3646 1127 'consortio

1996 1142 2243 1188 dicantur
2271 1142 2417 1190 multi
2452 1155 2558 1190 una
2587 1156 2735 1205 gens,
2771 1158 2910 1193 unus
2941 1147 3195 1209 populus,
3228 1162 3367 1197 unus
3417 1164 3647 1199 conven-

1995 1217 2099 1267 tus,
2134 1227 2298 1261 unum
2333 1228 2441 1271 cor,
2474 1220 2527 1263 et
2558 1215 2888 1277 hujusmodi,
2922 1218 2986 1266 de
3017 1219 3213 1281 quibus
3246 1221 3496 1269 omnibus
3514 1222 3646 1271 nihil

1996 1284 2059 1331 ad
2114 1291 2435 1346 praesentem
2485 1286 2677 1335 locum.
2729 1288 2832 1336 Sed
2892 1293 2973 1338 est
3029 1292 3276 1353 quasdam
3344 1293 3648 1343 alterutrius

1996 1370 2222 1404 numero
2254 1356 2596 1406 diversorum
2659 1360 2804 1419 unio,
2855 1374 3010 1423 quam
3070 1363 3459 1412 conformitatis
3512 1366 3647 1414 ratio

1996 1426 2137 1483 facit,
2172 1440 2293 1489 quas
2326 1428 2389 1475 ad
2446 1434 2768 1490 prementem
2819 1432 3049 1492 pertinet
3098 1432 3294 1481 locum.
3348 1436 3468 1484 Haec
3519 1438 3649 1484 unio

1994 1497 2287 1546 similitudo
2351 1503 2588 1559 vocatur,
2656 1503 2709 1547 et
2776 1506 2857 1549 est
2904 1502 2987 1549 vel
3048 1504 3345 1553 secundum
3379 1512 3647 1566 naturam,

1996 1570 2077 1618 vel
2112 1570 2409 1619 secundum
2454 1570 2698 1632 quedam
2747 1573 3066 1621 extrinseca.
3120 1574 3427 1624 Secundum
3485 1582 3646 1626 natu-

242 1644 479 1706 ponitur,
540 1658 646 1707 quo
705 1647 756 1692 et
820 1643 992 1704 ipsum
1052 1640 1406 1703 compositum
1462 1636 1886 1710 subsistenﬁegt:
1917 1644 1961 1707 Β
1993 1656 2103 1690 ram
2139 1656 2262 1690 vero
2295 1642 2621 1704 dupliciter:
2655 1648 2745 1691 aut
2794 1645 2934 1692 enim
2983 1647 3276 1694 secundum
3342 1650 3648 1710 proposita)-

243 1702 297 1764 et
322 1730 479 1763 omne
537 1702 643 1777 quo
702 1702 855 1762 idem
895 1714 1051 1775 juxta
1108 1711 1463 1773 compositum
1519 1723 1635 1756 esse
1685 1702 1887 1767 aliquid

244 1793 341 1843 est,
367 1788 431 1834 de
486 1786 602 1849 ipso
660 1783 877 1833 homine
915 1783 1240 1845 prmdicatur
1273 1796 1282 1828 :
1318 1785 1374 1829 ut
1406 1780 1565 1827 homo
1597 1782 1675 1826 est
1703 1788 1889 1855 carnes

243 1864 298 1909 et
329 1874 471 1915 ossa,
503 1864 582 1908 est
637 1873 832 1922 corpus
881 1862 933 1906 et
984 1856 1220 1919 spiritus,
1256 1859 1333 1903 est
1392 1855 1673 1905 coloratus,
1707 1858 1757 1897 et
1809 1862 1889 1896 1n-

242 1931 486 1991 telligere
537 1934 728 1991 potens
781 1934 860 1977 est
890 1929 1069 1983 homo,
1129 1932 1179 1975 et
1208 1931 1365 1987 aptus
1395 1924 1460 1971 ad
1498 1922 1807 1974 ridendum,
1840 1925 1891 1967 et

244 2002 556 2063 hujusmodi
620 2002 866 2064 plurima.
931 2001 1080 2049 Alius
1130 2012 1253 2047 vero
1323 1994 1891 2069 compos‘iti-onisruest

249 2074 464 2131 modus,
494 2087 599 2133 quo
631 2086 739 2121 non
789 2072 1000 2134 quidem
1033 2071 1329 2119 subsistens
1378 2082 1439 2116 ex
1473 2064 1891 2141 subsistentibus

246 2148 391 2205 (nam
444 2148 701 2207 quantum
764 2133 823 2191 ad
885 2143 988 2190 hoc
1038 2142 1263 2203 simplex
1310 2143 1429 2198 est),
1478 2138 1567 2184 sed
1615 2142 1667 2184 et
1710 2133 1890 2182 multis

244 2228 477 2279 quorum
515 2228 838 2276 unoquoque
871 2218 968 2267 est,
1007 2217 1059 2260 et
1112 2209 1292 2258 multis
1358 2221 1587 2271 quorum
1642 2218 1890 2284 unoquo-

245 2300 351 2349 que
384 2285 582 2348 aliquid
617 2289 712 2338 est,
747 2285 864 2348 ejus
896 2287 1105 2331 constat
1135 2282 1435 2343 proprietas
1469 2294 1481 2326 :
1548 2282 1625 2349 ut
1661 2280 1891 2349 hominis

244 2345 489 2419 spiritus,
518 2355 609 2418 qui
644 2345 786 2403 unus
841 2360 892 2403 et
951 2354 1192 2414 simplex,
1229 2357 1488 2415 quantum
1522 2350 1585 2397 ad
1618 2348 1719 2396 hoc
1748 2345 1891 2419 quod

246 2418 356 2477 non
416 2442 478 2477 cx
544 2427 768 2475 diversis
825 2425 1246 2475 subsistentibus
1305 2427 1532 2475 constat,
1594 2425 1646 2467 et
1710 2418 1891 2466 multis

246 2498 606 2547 subsistentiis
636 2504 734 2553 est,
785 2502 837 2547 et
897 2498 1077 2545 multis
1136 2508 1315 2543 earum
1370 2490 1739 2541 accidentibus
1794 2489 1892 2537 ali-

245 2570 371 2634 quid
436 2576 514 2619 est
547 2585 558 2619 :
621 2571 845 2632 ideoque
910 2568 1253 2627 compositus,
1284 2579 1383 2613 nec
1414 2565 1587 2625 ipsum
1619 2562 1759 2623 quod
1789 2564 1889 2634 est.

250 2632 363 2689 Non
403 2642 542 2689 enim
577 2642 627 2689 in
662 2654 724 2689 eo
755 2640 1196 2701 compositionem
1239 2634 1567 2684 attendimus
1599 2648 1609 2681 :
1639 2632 1891 2695 quoniam

250 2713 396 2761 aliud
433 2712 681 2774 estquod
718 2714 810 2763 est,
845 2710 988 2757 aliud
1038 2722 1143 2771 quo
1202 2712 1296 2755 est.
1355 2706 1487 2754 Nam
1546 2706 1587 2751 si
1645 2704 1895 2765 quemad-

249 2786 469 2832 modum
533 2783 674 2846 quod
736 2788 833 2841 est,
898 2794 1067 2829 unum
1121 2786 1327 2827 tantum
1386 2783 1483 2831 est,
1542 2776 1613 2823 ita
1678 2787 1892 2846 quoque

252 2869 417 2904 unum
476 2844 696 2916 simplex
759 2857 966 2902 tantum
1023 2857 1177 2907 esset,
1212 2865 1318 2913 quo
1354 2854 1407 2897 et
1438 2852 1594 2903 esset,
1613 2851 1663 2895 et
1694 2844 1892 2908 aliquid

251 2931 409 2983 esset,
444 2926 585 2974 nulla
626 2927 822 2974 ratione
880 2922 1237 2986 compositum
1296 2924 1453 2970 esset.
1512 2921 1696 2980 Itaque
1757 2929 1888 2978 quo-

2001 1717 2208 1761 uaturae
2258 1712 2666 1776 plenitudinem,
2726 1720 2777 1763 et
2828 1715 3025 1764 dicitur
3083 1716 3452 1767 substantialis
3505 1720 3649 1768 simil

2000 1786 2165 1834 litudo
2199 1798 2209 1831 :
2249 1784 2478 1847 qualiter
2507 1786 2686 1834 album
2717 1787 2838 1836 albo
2869 1786 3042 1837 simile
3088 1794 3184 1843 est,
3239 1794 3291 1837 et
3338 1791 3490 1840 homo
3548 1793 3647 1840 ho-

2002 1857 2179 1911 mini;
2230 1859 2323 1903 aut
2372 1857 2667 1904 secundum
2723 1860 3009 1918 propositas
3061 1865 3264 1909 natura:
3328 1868 3503 1923 partes
3551 1864 3645 1912 ali-

1999 1942 2151 1991 quas,
2186 1931 2240 1975 et
2267 1932 2488 1974 vocatur
2519 1927 2837 1989 imaginaria
2860 1928 3157 1978 similitudo
3189 1946 3201 1977 :
3265 1932 3495 1994 qualiter
3545 1933 3649 1982 hu-

2002 2013 2158 2047 mana
2202 1999 2409 2060 pictura
2450 2012 2578 2047 vero
2625 1998 2827 2046 homini
2879 2000 3074 2048 dicitur
3125 2001 3333 2050 similis.
3386 2003 3475 2051 Illa
3520 2018 3648 2052 vero

1999 2084 2118 2132 quas
2146 2074 2227 2117 est
2256 2070 2551 2117 secundum
2580 2070 2901 2123 extrinseca,
2937 2070 3134 2120 dicitur
3187 2073 3414 2122 imitatio
3447 2090 3459 2122 :
3514 2089 3646 2137 qua-

2000 2142 2121 2191 liter
2151 2140 2342 2189 arti:'ex
2375 2141 2569 2203 aliquis
2599 2140 2687 2188 alii
2720 2142 2927 2193 artiﬁci.
2978 2143 3057 2191 vel
3107 2144 3267 2193 homo
3314 2147 3440 2204 Deo,
3493 2147 3649 2209 juxta

1998 2213 2333 2260 voluntatem
2392 2211 2509 2274 ejus
2567 2209 2769 2273 aliquid
2835 2212 3101 2270 faciendo,
3176 2215 3374 2264 dicitur
3443 2216 3647 2265 similis.

2000 2283 2185 2346 Itaque
2213 2286 2402 2331 contra
2448 2283 2603 2337 hanc,
2649 2297 2769 2345 qua:
2819 2289 2899 2331 est
2948 2285 3331 2344 similitudinis,
3392 2290 3647 2337 unionem

2002 2352 2457 2402 dissimilitudinis
2528 2352 2896 2403 diversitatem
2958 2356 3145 2405 volens
3216 2358 3465 2421 intelligi,
3518 2359 3645 2408 ait:

2003 2426 2186 2472 ()mnis
2252 2424 2534 2472 diversitas
2596 2424 3054 2475 dissimilitudinis
3121 2432 3199 2475 est
3265 2429 3460 2478 dicors.
3525 2430 3649 2479 Sese

2003 2501 2056 2543 et
2076 2496 2217 2543 enim
2244 2494 2639 2553 quodammodo
2671 2495 2963 2546 abhorrent
2992 2499 3315 2562 fugiuntque
3358 2503 3647 2550 contraria.

2007 2566 2158 2615 Unde
2190 2564 2323 2613 etin
2375 2566 2645 2614 mundana
2689 2567 2924 2629 sphera,
2974 2570 3130 2630 ignis,
3174 2573 3265 2633 qui
3315 2576 3395 2620 est
3442 2578 3645 2631 acutus,

2004 2634 2262 2695 substilis,
2309 2640 2361 2683 ct
2407 2636 2637 2691 mobilis,
2689 2642 2767 2685 est
2818 2653 3139 2701 supremus:
3190 2646 3330 2689 terra
3383 2656 3511 2690 vero
3570 2647 3649 2691 est

2004 2715 2258 2769 extrema,
2289 2724 2411 2772 qua)
2461 2715 2543 2758 est
2610 2711 2818 2769 obtusa,
2869 2713 3185 2774 corpulenta
3228 2720 3278 2762 et
3335 2714 3646 2764 immobilis.

2003 2780 2307 2829 Similitudo
2340 2796 2465 2830 vero
2498 2783 2801 2844 appetenda
2859 2789 2955 2839 est,
3004 2786 3109 2832 imo
3160 2787 3449 2847 appetitur.
3494 2787 3645 2835 Unde

2002 2858 2054 2902 et
2086 2854 2135 2901 in
2172 2853 2356 2901 eadem
2391 2854 2666 2902 mundana
2695 2855 2922 2917 sphaera,
2973 2870 3064 2904 aer
3110 2861 3161 2905 et
3200 2872 3358 2919 aqua,
3417 2860 3487 2906 ita
3520 2863 3647 2906 sunt

2005 2925 2197 2979 media,
2249 2926 2395 2986 quod
2444 2923 2557 2987 igni
2612 2940 2719 2979 aer.
2786 2940 2942 2988 quam
2995 2941 3133 2987 aqua
3184 2928 3445 2977 similior:
3480 2943 3648 2991 -quo-

249 2998 393 3045 niam
427 2997 531 3045 alio
564 3000 662 3053 est,
695 2996 797 3043 alio
844 2994 1041 3057 aliquid
1105 2997 1201 3053 est,
1230 2990 1469 3065 Aetianisi
1526 3002 1633 3065 non
1692 3002 1755 3035 ex
1809 2988 1892 3035 di-
1924 3000 1966 3065 C
2006 2995 2148 3043 niam
2205 2995 2450 3043 similiter
2499 2996 2737 3045 substilis
2785 3003 2837 3045 et
2884 2998 3116 3057 mobilis,
3165 2998 3240 3047 illi
3293 2988 3649 3063 propinquior

250 3068 419 3115 versis
449 3066 868 3115 subsistentibus
906 3068 1130 3119 constet,
1162 3063 1462 3111 subsistens
1524 3059 1696 3121 ipsum
1760 3071 1892 3106 con-

248 3145 453 3188 cretum
513 3145 672 3201 atque
725 3138 1077 3199 compositum
1138 3139 1233 3182 est.
1282 3135 1542 3207 Quoniam
1578 3144 1702 3189 ergo
1732 3142 1891 3207 omne

246 3211 542 3259 subsistens
573 3210 676 3257 tale
708 3213 806 3263 est,
856 3207 1191 3271 generaliter,
1226 3206 1312 3259 ait,
1368 3204 1513 3252 omni
1574 3203 1887 3262 composito,

247 3282 298 3329 id
330 3284 407 3329 est
440 3281 585 3328 omni
618 3280 945 3337 subsistenti,
1008 3276 1147 3325 aliud
1208 3280 1287 3323 est
1343 3289 1456 3322 esse
1520 3288 1626 3335 quo
1695 3271 1894 3319 scilicet

248 3356 328 3400 est
356 3368 369 3400 ε
403 3353 575 3413 ipsum
607 3365 733 3400 vero
763 3354 843 3399 est
876 3348 1019 3398 aliud
1053 3348 1154 3396 alio
1212 3350 1463 3409 quodam,
1528 3358 1633 3406 quo
1691 3343 1891 3392 scilicet

248 3423 449 3485 aliquid
476 3426 574 3471 est.

312 3483 463 3543 Nona
508 3494 726 3557 regula:
783 3492 959 3539 Omnis
1004 3490 1288 3539 diversitas
1336 3488 1546 3542 discors,
1602 3483 1890 3533 similitudo

248 3582 370 3615 vero
417 3567 703 3630 appetenda
724 3569 833 3613 est:
862 3570 909 3611 et
966 3563 1103 3627 quod
1145 3563 1341 3625 appetit
1387 3560 1546 3617 aliud,
1581 3561 1685 3606 tale
1724 3560 1888 3630 ipsum

249 3652 359 3687 esse
388 3627 705 3685 naturaliter
752 3635 1058 3689 ostenditur,
1091 3636 1240 3697 quale
1278 3636 1350 3681 est
1388 3632 1481 3679 hoc
1536 3632 1704 3692 ipsum
1754 3627 1893 3685 quod

250 3707 820 3772 appeti't.]Diversitati
876 3706 1126 3754 identitas
1188 3703 1455 3753 contraria
1513 3708 1634 3750 est:
1699 3699 1889 3749 simili-

243 3781 377 3829 tudo
436 3794 564 3828 vero
614 3791 937 3841 repugnans.
992 3777 1208 3835 Idcirco,
1272 3776 1513 3837 quamvis
1561 3772 1889 3835 quibuslibet

246 3852 543 3901 rationibus
599 3851 739 3899 idem
800 3848 1010 3905 dicitur,
1074 3848 1278 3895 bisdem
1350 3845 1617 3893 diversum
1676 3858 1887 3907 quoque

246 3924 474 3983 dicatur,
502 3928 677 3971 tamen
713 3922 814 3970 hoc
843 3922 958 3969 loco
994 3920 1048 3967 in
1098 3933 1158 3967 ea
1207 3919 1415 3967 ratione
1470 3918 1519 3964 in
1580 3930 1684 3977 qua
1738 3916 1889 3963 simi-

244 3994 419 4043 litudo
450 3995 785 4053 intelligitur,
818 3991 1181 4040 diversitatem
1223 3988 1629 4050 intelligendam
1687 3988 1887 4043 docuit,

244 4081 367 4115 cum
429 4068 705 4130 praemisso
762 4065 904 4127 quod
962 4063 1135 4111 omnis
1192 4060 1473 4111 diversitas
1505 4060 1725 4119 discors,
1779 4075 1886 4108 non

244 4138 546 4200 subjunxit,
608 4136 860 4185 identitas
928 4148 1071 4191 vero,
1132 4132 1222 4181 sed
1311 4133 1506 4194 potius,
1596 4130 1889 4181 similitudo

246 4223 398 4265 vero,
430 4214 528 4257 etc.
562 4208 867 4259 Similitudo
909 4206 1101 4254 dicitur
1136 4204 1379 4266 quasdam
1423 4216 1485 4250 ex
1544 4202 1889 4264 proportione

245 4279 643 4330 contrariorum
680 4285 769 4328 aut
804 4278 1031 4341 parium,
1069 4278 1163 4323 aut
1194 4274 1291 4322 sub
1323 4273 1563 4321 eamdem
1625 4272 1886 4321 rationem

2004 3072 2100 3115 est.
2153 3067 2237 3115 Sic
2286 3074 2337 3115 et
2385 3073 2543 3115 terra:
2591 3081 2727 3129 aqua
2775 3067 2890 3115 loco
2940 3083 3096 3131 quam
3149 3083 3239 3117 aer
3268 3076 3349 3119 est
3379 3072 3646 3120 vicinior:

2000 3139 2254 3200 quoniam
2287 3138 2399 3198 ipsa
2424 3150 2637 3199 quoque
2687 3136 3037 3187 similitudine
3084 3145 3167 3188 est
3216 3140 3293 3188 illi
3343 3156 3505 3204 quam
3556 3156 3649 3190 aer

2001 3207 2359 3271 conjunctior.
2392 3207 2519 3255 Inde
2552 3213 2631 3256 est
2660 3208 2802 3269 quod
2836 3211 2874 3255 si
2918 3209 3039 3272 quis
3087 3226 3249 3273 supra
3292 3211 3470 3275 ignem
3538 3218 3648 3261 ter-

2001 3294 2112 3328 ram
2162 3280 2337 3327 locare
2387 3279 2612 3339 laboret,
2667 3279 2884 3340 propria
2956 3281 3261 3331 alterutrius
3336 3282 3649 3345 ponderosi-

1998 3357 2126 3407 tate,
2177 3358 2229 3398 et
2280 3352 2457 3412 ignem
2506 3363 2720 3398 sursum
2772 3351 2963 3399 levitas
3012 3354 3282 3413 subvehit,
3342 3359 3389 3403 et
3450 3359 3646 3403 terram

2000 3423 2252 3469 deorsum
2290 3422 2521 3481 gravitas
2551 3420 2695 3468 sidit.
2726 3420 2986 3471 Similiter
3020 3428 3072 3469 (ιι
3116 3425 3178 3472 de
3230 3426 3328 3471 sub
3390 3440 3525 3488 aqua
3582 3439 3647 3474 ve

1998 3497 2140 3541 terra
2172 3492 2392 3541 invento
2429 3495 2625 3547 meatu,
2676 3505 2774 3540 sua
2828 3492 3222 3553 ponderositate
3277 3510 3367 3544 aer
3410 3496 3647 3559 explodi-

1999 3570 2102 3613 tur.
2136 3568 2187 3609 et
2216 3562 2279 3609 ad
2317 3561 2495 3619 ignem
2531 3576 2699 3624 usque
2749 3564 3081 3612 contendens
3131 3566 3230 3614 sub
3278 3568 3393 3628 ipso
3444 3568 3640 3615 retine-

1998 3641 2102 3689 tur,
2140 3639 2194 3683 et
2220 3649 2357 3696 aqua
2383 3649 2547 3696 super
2604 3649 2779 3683 aerem
2831 3636 2913 3685 vel
2960 3638 3134 3699 ignem
3185 3639 3376 3700 posita,
3423 3640 3641 3702 propria

1998 3703 2242 3753 similiter
2274 3705 2672 3764 ponderositate
2705 3706 2955 3755 deorsum
2990 3722 3173 3756 versus
3205 3724 3370 3772 usque
3418 3710 3480 3757 ad
3533 3715 3639 3759 ter-

1997 3790 2108 3824 ram
2155 3776 2392 3837 liquitur,
2440 3776 2619 3838 ibique
2668 3782 2892 3833 retenta,
2942 3792 3103 3841 super
3176 3779 3345 3841 ipsam
3414 3781 3637 3833 locatur.

1996 3848 2150 3908 Fugit
2195 3847 2335 3894 enim
2393 3848 2816 3911 unumquodque
2866 3847 3128 3911 quidquid
3179 3852 3231 3897 in
3288 3865 3485 3913 genere
3539 3867 3637 3901 suo

1996 3918 2427 3966 dissimilitudine
2477 3933 2506 3966 a
2549 3932 2603 3966 se
2656 3918 2923 3968 diversum
2980 3926 3102 3968 est:
3155 3923 3354 3969 accedit
3404 3936 3529 3971 vero
3573 3924 3637 3971 ad

1998 3990 2046 4038 id
2110 3990 2251 4051 quod
2301 3990 2659 4052 qualicunque
2706 3989 3144 4039 dissimilitudine
3203 3992 3302 4040 sibi
3366 3995 3639 4041 conforme

1999 4065 2096 4116 est,
2128 4064 2180 4108 et
2206 4075 2233 4109 e
2263 4074 2525 4109 converso
2558 4061 3006 4123 qualitercunque
3037 4062 3311 4110 conformo
3344 4070 3439 4118 est,
3498 4065 3641 4125 quod

1998 4132 2219 4180 accedit.
2253 4131 2405 4180 Unde
2436 4132 2652 4179 subdit:
2686 4136 2739 4179 et
2769 4132 2909 4195 quod
2957 4132 3162 4193 appetit
3201 4132 3364 4190 aliud,
3416 4147 3475 4181 eo
3526 4133 3643 4195 ipso

1999 4201 2139 4264 quod
2168 4204 2388 4264 appetit,
2439 4202 2747 4250 ostenditur
2794 4207 2967 4264 ipsum
3014 4216 3128 4250 esse
3178 4204 3495 4252 naturaliter
3542 4204 3645 4254 tale

2001 4273 2178 4334 aliqua
2240 4274 2485 4334 superius
2565 4273 2895 4321 diversarum
2959 4272 3373 4322 similitudinum
3446 4276 3641 4337 specie,

248 4353 557 4401 cadentium
594 4350 941 4413 comparatio.
982 4350 1051 4395 De
1078 4360 1204 4419 qua
1257 4345 1386 4392 nihil
1445 4344 1509 4419 ad
1570 4348 1888 4419 paaasentem
1926 4357 1967 4419 D
1997 4344 2158 4419 quale
2176 4348 2262 4419 est
2293 4344 2392 4419 hoc
2415 4345 2607 4419 ipsum,
2642 4343 3042 4419 videlicetillud
3065 4344 3235 4419 aliud,
3258 4344 3398 4419 quod
3424 4348 3641 4408 appetit.

244 4426 443 4472 locum.
504 4424 593 4471 Est
650 4424 805 4471 etiam
868 4419 969 4467 alia
1024 4418 1088 4465 ad
1148 4418 1289 4463 hunc
1350 4415 1625 4475 pertinens
1691 4415 1882 4475 locum,

242 4508 369 4558 quas
419 4493 669 4557 prOprius
731 4492 926 4540 dicitur
980 4487 1295 4547 similitudo,
1350 4499 1469 4548 quin
1552 4484 1751 4534 scilicet
1811 4490 1891 4535 est

244 4566 495 4629 quiedam
548 4566 676 4613 unio
734 4562 1091 4611 diversorum.
1128 4559 1264 4607 Unio
1294 4558 1430 4612 dico,
1472 4571 1578 4605 non
1614 4558 1806 4618 unitas,
1839 4561 1892 4606 et

246 4637 517 4700 quaedam,
576 4650 682 4685 non
742 4633 1011 4697 quaelibet.
1072 4630 1217 4677 Illam
1272 4629 1435 4683 enim,
1468 4642 1587 4691 quae
1636 4642 1762 4700 vero
1794 4642 1892 4678 no-

246 4698 392 4759 mine
420 4709 615 4757 dicitur
659 4709 935 4762 unitatem,
996 4702 1105 4751 sola
1163 4705 1368 4748 naturas
1419 4698 1708 4763 singularis
1765 4715 1893 4763 pro-

249 4780 455 4843 prietas
511 4779 651 4834 facit,
684 4790 804 4841 quae
838 4782 1033 4824 natura
1094 4772 1433 4843 quandoque
1462 4772 1514 4819 in
1549 4785 1657 4819 uno
1685 4777 1892 4821 tantum

244 4841 348 4907 est,
412 4857 468 4899 ut
496 4850 749 4914 quaelibet
798 4848 891 4895 illa
917 4859 1022 4904 qua
1071 4841 1469 4914 supercmlestis
1521 4843 1737 4903 spiritus
1796 4843 1898 4891 ali-

245 4926 389 4987 quis,
452 4913 618 4970 unum
678 4919 878 4981 aliquid
937 4920 1016 4965 est
1049 4930 1060 4963 :
1098 4913 1425 4987 quandoque
1458 4914 1508 4960 in
1546 4914 1741 4967 multis,
1775 4928 1895 4976 quas

244 4984 346 5043 etsi
388 5006 493 5041 non
526 4990 854 5043 alterutrius,
885 4988 1068 5036 saltem
1129 4984 1350 5032 alterius
1400 4996 1627 5031 numero
1686 4988 1897 5032 constat

246 5079 369 5116 esse
400 5065 622 5113 diversa.
666 5061 733 5111 Ut
790 5058 1049 5123 quaelibet
1105 5054 1329 5103 humani
1387 5055 1630 5115 corporis
1688 5060 1897 5111 natura,

248 5151 377 5201 qum
416 5149 522 5183 non
555 5133 712 5182 modo
744 5134 796 5180 in
830 5144 1050 5193 corpore
1083 5125 1335 5201 hominis,
1363 5139 1571 5201 __verum
1628 5126 1783 5201 etiam
1814 5128 1895 5201 _in

251 5195 375 5272 ipso
424 5208 516 5269 qui
575 5220 639 5255 ex
691 5216 912 5264 corpore
964 5204 1190 5272 constat,
1238 5195 1489 5272 videlicet
1552 5196 1608 5245 in
1680 5197 1899 5247 homine

254 5268 375 5330 esse
408 5268 620 5332 dicitur,
666 5281 717 5324 et
755 5278 820 5322 de
860 5275 973 5335 ipso
1020 5271 1233 5318 homine
1276 5268 1611 5330 praedicatur,
1655 5282 1773 5315 cum
1830 5273 1902 5317 ta-

249 5366 379 5403 men
437 5364 633 5412 corpus
692 5347 927 5396 hominis
981 5349 1137 5407 atque
1198 5342 1376 5396 homo,
1418 5354 1547 5412 non
1581 5345 1633 5388 et
1663 5342 1901 5403 corporis

252 5430 311 5474 et
361 5411 609 5479 hominis,
671 5420 760 5467 sed
811 5413 1182 5466 tantummodo
1224 5411 1458 5461 hominis
1516 5425 1740 5460 numero
1797 5412 1902 5460 dif-

247 5499 449 5547 ferant.
482 5495 595 5541 Non
649 5491 791 5539 enim
851 5501 1045 5548 corpus
1109 5482 1341 5532 hominis
1397 5488 1476 5531 est
1529 5486 1734 5529 naturae
1791 5495 1901 5529 sure

248 5567 584 5633 proprietate
617 5562 759 5611 aliud
793 5572 958 5609 unum
985 5572 1144 5620 quam
1172 5558 1331 5633 homo
1360 5570 1379 5633 _:
1414 5555 1505 5633 sed
1540 5554 1699 5633 homo
1760 5552 1903 5633 mut-.-

248 5622 428 5690 tarnm
491 5639 807 5685 naturarum
852 5642 1068 5679 suarum
1137 5626 1553 5689 proprietatibus
1616 5628 1695 5672 est
1756 5622 1900 5672 aliud

247 5722 428 5762 unum
459 5720 620 5773 quam
652 5702 885 5754 hominis
916 5713 1127 5763 corpus.
1171 5698 1325 5747 Unde
1381 5698 1542 5748 homo
1601 5701 1655 5746 et
1708 5710 1903 5758 corpus

539 5815 810 5875 PATROL.
856 5806 1061 5869 LXIV.

2057 4415 2334 4477 Sufﬁciunt
2363 4416 2545 4477 igitur,
2578 4415 2722 4481 etc.]
2754 4416 2986 4478 Regulas
3034 4416 3143 4466 sive
3194 4417 3470 4475 terminos,
3520 4421 3643 4483 qui-

1998 4488 2098 4535 bus
2128 4500 2189 4534 eu
2224 4500 2344 4548 quae
2390 4492 2693 4549 sequuntur
2742 4485 2961 4541 efﬁciat.
3008 4486 3288 4550 hucusque
3340 4492 3639 4552 proposuit.

1998 4557 2203 4617 Quibus
2232 4557 2486 4619 quoniam
2527 4562 2581 4607 et
2610 4560 2936 4621 propositam
2991 4558 3381 4610 hebdomadam
3432 4564 3485 4610 in
3545 4563 3642 4611 du-

2000 4629 2314 4679 bitationem
2373 4630 2661 4688 adducere,
2733 4634 2785 4677 et
2844 4629 2991 4691 quod
3049 4630 3114 4679 de
3195 4630 3292 4679 illa
3354 4634 3518 4683 sentit
3590 4650 3646 4683 se

2002 4716 2160 4764 posse
2210 4702 2526 4750 conﬁrmare
2578 4714 2685 4749 non
2738 4700 2965 4757 dubitat,
3025 4702 3099 4749 ait
3159 4702 3497 4753 :Sufﬁciunt
3547 4706 3649 4768 igi-

2002 4779 2109 4829 tur,
2173 4772 2238 4822 ad
2315 4788 2378 4821 ea
2439 4787 2559 4835 quae
2644 4777 2944 4833 sequuntur
3008 4772 3307 4831 efﬁcienda,
3358 4775 3473 4825 haec
3529 4791 3649 4839 quas

2004 4846 2375 4907 praemisimus.
2426 4846 2552 4903 Quas
2595 4848 2777 4893 tamen
2824 4844 3021 4906 quibus
3087 4849 3348 4894 secuturae
3424 4848 3651 4896 demon-

2005 4915 2297 4968 strationis,
2361 4915 2470 4963 sive
2530 4912 2781 4969 inventis,
2853 4912 2966 4961 sive
3018 4915 3460 4965 conclusionibus
3523 4933 3646 4980 pos-

2006 4988 2113 5035 sint
2162 4986 2349 5046 aptari,
2413 4998 2511 5045 ego
2574 4990 2794 5046 propter
2855 4984 2990 5041 illos,
3056 4999 3284 5046 quorum
3346 4987 3650 5046 petulantia

2007 5058 2139 5106 nihil
2185 5056 2384 5117 patitur
2435 5068 2549 5104 esse
2598 5054 2967 5116 conjunctum,
3028 5056 3253 5104 studens
3308 5059 3652 5107 obscuritati-

2006 5130 2107 5177 bus
2154 5128 2450 5184 brevitatis,
2502 5126 2719 5174 minime
2771 5125 2953 5174 notavi
2992 5141 3003 5174 :
3059 5133 3116 5174 ut
3173 5127 3401 5176 dicerem
3436 5130 3537 5177 hoc
3569 5130 3652 5177 vel

2006 5199 2161 5258 illud,
2213 5213 2273 5245 ex
2327 5197 2487 5259 hujus
2531 5197 2607 5244 vel
2668 5195 2809 5244 illius
2874 5197 3077 5259 regulas
3122 5198 3328 5246 ratione
3381 5203 3651 5248 constare.

2010 5270 2338 5331 Aprudente
2393 5282 2518 5317 vero
2568 5269 2859 5329 interprete
2908 5267 3148 5323 rationis,
3196 5268 3287 5330 qui
3337 5269 3541 5318 scilicet
3590 5285 3653 5319 ex

2010 5342 2139 5404 ipsis
2202 5339 2439 5389 inventis
2484 5343 2536 5387 et
2594 5339 2761 5388 forma
2822 5340 3242 5387 ratiocinationis
3291 5342 3437 5389 locos
3511 5342 3657 5404 ipsos

2009 5410 2317 5465 rationales,
2380 5425 2408 5457 a
2455 5410 2651 5473 quibus
2702 5410 2817 5459 hmc
2866 5415 2992 5457 sunt
3040 5410 3284 5465 deducta,
3364 5411 3660 5473 prudenter

2009 5481 2408 5537 animadvertit,
2473 5481 2900 5544 unumquodque
2969 5481 3349 5543 prmdictorum
3414 5485 3521 5531 suis
3563 5498 3659 5545 ap-

2008 5553 2209 5602 tabitur
2237 5554 2586 5613 argumentis,
2620 5551 2671 5599 id
2710 5556 2807 5606 est,
2841 5553 2903 5599 ad
2938 5566 3099 5614 quam
3135 5566 3317 5601 earum
3349 5567 3470 5615 quae
3519 5569 3662 5616 ιιι-ω-

2010 5625 2165 5673 dictas
2196 5628 2321 5673 sunt
2350 5624 2679 5687 regularum,
2712 5623 2841 5671 illud
2875 5623 2957 5671 vel
3005 5623 3133 5671 illud
3190 5625 3469 5687 pert’vmat,
3528 5628 3662 5674 assi-

2012 5696 2287 5759 guabitur.

3302 5810 3381 5866 4'2
