4030 6186
489 224 621 277 1323

1344 219 1415 273 IN
1455 213 1718 271 LIBRUM
1758 204 2099 275 QUOMODO
2137 204 2585 261 SUBSTANTUE
2623 208 2827 265 ΒΟΝᾸΞ
2867 208 3021 265 SINT

3658 221 3751 275 {321i

539 347 759 409 Questio
790 360 924 403 vero,
975 348 1075 394 etc.
1106 342 1126 408 j
1180 343 1654 390 Demonstraturns
1702 336 1847 401 quod
1896 348 1959 383 ea
2008 345 2127 409 quas
2159 334 2211 396 Α
2243 340 2487 404 intelligi,
2520 356 2626 392 non
2656 344 2705 392 id
2742 344 2884 407 quod
2917 347 3014 400 est,
3046 343 3140 393 sed
3170 344 3342 407 ipsum
3370 359 3487 402 esse,
3508 347 3552 397 id
3589 355 3649 399 est
3683 367 3762 404 non

477 406 607 471 sunt
634 422 690 468 iu
722 434 785 468 eo
816 417 957 482 quod
991 406 1133 467 sunt.
1166 415 1307 462 bona
1339 418 1483 473 sunt,
1515 426 1635 461 cum
1689 424 1796 459 non
1845 409 1952 456 sint
2001 406 2135 453 sub-

478 492 755 546 stautialia
784 480 944 545 bona,
975 493 1124 554 prius
1152 486 1347 551 quaerit
1385 501 1445 535 ea
1498 499 1618 548 qua:
1670 489 1813 540 sunt,
1867 496 1932 530 an
1994 480 2139 530 bona

480 567 592 616 sint
613 579 681 615 an
720 579 848 613 non.
881 553 1007 621 Quae
1040 559 1289 625 quaestio,
1346 564 1402 607 nt
1448 572 1555 607 non
1606 556 1834 606 conﬁcto
1892 553 2133 614 nomine,

477 645 529 689 et
576 639 688 686 sola
736 640 934 698 praeter
974 633 1199 682 rationis
1244 633 1522 680 veritatem
1573 629 1763 682 forma,
1817 626 2047 688 qualiter
2108 637 2138 670 a

482 697 883 770 sophistisﬂeri
914 706 1068 761 solet,
1126 700 1427 765 nuncupari
1483 698 1712 764 quaestio
1763 697 2023 753 videatur,
2074 708 2137 742 ex

487 778 771 840 utriusque
807 778 971 838 partis
1000 789 1128 828 sum,
1164 779 1323 838 prout
1351 774 1581 827 videtur,
1617 770 1964 818 ﬁrmamentis
2020 780 2139 840 eam

483 852 539 899 in
596 838 988 899 dubitationem
1041 847 1275 895 adducit.
1326 845 1388 894 Et
1436 843 1669 907 primum
1741 840 1931 904 probat
1996 838 2138 886 illam

490 927 694 984 partem
728 934 833 983 qua
867 920 1085 979 dicitur,
1117 933 1178 967 ea
1208 931 1327 980 quas
1358 921 1505 972 sunt,
1554 914 1697 963 bona
1746 918 1889 969 sunt,
1946 908 2140 984 deinde

490 980 633 1043 illam
667 980 774 1055 qua
804 990 1018 1045 dicitur,
1053 1004 1115 1038 ea
1148 1002 1271 1052 qua:
1303 992 1447 1043 sunt,
1481 988 1625 1036 bona
1655 998 1760 1034 non
1802 989 1943 1033 sunt.
1974 982 2039 1032 Et
2066 980 2142 1029 sic

492 1066 770 1116 occasione
807 1062 1078 1111 solvendae
1109 1058 1423 1124 quaestionis
1470 1060 1643 1113 istius,
1693 1057 1957 1105 occultum
2016 1068 2136 1118 pro-

493 1140 681 1202 positas
714 1135 1065 1184 hebdomadis
1095 1146 1333 1190 sensum,
1383 1131 1612 1194 qualiter
1658 1145 1688 1179 a
1736 1128 1975 1202 sapiente
2025 1138 2141 1190 per-

493 1199 597 1272 cipi
645 1208 828 1270 possit,
879 1206 1115 1267 exponit.
1161 1203 1404 1251 Ostendit
1455 1203 1597 1251 enim
1646 1214 1753 1248 non
1807 1199 1965 1248 modo
2027 1209 2142 1247 esse

492 1282 637 1330 bona
666 1294 729 1329 ea
759 1292 879 1341 qum
912 1280 1056 1337 sunt,
1083 1288 1270 1324 verum
1321 1273 1477 1323 etiam
1529 1273 1756 1335 qualiter
1800 1272 1943 1319 bona
1997 1273 2141 1319 sunt.

492 1352 550 1401 In
583 1367 708 1415 quo,
743 1364 852 1399 non
885 1363 1001 1398 esse
1033 1348 1248 1411 quidem
1283 1346 1659 1395 substantialis
1689 1344 1846 1400 bona,
1880 1350 1932 1392 et
1961 1349 2142 1393 tamen

494 1425 546 1473 in
586 1440 649 1474 eo
680 1423 823 1487 quod
855 1426 997 1480 sunt,
1029 1435 1142 1469 esse
1171 1421 1315 1468 bona
1350 1418 1561 1466 difﬂuit.
1596 1416 1682 1465 Ait
1717 1430 1841 1478 ergo
1875 1417 2143 1474 :Qutestio

494 1511 620 1546 vero
666 1492 1024 1546 hebdomadis
1075 1490 1384 1553 hujusmodi
1434 1494 1529 1545 est,
1579 1487 1630 1536 id
1678 1492 1771 1544 est,
1848 1503 1940 1549 per
2004 1489 2144 1537 hanc

492 1569 845 1633 qumstiouem
878 1566 1049 1621 aliam,
1082 1570 1133 1613 et
1182 1564 1265 1612 his
1313 1576 1432 1626 quas
1485 1576 1629 1611 nunc
1678 1562 1925 1633 dicentur
1983 1575 2145 1624 argu-

494 1631 703 1696 mentis,
733 1639 788 1687 in
821 1637 1221 1696 ambiguitatem
1255 1633 1554 1681 adducitur.
1590 1633 1713 1680 Dico
1745 1631 1888 1694 quod
1922 1646 1984 1680 ea
2023 1646 2144 1694 quas

2243 416 2560 471 subsistens,
2593 418 2682 464 sed
2716 418 2883 478 ipsam
2915 416 3311 465 subsistentiam
3366 431 3503 480 quam
3551 423 3768 474 subsistens

2241 483 2299 533 iu
2332 500 2387 534 se
2422 487 2687 543 habendo,
2724 489 2865 550 quod
2912 491 2993 536 est
3044 501 3111 536 ea
3166 487 3525 552 participando,
3575 494 3766 544 subsistit.

2241 556 2373 606 Nam
2406 562 2457 606 et
2500 557 2554 606 in
2605 564 2755 607 sexta
2802 558 2983 621 regula
3027 563 3209 621 aperte
3258 559 3633 614 dicitur:0mne
3665 568 3769 629 quod

2245 634 2343 685 est,
2377 630 2663 693 participat
2691 646 2753 680 eo
2784 632 2925 694 quod
2972 636 3052 680 est
3095 646 3232 680 esse.
3275 632 3417 691 Quod
3459 640 3602 685 tamen
3647 640 3774 688 subsi-

2247 708 2395 751 stens
2436 716 2547 751 non
2596 717 2657 751 ea
2708 701 3005 764 participat,
3056 704 3267 752 videtur
3335 706 3513 754 sentire
3559 723 3655 758 cum
3696 712 3775 758 ait:

2247 774 2506 823 Utrumne
2541 775 2967 836 participatione,
3000 787 3067 821 an
3119 774 3415 825 substantia
3448 778 3655 835 lQuasi:
3690 780 3780 839 Qua

2247 858 2352 893 non
2387 845 2614 893 habetur
2649 844 3077 907 participatione.
3125 845 3200 894 Ad
3254 847 3393 908 quod
3433 847 3639 907 dicimus,
3680 854 3781 914 quod

2248 914 2606 978 participatio,
2668 916 2805 964 sicut
2851 920 2902 965 et
2950 917 3004 964 in
3060 914 3143 963 his
3169 930 3293 979 qum
3341 922 3595 981 praemissis
3619 929 3784 974 suntre-

2246 989 2384 1050 gulis
2431 989 2788 1053 signiﬁcatum
2828 992 2924 1044 est,
2974 987 3220 1049 pluribus
3264 988 3449 1039 dicitur
3495 992 3652 1041 modis.
3695 992 3787 1043 Cum

2248 1062 2390 1111 enim
2442 1060 2739 1111 subsistens
2777 1061 2832 1108 in
2877 1073 2934 1109 se
2962 1058 3189 1122 aliquid,
3230 1065 3290 1111 ut
3337 1066 3573 1125 naturam,
3611 1078 3694 1128 qua
3727 1067 3786 1127 sit,

2251 1133 2335 1181 vel
2365 1132 2565 1196 aliquid
2597 1131 2682 1188 sit,
2716 1131 2899 1189 habet,
2932 1129 3133 1179 dicitur
3180 1136 3323 1195 quod
3377 1134 3530 1196 ipsum
3571 1149 3622 1183 ea
3653 1142 3789 1187 natura

2249 1206 2550 1268 participat.
2582 1205 2778 1253 Natura
2808 1216 2935 1252 vero
2957 1216 3075 1265 quae
3095 1203 3348 1266 quoniam
3380 1206 3504 1255 inest
3538 1206 3790 1271 subsistenti,

2250 1277 2447 1326 dicitur
2477 1275 2544 1324 ab
2575 1288 2638 1324 eo
2668 1272 2994 1337 participari,
3027 1273 3133 1322 alia
3163 1272 3236 1323 ita
3260 1277 3429 1339 prima
3457 1280 3545 1335 est,
3571 1283 3621 1325 ut
3644 1280 3789 1327 nullam

2250 1362 2359 1409 pra:
2422 1362 2495 1403 se,
2537 1360 2698 1408 quam
2748 1348 3025 1405 sequatur,
3068 1346 3168 1393 nisi
3218 1346 3594 1408 primordialem
3650 1348 3791 1399 habent

2251 1431 2465 1466 causam
2496 1430 2509 1464 :
2540 1420 2595 1464 ut
2634 1429 2695 1463 ea
2728 1427 2848 1476 quas
2889 1414 3032 1462 omni
3075 1415 3389 1464 subsisteuti
3443 1415 3583 1473 inest,
3635 1432 3792 1480 genera-

2251 1488 2454 1537 lissima
2499 1484 2865 1541 subsistentia,
2899 1484 2999 1533 alia
3024 1486 3186 1547 hujus
3243 1488 3424 1549 prima:
3482 1488 3790 1551 quodammodo

2250 1574 2429 1610 comes
2459 1563 2554 1615 est,
2586 1563 2641 1607 et
2670 1560 2788 1619 post
2829 1570 3043 1605 causam
3095 1559 3502 1619 primordialem,
3553 1561 3670 1608 illam
3710 1574 3797 1623 quo-

2251 1648 2353 1696 que
2390 1633 2459 1681 ita
2492 1646 2703 1681 causam
2735 1631 2913 1682 habet.
2944 1636 3001 1680 ut
3034 1630 3097 1679 ad
3133 1634 3422 1694 potentiam
3453 1634 3557 1696 ejus
3597 1635 3690 1695 ipsa
3716 1649 3796 1697 per-

495 1719 637 1769 eunt,
671 1712 722 1760 id
754 1714 850 1765 est,
882 1722 999 1773 quae
1034 1704 1335 1755 subsistunt
1390 1705 1551 1768 (quod
1601 1704 1678 1752 sic
1726 1704 2134 1766 intelligendum
2172 1702 2213 1764 Β
2242 1704 2430 1759 tineat,
2462 1708 2515 1752 et
2576 1702 2897 1764 proprietate
2949 1715 3057 1763 qua
3120 1704 3234 1751 sine
3289 1718 3353 1752 ea
3400 1718 3507 1753 esse
3552 1718 3642 1752 non
3667 1705 3797 1767 possit,

497 1799 558 1833 ex
592 1782 945 1848 sequentibus
974 1782 1157 1842 patet),
1190 1779 1330 1825 bona
1362 1780 1505 1825 sunt.
1535 1775 1745 1825 Certum
1778 1779 1858 1824 est
1896 1775 2060 1848 enim.
2092 1790 2144 1835 et,

498 1856 600 1905 hoc
630 1846 778 1904 tenet
805 1848 1107 1901 communis
1138 1849 1422 1901 sententia.
1480 1861 1587 1895 non
1638 1847 1853 1910 quidem
1902 1846 2142 1898 omnium

501 1928 803 1986 hominum,
852 1923 943 1972 sed
990 1922 1232 1970 omnium
1305 1920 1606 1979 doctorum,
1656 1919 1926 1973 videlicet.
1986 1934 2146 1970 omne

500 1999 642 2063 quod
696 2002 777 2048 est
824 1997 891 2046 ad
942 1996 1174 2059 primum
1222 2005 1600 2054 summumque
1648 1992 1849 2040 bonum
1907 1994 2144 2044 tendere.

500 2070 753 2130 Quamvis
801 2067 944 2118 enim
994 2066 1149 2116 aliter
1196 2068 1249 2114 et
1297 2064 1465 2120 aliter,
1518 2063 1743 2112 aliorum
1804 2068 1857 2112 et
1903 2064 2145 2122 aliorum,

498 2149 677 2194 tamen
714 2141 955 2190 omnium
988 2138 1053 2187 ad
1084 2137 1136 2186 id
1168 2136 1313 2200 quod
1346 2141 1426 2185 est
1451 2148 1718 2183 summum
1742 2134 2147 2199 perfectumque

498 2216 721 2270 bonum,
752 2212 969 2261 festinat
1019 2209 1269 2258 intentio.
1319 2206 1453 2256 Nam
1503 2205 1827 2255 irrationalis
1884 2212 2147 2266 creatura,

502 2290 561 2336 ut
589 2287 746 2334 bruta
776 2282 1048 2336 animalia,
1081 2278 1189 2327 imo
1223 2276 1513 2333 iuseusata,
1566 2281 1623 2325 ut
1669 2276 1886 2325 arbores
1944 2283 1997 2326 et
2028 2279 2147 2329 her-

500 2358 602 2417 bas,
655 2360 708 2404 et
756 2355 916 2404 etiam
970 2350 1275 2409 inanimita,
1326 2354 1386 2397 ut
1436 2348 1658 2410 lapides,
1708 2350 2027 2399 naturaliter
2083 2352 2147 2400 ad

500 2440 766 2478 summum
816 2426 1039 2479 bonum,
1091 2422 1234 2485 quod
1288 2434 1412 2469 vere
1461 2426 1512 2469 et
1560 2420 1792 2482 proprie,
1844 2424 1896 2468 et
1942 2425 2040 2478 est,
2099 2426 2152 2473 et

499 2515 665 2550 unum
691 2504 790 2559 est,
822 2496 1072 2553 tendunt,
1098 2508 1218 2542 cum
1254 2498 1522 2556 utcunque
1549 2507 1774 2555 suoque.
1806 2507 1913 2556 quo
1963 2493 2064 2543 sibi
2119 2510 2151 2545 a

500 2586 708 2623 summo
760 2569 949 2632 Opiﬁce
999 2566 1181 2615 datum
1237 2570 1331 2617 est,
1385 2564 1563 2619 modo,
1616 2569 1667 2613 et
1715 2569 1772 2613 ut
1820 2566 1943 2627 sint,
1992 2571 2044 2616 et
2091 2564 2151 2615 ut

502 2656 667 2694 unum
701 2643 826 2697 sint,
860 2637 1105 2701 cupiunt,
1139 2643 1191 2686 et
1223 2651 1289 2684 ne
1319 2638 1420 2685 hoc
1472 2636 1693 2684 omnino
1742 2634 2010 2697 amittant,
2062 2650 2151 2685 re-

502 2715 701 2765 sistunt
752 2708 1055 2761 Rationalis
1085 2723 1210 2758 vero
1241 2713 1483 2757 creatura
1514 2720 1622 2756 non
1655 2708 1813 2756 modo
1862 2709 2000 2758 sicut
2043 2722 2149 2758 cae-

503 2792 618 2837 tera
643 2784 982 2836 naturaliter,
1014 2796 1200 2830 verum
1232 2781 1389 2830 etiam
1441 2779 1616 2828 ofﬁcio
1664 2779 1811 2840 facit,
1868 2795 1991 2830 cum
2039 2796 2147 2833 non

503 2863 714 2908 tantum
746 2869 881 2912 esse,
912 2854 993 2901 vel
1029 2867 1194 2902 unum
1230 2866 1346 2901 esse
1401 2851 1590 2913 cupit:
1642 2852 1732 2901 sed
1784 2853 1943 2902 etiam
1993 2869 2149 2905 suum

507 2928 833 2994 principium
865 2925 985 2975 vitae
1029 2925 1267 2973 moribus
1313 2922 1453 2979 colit,
1506 2927 1559 2972 et
1599 2923 1794 2971 mentis
1850 2924 2149 2990 intelligen-

505 3001 581 3050 tia
612 2997 818 3059 recolit,
849 3001 901 3046 et
931 3002 1042 3045 toto
1074 2996 1310 3044 caritatis
1340 2996 1480 3051 nisu,
1513 2998 1572 3043 ut
1618 2995 1793 3056 ipsum
1842 2996 1942 3045 sibi
1991 2998 2151 3047 detur

505 3071 562 3121 in
595 3072 896 3134 prmminm.
945 3068 1093 3129 petit.
1138 3066 1369 3129 Ideoque
1420 3065 1562 3114 hanc
1606 3066 1886 3115 doctorum
1937 3074 2153 3118 senten-

505 3141 656 3200 tiam,
689 3155 795 3205 qua
824 3140 1020 3188 dicitur
1051 3152 1061 3187 :
1090 3152 1249 3187 omne
1281 3136 1422 3199 quod
1455 3140 1536 3185 est
1563 3137 1629 3185 ad
1659 3138 1862 3186 bonum
1910 3140 2148 3197 tendere.

505 3214 689 3264 multis
738 3218 897 3274 atque
958 3207 1277 3258 firmissimis
1340 3207 1635 3256 rationibus
1700 3209 1901 3270 nixam,
1947 3212 2149 3261 nullum

500 3299 726 3349 prorsus
758 3282 1088 3331 contrarium
1121 3281 1379 3338 concutit,
1401 3278 1510 3328 imo
1541 3278 1804 3343 quidquid
1837 3282 1993 3340 forte,
2048 3285 2149 3334 sic-

504 3362 564 3407 ut
594 3357 644 3405 id
680 3354 822 3418 quod
857 3351 1051 3401 dicitur
1085 3351 1299 3405 malum.
1351 3350 1416 3399 ab
1465 3365 1527 3400 ea
1578 3350 1857 3403 dissentire
1920 3354 2149 3408 videtur.

503 3429 544 3477 si
599 3426 721 3490 quis
769 3424 1074 3483 diligentius
1120 3422 1386 3485 altiusque
1437 3424 1694 3480 attendat,
1746 3427 1968 3476 omnino
2019 3440 2152 3477 con-

505 3500 686 3549 sentit.
718 3496 881 3546 Addit
911 3508 922 3543 :
955 3495 1123 3543 Omne
1153 3499 1331 3542 autem
1366 3497 1536 3543 tendit
1563 3497 1625 3544 ad
1654 3496 1752 3545 sibi
1775 3498 1966 3547 simile.
1989 3498 2151 3549 Simi-

504 3571 695 3626 litudo,
726 3570 863 3617 sicut
892 3565 1255 3629 praediximus,
1287 3568 1772 3639 antproportionis
1802 3573 2149 3639 comparatio,

506 3648 599 3694 aut
628 3654 854 3691 numero
884 3640 1216 3688 diversorum
1251 3638 1496 3701 quaedam
1528 3638 1657 3689 unio
1709 3646 1805 3689 est.
1856 3643 2009 3691 Hanc
2055 3638 2151 3705 igié-

507 3720 594 3766 tur
639 3727 758 3776 quas
805 3710 1000 3759 dicitur
1053 3710 1288 3765 nnionis,
1341 3710 1440 3759 hoc
1486 3710 1603 3759 loco
1652 3712 1841 3760 volens
1900 3714 2146 3777 intelligi,

508 3784 585 3835 ait
613 3799 626 3833 :
658 3784 824 3832 Omne
853 3780 993 3843 quod
1017 3784 1117 3837 est,
1147 3778 1201 3827 id
1233 3784 1311 3828 est
1342 3794 1498 3827 omne
1529 3781 1828 3830 subsistens
1856 3784 2030 3832 tendit
2082 3786 2147 3834 ad

510 3858 564 3905 id
595 3854 740 3917 quod
771 3854 871 3901 sibi
909 3852 1109 3900 unione
1159 3852 1389 3913 quadam
1442 3851 1615 3901 simile
1661 3858 1760 3901 est.
1811 3853 1939 3912 Quae
1990 3856 2146 3905 etiam

509 3925 747 3976 omnium
815 3926 1093 3973 doctorum
1161 3928 1243 3971 est
1307 3924 1609 3972 communis
1674 3928 1959 3976 sententia.
2026 3928 2148 3980 Ηωο

508 4000 647 4047 enim
697 3995 1135 4059 philosophorum
1184 3996 1531 4057 omniumque
1600 3995 1896 4046 ethicorum
1963 4002 2149 4059 regula

508 4074 587 4118 est
615 4068 1003 4130 conceptioque
1034 4065 1351 4114 communis.
1385 4067 1456 4113 Ex
1489 4080 1610 4129 qua,
1643 4072 1697 4115 ot
1741 4082 1803 4116 ex
1854 4074 2146 4130 praemissa,

506 4154 625 4204 quas
656 4144 864 4188 tantum
897 4142 978 4187 est
1008 4137 1327 4194 ethicornm,
1358 4138 1457 4185 hac
1478 4138 1696 4193 scilicet,
1721 4154 1879 4189 omne
1901 4143 2045 4205 quod
2068 4150 2149 4194 est

505 4213 679 4261 tendit
710 4210 774 4259 ad
811 4210 1032 4267 bonum,
1070 4213 1249 4271 posset
1279 4207 1471 4256 inferre
1508 4223 1518 4256 :
1551 4212 1716 4259 Omne
1751 4213 1891 4273 quod
1943 4218 2024 4263 est
2072 4215 2147 4265 si-

503 4284 625 4332 mile
656 4283 801 4331 bono
831 4286 912 4330 est
939 4297 953 4340 ;
987 4281 1080 4329 sed
1113 4281 1368 4342 quoniam
1406 4280 1506 4329 hoc
1536 4280 1638 4329 illis
1672 4283 1962 4344 prmmissis
2017 4288 2146 4336 satis

503 4353 846 4403 manifestum
882 4357 1011 4407 erat,
1062 4350 1286 4400 dimisit.
1335 4352 1407 4400 Ne
1459 4358 1636 4401 tamen
1686 4354 1935 4416 bipertita
1978 4371 2147 4408 rema-

2250 1777 2541 1826 adhaareat.
2582 1775 2733 1822 Tales
2786 1776 2913 1821 sunt
2959 1786 3149 1822 omnes
3210 1773 3518 1825 differentias
3569 1776 3656 1825 illis
3699 1791 3799 1839 qne-

2252 1861 2464 1909 cunque
2512 1846 2593 1894 vel
2639 1844 2765 1893 huic
2819 1844 3224 1905 generalissimo
3287 1848 3535 1907 proximas
3578 1861 3675 1895 cum
3726 1850 3802 1911 ipso

2252 1920 2499 1982 quaedam
2546 1913 2920 1964 contractioris
2968 1915 3335 1965 similitudinis
3396 1918 3692 1966 constituunt
3736 1933 3797 1982 gs-

2254 2006 2399 2048 nera,
2445 2003 2566 2055 quae
2615 2002 2645 2036 a
2675 1987 2879 2049 logicis,
2924 1987 3286 2045 subnaturali,
3342 2003 3459 2053 qum
3509 1991 3568 2039 ab
3616 1992 3716 2053 ipsis
3758 1996 3810 2039 est

2253 2062 2658 2113 subsistentium
2693 2058 3076 2121 appellatione,
3108 2060 3424 2110 subalterna
3455 2067 3717 2120 vocantur;
3751 2062 3805 2111 vel

2255 2132 2578 2184 subalteruis
2609 2130 2853 2181 similiter
2881 2131 3236 2191 adhmrentes,
3283 2134 3569 2197 quamlibet
3605 2136 3684 2184 sub
3722 2133 3809 2197 ipsis

2254 2207 2653 2257 subsistentiam
2684 2202 2967 2265 specialem
3010 2212 3359 2268 componunt.
3412 2208 3500 2256 Hm
3537 2221 3695 2256 omnes
3732 2221 3803 2255 non

2253 2279 2411 2328 modo
2457 2275 2643 2325 habitu
2700 2274 2791 2323 illo
2822 2287 2930 2335 quo
2979 2275 3246 2325 inhaerent
3314 2276 3625 2333 subsistenti,
3676 2292 3805 2326 verum

2255 2352 2411 2401 etiam
2444 2349 2536 2398 illo
2568 2361 2674 2411 quo
2725 2345 3012 2407 generibus
3056 2347 3169 2410 ejus
3217 2349 3475 2409 praedicta
3513 2353 3729 2412 potestate
3762 2354 3811 2398 st-

2256 2438 2358 2486 que
2403 2421 2734 2484 proprietate
2783 2416 3082 2477 adhaerent,
3131 2418 3393 2469 dicuntur
3439 2421 3621 2481 haberi,
3674 2435 3720 2469 ac
3750 2434 3812 2482 per

2253 2497 2355 2545 hoc
2404 2491 2597 2555 duplici
2641 2489 2847 2538 ratione
2900 2491 3305 2553 participantur.
3389 2492 3627 2550 Quoniam
3688 2497 3812 2540 tamen

2256 2567 2443 2615 harum
2488 2563 2793 2613 accessione
2854 2561 3173 2621 subsistens,
3214 2562 3266 2609 in
3319 2576 3428 2625 quo
3496 2564 3670 2613 habent
3724 2563 3816 2622 fieri,

2252 2640 2560 2700 generatur,
2605 2637 2659 2681 et
2700 2631 3011 2679 decessione
3072 2635 3461 2696 corrumpitur,
3509 2648 3604 2683 non
3632 2638 3716 2682 tam
3740 2646 3816 2693 par-

2255 2711 2563 2772 ticipatione
2595 2720 2757 2769 quam
2803 2704 3120 2764 substantia,
3175 2706 3317 2754 sicut
3373 2721 3563 2769 genera
3606 2708 3699 2769 ipsa
3738 2705 3817 2769 qui-

2255 2781 2355 2829 bus
2407 2780 2622 2834 adsunt,
2663 2778 2744 2826 vel
2790 2774 2997 2839 species
3041 2775 3107 2824 de
3149 2775 3352 2837 quibus
3399 2782 3524 2826 sunt
3579 2775 3818 2826 subsistenti

2253 2854 2429 2902 inesse
2473 2850 2743 2899 dicuntur.
2794 2848 2896 2899 Sed
2948 2852 3140 2909 praeter
3188 2849 3285 2897 has
3337 2850 3438 2898 alia
3474 2852 3690 2913 quasdam
3738 2862 3816 2898 esse

2254 2921 2604 2986 disciplinalis
2645 2919 2870 2986 scientia
2916 2919 3417 2970 mathematicorum
3472 2921 3694 2977 attendit,
3728 2931 3812 2983 qua

2253 2984 2415 3057 logici
2444 2994 2627 3043 Graece
2662 2984 3065 3064 συμϐεϐηκότα,
3096 2991 3286 3042 Latine
3332 2994 3617 3043 accidentia
3641 2998 3816 3042 vocant:

2184 3063 2226 3128 Β
2266 3089 2387 3138 qum
2417 3074 2619 3123 scilicet
2645 3079 2774 3122 sunt
2800 3071 3111 3121 differentias
3143 3085 3252 3121 non
3284 3074 3448 3123 modo
3476 3087 3719 3135 generum,
3754 3070 3818 3119 sed

2259 3148 2418 3197 etiam
2451 3143 2955 3197 differentiarum,“
2973 3142 3269 3204 specierum
3303 3146 3550 3205 potestati
3570 3144 3817 3207 proprietate

2258 3215 2475 3267 addicta
2502 3218 2646 3269 sunt.
2669 3219 2722 3263 et
2752 3227 2853 3262 nec
2883 3213 3087 3275 species
3137 3213 3559 3270 subsistentium,
3615 3228 3697 3264 nec
3736 3227 3818 3275 spe-

2259 3288 2460 3338 cierum
2508 3296 2688 3350 partes
2723 3299 2839 3334 esse
2890 3289 3158 3346 possunt:
3230 3285 3461 3349 ideoque
3519 3287 3651 3337 nullo
3706 3283 3818 3334 modo

2258 3375 2373 3411 esse
2422 3364 2549 3409 sunt
2596 3356 3021 3414 subsistentinm,
3067 3356 3160 3405 sed
3204 3355 3270 3404 ab
3320 3356 3455 3421 ipsis
3485 3364 3583 3408 tam
3622 3356 3739 3408 omni
3761 3369 3821 3417 gs-

2258 3445 2384 3481 nere
2427 3444 2586 3494 quam
2626 3427 2974 3493 proprietate.
3032 3431 3085 3476 et
3135 3428 3200 3477 ab
3262 3427 3504 3491 ipsorum
3550 3431 3675 3479 omni
3726 3439 3818 3477 esse.

2257 3517 2401 3565 saepe
2436 3503 2581 3553 omni
2628 3513 2840 3564 genere,
2884 3511 3095 3561 semper
3144 3504 3255 3548 tota
3304 3503 3622 3563 proprietate
3665 3501 3821 3549 diversa

2257 3580 2399 3623 sunt.
2466 3573 2593 3631 Quae
2666 3571 2879 3632 proprie
2953 3569 3249 3619 secundum
3308 3573 3742 3635 participationem,
3786 3572 3820 3615 et

2257 3649 2404 3697 nullo
2434 3645 2595 3695 modo
2626 3642 2918 3692 secundum
2942 3655 3016 3699 se,
3050 3641 3102 3690 id
3133 3647 3213 3691 est
3234 3647 3493 3706 tanquam
3523 3658 3627 3693 esse
3667 3643 3719 3692 de
3754 3641 3821 3689 illis

2256 3719 2527 3768 dicuntur.
2563 3715 2729 3775 iUude
2774 3719 2914 3762 recte
2966 3715 3073 3762 ait:
3120 3715 3189 3763 Ea
3234 3728 3357 3777 quae
3406 3720 3548 3773 sunt,
3591 3719 3629 3766 si
3668 3712 3822 3778 panici.

2258 3789 2473 3852 patione
2529 3790 2657 3834 sunt
2708 3785 2869 3841 bona,
2921 3783 3070 3832 nullo
3114 3785 3273 3833 modo
3325 3802 3420 3849 per
3459 3802 3534 3849 se,
3574 3787 3620 3835 id
3658 3791 3720 3833 est
3742 3795 3818 3834 aut.

2256 3873 2417 3920 quam
2471 3862 2599 3906 sunt
2651 3853 3015 3911 subsistentia,
3075 3854 3217 3904 bona
3272 3862 3420 3906 sunt.
3479 3857 3619 3918 Quod
3644 3852 3820 3913 exemplo

2256 3931 2601 3981 manifestum
2650 3943 2765 3977 esse
2806 3932 2998 3990 potest.
3032 3929 3161 3977 Nam
3205 3932 3350 3993 quod
3384 3932 3746 3995 participatione
3766 3932 3821 3976 est
3918 3980 3919 3999 γ

2253 4003 2451 4058 album,
2497 4000 2639 4063 quod
2676 4000 2858 4062 utique
2904 4004 2984 4047 est
3016 4013 3176 4049 omne
3226 4001 3409 4051 album
3446 4017 3458 4051 :
3512 4002 3679 4052 albedo
3716 4000 3815 4047 enim

2254 4074 2319 4123 de
2383 4072 2727 4123 subsistente,
2797 4073 2854 4117 ut
2917 4070 3166 4119 accidens
3233 4072 3480 4135 ejusdem
3538 4070 3819 4123 subsistentia

2255 4144 2591 4208 praedicatur.
2624 4155 2719 4203 per
2746 4154 2803 4188 se
2835 4140 3083 4189 videlicet
3136 4144 3190 4190 iu
3247 4157 3313 4192 eo
3369 4147 3514 4208 quod
3562 4148 3709 4207 ipsum
3752 4145 3819 4191 est.

2252 4215 2355 4264 hoc
2389 4216 2472 4263 est
2517 4226 2615 4262 sua
2671 4225 2777 4275 qua
2819 4211 2995 4273 ipsum
3038 4218 3120 4261 est
3165 4214 3535 4273 subsistentia,
3566 4217 3714 4265 album
3744 4222 3817 4259 non

2252 4291 2348 4336 est.
2412 4284 2614 4334 Albedo
2677 4283 2819 4331 enim
2866 4295 3206 4347 nequaquam
3250 4286 3360 4335 albi
3394 4286 3713 4336 subsistentia
3747 4286 3819 4335 est;

2253 4364 2306 4408 et
2333 4361 2399 4407 de
2450 4357 2656 4406 caeteris
2680 4369 2801 4418 quas
2837 4356 2911 4403 illi
2942 4358 3083 4418 quod
3118 4364 3198 4407 est
3246 4373 3364 4409 esse
3411 4361 3662 4419 accidunt,
3692 4353 3816 4420 quali-

500 4428 651 4474 neret
679 4423 1036 4480 ratiocinatio,
1069 4422 1223 4485 juxta
1274 4420 1547 4471 Ciceronis
1594 4429 1922 4487 praeceptum
1985 4428 2145 4492 hujus
2174 4426 2219 4489 D
2252 4430 2469 4489 tatibus,
2507 4427 2694 4475 eodem
2730 4426 2889 4474 modo
2920 4426 3332 4491 intelligendum
3367 4436 3468 4480 est.
3512 4431 3729 4481 Similiter

498 4508 842 4558 consequens
890 4493 1069 4554 infert,
1121 4498 1174 4542 et
1220 4494 1337 4542 ait:
1392 4495 1733 4557 Quaecunque
1787 4498 1951 4560 igitur
2000 4506 2143 4558 sunt,

497 4566 613 4629 ipsa
637 4567 781 4615 bona
809 4570 937 4615 sunt
966 4567 1095 4626 ;sed
1127 4566 1229 4615 hoc
1259 4565 1556 4623 inferendo,
1587 4568 1813 4629 primam
1844 4568 1899 4617 in
1950 4571 2139 4621 eodem

494 4638 613 4700 ipso
644 4638 836 4700 repetit
866 4637 1306 4701 pr0positionem,
1356 4637 1539 4685 dicens
1581 4651 1592 4685 :
1644 4639 1773 4697 Quae
1822 4641 1887 4689 ad
1938 4642 2137 4693 bonum

491 4711 744 4761 tendunt.
774 4711 1080 4761 Notandum
1112 4715 1194 4759 est
1225 4711 1383 4773 hujus
1405 4711 1827 4761 ratiocinationis
1848 4716 2138 4767 necessita-

493 4787 597 4831 tem
631 4796 691 4830 ex
727 4782 901 4845 prima
926 4788 1083 4845 atque
1114 4796 1176 4831 ex
1207 4795 1352 4831 nona
1381 4782 1565 4844 regula
1607 4797 1740 4833 esse.
1794 4786 1943 4843 Quod
1993 4788 2135 4838 enim

488 4852 563 4902 ait
613 4857 763 4903 tenet
811 4855 1112 4903 communis
1160 4854 1431 4902 sententia
1503 4853 1801 4914 doctorum,
1878 4861 2134 4922 tanquam

486 4925 679 4973 modus
708 4926 1020 4987 suppositus
1055 4929 1135 4974 est
1184 4923 1255 4972 illi
1310 4924 1491 4985 primm
1539 4926 1741 4987 regulas
1782 4941 1889 4988 qua
1932 4929 2134 4981 dictum

489 5000 604 5045 est:
644 4994 953 5043 Communis
974 4993 1141 5044 animi
1173 4995 1451 5056 conceptio
1500 5000 1578 5043 est
1625 4998 1929 5049 enuntiatio
1977 5015 2134 5064 quam

490 5068 716 5129 quisque
766 5066 958 5127 probat
1004 5068 1263 5115 auditam.
1307 5064 1614 5128 Assumptio
1662 5082 1790 5117 vero
1839 5084 1943 5131 qua
1978 5072 2133 5135 dixit,

489 5151 646 5186 omne
682 5142 859 5185 autem
892 5138 1066 5185 tendit
1093 5138 1156 5186 ad
1190 5136 1381 5197 simile,
1420 5136 1481 5184 ad
1520 5136 1666 5186 illam
1718 5145 1923 5201 partem
1973 5157 2133 5195 nonae

483 5208 681 5270 regulae
712 5212 934 5270 spectat,
966 5223 1072 5271 qua
1100 5210 1301 5257 dictum
1333 5212 1452 5258 est:
1485 5208 1785 5259 Similitndo
1816 5226 1941 5262 vero
1969 5228 2134 5279 appe-

482 5279 643 5327 tenda
674 5283 771 5328 est.

542 5350 645 5397 Sed
698 5350 1150 5410 quemadmodum,
1183 5348 1326 5415 etc.]
1375 5349 1695 5408 Qumstionis
1734 5358 1938 5413 partem
1991 5357 2129 5407 illam

480 5433 601 5483 quas
632 5426 753 5469 est:
790 5422 865 5469 Ea
895 5435 1013 5484 quae
1043 5427 1188 5476 sunt,
1225 5422 1367 5469 bona
1419 5425 1561 5475 sunt,
1610 5421 1886 5485 hucusque
1940 5430 2131 5488 proba-

474 5490 566 5540 vit.
618 5493 769 5541 Nunc
818 5493 1119 5555 ingreditur
1180 5493 1547 5541 demonstrare
1622 5499 1820 5554 partem
1894 5499 2127 5560 alteram,

474 5576 594 5626 quae
626 5566 709 5611 est
739 5579 752 5614 :
786 5565 855 5612 Ea
890 5578 1009 5627 quas
1042 5568 1185 5619 sunt,
1236 5563 1379 5611 bona
1433 5576 1540 5610 non
1590 5568 1733 5612 sunt.
1783 5566 1946 5625 Quasi
1976 5585 1989 5619 :
2055 5573 2132 5623 Ea

478 5646 601 5696 quas
633 5634 864 5684 tendunt
896 5635 960 5684 ad
991 5633 1212 5696 bonum,
1244 5634 1387 5682 bona
1407 5637 1550 5681 sunt.
1596 5634 1699 5683 Sed
1745 5636 2128 5700 inquirendum

469 5708 553 5753 est
618 5704 1075 5767 quemadmodum
1148 5704 1258 5753 sint
1325 5704 1487 5760 bona,
1556 5702 1827 5766 videlicet,
1881 5714 2131 5763 utrumne

471 5774 913 5836 participatione,
972 5788 1041 5825 an
1096 5774 1417 5829 substantia.
1474 5774 1571 5825 Hic
1617 5777 1971 5832 substantiam
2018 5785 2135 5836 vult

2256 4508 2343 4551 tur
2372 4516 2432 4550 ea
2464 4514 2584 4562 quas
2615 4503 2759 4555 sunt,
2785 4497 2828 4547 si
2862 4512 2924 4547 ea
2954 4512 3113 4562 quam
3133 4502 3296 4552 modo
3354 4502 3576 4566 intelligi
3616 4503 3818 4552 volumus,

2256 4575 2358 4623 hoc
2414 4578 2496 4621 est
2553 4569 2869 4621 occidentali
2923 4571 3339 4635 participatione
3392 4581 3521 4625 sunt
3545 4577 3702 4625 bona:
3736 4570 3815 4631 ipsi

2251 4658 2348 4707 per
2377 4658 2453 4701 se,
2485 4643 2536 4691 id
2569 4648 2647 4692 est
2686 4656 2746 4691 ea
2780 4656 2900 4704 quas
2945 4642 3186 4704 ipsorum
3234 4648 3577 4697 subsistentia
3620 4642 3815 4701 intelliga-

2250 4720 2356 4771 tur,
2387 4714 2537 4764 nullo
2563 4711 2721 4761 modo
2751 4713 2893 4761 bona
2922 4718 3065 4763 sunt.
3097 4715 3220 4763 Etsi
3242 4716 3345 4767 hoc
3375 4724 3474 4777 est,
3505 4724 3561 4767 ut
3580 4720 3726 4780 utique
3748 4714 3811 4763 est.

2249 4785 2394 4848 quod
2425 4799 2485 4834 ea
2515 4798 2635 4847 quae
2664 4788 2806 4839 sunt,
2842 4797 2949 4832 non
2981 4798 3076 4846 per
3109 4799 3164 4834 se
3193 4788 3335 4837 bona
3365 4796 3522 4838 sunt:
3567 4801 3660 4837 non
3700 4784 3811 4847 igitur

2248 4856 2314 4905 ad
2359 4856 2504 4904 illum
2556 4868 2823 4903 summum
2869 4854 3089 4911 bonum,
3135 4860 3280 4920 quod
3328 4874 3453 4911 vere
3480 4875 3570 4923 per
3600 4859 3809 4909 sebonnm

2249 4931 2345 4982 est,
2378 4925 2624 4975 tendunt.
2661 4926 2752 4973 Hic
2796 4938 3011 4988 quoque
3046 4928 3343 4978 notandum
3390 4922 3493 4991 est,
3518 4945 3575 4979 ex
3604 4926 3751 4983 tertia,
3774 4922 3810 4968 el

2247 5003 2475 5061 quartae,
2525 5000 2578 5045 et
2619 5001 2779 5044 sextae
2818 4998 3017 5059 regula:
3068 4996 3388 5060 quibusdam
3462 5000 3692 5065 partibus.
3728 4999 3806 5042 ω’

2247 5082 2409 5132 quam
2442 5081 2504 5117 ex
2534 5066 2887 5115 rationalibus
2924 5066 3057 5115 locis
3097 5068 3381 5119 deductam
3430 5086 3542 5121 esse
3579 5075 3623 5120 et
3660 5066 3809 5115 divisio-

2246 5154 2387 5200 nem,
2437 5152 2542 5201 qua
2587 5136 2752 5186 dixit:
2798 5140 2877 5185 An
2922 5138 3330 5202 participatione
3376 5157 3446 5192 an
3485 5139 3737 5192 substantia
3767 5145 3806 5181 ει

2245 5225 2367 5274 quae
2412 5215 2555 5269 sunt,
2604 5211 2746 5257 bona
2785 5214 2913 5258 sunt
2946 5225 2958 5267 ;
2991 5215 3044 5259 et
3091 5217 3554 5276 consequentiam,
3597 5225 3695 5277 qua
3734 5207 3804 5255 cili

2243 5282 2296 5330 Si
2348 5278 2773 5346 participatione,
2806 5294 2901 5341 per
2958 5281 3132 5343 seipsa
3192 5284 3342 5333 nullo
3386 5287 3541 5335 modo
3569 5286 3689 5334 bona
3708 5278 3804 5346 sunt

2242 5342 2395 5412 Quod
2455 5352 2597 5400 enim
2662 5350 2804 5398 aliud
2872 5352 2940 5399 sit
2996 5342 3059 5401 ex
3116 5356 3524 5418 participatione
3572 5367 3681 5411 esse,
3704 5342 3801 5397 aliud

2242 5437 2369 5473 vero
2405 5437 2467 5471 ex
2501 5419 2821 5477 substantia,
2855 5424 3137 5473 manifeste
3165 5425 3347 5475 docuit
3378 5429 3433 5475 in
3470 5427 3613 5476 tertia
3657 5419 3803 5484 result,

2241 5494 2466 5544 dicens:
2518 5493 2603 5541 Fit
2650 5492 2986 5554 participatio
3047 5508 3167 5545 cum
3225 5497 3429 5560 aliquid
3472 5500 3575 5562 jam
3595 5488 3802 5551 est;atil

2243 5570 2434 5630 quarto
2485 5563 2577 5613 ubi
2620 5562 2731 5634 ait:
2780 5564 2833 5612 Id
2888 5565 3033 5627 quod
3064 5571 3145 5616 est
3186 5567 3383 5618 habere
3420 5568 3623 5634 aliquid.
3660 5562 3799 5634 prem

2236 5650 2405 5700 quam
2437 5636 2584 5699 quod
2614 5633 2793 5697 ipsum
2823 5639 2922 5693 est,
2972 5642 3167 5699 potest.
3193 5638 3258 5687 Et
3277 5640 3330 5689 in
3362 5640 3465 5690 ﬂue
3508 5631 3650 5689 sextae
3676 5631 3799 5683 :Cnm

2236 5717 2302 5767 de
2350 5715 2499 5768 omni
2546 5715 2694 5787 quod
2741 5718 2839 5777 est,
2870 5716 3099 5787 loquens
3128 5719 3276 5771 dixit.
3296 5719 3392 5772 Est
3418 5733 3542 5771 vero
3559 5722 3612 5769 ut
3633 5706 3797 5787 per“?

2235 5791 2326 5852 pet
2362 5788 2468 5839 alio
2518 5785 2774 5850 quolibet.
2832 5786 2936 5838 Sed
2995 5790 3142 5854 quod
3197 5805 3262 5843 ex
3300 5789 3629 5857 consequenti
3653 5781 3793 5851 priori!
