4030 6186
105 222 270 278 1325

1209 217 1531 275 GILBERTI
1570 215 1911 272 PORRETE
1953 216 2485 274 COMMENTARIA.

3407 231 3548 287 1326

101 345 540 407 consequentia
572 343 629 393 in
661 344 902 393 secunda
933 344 1121 394 intulit
1154 359 1166 392 :
1206 345 1323 394 Non
1378 343 1542 408 igitur
1589 344 1652 391 ad
1704 343 1792 390 bo-
1825 349 1873 412 Î‘
1908 341 2045 391 sicut
2076 343 2276 393 dictum
2312 349 2544 406 est,quze
2569 358 2676 395 non
2701 349 2911 397 tantum
2934 349 3078 399 bona
3100 355 3245 410 sunt,
3277 353 3368 402 sed
3392 356 3549 404 etiam

103 432 257 466 num
293 417 548 479 tendunt,
582 420 792 476 spectat
820 416 886 464 ad
936 430 1094 465 nonae
1152 417 1351 478 regulas
1396 414 1621 477 primam
1671 427 1790 476 par-

105 495 257 544 tem,
292 503 411 551 quas
450 493 528 536 est
559 502 571 535 :
599 486 787 535 Omnis
817 487 1094 536 diversitas
1128 487 1352 535 discors.

185 560 301 608 Sed
332 573 644 614 concessum,
683 558 838 622 etc.]
894 559 1032 607 Dixit
1077 561 1222 621 quod
1273 573 1333 606 ea
1382 571 1503 620 quas
1555 562 1698 611 sunt,
1751 554 1792 602 si

107 628 553 692 participatione
585 629 728 676 bona
759 633 900 683 sunt,
931 641 1028 690 per
1059 629 1236 689 seipsa
1283 627 1426 676 bona
1477 639 1586 673 non
1650 627 1792 680 sunt,

111 705 173 750 et
209 703 257 749 si
297 715 390 763 per
421 701 596 762 seipsa
626 698 769 748 bona
799 713 906 748 non
938 705 1083 755 sunt,
1134 713 1242 747 non
1295 699 1526 747 tendunt
1579 697 1644 746 ad
1696 697 1796 744 bo-

117 787 288 822 num.
325 771 482 819 Nunc
533 773 760 819 assumit
805 772 1111 833 oppositum
1165 771 1335 818 ultimi
1397 766 1795 831 consequentis,

113 854 178 894 et
218 845 298 892 ait
331 859 343 891 :
375 843 476 892 Sed
511 843 742 891 tendunt
792 843 855 890 ad
907 842 1126 890 bonum.
1177 841 1284 889 Nec
1337 841 1436 888 hoc
1481 840 1795 901 probatione

114 919 272 980 eget,
337 913 426 977 qui
474 915 606 977 jam,
660 915 850 975 inquit,
899 913 1180 961 doctorum
1242 925 1472 975 quorum
1542 910 1654 958 haec
1719 913 1799 957 est

115 988 410 1036 sententia
441 984 742 1033 communis
799 983 1154 1046 irrefragabili
1203 985 1517 1032 auctoritate
1575 993 1798 1029 conces-

119 1071 255 1107 sum
287 1061 386 1115 est,
425 1056 516 1104 ubi
544 1056 609 1104 ad
644 1056 984 1117 probandum
1015 1055 1158 1117 quod
1194 1068 1257 1103 ea
1288 1067 1407 1117 quas
1465 1056 1606 1111 sunt,
1656 1052 1800 1100 bona

117 1133 283 1190 sunt,
321 1128 609 1178 inductum
644 1133 744 1176 est.

194 1200 318 1248 Non
369 1200 551 1262 igitur,
607 1203 706 1248 etc.
751 1200 765 1260 ]
815 1198 914 1247 Hic
972 1198 1492 1260 argumentationem
1552 1195 1800 1257 opposito

121 1272 340 1334 prioris
372 1270 743 1318 antecedentis
776 1269 1142 1318 concludentis
1177 1282 1190 1325 ;
1217 1269 1366 1330 quasi
1393 1281 1404 1314 :
1430 1268 1502 1314 Ea
1533 1280 1636 1329 qua
1657 1269 1799 1322 sunt,

117 1344 169 1391 si
220 1341 642 1404 participatione
691 1345 834 1388 bona
879 1344 1024 1396 sunt,
1079 1353 1172 1399 per
1243 1340 1424 1400 seipsa
1489 1340 1634 1386 bona
1691 1349 1800 1384 non

120 1417 308 1460 sunt:
342 1417 394 1460 et
428 1412 468 1458 si
499 1425 592 1473 per
623 1409 801 1473 seipsa
855 1412 996 1458 bona
1046 1423 1154 1458 non
1202 1415 1345 1467 sunt,
1401 1421 1510 1456 non
1568 1407 1804 1461 tendum

123 1485 198 1532 ad
235 1485 440 1532 bonum
471 1497 484 1538 ;
519 1482 609 1530 sed
642 1482 873 1530 tendunt
902 1481 967 1528 ad
1000 1482 1199 1529 bonum
1233 1495 1244 1537 ;
1281 1492 1389 1528 non
1424 1477 1590 1540 igitur
1635 1474 1802 1539 parti-

126 1552 412 1616 cipatione
443 1554 586 1600 bona
633 1557 778 1607 sunt,
829 1559 922 1599 seu
978 1551 1156 1612 potius
1203 1550 1521 1608 substantia,
1573 1549 1675 1596 hoc
1725 1548 1806 1594 est

129 1621 496 1673 subsistentia
545 1637 558 1672 :
609 1623 864 1684 quoniam
919 1621 1052 1669 nihil
1104 1626 1186 1670 est
1229 1621 1465 1668 medium
1514 1620 1654 1667 inter
1708 1617 1805 1665 has

131 1695 300 1750 duas.
336 1706 520 1742 eorum
553 1706 679 1755 quae
710 1692 774 1739 de
817 1691 1060 1755 quolibet
1109 1691 1434 1739 subsistente
1490 1689 1805 1736 naturaliter

133 1767 422 1824 dicuntur,
457 1767 712 1814 rationes.
744 1763 1013 1826 Quidquid
1053 1763 1195 1811 enim
1246 1762 1561 1811 naturaliter
1589 1760 1654 1808 de
1691 1761 1805 1820 ipso

137 1839 364 1896 dicitur,
398 1842 490 1885 aut
524 1842 580 1884 ut
633 1838 748 1898 ejus
803 1850 917 1884 esse
971 1836 1292 1896 praedicatur
1339 1837 1402 1881 de
1451 1833 1557 1888 illo,
1606 1836 1696 1880 aut
1742 1843 1804 1879 ea

136 1923 269 1971 qum
301 1909 443 1956 dicta
474 1912 555 1955 est
582 1905 1018 1969 participatione.
1079 1905 1309 1966 ideoque
1352 1904 1564 1952 bonitas
1611 1903 1652 1949 si
1698 1914 1802 1950 non

140 1978 567 2043 participatione
617 1991 833 2027 necesse
892 1980 972 2025 est
1023 1976 1346 2038 praedicetur
1399 1981 1457 2024 ut
1501 1988 1635 2030 esse,
1667 1987 1803 2036 quo-

137 2065 270 2100 rum
303 2065 430 2099 vero
463 2048 768 2098 substantia
798 2049 940 2096 bona
970 2053 1066 2102 est,
1113 2047 1164 2095 id
1225 2051 1304 2095 est
1333 2059 1562 2109 quorum
1596 2045 1805 2093 bonitas

141 2127 232 2172 est
265 2121 632 2180 subsistentia,
667 2120 718 2168 id
750 2119 892 2182 quod
930 2122 1074 2172 sunt,
1112 2118 1254 2166 bona
1285 2122 1428 2172 sunt,
1461 2118 1511 2164 id
1546 2119 1644 2170 est,
1705 2114 1806 2162 bo-

147 2195 297 2241 nitas
327 2199 407 2241 est
436 2193 487 2240 id
515 2193 661 2254 quod
714 2195 857 2239 sunt.
909 2189 965 2238 Id
1020 2189 1161 2250 quod
1206 2193 1330 2236 sunt
1378 2192 1573 2243 autem,
1623 2185 1677 2232 id
1725 2192 1806 2233 est

139 2265 302 2328 quod
342 2269 484 2313 recte
517 2267 582 2311 de
613 2264 690 2312 eis
719 2263 934 2317 dicitur,
984 2267 1127 2316 sunt,
1176 2260 1382 2308 habent
1426 2274 1489 2307 ex
1539 2273 1601 2307 eo
1659 2256 1802 2319 quod

144 2338 366 2386 illorum
422 2341 504 2384 est
551 2349 684 2390 esse,
729 2335 884 2396 juxta
933 2338 1097 2381 sextus
1149 2334 1347 2392 regulas
1398 2335 1600 2392 partem
1658 2329 1802 2376 illam

142 2422 272 2472 quas
305 2413 388 2456 est
418 2420 429 2455 :
462 2406 630 2455 Omne
658 2409 801 2468 quod
833 2409 933 2462 est,
968 2404 1252 2466 participat
1283 2417 1344 2451 eo
1376 2401 1518 2463 quod
1551 2406 1633 2449 est
1687 2412 1802 2448 esse

146 2486 208 2528 ut
241 2479 332 2527 sit.
368 2478 441 2526 Ex
489 2478 570 2524 his
615 2476 776 2539 igitur
823 2475 1212 2523 convenienter
1259 2473 1486 2521 infertur
1533 2472 1672 2534 quod
1719 2472 1806 2518 bo-

145 2564 304 2604 num,
346 2550 399 2597 id
450 2553 530 2597 est
581 2549 794 2595 bonitas
843 2547 978 2606 ipsa,
1025 2557 1146 2606 quas
1189 2543 1449 2591 dicuntur
1489 2542 1649 2597 bona,
1724 2543 1805 2587 est

147 2636 271 2670 esse
302 2624 563 2682 ipsorum.
591 2617 935 2666 Manifestum
969 2619 1050 2663 est
1080 2617 1240 2677 igitur
1272 2615 1414 2676 quod
1449 2617 1647 2660 bonum
1705 2616 1801 2665 est,

146 2694 332 2755 ipsum
368 2706 484 2740 esse
516 2692 756 2739 omnium
788 2703 986 2748 rerum,
1013 2688 1065 2734 id
1099 2691 1180 2734 est
1229 2690 1370 2748 quod
1423 2686 1632 2733 bonitas
1689 2698 1804 2732 om-

151 2767 307 2811 nium
337 2763 401 2810 de
431 2760 630 2824 quibus
660 2760 999 2822 praedicatur,
1032 2763 1112 2805 est
1159 2769 1291 2804 esse.
1341 2757 1440 2804 Sed
1490 2756 1532 2802 si
1583 2757 1801 2811 bonum,

151 2835 208 2883 id
245 2836 346 2888 est,
379 2835 608 2891 bonitas,
639 2845 747 2894 qua
776 2845 836 2878 ea
866 2842 985 2890 quae
1032 2833 1160 2876 sunt
1206 2829 1350 2875 bona
1396 2827 1665 2881 dicuntur,
1725 2830 1806 2874 est

150 2918 342 2954 eorum
372 2917 504 2958 esse,
537 2908 667 2950 tunc
697 2916 758 2949 ea
785 2913 905 2963 qua:
937 2903 1078 2952 sunt,
1112 2900 1253 2946 bona
1301 2901 1445 2952 sunt,
1491 2899 1564 2945 ita
1613 2899 1672 2944 ut
1721 2896 1806 2943 di-

147 2981 344 3025 cantur
392 2987 500 3023 non
550 2973 862 3035 simpliciter
904 2976 1132 3024 tantum,
1191 2972 1335 3017 bona
1393 2974 1538 3028 sunt,
1618 2982 1802 3016 verum

147 3051 314 3097 etiam
346 3061 465 3094 cum
499 3046 822 3108 adjectione,
855 3042 928 3092 ita
958 3043 1101 3091 bona
1135 3046 1278 3098 sunt,
1312 3041 1366 3088 in
1397 3055 1460 3090 eo
1491 3042 1634 3103 quod
1658 3045 1800 3089 sunt.

150 3120 310 3177 Quod
344 3133 464 3166 vere
495 3117 637 3165 aliud
669 3121 765 3171 est,
799 3128 956 3177 quam
988 3113 1031 3161 si
1065 3114 1140 3161 ita
1170 3112 1476 3160 dicerentur
1525 3113 1683 3168 bona,
1745 3115 1804 3159 ut

150 3206 266 3241 non
300 3194 479 3254 posset
507 3190 628 3237 addi
662 3190 715 3236 in
755 3202 817 3237 eo
849 3186 993 3249 quod
1025 3189 1167 3241 sunt,
1217 3185 1513 3233 secundum
1563 3185 1809 3246 quintam

153 3268 417 3327 regulam,
449 3277 569 3326 quae
603 3267 718 3310 est:
753 3262 1032 3309 Diversum
1069 3263 1150 3306 est
1183 3263 1392 3306 tantum
1426 3271 1540 3305 esse
1587 3258 1810 3320 aliquid,

150 3344 207 3385 et
231 3349 346 3384 esse
376 3334 576 3396 aliquid
607 3335 661 3381 in
692 3347 756 3381 eo
787 3331 932 3394 quod
969 3335 1082 3388 est;
1114 3343 1358 3391 quamVis
1387 3329 1526 3391 quod
1586 3329 1808 3384 dicitur,

151 3410 212 3456 in
245 3421 308 3455 eo
336 3405 479 3468 quod
511 3409 607 3459 est,
639 3404 866 3451 diversis
924 3402 1099 3449 modis
1147 3399 1510 3461 intelligatur;
1553 3397 1814 3447 videlicet

153 3477 287 3540 quid
319 3479 386 3524 sit
409 3474 624 3538 quidem
657 3488 790 3533 esse,
823 3472 916 3520 sed
953 3471 1038 3519 vel
1069 3472 1213 3533 quod
1246 3473 1314 3518 sit
1361 3484 1474 3517 esse
1523 3470 1694 3540 ipsius
1746 3471 1811 3518 de

156 3563 268 3611 quo
300 3548 660 3611 praedicatur:
697 3551 752 3592 ut
800 3558 918 3592 cum
978 3555 1114 3605 opus
1158 3542 1350 3589 dicitur
1399 3555 1596 3589 aereum
1659 3539 1714 3588 in
1747 3555 1810 3590 eo

160 3621 309 3682 quod
339 3623 434 3677 est,
470 3618 552 3666 vel
585 3618 726 3678 quod
759 3617 828 3663 sit
858 3628 972 3663 esse
1007 3613 1166 3669 illius,
1199 3626 1306 3674 quo
1338 3618 1555 3660 auctore
1585 3617 1637 3659 et
1693 3625 1810 3660 esse

161 3689 337 3753 ipsius
363 3695 458 3745 est,
487 3689 632 3751 quod
663 3687 866 3750 aliquid
903 3690 1003 3743 est,
1054 3690 1106 3732 et
1155 3685 1331 3746 ipsum
1386 3686 1527 3745 quod
1580 3689 1659 3732 est
1715 3685 1808 3732 ali-

163 3763 295 3826 quid
333 3776 345 3811 :
384 3767 439 3810 ut
469 3775 588 3809 cum
626 3774 761 3822 Opus
795 3759 990 3807 dicitur
1018 3758 1314 3805 humanum
1349 3756 1401 3802 in
1432 3770 1494 3804 eo
1534 3757 1677 3818 quod
1709 3760 1805 3805 est.

156 3835 222 3883 in
258 3847 361 3896 quo
397 3833 524 3881 illud
558 3833 848 3891 diligenter
879 3835 959 3878 est
987 3827 1392 3881 attendendum,
1426 3829 1566 3888 quod
1608 3842 1726 3875 cum
1753 3828 1804 3875 id

157 3906 306 3970 quod
354 3905 675 3966 prtedicatur
726 3901 870 3949 illius
920 3907 998 3948 est
1047 3913 1160 3948 esse
1210 3900 1273 3947 de
1332 3899 1802 3970 quoprredicatur,

161 3967 224 4026 ut
249 3977 302 4023 in
333 3988 392 4023 eo
425 3975 570 4035 quod
603 3972 801 4021 dicitur
833 3985 970 4033 opus
1001 3977 1082 4018 est
1109 3983 1326 4022 aereum,
1357 3967 1459 4016 dici
1498 3975 1804 4031 potest,non

156 4049 322 4097 modo
375 4061 511 4108 opus
559 4050 639 4093 est
685 4057 886 4092 ieieum
936 4045 987 4090 iii
1037 4056 1100 4090 eo
1151 4041 1292 4103 quod
1339 4045 1436 4096 est,
1495 4043 1586 4088 sed
1646 4041 1804 4090 etiam

157 4120 313 4183 operi
365 4119 505 4167 idem
553 4121 632 4166 est
680 4130 816 4170 esse,
868 4116 1012 4177 quod
1063 4127 1259 4162 ereum
1310 4127 1444 4162 esse.
1514 4113 1619 4162 Nec
1685 4113 1805 4162 dico

160 4192 316 4254 operi
352 4193 486 4239 idem
517 4193 597 4239 est
629 4203 827 4238 aereum
861 4202 974 4236 esse
1008 4187 1148 4250 quod
1207 4201 1338 4243 esse,
1395 4186 1486 4234 sed
1533 4187 1669 4234 idem
1728 4191 1807 4236 est

157 4278 299 4322 esse,
330 4263 466 4326 quod
500 4276 616 4310 esse
647 4275 844 4310 ereum
877 4273 887 4306 :
925 4260 1178 4321 quoniam
1215 4257 1268 4304 id
1296 4270 1402 4320 quo
1461 4261 1540 4305 est
1588 4271 1804 4314 aereum,

157 4349 274 4384 non
312 4342 388 4383 est
419 4338 590 4383 totum
621 4348 756 4391 esse,
789 4333 887 4381 etsi
920 4335 1092 4381 totuin
1127 4329 1196 4377 sit
1226 4344 1358 4377 esse.
1391 4329 1614 4390 Semper
1661 4328 1803 4378 enim

158 4411 333 4458 totum
363 4407 571 4469 generis
604 4411 686 4454 est
715 4405 870 4459 illius,
915 4404 1069 4465 cujus
1115 4403 1330 4464 generis
1377 4407 1473 4455 est,
1525 4415 1658 4461 esse,
1712 4403 1803 4449 sed

161 4492 434 4540 nunquam
473 4483 553 4525 est
579 4481 746 4525 totum
783 4488 918 4533 esse,
954 4475 1205 4536 quoniam
1239 4473 1355 4534 ejus
1385 4475 1598 4532 generis
1629 4472 1807 4534 plures

164 4551 352 4599 divisas
384 4548 656 4611 potentias.
706 4548 812 4595 imo
862 4560 1050 4594 omnes
1101 4559 1222 4607 quae
1270 4559 1387 4592 cum
1440 4543 1556 4607 ipso
1613 4557 1808 4607 genere

165 4618 400 4683 speciem
454 4623 808 4682 componunt,
858 4618 974 4679 ejus
1022 4617 1176 4677 cujus
1225 4619 1276 4662 et
1337 4616 1510 4676 ipsum
1576 4616 1807 4676 generis,

170 4695 304 4741 sunt
351 4707 479 4741 esse.
532 4693 714 4753 itaque
769 4691 810 4737 si
863 4689 1076 4736 bonitas
1115 4691 1195 4734 est
1242 4701 1357 4734 esse
1403 4688 1641 4749 ipsorum
1693 4700 1812 4748 quis

165 4765 312 4811 bona
342 4767 652 4818 sunt,recte
695 4761 761 4809 de
813 4759 942 4822 ipsis
996 4756 1208 4812 dicitur,
1260 4762 1386 4806 sunt
1436 4757 1595 4812 bona,
1647 4757 1700 4804 in
1752 4770 1814 4804 eo

167 4834 312 4897 quod
341 4840 482 4883 sunt.
515 4833 677 4895 idque
707 4834 799 4890 ita,
831 4829 975 4893 quod
1027 4827 1129 4876 illis
1178 4827 1317 4876 idem
1367 4842 1481 4876 esse
1528 4829 1671 4891 quod
1729 4828 1817 4875 bo-

167 4909 257 4957 nis
286 4922 413 4968 esse,
446 4908 496 4956 id
530 4911 628 4961 est,
659 4905 802 4967 quod
836 4905 979 4952 bona
1012 4915 1127 4950 esse
1157 4917 1169 4959 ;
1198 4902 1278 4949 sic
1325 4901 1466 4950 enim
1518 4900 1818 4963 intelligen-

169 4981 297 5029 dum
331 4985 404 5028 est
433 4995 442 5027 :
472 4978 718 5042 quamvis
749 4988 964 5024 casuum
1002 4976 1214 5022 servata
1263 4971 1615 5021 similitudine
1665 4973 1820 5021 bonis

174 5052 406 5106 disserit,
443 5049 581 5098 sicut
611 5049 714 5097 illis
745 5046 1040 5096 secundum
1074 5043 1202 5092 illud
1237 5057 1247 5091 :

641 5118 999 5167 Mediocribus
1029 5129 1146 5164 esse
1184 5116 1356 5178 poetis

268 5185 378 5233 Non
409 5183 480 5240 di,
516 5197 624 5232 non
660 5181 924 5236 homines,
963 5195 1068 5228 non
1103 5177 1418 5227 concessere
1464 5177 1728 5226 Camenas.

173 5265 420 5325 Quamvis
455 5265 598 5312 enim
632 5276 826 5310 sensus
857 5260 944 5315 sit,
979 5274 1085 5310 non
1123 5272 1434 5308 concessere
1485 5257 1658 5320 poetis
1711 5271 1824 5305 me-

177 5342 381 5388 diocres
410 5351 545 5394 esse,
580 5340 758 5384 tamen
792 5335 937 5384 casui
966 5333 1217 5386 reddens.
1252 5331 1401 5388 dixit,
1445 5330 1823 5392 mediocribus,

177 5412 317 5460 sicut
348 5407 506 5467 dixit,
543 5406 734 5470 Poetis.

239 5478 609 5528 Substantiulia
679 5477 865 5540 igitur.
916 5474 934 5540 ]
981 5473 1137 5532 Quasi
1209 5489 1221 5521 :
1267 5473 1710 5537 Quandoquidem
1767 5487 1829 5521 ea

177 5565 296 5616 quas
329 5555 462 5602 sunt.
495 5549 569 5598 ita
604 5551 745 5597 bona
777 5550 922 5607 sunt,
958 5546 1102 5609 quod
1139 5559 1246 5593 non
1280 5545 1437 5593 modo
1469 5545 1519 5592 in
1571 5559 1632 5592 eo
1682 5543 1825 5608 quod

180 5629 321 5677 sunt,
351 5623 488 5671 bona
515 5625 660 5672 sunt.
692 5620 785 5668 sed
841 5618 1006 5666 etiam
1071 5616 1212 5664 idem
1259 5618 1332 5663 eis
1379 5620 1459 5663 est
1505 5630 1636 5668 esse.
1687 5616 1826 5678 quod

182 5695 337 5743 bonis
380 5705 534 5742 esse:
585 5691 750 5755 igitur
786 5693 913 5738 sunt
968 5687 1346 5737 substantialis
1400 5687 1558 5746 bona,
1623 5687 1676 5734 id
1732 5693 1829 5741 est,

181 5766 388 5818 bonitas
415 5764 479 5815 ds
510 5762 618 5830 illis
648 5761 974 5825 pradicatur
1024 5758 1459 5810 substantialiter
1494 5772 1507 5808 :
1555 5757 1829 5820 quoniam,

1907 414 1959 485 in
1993 429 2054 463 eo
2090 417 2233 485 quod
2261 421 2403 472 sunt,
2435 417 2576 464 bona
2612 423 2738 466 sunt
2768 431 2782 467 :
2835 423 2888 468 et
2936 421 3038 469 hoc
3089 436 3305 485 quoque
3353 426 3441 481 ita,
3498 433 3556 476 ut

1903 483 2039 558 idem
2071 483 2148 533 eis
2186 487 2254 534 sit
2303 501 2434 542 esse,
2486 488 2630 548 quod
2679 488 2837 538 bonis
2882 504 3018 548 esse,
3071 483 3179 541 non
3232 494 3557 558 participant

1903 555 2162 630 bonitate,
2216 572 2278 604 ea
2329 572 2434 619 qua
2486 559 2688 630 dictum
2741 566 2819 609 est
2863 555 3294 625 participatione,
3357 555 3560 616 scilicet

1902 629 2040 700 sicut
2071 640 2207 700 opus
2237 641 2434 676 aereum
2469 643 2562 676 sua
2597 629 3034 692 triangulatione.
3087 633 3235 691 Quod
3288 638 3330 684 si
3381 638 3558 700 ipsum

1902 695 2127 758 bonum,
2161 698 2212 745 id
2246 703 2340 754 est,
2375 700 2592 748 bonitas
2647 703 2780 762 ipsa,
2834 716 2942 765 qua
2994 704 3138 752 bona
3186 711 3328 765 sunt,
3382 695 3461 755 eâ€”st
3507 709 3560 758 in

1903 769 2217 841 eis__eorum
2280 785 2412 826 esse,
2465 777 2594 820 tunc
2640 787 2823 822 revera
2875 789 2982 823 non
3037 781 3117 824 est
3165 777 3387 826 dubium
3434 781 3561 841 quin

1903 838 2101 886 scilicet
2131 841 2274 902 quod
2300 855 2418 888 cum
2458 843 2586 902 sint,
2617 850 2738 898 etc.,
2772 844 2854 892 vel
2891 847 3020 908 quin
3061 860 3181 894 cum
3238 847 3346 896 sint
3396 838 3558 905 bona,

1905 909 2012 956 sint
2058 909 2250 959 similia
2298 914 2468 974 primo
2515 915 2858 964 substantiali
2916 917 3102 966 bono:
3155 919 3307 980 cujus
3358 919 3564 968 scilicet

1907 980 2117 1028 bonitas
2161 996 2285 1031 vere
2337 988 2417 1032 est
2466 983 2581 1047 ejus
2630 985 2880 1034 essentia.
2935 987 2988 1036 Si
3040 990 3184 1037 enim
3245 991 3456 1038 bonitas
3487 989 3566 1039 sic

1907 1065 2092 1099 eorum
2129 1067 2249 1115 quas
2281 1055 2421 1103 bona
2451 1061 2594 1109 sunt.
2633 1057 2769 1105 sicut
2799 1059 2953 1119 primi
3014 1060 3140 1107 boni
3193 1067 3274 1109 est
3313 1063 3564 1122 essentia,

1908 1122 2252 1172 manifestum
2284 1130 2378 1182 est,
2412 1130 2555 1188 quod
2593 1128 2837 1177 similiter
2885 1134 3008 1178 sunt
3059 1131 3223 1189 bona,
3279 1132 3417 1180 sicut
3460 1131 3564 1194 pri-

1908 1207 2053 1242 mum
2091 1195 2292 1243 bonum
2325 1201 2406 1245 est
2436 1199 2655 1246 bonum.
2708 1201 2781 1248 Ac
2825 1215 2919 1262 per
2973 1201 3089 1258 hoc,
3141 1201 3194 1250 id
3246 1207 3328 1251 est
3370 1217 3566 1252 secun-

1909 1265 2036 1313 dum
2069 1266 2210 1314 hanc
2240 1266 2530 1326 rationem,
2568 1274 2728 1318 erunt
2759 1271 2932 1333 ipsum
2965 1271 3166 1321 bonum
3202 1273 3431 1335 primum
3467 1287 3478 1321 :
3512 1277 3567 1324 et

1910 1338 2051 1384 unde
2083 1335 2203 1394 hoc,
2237 1340 2496 1399 supponit
2526 1351 2538 1387 :
2572 1339 2650 1387 illi
2683 1341 2824 1389 enim
2863 1344 3033 1404 primo
3065 1343 3228 1401 bono,
3261 1344 3398 1392 nihil
3442 1345 3563 1393 sub-

1909 1406 2149 1454 stantiali
2220 1407 2570 1458 similitudine
2639 1411 2810 1460 simile
2860 1417 2944 1460 est
2992 1419 3188 1474 prater
3248 1429 3303 1462 se
3362 1416 3562 1477 ipsum.

1911 1477 2061 1549 Quod
2100 1478 2249 1527 addit
2282 1484 2476 1540 praeter
2532 1494 2588 1529 se
2640 1481 2834 1543 ipsum,
2883 1497 2990 1531 non
3039 1485 3157 1533 ideo
3205 1485 3373 1545 addit,
3422 1486 3566 1549 quod

1910 1547 2038 1596 velit
2068 1549 2296 1610 intelligi
2344 1553 2522 1612 ipsum
2573 1553 2804 1614 primum
2855 1555 3056 1602 bonum
3108 1555 3209 1603 sibi
3257 1547 3453 1618 aliqua'
3489 1571 3567 1605 ra-

1911 1619 2056 1668 tione
2083 1621 2252 1669 simile
2304 1635 2441 1670 esse.
2494 1622 2552 1670 In
2600 1624 2748 1672 nullo
2798 1625 2939 1672 enim
2990 1640 3167 1674 rerum
3219 1640 3412 1689 genere
3468 1628 3567 1676 ali-

1839 1709 1880 1771 B
1915 1689 2048 1771 quid.
2073 1693 2171 1771 sibi
2220 1693 2392 1771 simile
2444 1695 2678 1771 dicitur;
2731 1710 2890 1771 omne
2942 1711 3174 1761 namque
3227 1700 3362 1747 simil
3418 1701 3507 1748 abi
3539 1714 3570 1749 a

1914 1776 1968 1809 se
2009 1763 2182 1811 simile
2216 1769 2314 1812 est.
2348 1764 2458 1813 Nec
2516 1767 2674 1814 modo
2725 1768 2937 1816 diversa
2985 1773 3111 1818 sunt
3160 1783 3280 1832 qua:
3334 1775 3460 1819 sunt
3505 1771 3570 1818 si-

1915 1834 2075 1889 milia,
2106 1837 2196 1882 sed
2233 1837 2391 1884 etiam
2428 1837 2726 1886 secundum
2762 1853 2884 1900 quae
2920 1845 3046 1888 sunt
3075 1840 3287 1888 similia.
3338 1841 3439 1889 Sed
3489 1841 3575 1890 hic

1914 1910 1994 1952 est
2023 1919 2147 1953 usus
2181 1907 2400 1969 quidam
2434 1907 2712 1969 loquendi,
2767 1915 2824 1957 ut
2868 1910 3111 1958 dicamus
3159 1925 3372 1961 summo
3431 1910 3574 1961 bono

1914 1975 2049 2023 nihil
2101 1977 2272 2025 simile
2341 1983 2536 2040 praeter
2602 1977 2800 2041 ipsum,
2851 1982 3094 2030 volentes
3151 1983 3371 2044 intelligi
3435 1981 3572 2032 nihil

1913 2049 2136 2096 omnino
2169 2049 2269 2096 sibi
2303 2050 2474 2097 simile
2506 2064 2640 2098 esse.
2678 2049 2838 2098 Veiut
2868 2053 2908 2099 si
2943 2053 3163 2101 absente
3215 2054 3433 2102 domino
3481 2054 3573 2103 do-

1915 2118 2094 2166 minus
2130 2120 2285 2174 dicat,
2320 2121 2412 2182 qui
2442 2134 2549 2168 non
2601 2125 2684 2169 est
2733 2122 2818 2170 hic
2867 2123 3011 2170 intus
3066 2124 3318 2172 dominus
3377 2130 3576 2187 praeter

1914 2204 1996 2237 me
2025 2191 2166 2248 iQui
2199 2193 2342 2240 enim
2378 2193 2478 2240 hoc
2513 2193 2658 2250 dicit,
2697 2207 2806 2242 non
2866 2195 2980 2242 vult
3029 2194 3252 2258 intelligi
3300 2210 3355 2244 se
3399 2196 3576 2245 domi-

1915 2275 2043 2310 num
2092 2277 2226 2317 esse,
2276 2263 2370 2312 sed
2421 2265 2797 2314 tantummodo
2856 2280 2980 2314 eum
3032 2268 3122 2328 qui
3173 2267 3422 2315 dominus
3496 2282 3577 2326 esi

1913 2331 2116 2381 abesse.
2151 2334 2236 2382 Sic
2269 2332 2436 2397 igitur
2465 2341 2516 2382 et
2549 2333 2648 2383 iste
2687 2335 2888 2392 dicens,
2923 2335 3059 2384 nihil
3092 2343 3172 2385 est
3201 2338 3374 2387 simile
3398 2340 3572 2403 primo

1914 2406 2056 2453 bono
2090 2412 2285 2468 praeter
2340 2407 2596 2467 seipsuni,
2647 2421 2756 2455 non
2803 2409 2920 2456 vult
2967 2409 3211 2472 intelligi,
3261 2412 3401 2472 quod
3458 2412 3570 2474 ipse

1915 2475 2015 2523 sibi
2049 2475 2240 2524 similis
2271 2477 2355 2536 sit,
2390 2478 2479 2524 sed
2515 2478 2658 2540 quod
2713 2477 2790 2526 illi
2841 2479 3188 2528 similitudine
3221 2481 3575 2530 substantiali

1915 2545 2048 2594 nihil
2083 2550 2249 2608 possit
2279 2548 2548 2605 conferri;
2583 2548 2872 2614 potiusque
2905 2552 2946 2598 si
2977 2552 3102 2614 quid
3138 2551 3211 2600 illi
3243 2554 3377 2600 forte
3439 2553 3572 2601 sub-

1914 2620 2235 2666 stantialiter
2286 2621 2459 2666 simile
2510 2621 2741 2676 videtur,
2799 2622 2866 2668 sit
2933 2624 3178 2670 essentia;
3244 2622 3568 2685 proprietate

1914 2690 2057 2751 quod
2095 2687 2270 2749 ipsum
2307 2693 2408 2743 est,
2440 2704 2596 2739 quam
2631 2689 2676 2737 ei
2709 2691 3086 2740 conformitate
3117 2694 3344 2742 diversa
3398 2707 3574 2742 essen-

1914 2759 2000 2806 tia;
2028 2766 2395 2820 comparetur.
2431 2760 2502 2806 Ex
2539 2775 2646 2823 quo
2678 2761 2734 2808 ï¬t
2764 2767 2820 2809 ut
2845 2762 3028 2810 omnia
3058 2777 3177 2824 quas
3229 2773 3372 2821 sunt,
3426 2765 3566 2812 Deus

1913 2830 2036 2876 sint.
2074 2828 2189 2876 Non
2223 2832 2364 2877 enim
2399 2831 2619 2878 dubium
2651 2837 2731 2879 est
2761 2835 2890 2894 quin
2917 2834 2959 2879 si
2993 2833 3099 2880 sint
3146 2833 3280 2880 illud
3335 2836 3567 2896 primum

1913 2901 2132 2955 bonum,
2167 2902 2274 2948 sint
2322 2915 2488 2948 unum
2538 2903 2775 2963 simplex.
2834 2904 2889 2949 ln
2935 2902 3162 2964 septima
3209 2918 3336 2952 vero
3381 2905 3568 2966 regula

1913 2979 2096 3034 aperte
2146 2973 2346 3020 dictum
2393 2979 2472 3021 est
2518 2973 2660 3034 quod
2715 2987 2872 3021 omne
2931 2975 3153 3036 simplex
3214 2989 3328 3024 esse
3387 2990 3568 3036 suum,

1915 3051 1965 3093 et
1996 3043 2048 3093 id
2086 3047 2226 3108 quod
2260 3050 2341 3094 est
2391 3059 2556 3094 unum
2606 3045 2780 3094 habet.
2837 3046 2992 3096 Unde
3049 3053 3250 3096 certum
3303 3053 3383 3097 est
3433 3063 3566 3112 quo-

1927 3117 2068 3162 niam
2101 3115 2145 3163 ei
2179 3115 2319 3177 quod
2353 3121 2432 3164 est
2464 3117 2693 3178 primum
2726 3117 2949 3175 bonum,
2982 3118 3123 3179 quod
3156 3118 3379 3178 simplex
3434 3132 3567 3178 esse,

1926 3186 1990 3233 ab
2023 3186 2273 3234 omnibus
2304 3188 2633 3241 conceditur,
2667 3186 2806 3234 idem
2856 3192 2934 3235 est
2983 3201 3119 3242 esse.
3171 3189 3315 3251 quod
3366 3189 3566 3240 bonum

1924 3269 2036 3303 esse
2071 3268 2080 3302 :
2115 3260 2166 3303 et
2197 3257 2266 3304 ita
2303 3255 2442 3304 idem
2479 3258 2642 3304 Deum
2672 3271 2808 3314 esse,
2840 3257 2982 3319 quod
3029 3257 3260 3306 Bonum.
3309 3258 3458 3317 Quod
3501 3262 3568 3311 de

1923 3327 2163 3386 quolibet
2201 3329 2515 3390 composito,
2553 3329 2635 3375 cui
2687 3329 2984 3376 secundum
3029 3335 3270 3378 octavam
3329 3333 3570 3394 regulam

1921 3397 2062 3444 aliud
2102 3404 2182 3446 est
2215 3411 2350 3456 esse,
2387 3399 2531 3446 aliud
2562 3401 2736 3457 ipsum
2773 3404 2869 3458 est,
2908 3400 3050 3447 dictu
3082 3401 3241 3448 etiam
3277 3402 3424 3450 nefas
3469 3407 3568 3452 est.

1919 3470 2223 3519 Secundum
2249 3472 2345 3521 hoc
2371 3474 2528 3534 igitur
2554 3475 2716 3533 patet,
2748 3473 2890 3534 quod
2924 3487 3029 3522 non
3052 3475 3571 3525 suntsubstantialia

1922 3543 2080 3600 bona,
2114 3546 2163 3592 id
2203 3551 2281 3594 est
2311 3545 2453 3608 quod
2489 3544 2707 3594 minime
2758 3561 2816 3594 ea
2865 3560 2985 3609 quae
3045 3553 3188 3603 sunt,
3240 3550 3566 3598 substantia-

1919 3619 2038 3666 liter
2068 3620 2207 3666 bona
2238 3617 2512 3666 dicuntur.
2550 3619 2626 3666 Ac
2657 3633 2748 3679 per
2785 3620 2884 3668 hoc
2913 3620 3134 3674 bonum.
3175 3620 3227 3668 id
3286 3625 3367 3670 est
3409 3622 3570 3670 boni-

1919 3696 2016 3742 tas,
2063 3704 2167 3752 qua
2221 3705 2335 3738 esse
2378 3691 2520 3738 bona
2569 3690 2946 3751 praidicnntur,
3001 3704 3108 3738 non
3160 3697 3238 3740 est
3287 3693 3340 3740 in
3397 3694 3471 3740 eis
3514 3699 3572 3744 ut

1917 3776 2050 3809 esse.
2085 3761 2310 3809 Videtur
2344 3763 2505 3823 igitur
2535 3762 2677 3824 quod
2707 3775 2813 3810 non
2851 3766 2978 3810 sunt
3008 3763 3149 3810 bona
3197 3764 3248 3811 in
3300 3778 3360 3812 eo
3413 3766 3557 3828 quod

1917 3837 2058 3880 sunt.
2092 3833 2192 3880 Sed
2232 3835 2284 3880 et
2315 3832 2442 3880 illud
2493 3831 2546 3879 in
2597 3833 3022 3894 praecedentibus
3072 3835 3350 3894 probatum
3408 3833 3558 3885 vide-

1917 3906 2004 3950 tur
2035 3918 2046 3953 :
2080 3903 2222 3966 quod
2257 3918 2353 3951 nec
2383 3905 2706 3964 participant
2734 3903 2994 3965 bonitate,
3043 3905 3091 3953 id
3143 3911 3222 3954 est
3270 3907 3414 3968 quod
3461 3921 3562 3957 nec

1916 3974 2231 4022 accideiitali
2308 3973 2718 4036 participatione
2801 3976 2944 4023 bona
3011 3979 3158 4024 sunt.
3213 3977 3366 4025 Nullo
3419 3979 3563 4027 enim

1917 4046 2093 4098 modo,
2127 4044 2265 4093 sicut
2295 4045 2610 4107 [irmdictum
2643 4050 2722 4093 est
2761 4052 2813 4094 et
2843 4047 3073 4107 videtur,
3106 4047 3167 4094 ad
3202 4047 3404 4095 bonum
3444 4054 3567 4096 ten-

1917 4117 2122 4164 derent.
2157 4118 2211 4164 Si
2265 4115 2430 4178 igitur
2485 4132 2584 4164 nec
2630 4116 2947 4174 substantia,
3001 4131 3100 4165 nec
3159 4119 3566 4179 participatione

1915 4193 2041 4234 sunt
2073 4187 2230 4241 bona,
2267 4187 2415 4234 nullo
2447 4187 2604 4233 modo
2655 4192 2779 4233 sunt
2827 4186 2989 4233 bona.
3043 4187 3136 4233 llic
3188 4187 3440 4235 conclusa
3489 4191 3567 4235 est

1917 4257 2083 4307 altera
2133 4272 2254 4319 pars
2295 4255 2630 4318 quaestionis,
2678 4270 2784 4317 qua
2832 4257 3116 4319 quaesitum
3186 4261 3266 4304 est
3332 4271 3396 4306 ea
3443 4271 3565 4320 quas

1915 4336 2040 4376 sunt
2070 4343 2136 4376 an
2161 4328 2302 4375 bona
2333 4328 2458 4383 sint,
2494 4342 2560 4376 an
2595 4341 2701 4376 non
2757 4329 2864 4374 sint
2914 4344 2925 4375 :
2978 4341 3137 4390 quam
3188 4328 3440 4391 deinceps
3497 4330 3570 4378 ita

1919 4401 2093 4452 solvit,
2130 4399 2272 4460 quod
2327 4400 2446 4461 ejus
2494 4399 2674 4456 etiam,
2732 4397 2796 4445 de
2842 4413 2945 4460 qua
2987 4398 3224 4446 Joannes
3296 4401 3575 4462 qumrebat

1840 4443 1885 4506 Î™)
1919 4443 2272 4520 á¿Î¹á½³Î²á½°á½¹Î¹Î·á½³Î¹á¿–á½·á½·á¾·
2321 4443 3220 4532 saginisâ€”geniisâ€œsitisse;
3271 4443 3568 4535 á¿‘Î¹á¿–á¿Ïá¿†á¼±á½³á½²Î¹á¿–Î¾

1918 4543 2062 4590 tibus
2101 4541 2288 4604 aperit,
2341 4542 2389 4590 id
2447 4548 2544 4598 est,
2599 4555 2665 4589 ea
2719 4555 2838 4604 quae
2891 4546 3016 4590 sunt
3069 4555 3178 4590 non
3235 4542 3397 4592 modo
3460 4557 3574 4592 esse

1920 4614 2077 4671 bona,
2113 4627 2296 4661 verum
2329 4614 2489 4662 etiam
2529 4614 2581 4660 in
2621 4627 2684 4661 eo
2717 4613 2861 4674 quod
2895 4617 3039 4668 sunt,
3072 4626 3184 4660 esse
3242 4613 3403 4669 bona.
3453 4627 3572 4662 cum

1920 4690 2099 4734 tamen
2140 4698 2247 4732 non
2285 4685 2391 4732 sint
2421 4682 2799 4732 substantialis
2831 4683 2988 4741 bona,
3011 4682 3268 4732 ostendit.
3291 4685 3376 4732 Ait
3397 4699 3524 4748 ergo
3556 4699 3570 4733 :

1987 4756 2112 4805 Huic
2158 4757 2454 4818 qmstioni,
2507 4763 2606 4804 etc.
2659 4753 2676 4818 ]
2719 4754 2881 4812 Quasi
2934 4769 2944 4802 :
2997 4755 3147 4804 Hanc
3199 4758 3576 4817 quasstionem,

1923 4841 2030 4890 qua
2078 4829 2335 4890 quaeritur
2385 4842 2446 4875 ea
2494 4841 2612 4889 quin
2667 4831 2810 4882 sunt,
2856 4841 2923 4876 an
2976 4827 3084 4874 sint
3137 4826 3295 4882 bona,
3347 4841 3412 4875 an
3465 4841 3574 4876 non

1927 4900 2034 4947 sint
2059 4900 2220 4956 bona,
2261 4898 2342 4946 his
2375 4912 2494 4961 quas
2526 4899 2760 4946 diximus
2792 4898 3144 4959 argumentis.
3178 4899 3228 4945 in
3282 4898 3586 4948 dubitatio-

1926 4984 2042 5018 nem
2093 4970 2284 5018 adduci
2337 4984 2492 5032 posse
2552 4969 2778 5016 videtur.
2832 4969 2933 5016 Sed
2984 4968 3108 5016 huic
3167 4969 3455 5031 quaestioni
3490 4984 3586 5031 po-

1928 5041 2052 5088 terit
2101 5040 2340 5087 adhiberi
2391 5039 2586 5087 solutio
2637 5039 2760 5086 talis
2806 5038 2981 5100 qualis
3039 5037 3238 5086 scilicet
3296 5041 3580 5102 sequitur;

1928 5114 1980 5158 et
2009 5124 2038 5158 a
2069 5109 2306 5170 generali
2341 5109 2839 5157 mathematicorum
2891 5110 3243 5169 conceptione
3301 5111 3581 5170 incipiens,

1930 5182 2003 5229 ait
2036 5195 2047 5228 :
2081 5181 2261 5236 Multa,
2321 5183 2429 5229 imo
2483 5183 2664 5229 omnia
2718 5193 2838 5242 quas
2893 5178 3007 5228 sine
3059 5185 3204 5228 motu
3257 5180 3583 5228 inabstracta

1933 5251 2208 5308 dicuntur,
2243 5257 2367 5301 sunt
2400 5268 2411 5311 ;
2446 5266 2564 5314 quae
2599 5265 2718 5299 cum
2753 5251 2817 5299 ab
2849 5251 3008 5298 eisin
3042 5249 3240 5312 quibus
3289 5256 3413 5299 sunt
3464 5254 3582 5298 actu

1933 5325 2170 5386 separari
2204 5337 2309 5371 non
2346 5328 2572 5385 possunt
2605 5327 2681 5382 (ut
2714 5320 2917 5369 scilicet
2947 5320 3061 5368 sine
3096 5322 3198 5368 illis
3228 5321 3372 5376 sint),
3410 5319 3591 5369 animo

1936 5402 2110 5444 tamen
2141 5401 2194 5443 et
2224 5395 2566 5456 cogitatione,
2605 5393 2656 5441 id
2713 5399 2791 5442 est
2839 5394 3005 5441 animi
3057 5392 3383 5454 cogitatione
3437 5405 3594 5452 seps.

1935 5475 2122 5517 rantur
2157 5483 2168 5516 :
2204 5476 2260 5516 ut
2290 5473 2341 5516 et
2372 5481 2554 5516 eorum
2588 5481 2706 5528 quas
2739 5467 2810 5515 ita
2844 5468 3178 5526 separantur,
3229 5469 3280 5512 et
3337 5479 3521 5513 eorum
3554 5479 3585 5514 a

1937 5539 2131 5604 quibus
2161 5544 2498 5602 separantur,
2533 5543 2724 5584 natura
2774 5543 2933 5599 atque
2987 5536 3286 5596 proprietas
3346 5550 3596 5598 compre-

1941 5614 2227 5661 hendatur.
2293 5613 2356 5660 Ut
2418 5611 2764 5671 ti-iiingulum,
2833 5609 2932 5654 hoc
2981 5610 3060 5654 est
3110 5607 3424 5668 qualitatem
3486 5623 3599 5671 qua

1938 5685 2281 5734 coaccideiite
2356 5680 2658 5744 superficiei
2741 5680 2982 5740 ubjecta
3063 5679 3275 5740 utrique
3368 5681 3594 5730 materia

1937 5755 2207 5818 triangula
2241 5759 2321 5804 est
2354 5769 2366 5802 :
2399 5751 2479 5822 vel
2513 5756 2704 5802 cetera
2751 5763 2869 5816 quas
2916 5749 2969 5818 iii
3021 5749 3305 5822 cyij-iflitist
3367 5752 3582 5818 geicri:
