4046 6180
495 252 629 306 1327

1367 247 1435 300 ΙΝ
1478 243 1748 299 LIBRUM
1786 241 2126 307 QUOMODO
2167 241 2618 301 SUBSTANTLE
2658 247 2862 301 ΒΟΝᾹΞ
2901 245 3056 300 SINT

3509 70 3824 119 ..τι

3727 249 3836 302 1398

481 399 707 444 cor-pare
757 385 900 435 sunt.
953 381 1074 427 actu
1126 375 1344 438 quidem
1401 391 1430 424 a
1485 378 1725 439 subjecta
1777 374 1873 420 sibi
1928 372 2146 420 materia
2179 381 2231 438 Α
2264 379 2501 427 omnium
2552 378 2960 428 subsistentium
3009 391 3146 434 esse,
3193 378 3455 427 bonitates
3507 389 3608 439 qua
3651 391 3703 426 ea
3750 392 3846 440 quae

489 456 673 506 nullus
705 456 964 516 separat:
1018 449 1273 511 quoniam
1305 445 1627 496 secundum
1675 447 1776 493 hoc
1824 445 2148 492 inabstracta

487 531 637 585 sunt,
700 527 875 572 mente
946 529 1148 576 tamen,
1220 517 1270 566 id
1329 523 1408 567 est
1477 519 1802 576 cogitatione
1865 527 2156 576 segrenang

489 599 670 660 ipsam
708 610 738 644 a
790 594 1030 656 subjecta
1079 593 1317 645 materia,
1370 591 1682 652 speculatur
1730 586 2138 660 disciplinaliter

485 657 703 731 praeter
736 666 1007 713 materiam
1047 677 1060 710 :
1118 676 1226 710 non
1276 660 1394 709 dico
1448 673 1564 709 esse
1615 662 1814 722 printer
1862 657 2136 706 materiam

487 729 585 787 sed
619 738 852 785 divisum
887 751 913 784 a
960 735 1202 786 materia,
1255 732 1431 793 ipsum
1481 733 1569 794 qui
1621 740 1816 793 printer
1877 729 2152 776 materiam

493 823 620 859 esse
652 822 761 857 non
810 810 1002 870 potest,
1055 805 1403 866 triangulum,
1455 806 1504 852 id
1557 807 1636 851 est
1683 801 1993 864 qualitatem
2052 812 2155 859 qua

508 894 704 942 corpus
735 877 1085 939 triangulum,
1121 875 1612 938 proprietatemque
1644 875 1795 936 ejus;
1833 877 1890 921 ut
1937 872 2003 919 sit
2044 884 2159 918 sen-

505 967 595 999 sus
631 967 639 998 :
676 951 1002 1012 triangulum
1038 949 1534 1010 proprietatemque
1579 947 1712 1010 ejus,
1763 943 1815 992 id
1865 949 1944 992 est
1991 942 2157 990 trian-

501 1022 610 1084 guli
681 1021 1084 1083 proprietatem,
1151 1020 1232 1067 vel
1307 1033 1369 1066 ex
1424 1017 1750 1082 proprietate
1803 1015 2154 1075 triangulu,

495 1094 640 1156 quod
675 1093 810 1142 idem
849 1095 946 1144 est,
982 1090 1295 1153 speculatur
1328 1105 1340 1148 ;
1374 1096 1425 1137 et
1456 1090 1529 1136 sic
1560 1090 1777 1150 quidem
1827 1085 2157 1156 inabstracta

497 1153 821 1212 abstrahunt
853 1159 1236 1210 mathematici.
1272 1159 1434 1221 Igitur
1466 1173 1564 1207 nos
1605 1171 1818 1221 quoque
1867 1153 2028 1202 ethici
2066 1169 2158 1203 eos

501 1233 557 1282 in
588 1239 773 1283 nostra
803 1233 1049 1282 facultate
1082 1229 1383 1278 imitatione
1419 1230 1607 1288 secuti,
1665 1229 1892 1290 primum
1953 1226 2156 1272 bonum

499 1307 566 1354 ab
598 1306 676 1353 his
709 1320 827 1368 quae
859 1319 917 1352 ex
953 1304 1068 1365 ipsi
1101 1303 1358 1349 ﬂuxerint
1390 1302 1562 1368 bonis,
1617 1300 1904 1359 paulisper,
1952 1298 2001 1343 id
2056 1297 2154 1351 est,

490 1378 663 1425 donec
692 1364 756 1424 ad
796 1377 956 1423 ﬁnem
979 1364 1146 1422 suum
1180 1372 1314 1421 ratio
1349 1364 1691 1434 perducatur,
1730 1370 1894 1418 animi
1946 1365 2152 1426 cogita-

491 1450 636 1498 tione
689 1460 1056 1496 amoveamus.
1121 1443 1171 1491 id
1223 1455 1316 1497 est,
1395 1457 1501 1490 non
1553 1456 1668 1490 esse
1756 1441 1956 1488 bonum
2028 1436 2156 1485 illud

511 1534 668 1581 aquo
718 1520 988 1566 ﬂuxerunt
1041 1515 1272 1577 qualum
1336 1514 1616 1575 positione,
1683 1512 1827 1575 quod
1894 1523 1987 1572 per
2067 1520 2156 1556 re-

492 1605 609 1639 rum
684 1595 927 1637 naturam
999 1589 1140 1633 nullo
1207 1585 1364 1632 modo
1433 1585 1545 1632 ﬁeri
1612 1589 1802 1644 potest,
1885 1582 1950 1629 ad
2025 1593 2158 1642 pras-

494 1676 622 1709 sens
654 1661 1098 1707 consentiamus:
1155 1662 1206 1704 et
1266 1658 1349 1703 hic
1397 1656 1615 1719 quidem
1663 1661 1740 1703 est
1789 1667 2000 1700 sensus.
2054 1649 2155 1698 Sed

497 1747 594 1793 pro
642 1746 704 1776 eo
754 1730 898 1791 quod
949 1729 1134 1776 debuit
1171 1727 1345 1774 dicere
1409 1726 1636 1786 primum
1689 1726 1888 1772 bouum
1935 1724 1999 1770 ab
2059 1724 2152 1778 eis,

503 1803 757 1865 quoniam
806 1799 987 1848 animo
1039 1807 1089 1847 et
1141 1804 1452 1860 prmsenter,
1501 1799 1554 1846 id
1607 1802 1707 1850 est,
1783 1797 1954 1844 donec
2017 1794 2156 1843 sicut

503 1875 704 1921 dictum
738 1875 834 1925 est,
867 1885 1023 1919 suum
1054 1873 1212 1918 tinem
1247 1871 1436 1918 habeat
1468 1871 1618 1926 ratio,
1674 1870 1786 1916 haec
1834 1869 2028 1916 amotio
2079 1868 2152 1920 tit,

510 1947 625 1994 ait:
678 1943 834 1991 l’rimi
888 1942 1014 1991 boni
1072 1943 1410 2002 pm'sentiam
1462 1955 1810 1989 amoveamus
1871 1940 1936 1986 ab
1976 1939 2156 1987 animo

503 2016 647 2080 quod
676 2015 907 2078 primum
947 2015 1144 2061 bonum
1177 2027 1291 2060 esse
1326 2013 1560 2074 quidem,
1595 2012 1695 2059 hoc
1726 2015 1807 2060 est
1860 2024 1983 2058 vere
2041 2021 2157 2056 esse

501 2079 730 2136 constat.
762 2085 946 2148 l'lque,
981 2084 1186 2132 scilicet
1208 2084 1340 2131 illud
1373 2097 1495 2131 vere
1520 2097 1653 2138 esse,
1674 2085 1850 2144 potest
1875 2079 2156 2143 cognosci:

501 2173 620 2208 cum
656 2173 718 2206 ex
743 2157 1011 2206 sententia
1041 2157 1279 2204 omnium
1316 2157 1614 2210 hominum,
1644 2154 1695 2203 id
1751 2157 1833 2202 est
1880 2153 2158 2200 doctorum

504 2230 971 2289 indoctorumque,
1012 2224 1269 2289 quoniam
1305 2226 1418 2274 haec
1454 2230 1533 2274 est
1566 2239 1711 2280 vere,
1756 2225 1912 2284 juxta
1975 2222 2161 2284 primas

503 2301 700 2364 regulas
731 2299 962 2361 primum
997 2299 1234 2353 modum,
1271 2299 1342 2345 ita
1374 2297 1672 2344 communis
1705 2294 1870 2342 animi
1927 2307 2161 2355 concep-

504 2373 598 2427 tio,
634 2375 692 2419 ut
727 2368 884 2417 etiam
919 2368 986 2416 sit
1018 2369 1378 2421 indoctorum,
1419 2366 1622 2415 scilicet
1658 2367 1823 2413 Deum
1855 2378 1988 2416 esse.
2049 2368 2162 2411 tum

505 2457 718 2506 quoque
748 2456 809 2489 ex
839 2439 1212 2503 religionibus,
1247 2440 1297 2488 id
1331 2444 1425 2498 est,
1462 2453 1525 2488 ex
1560 2444 1705 2486 metu
1743 2442 1796 2487 et
1830 2435 2166 2486 caeremoniis

519 2516 867 2563 barbararum
899 2510 1161 2572 gentium.

571 2585 674 2632 Hoc
700 2585 886 2648 igitur.
920 2582 937 2648 ]
966 2583 1123 2641 Quasi
1160 2595 1170 2629 :
1206 2581 1436 2630 Primum
1471 2582 1670 2630 bonum
1703 2581 1777 2629 sic
1825 2591 2168 2628 amoveamua

510 2657 574 2707 ab
604 2656 683 2705 eis
715 2670 831 2717 quis.
863 2660 989 2702 sunt
1020 2654 1178 2702 bona.
1213 2653 1324 2702 Hoc
1357 2653 1518 2714 igitur
1552 2654 1723 2714 primo
1777 2651 1920 2700 bono
1976 2649 2050 2698 sic
2101 2650 2168 2698 ab

511 2731 588 2778 eis
637 2728 906 2790 paulisper
952 2733 1146 2779 amoto,
1200 2724 1393 2773 iterum
1453 2723 1597 2772 aliud
1650 2737 1930 2786 ponamus.
1987 2722 2038 2769 id
2089 2731 2172 2776 est,

512 2798 697 2848 omnia
740 2811 859 2860 qum
909 2802 1053 2852 sunt,
1104 2796 1155 2844 id
1209 2801 1290 2844 est
1338 2809 1461 2843 vere
1524 2793 1843 2848 subsistunt,
1909 2804 2172 2856 ponamus

514 2883 631 2919 esse
681 2870 868 2927 bona;
921 2871 1080 2930 atque
1131 2867 1212 2914 his
1266 2865 1481 2914 duobus
1533 2867 1734 2927 positis,
1791 2879 1848 2913 es
1904 2866 2019 2928 ipsa
2050 2875 2173 2926 quas.

511 2941 655 2989 bona
687 2939 932 2992 dicimus,
966 2939 1370 2986 consideremus
1415 2936 1889 2998 quemadmodum,
1942 2936 2043 2983 hoc
2094 2943 2176 2987 est

510 3012 739 3074 qualiter
773 3013 994 3070 possent
1025 3023 1137 3056 esse
1174 3007 1315 3055 bona
1345 3023 1357 3056 :
1393 3007 1435 3054 si
1471 3010 1526 3054 ut
1577 3010 1755 3054 essent
1812 3006 2036 3054 minime
2085 3006 2175 3052 de-

508 3082 788 3130 ﬂuxisscnt
818 3094 847 3127 a
879 3077 1050 3140 primo
1083 3079 1243 3134 bono,
1275 3077 1376 3125 hoc
1406 3082 1485 3124 est
1520 3077 1560 3124 si
1597 3077 1809 3125 illorum
1845 3091 1978 3134 esse,
2029 3089 2166 3130 esse.

512 3153 726 3216 quidem
763 3156 842 3198 est
870 3149 1235 3204 subsistentia,
1276 3165 1338 3195 eo
1367 3154 1565 3203 essent,
1600 3163 1706 3196 non
1739 3155 1917 3196 tamen
1948 3155 2165 3200 auctore

509 3223 589 3272 vel
627 3220 817 3282 Opiﬁce
851 3234 1020 3282 primo
1054 3221 1214 3266 bono.
1251 3219 1403 3271 Hinc,
1444 3219 1491 3265 id
1525 3224 1605 3267 est
1637 3233 1698 3267 ex
1734 3219 1832 3266 hoc
1864 3220 1980 3280 ipso
2024 3221 2164 3282 quod

512 3291 760 3350 dicimus,
791 3292 969 3338 omnia
1001 3303 1122 3350 quae
1146 3295 1289 3348 sunt,
1327 3303 1590 3350 ponamus
1623 3304 1737 3336 esse
1772 3291 1932 3345 bona,
1959 3291 2172 3340 intueor

512 3364 567 3411 iu
597 3364 674 3411 eis
707 3363 850 3408 aliud
886 3361 1161 3421 essequod
1188 3361 1330 3407 bona
1354 3366 1497 3415 sunt,
1530 3361 1674 3408 aliud
1706 3375 1829 3408 vero
1855 3365 1996 3424 quod
2025 3367 2170 3418 sunt,

513 3434 563 3481 id
595 3439 674 3480 est
705 3432 806 3479 alio
840 3445 972 3487 esse,
1005 3432 1109 3477 alio
1135 3445 1250 3478 sese
1282 3431 1436 3478 bona.
1475 3433 1526 3478 Si
1559 3433 1701 3479 enim
1759 3432 1944 3480 eodem
1996 3438 2174 3482 essent

510 3518 618 3566 quo
649 3507 774 3550 sunt
807 3503 964 3561 bona,
1000 3516 1344 3564 nequaquam
1395 3502 1462 3549 ab
1516 3516 1579 3550 eo
1631 3503 1776 3565 quod
1834 3518 1956 3552 vere
2008 3506 2174 3554 senti-

513 3589 652 3633 mus,
708 3573 759 3620 id
811 3574 954 3635 quod
1009 3574 1240 3634 positive
1329 3575 1716 3632 consentimus,
1792 3575 2172 3632 dividereinus_

515 3645 667 3703 Quod
694 3646 875 3706 utique
907 3641 1132 3690 facimus
1177 3641 1462 3692 dicentes:
1519 3643 1591 3691 Ea
1637 3659 1755 3707 qtltB
1806 3649 1949 3698 sunt.
1996 3647 2044 3694 id
2097 3653 2178 3696 est

519 3730 638 3779 quas
671 3721 811 3764 recte
845 3715 1201 3775 intelligimus
1254 3728 1388 3769 esse,
1443 3729 1722 3776 fronemus,
1774 3723 1950 3765 amoto
2006 3720 2175 3779 primo

517 3789 678 3847 bono,
730 3800 844 3833 esse
896 3787 1056 3833 bona.
1109 3785 1267 3842 Quasi
1327 3798 1336 3831 :
1392 3787 1541 3844 Quod
1593 3784 1807 3847 quidem
1865 3802 1970 3836 non
2031 3794 2173 3847 sunt,

514 3857 610 3906 sed
664 3857 889 3918 positive
943 3856 1341 3915 quodammodo
1391 3859 1776 3905 consentimus.
1847 3858 1952 3908 Nec
2018 3861 2178 3910 dubi-

519 3927 743 3977 tandum
792 3933 872 3974 est
926 3925 1015 3973 illa
1064 3927 1169 3972 alio
1215 3939 1351 3978 esse,
1408 3926 1515 3973 alio
1566 3927 1705 3974 bona
1751 3943 1883 3977 esse.
1939 3931 2002 3979 Ut
2031 3931 2175 3980 enim

525 3999 628 4048 hoc
671 4012 733 4046 ex
791 3997 908 4045 aliis
961 4010 1175 4059 quoque
1226 3997 1426 4044 clarum
1481 3997 1571 4050 sit,
1623 3997 1937 4056 substantia,
1998 4004 2045 4050 id
2097 4007 2179 4052 est

518 4085 603 4120 res
633 4083 756 4119 vere
789 4069 1106 4121 subsistens,
1144 4082 1248 4116 una
1302 4069 1600 4130 eademque
1647 4069 2007 4122 subsistentia;
2065 4088 2176 4124 sua:

521 4142 875 4205 proprietate,
909 4145 1142 4201 ponatur
1172 4153 1196 4186 τι
1231 4140 1406 4195 nobis,
1439 4141 1579 4201 quod
1617 4140 1775 4188 mod.)
1825 4143 2008 4192 omnia
2058 4159 2176 4207 qua:

521 4221 665 4269 sunt,
715 4217 894 4260 amoto
946 4212 1115 4272 primo
1173 4212 1313 4258 bono
1365 4213 1722 4271 ponebantur,
1777 4214 2022 4263 videlicet
2061 4230 2176 4265 esse

521 4287 708 4336 bona:
746 4289 978 4346 ponatur
1012 4283 1171 4332 etiam
1219 4285 1359 4346 quod
1414 4290 1603 4332 caetera
1662 4300 1767 4334 non
1820 4289 2177 4350 ponebantur,

521 4356 725 4406 scilicet
751 4369 865 4403 esse
897 4355 1034 4415 alba,
1068 4358 1119 4401 et
1142 4353 1340 4416 gravis,
1375 4361 1425 4402 et
1457 4358 1706 4405 rotunda.

586 4428 718 4475 Tunc
745 4426 908 4478 aliud,
933 4428 1032 4473 etc.
1064 4425 1083 4490 ]
1115 4427 1272 4483 Quasi
1311 4439 1322 4471 :
1361 4425 1453 4472 Illo
1505 4428 1647 4488 quod
1699 4428 1928 4477 diximus
1977 4434 2173 4493 amoto,

521 4500 636 4548 hmo
673 4511 872 4559 ponere
901 4497 1205 4545 debuimus.
1239 4496 1370 4544 Nam
1426 4497 1467 4544 si
1524 4497 1597 4545 ita
1649 4512 1993 4559 poneremus,
2053 4507 2184 4551 tunc

520 4570 803 4618 manifeste
836 4572 1056 4628 pateret,
1090 4573 1197 4616 tam
1229 4569 1295 4615 de
1329 4569 1568 4614 bonitate
1619 4582 1780 4630 quam
1836 4571 1901 4619 de
1954 4575 2168 4622 caeteris

525 4639 669 4702 quod
719 4621 862 4685 aliud
914 4621 1054 4686 esset
1103 4639 1219 4699 ipsa
1276 4638 1364 4685 illa
1415 4621 1733 4694 substantia,
1797 4640 1846 4688 id
1913 4648 1992 4690 est
2043 4621 2187 4707 quod

527 4711 670 4761 aliud
705 4715 846 4759 esset
876 4709 927 4757 id
961 4709 1104 4772 quod
1141 4709 1442 4757 subsistens
1484 4714 1564 4757 est
1595 4725 1605 4757 :
1635 4711 1779 4758 aliud
1833 4713 1949 4774 ejus
2001 4722 2190 4765 rotun-

529 4782 684 4836 ditas,
717 4794 824 4842 qua
853 4781 1149 4828 rotundum
1181 4786 1262 4828 est
1300 4795 1312 4837 ;
1367 4780 1511 4828 aliud
1568 4784 1821 4842 gravitas,
1875 4799 1978 4846 qua
2028 4802 2189 4850 grave

529 4858 611 4902 est
645 4869 658 4912 ;
686 4852 829 4901 aliud
861 4852 1024 4909 color,
1057 4866 1164 4914 quo
1197 4853 1374 4901 album
1427 4858 1507 4899 est
1539 4867 1550 4910 ;
1603 4853 1748 4901 aliud
1798 4856 2028 4912 bonitas,
2083 4873 2190 4922 qua

530 4924 733 4972 bonum
768 4927 848 4971 est
895 4936 1037 4970 vere.
1095 4922 1223 4970 Nam
1275 4925 1318 4970 si
1376 4922 1490 4970 hinc
1539 4923 1750 4986 singula
1795 4940 1902 4974 non
1955 4930 2189 4989 generali

531 4995 750 5048 unione,
783 4995 871 5041 sed
905 5007 968 5042 ea
1000 5007 1118 5055 quae
1153 5007 1215 5041 ex
1271 4994 1600 5056 proprietate
1654 4997 1724 5042 rei
1777 4998 2067 5059 singularis
2111 5005 2191 5050 est

531 5066 756 5118 unitate,
816 5065 955 5112 idem
984 5065 1206 5112 omnino
1239 5069 1419 5112 essent
1448 5065 1591 5126 quod
1622 5066 1739 5126 ipsa
1767 5069 2086 5127 substantia,
2137 5072 2188 5120 id

535 5139 634 5188 est.
670 5135 719 5183 id
755 5148 860 5197 quo
893 5135 1192 5183 subsistens
1218 5138 1298 5183 est
1336 5134 1498 5193 idem,
1539 5134 1784 5187 similiter
1817 5153 1881 5186 ex
1945 5141 2190 5204 proprie-

533 5208 658 5263 tatis
708 5205 916 5254 unitate
968 5211 1107 5253 esset
1156 5206 1390 5267 gravitas
1439 5207 1581 5268 quod
1639 5208 1798 5266 color,
1855 5215 1908 5260 et
1938 5212 2080 5274 quod
2109 5227 2190 5260 ro-

534 5277 796 5331 tunditas,
829 5283 880 5325 et
909 5278 1050 5340 quod
1088 5278 1308 5333 bonum,
1361 5278 1411 5324 id
1463 5284 1543 5326 est
1593 5279 1803 5329 bonitas
1833 5296 1845 5340 ;
1874 5287 1928 5330 et
1990 5284 2188 5333 bonum

534 5347 675 5396 idem
738 5347 879 5410 quod
935 5346 1193 5410 gravitas,
1241 5352 1292 5394 et
1341 5345 1586 5396 similiter
1653 5351 1705 5397 in
1768 5353 1990 5402 caeteris.
2039 5353 2188 5412 Quod

534 5421 666 5479 ﬁeri,
696 5421 745 5468 id
791 5425 871 5468 est
922 5421 1034 5470 haec
1079 5421 1220 5467 idem
1273 5433 1387 5468 esse
1443 5421 1788 5482 proprietate,
1838 5431 2030 5473 natura
2081 5441 2188 5476 non

535 5489 682 5546 sinit,
715 5505 833 5554 quae
865 5505 975 5541 non
1008 5493 1166 5539 modo
1217 5489 1652 5552 proprietatibus,
1706 5493 1841 5541 sicut
1892 5497 2006 5544 ﬂeri
2057 5497 2194 5547 solet

537 5561 637 5609 sub
672 5564 858 5611 eodem
892 5575 1107 5624 genere,
1141 5573 1327 5608 verum
1367 5562 1525 5609 etiam
1577 5562 1883 5612 diversitate
1932 5582 2190 5630 generum

537 5633 640 5680 ista
669 5633 870 5682 divisit.
923 5683 930 5688 _

601 5702 766 5750 Aliud
795 5703 980 5766 igitur,
1003 5707 1102 5751 etc.
1134 5699 1154 5766 ]
1185 5700 1345 5758 Quasi
1381 5714 1392 5748 :
1424 5702 1478 5750 Si
1511 5703 1584 5750 ita
1611 5717 1889 5767 ponemus,
1940 5709 2054 5757 hinc
2107 5723 2194 5760 es-

543 5774 667 5820 sent
693 5771 906 5822 diversa
935 5772 1003 5822 ab
1039 5785 1103 5822 eo
1131 5785 1239 5833 quo
1269 5770 1568 5822 subsistens
1604 5777 1682 5824 est
1711 5789 1725 5834 ;
1758 5778 1886 5826 tunc
1930 5779 2092 5841 igitur
2124 5780 2192 5831 ab

2264 454 2389 496 sunt
2421 451 2564 499 bona
2589 455 2730 505 sunt,
2765 449 2923 499 simili
2975 451 3182 498 ratione
3230 455 3408 498 essent
3455 446 3670 497 diversa.
3720 450 3771 497 Et
3794 453 3852 500 ita

2256 519 2410 580 juxta
2464 527 2666 569 sextam
2727 521 2962 581 regulam
2994 534 3113 583 quae
3145 524 3226 569 est
3259 534 3268 566 :
3303 523 3466 568 Omne
3508 521 3642 582 quod
3671 526 3739 568 est
3757 534 3852 582 par-

2261 590 2447 650 ticipat
2476 606 2538 640 eo
2569 593 2713 654 quod
2745 597 2824 640 est
2856 605 2968 639 esse
2996 598 3051 639 ut
3081 593 3165 645 sit,
3201 593 3306 640 alio
3339 604 3464 640 vero
3511 590 3767 652 participat
3811 595 3854 638 at

2263 663 2462 724 aliquid
2498 663 2606 723 sit;
2643 668 2697 712 et
2725 663 2881 725 juxta
2912 668 3176 717 octavam,
3207 677 3326 724 quae
3375 669 3498 711 est:
3553 665 3695 710 Omni
3737 677 3855 710 com-

2265 735 2437 794 posito
2472 735 2616 784 aliud
2653 740 2733 782 est
2765 748 2902 790 esse,
2937 733 3080 781 aliud
3109 735 3280 796 ipsum
3313 739 3391 782 est
3422 747 3433 780 :
3484 733 3753 780 rectissime
3793 734 3855 780 di-

2262 810 2489 862 ceretur,
2522 806 2664 868 quod
2700 807 2752 854 in
2785 804 2863 854 eis
2893 805 3037 854 aliud
3068 813 3210 854 esset
3235 820 3298 854 ea
3327 819 3459 860 esse,
3518 804 3650 852 aliud
3695 803 3855 867 aliquid

2263 889 2396 930 esse,
2433 878 2482 924 id
2537 882 2620 926 est
2671 891 2785 924 esse
2838 877 3056 939 quidem
3105 876 3487 930 subsistentiis,
3537 875 3718 938 aliquid
3761 889 3855 924 vero

2263 963 2377 998 esse
2411 948 2668 997 bonitate.
2702 949 2776 996 Ac
2806 953 2938 997 tunc
2968 953 3150 996 essent
3197 947 3410 1010 quidem
3462 947 3619 1001 bona,
3668 946 3857 994 bonitate

2261 1034 2388 1082 qua,
2419 1020 2557 1069 sicut
2585 1022 2784 1068 dictum
2817 1025 2916 1077 est,
2951 1019 3151 1082 aliquid
3210 1022 3406 1073 essent,
3463 1018 3674 1066 minime
3717 1021 3855 1064 tamen

2261 1089 2437 1153 ipsum
2471 1094 2690 1147 bonum,
2725 1091 2774 1138 id
2824 1094 2908 1139 est
2956 1091 3127 1153 ipsam
3174 1090 3470 1138 bonitatem
3523 1088 3777 1141 baberent,
3819 1094 3858 1136 ut

2263 1175 2376 1210 esse
2407 1175 2512 1224 quo
2547 1167 2745 1210 essent.
2777 1161 2943 1224 Igitur
2977 1163 3018 1208 si
3051 1165 3232 1209 amoto
3271 1159 3527 1223 (qualiter
3556 1159 3739 1206 dictum
3786 1161 3857 1214 est)

2263 1233 2433 1293 primo
2484 1232 2664 1290 bomo,
2719 1233 2826 1281 ullo
2876 1234 3036 1280 modo
3086 1236 3285 1291 essent,
3335 1230 3631 1279 secundum
3691 1230 3856 1290 positio-

2263 1317 2401 1362 nem,
2452 1318 2558 1366 qua
2613 1303 2715 1352 hoc
2766 1303 3037 1365 paulisper
3085 1302 3484 1362 consensimus,
3531 1314 3634 1348 non
3680 1317 3707 1346 a
3753 1300 3858 1347 bono

2261 1373 2478 1436 quidem
2515 1377 2696 1423 essent
2729 1375 2888 1428 bona,
2922 1387 2982 1422 ac
3013 1379 3192 1422 tamen
3241 1377 3424 1421 essent
3475 1374 3632 1419 bona.
3678 1372 3741 1420 Ac
3780 1383 3856 1418 non

2262 1445 2402 1494 idem
2435 1451 2613 1494 essent
2642 1446 2788 1509 quod
2820 1445 2980 1500 bona.
3016 1444 3068 1492 id
3100 1450 3198 1502 est,
3222 1457 3330 1492 non
3365 1443 3511 1492 idem
3536 1447 3671 1491 esset
3717 1455 3856 1490 eoru

2263 1530 2395 1572 esse,
2445 1518 2587 1580 quod
2638 1517 2948 1566 eorumdem
2994 1515 3229 1565 bonitas.
3285 1515 3385 1564 Sed
3433 1513 3588 1577 juxta
3634 1512 3858 1572 praedictas

2263 1589 2489 1646 regulas,
2523 1589 2572 1636 id
2607 1593 2706 1649 est,
2743 1593 2947 1636 sextam
3003 1592 3056 1635 et
3105 1591 3374 1642 octavam.
3428 1585 3576 1633 aliud
3625 1588 3764 1639 esset,
3805 1583 3856 1630 eis

2265 1674 2404 1720 esse,
2435 1659 2582 1708 aliud
2615 1674 2741 1708 vero
2773 1660 2928 1707 bonis
2961 1673 3098 1718 esse,
3129 1658 3180 1706 id
3215 1663 3298 1706 est
3325 1657 3476 1705 aliud
3511 1662 3648 1705 esset
3675 1671 3730 1704 ea
3760 1669 3854 1714 esse,

2185 1736 2229 1800 Β
2261 1731 2402 1780 aliud
2436 1745 2496 1780 ea
2528 1746 2644 1780 esse
2678 1731 2841 1780 bona.
2874 1731 3024 1788 Quod
3061 1732 3103 1778 si
3139 1731 3273 1779 nihil
3306 1729 3536 1778 omnino
3572 1729 3700 1776 aliud
3729 1731 3858 1775 essent

2259 1802 2362 1850 nisi
2401 1803 2558 1862 bona,
2593 1802 2796 1851 scilicet
2830 1816 3004 1864 neque
3041 1806 3224 1850 essent
3255 1802 3656 1862 ponderositate
3705 1801 3853 1861 gravia.

2262 1887 2438 1935 neque
2470 1873 2731 1935 qualitate
2763 1873 3020 1929 colorata,
3053 1886 3229 1935 neque
3278 1872 3468 1935 aliqua
3515 1873 3682 1931 spatii,
3725 1871 3767 1917 id
3803 1873 3855 1914 est

2261 1942 2613 2005 longitudinis
2643 1944 2724 1992 vel
2758 1942 3080 1997 latitudinis,
3111 1944 3452 1992 dimensione
3481 1943 3564 1991 vel
3619 1939 3854 1990 altitudinis

2263 2015 2513 2074 disteata,
2548 2029 2646 2063 nec
2677 2014 2783 2062 ulla
2813 2015 3034 2062 omnino
3065 2013 3120 2062 in
3153 2014 3234 2062 eis
3263 2014 3502 2075 qualitas
3550 2014 3753 2074 (supple)
3788 2024 3853 2056 nec

2265 2086 2535 2147 quantitas
2567 2091 2724 2141 esset,
2763 2084 2868 2134 nisi
2901 2089 3111 2134 tantum
3148 2085 3382 2142 bonitas,
3414 2098 3525 2146 qua
3552 2088 3717 2132 essent
3740 2084 3854 2134 bona,

2267 2156 2399 2205 adeo
2430 2162 2486 2204 ut
2511 2156 2666 2219 juxta
2693 2157 2975 2219 septimam
3009 2158 3265 2218 regulam,
3295 2169 3420 2217 quas
3453 2159 3535 2204 est
3567 2169 3580 2201 :
3615 2167 3750 2202 omne
3768 2154 3856 2200 sim-

2268 2227 2386 2290 plex
2419 2242 2533 2276 esse
2564 2242 2744 2284 suum,
2773 2233 2825 2276 et
2873 2227 2925 2276 id
2975 2227 3119 2290 quod
3170 2231 3266 2285 est,
3319 2239 3493 2275 unum
3545 2226 3710 2284 habet,
3759 2223 3856 2271 idem

2269 2304 2410 2346 esset
2439 2312 2502 2346 ea
2531 2311 2666 2353 esse,
2698 2302 2750 2346 et
2784 2299 2927 2346 bona
2961 2311 3102 2355 esse,
3135 2301 3263 2346 tunc
3312 2310 3428 2345 non
3479 2297 3752 2345 secundum
3782 2293 3858 2340 illo-

2272 2382 2387 2417 rum
2422 2368 2775 2432 prOprietates
2806 2368 3065 2424 diversas,
3098 2367 3296 2430 quibus
3325 2367 3513 2416 solent
3559 2380 3665 2415 esse
3706 2365 3857 2412 diversa

2272 2438 2638 2494 subsistentia,
2667 2437 2985 2487 viderentur
3015 2451 3132 2486 esse
3164 2438 3390 2486 diversa;
3425 2450 3647 2486 numero
3675 2450 3770 2492 res;
3797 2433 3856 2480 sed

2272 2512 2583 2560 viderentur
2611 2524 2727 2560 esse
2762 2512 3086 2575 principium
3141 2509 3388 2560 omnium
3441 2524 3636 2558 rerum.
3688 2507 3857 2567 Necpcv

2274 2587 2380 2634 tius
2431 2585 2720 2634 dicendum
2768 2589 2847 2634 est
2896 2585 3188 2646 pluraliter,
3237 2583 3565 2644 viderentur,
3605 2583 3685 2630 sed
3725 2580 3857 2640 singu-

2276 2655 2475 2712 lariter,
2526 2655 2811 2706 videretur.
2865 2656 3028 2704 Recte
3077 2657 3278 2718 utique.
3330 2653 3516 2703 Unum
3545 2654 3680 2702 enim
3720 2651 3856 2698 solam-

2277 2742 2380 2790 que
2416 2731 2497 2775 est
2527 2727 2838 2788 hujusmodi
2870 2727 3093 2783 bonum,
3143 2726 3283 2788 quod
3327 2729 3548 2774 tantum
3595 2724 3658 2772 sit
3697 2723 3853 2771 bonum.

2280 2797 2522 2861 nihilque
2569 2798 2710 2846 aliud
2763 2795 2832 2845 sit
2879 2798 3134 2858 quoniam
3183 2810 3304 2844 vere
3353 2798 3577 2859 simplex
3626 2792 3855 2850 est;ideo-

2280 2883 2382 2934 que
2435 2869 2729 2919 secundum
2780 2871 3057 2930 septimam
3109 2868 3424 2930 praedictam
3476 2866 3714 2929 regulam,
3757 2862 3853 2911 idem

2283 2947 2364 2991 est
2412 2939 2488 2990 illi
2536 2954 2672 2996 esse.
2723 2939 2866 3002 quod
2924 2940 3123 2988 bonum
3172 2953 3306 2988 esse.
3381 2938 3719 2988 Subsistentia
3771 2944 3853 2981 vero

2283 3013 2409 3062 talia
2461 3018 2606 3070 sunt,
2657 3011 2799 3074 quod
2853 3011 3278 3072 unumquodque
3336 3008 3559 3058 illorum
3606 3016 3652 3056 et
3678 3005 3853 3068 pluribus

2284 3089 2380 3140 est,
2415 3088 2468 3131 et
2502 3083 2743 3145 pluribus
2773 3081 2971 3145 aliquid
3003 3088 3100 3130 est.
3133 3081 3372 3144 ldeoque
3407 3096 3515 3129 non
3559 3079 3768 3137 simplex.
3794 3074 3852 3121 sed

2277 3156 2632 3218 compositum
2682 3159 2779 3212 est,
2829 3154 2915 3202 cui
2982 3152 3280 3202 secundum
3350 3157 3602 3200 octavam
3664 3147 3851 3210 regulam,

2277 3227 2420 3274 aliud
2452 3232 2532 3274 est
2565 3239 2697 3276 esse.
2730 3223 2876 3273 aliud
2927 3224 3104 3286 ipsum
3151 3229 3248 3272 est.
3295 3223 3486 3286 Neque
3539 3235 3652 3270 vero
3700 3222 3742 3266 iu
3782 3228 3850 3263 uno

2279 3302 2425 3346 tanta
2462 3296 2765 3352 multitudo,
2801 3303 2852 3345 et
2883 3296 3100 3344 illorum
3135 3294 3332 3355 quibus
3366 3299 3454 3350 sit,
3489 3300 3541 3342 et
3569 3293 3748 3341 illorum
3771 3287 3848 3351 qni-
3934 3321 3935 3333 η

2280 3368 2381 3417 bus
2409 3369 2611 3431 aliquid
2644 3368 2729 3423 sit,
2787 3381 2903 3416 esse
2955 3375 3182 3428 posset:
3233 3365 3338 3415 nisi
3394 3380 3559 3414 unum
3607 3361 3847 3428 principium
3932 3413 3933 3416 η

2284 3441 2397 3488 hinc
2433 3440 2485 3487 in
2518 3439 2604 3488 illo
2639 3438 2918 3499 iunxisset.
2951 3439 3098 3487 Sicut
3127 3439 3268 3486 enim
3299 3456 3329 3486 a
3383 3439 3616 3501 genuino
3664 3433 3849 3501 nativum.

2283 3511 2348 3557 ab
2381 3515 2585 3559 interno
2619 3509 2926 3569 temporale,
2965 3509 3031 3557 ab
3065 3522 3172 3557 uno
3204 3499 3450 3557 alterni:
3501 3508 3575 3556 sic
3618 3520 3645 3554 a
3691 3499 3848 3564 simplici

2283 3588 2498 3631 auctore
2531 3583 2812 3643 quodlibet
2841 3581 3199 3643 compositum
3231 3595 3348 3630 esse
3403 3583 3623 3643 oportet.
3665 3576 3848 3634 Quecnn-
3928 3583 3929 3589 ‘

2284 3668 2388 3714 que
2443 3651 2605 3714 igitur
2643 3650 3011 3708 subsistentia,
3068 3651 3355 3714 quoniam,
3410 3652 3546 3698 sicut
3598 3647 3762 3697 dictum
3786 3647 3846 3690 est,
3926 3667 3927 3673 η

2286 3731 2393 3773 tam
2421 3724 2588 3770 multa
2619 3723 2671 3770 in
2705 3737 2760 3770 se
2793 3723 3068 3780 habendo,
3105 3737 3213 3771 non
3264 3722 3535 3785 simplicia
3583 3723 3726 3768 sunt:
3769 3715 3846 3761 dico
3924 3753 3925 3759 η

2285 3796 2426 3858 quod
2479 3808 2585 3842 non
2631 3794 2790 3842 modo
2843 3808 2950 3842 non
3002 3808 3116 3842 esse
3160 3795 3479 3854 composita,
3527 3791 3611 3838 sed
3654 3801 3731 3836 nec
3769 3793 3843 3858 eis
3922 3839 3923 3843 η

2286 3851 2508 3914 omnino
2559 3869 2808 3926 poterant
2856 3878 2868 3912 :
2923 3863 3025 3911 nisi
3086 3851 3341 3912 voluisset
3391 3876 3509 3912 esse
3551 3874 3626 3914 ea,
3661 3862 3702 3906 et
3749 3851 3840 3929 quod
3920 3907 3921 3929 γ

2287 3941 2413 3984 sunt
2456 3924 2588 3994 esse,
2641 3933 2692 3982 id
2747 3935 2890 3997 quod
2944 3932 3020 3982 ita
3067 3937 3149 3984 est
3199 3935 3422 3989 bonum,
3475 3931 3609 3995 quod
3636 3933 3700 3977 est
3725 3924 3840 3997 soluat

2284 4008 2507 4065 bonum,
2539 3993 2593 4054 et
2623 3993 2932 4053 nihil'atiud
2981 4018 3141 4068 quam
3189 4005 3416 4052 bonum.
3468 3993 3529 4051 Et
3576 3998 3748 4049 idcirco.
3791 3993 3840 4036 τί·
3918 3995 3919 4015 ‘

2287 4077 2482 4126 delicet
2511 4076 2764 4139 quoniam
2815 4076 3094 4138 quodlibet
3142 4089 3326 4124 eorum
3382 4088 3516 4128 esse,
3566 4071 3610 4120 id
3656 4071 3731 4121 est,
3772 4076 3838 4111 nou
3913 4073 3917 4139 Il

2288 4149 2445 4197 modo
2475 4135 2703 4209 id—quod
2735 4135 2848 4210 est,
2870 4151 2922 4195 et
2958 4146 3156 4208 aliquid
3193 4155 3290 4204 est,
3324 4147 3562 4207 itemque
3590 4141 3633 4189 id
3660 4151 3741 4202 ‘1'”
3776 4139 3835 4210 ei,"
3911 4135 3915 4210 ,Ι

2287 4220 2369 4268 vel
2397 4234 2505 4282 quo
2537 4203 2736 4280 aliquid
2762 4203 2844 4267 est
2873 4233 2886 4277 ;
2921 4203 3107 4267 verum
3141 4203 3302 4266 etiam
3326 4216 3458 4264 illud
3479 4203 3540 4263 et
3572 4225 3670 4261 esse
3708 4212 3746 4282 et
3779 4203 3836 4250 35'

2288 4280 2429 4353 quid
2467 4303 2581 4339 esse
2639 4304 2667 4337 a
2718 4288 2847 4337 boni
2905 4290 3175 4338 voluntate
3229 4288 3472 4341 deﬂuxit,
3542 4280 3835 4353 denominaﬂ"

2290 4352 2432 4410 bona
2463 4375 2576 4408 esse
2608 4360 2876 4408 dicuntur.
2909 4359 3062 4408 Sicut
3108 4373 3244 4421 opus
3293 4371 3492 4408 teretim
3543 4352 3662 4416 quod
3702 4352 3833 4421 estsao

2289 4446 2481 4492 genere
2518 4445 2624 4493 quo
2656 4437 2753 4487 est,
2780 4436 2832 4480 et
2863 4413 3190 4494 triangulum
3239 4444 3337 4478 sua
3393 4413 3632 4491 qualitate
3669 4432 3748 4484 qua
3776 4413 3832 4462 ali-

2293 4501 2420 4565 quid
2484 4510 2583 4559 est,
2643 4500 2804 4550 etiam
2865 4503 3268 4551 denominative
3328 4501 3628 4550 humanum,
3676 4494 3724 4540 ab
3761 4496 3829 4565 esst

2293 4558 2438 4620 illius
2505 4558 2611 4635 quo
2679 4572 2975 4622 secundum
3009 4575 3244 4635 aliquam
3314 4571 3570 4619 rationem
3612 4558 3829 4635 auctorefl

2294 4658 2491 4692 aereum
2522 4626 2574 4692 et
2604 4645 2932 4706 triangulum
2979 4650 3078 4694 est.
3098 4626 3278 4693 .Sicut
3323 4643 3466 4691 enim
3527 4638 3700 4688 duobus
3720 4626 3826 4705 molli!

2296 4713 2492 4764 dicitur
2521 4715 2820 4763 humanum
2855 4729 2865 4762 :
2919 4715 3148 4777 primum
3201 4715 3405 4764 scilicet.
3450 4710 3638 4775 generis
3675 4709 3824 4778 illo?”

2294 4789 2417 4841 tate,
2451 4791 2510 4834 ut
2541 4783 2741 4834 animal
2790 4785 3084 4836 humanum
3119 4803 3132 4845 ;
3181 4792 3235 4835 et
3281 4784 3566 4833 secundum
3608 4780 3820 4826 denomina-

2296 4861 2459 4915 tione,
2483 4856 2736 4920 quoniam
2769 4870 2833 4905 ex
2864 4872 2925 4906 eo
2958 4858 3111 4907 ﬂuxit
3145 4857 3301 4920 cujus
3335 4858 3610 4904 humanum
3649 4850 3708 4920 est
3737 4851 3817 4889 esse»

2296 4937 2355 4982 ut
2384 4919 2520 4993 Opus
2557 4929 2879 4988 humanum,
2905 4931 2977 4978 ita
3007 4919 3223 4979 duobus
3251 4928 3423 4977 modis
3452 4924 3625 4973 dicitur
3658 4919 3816 4965 bonum:

2297 5005 2526 5068 primum
2561 5000 2765 5049 scilicet
2801 5001 3022 5058 bonum,
3061 5001 3202 5065 quod
3254 5005 3334 5048 est
3375 5010 3491 5068 vere
3537 4993 3709 5041 bonum.

2296 5056 2436 5122 niam
2471 5074 2552 5120 est
2580 5070 2784 5118 bonum
2817 5071 2868 5118 in
2901 5084 2962 5118 co
2991 5056 3134 5133 quod
3165 5076 3263 5126 est,
3294 5065 3490 5116 scilicet
3531 5076 3622 5110 suae
3659 5056 3809 5133 assault?

2297 5144 2556 5200 veritate;
2593 5140 2889 5188 secundum
2921 5123 3047 5189 ver‘o
3079 5123 3304 5202 bonum,
3350 5139 3515 5198 ipsum
3559 5140 3720 5195 quoque
3758 5123 3808 5202 ως

2295 5228 2423 5264 num
2489 5216 2585 5269 est,
2641 5224 2748 5258 non
2795 5209 3014 5274 quidem
3069 5226 3179 5261 sum
3231 5187 3469 5260 essen-tia:
3532 5204 3713 5274 veritate.
3757 5187 3805 5237 θεέ

2294 5283 2577 5349 quamdam
2610 5269 3048 5331 deuominatione
3080 5297 3200 5345 quas
3228 5281 3408 5331 Graece
3455 5269 3802 5349 μετωνυμῖατῡεξ·

2296 5343 2399 5405 (ω’.
2451 5354 2602 5404 Unde
2653 5353 2999 5401 manifestum
3048 5343 3143 5411 est,
3187 5355 3344 5416 juxta
3400 5343 3676 5401 naturalium
3712 5343 3799 5416 Mf;

2294 5429 2416 5484 lam,
2457 5439 2578 5476 eum
2631 5437 2794 5486 supra
2843 5398 3280 5482 divisisse,'ciim
3331 5426 3444 5474 ait:
3511 5422 3572 5470 Ea
3613 5398 3800 5486 qua

2294 5479 2453 5553 bona,
2499 5479 2802 5559 quaero-an
2853 5479 3273 5559 participatione
3327 5510 3390 5545 an
3437 5479 3798 5559 substantiam?

2294 5539 2941 5630 sun-IJQuidqu—idﬂenim-
2961 5539 3300 5618 ’ῤ’έῖιῖᾶιῑῆἑτ
3328 5539 3730 5616 ﬁglinum
3756 5539 3798 5630 ξς

2756 5613 3132 5695 subsistentia,
3317 5613 3426 5701 ejus
3470 5631 3681 5684 accidens.
3712 5613 3793 5701 rei”

2293 5691 2638 5776 intelligitur:
2671 5712 2870 5757 Praeter
2919 5708 3036 5758 haec
3086 5691 3265 5760 tamen
3311 5691 3373 5760 de
3421 5710 3521 5771 ipsa
3556 5708 3670 5751 extra

2293 5774 2492 5835 raliuni
2536 5780 2846 5832 facultatem
2895 5779 3129 5843 plurima
3180 5781 3444 5837 dicuntur,
3484 5776 3602 5826 inter
3640 5774 3722 5828 (με
