4046 6180
312 165 453 220 1329

1382 165 1705 223 GILBERTI
1742 163 2089 220 PORRETxE
2130 163 2663 220 COMMENTARIA.

3589 171 3726 223 1330

309 290 470 338 etiam
501 291 644 348 sunt,
678 301 803 352 quas
841 289 905 338 de
967 289 1151 339 eodem
1216 290 1617 339 denominative
1671 289 1970 352 prmdiean-
1996 291 2046 355 Α
2084 301 2190 335 non
2224 303 2288 336 co
2323 291 2480 337 aii-uio
2512 303 2616 352 quo
2651 293 2877 352 primum
2911 292 3109 341 bonum
3145 298 3226 341 est
3255 294 3475 354 bonum,
3536 295 3584 341 id
3647 298 3726 342 est

311 365 418 410 tur.
452 358 567 418 Quo
595 360 929 423 prtedi‘candi
961 362 1122 409 modo
1155 361 1313 410 ethici
1377 376 1535 410 omne
1594 365 1832 410 creatum
1877 360 1963 407 bo-

314 445 446 481 num
476 445 591 479 esse
650 433 957 487 enuntiem,
1025 433 1465 481 denon‘iiuatione
1533 433 1794 485 videlicet,
1846 445 1964 493 quae

313 503 438 552 ideo
470 503 542 561 fit,
583 503 839 565 quoniam
873 503 924 552 id
985 505 1126 567 quod
1196 504 1267 551 ita
1325 507 1520 553 dicitur
1566 507 1783 559 bonum,
1818 511 1867 550 et
1910 507 1968 549 ut

312 579 474 631 esset,
503 579 553 622 ct
587 580 642 622 ut
672 575 875 637 ahquid
912 581 1073 634 esset,
1137 574 1293 624 ﬂuxit
1351 591 1412 623 ex
1470 589 1530 624 eo
1573 588 1695 622 vere
1727 578 1963 631 auctore,

312 650 369 694 et
399 660 561 694 causa
593 645 748 706 cujus
811 644 986 708 ipsum
1053 660 1169 694 esse
1227 647 1431 695 bonum
1483 650 1581 701 est,
1619 644 1672 693 id
1704 649 1782 692 est
1812 645 1965 704 cujus

308 717 430 781 ipsa
459 718 670 766 bonitas
701 720 937 766 essentia
968 723 1067 768 est.
1102 717 1201 767 Sed
1242 732 1352 767 non
1386 720 1544 767 modo
1597 719 1646 766 id
1693 715 1834 779 quod
1863 719 1962 774 est,

309 793 364 838 et
396 789 598 852 aliquid
635 794 730 844 est.
764 791 999 852 itemque
1061 791 1145 839 vel
1205 790 1255 837 id
1315 805 1423 852 quo
1483 796 1576 845 est,
1611 790 1693 837 vel
1752 788 1803 834 id
1853 802 1958 848 quo

313 861 514 924 aliquid
552 865 650 912 est.
682 874 869 909 verum
905 863 1060 909 etiam
1114 862 1239 909 illud
1305 861 1478 924 ipsum
1541 875 1653 909 esse
1716 857 1955 908 omnium

310 946 508 986 rerum,
543 931 684 992 quod
716 932 1083 994 signiﬁcamus
1112 947 1232 981 cum
1267 933 1330 981 de
1363 933 1540 994 aliquo
1581 931 1829 990 dicimus,
1862 936 1958 984 est,

307 1003 395 1053 vel
428 1003 628 1065 aliquid
667 1007 766 1058 est,
799 1017 858 1051 ex
922 1018 983 1052 eo
1044 1003 1151 1052 veri
1216 1005 1450 1053 nominis
1509 1008 1725 1050 auctore
1767 1009 1817 1049 «τι
1848 999 1960 1062 opi-

307 1075 405 1125 ﬁce
440 1075 610 1130 ﬂuxit,
643 1075 787 1138 quod
857 1079 936 1123 est
995 1076 1223 1138 primum
1281 1077 1503 1130 bonum,
1537 1081 1590 1123 et
1646 1074 1787 1136 quod
1838 1086 1961 1120 vere

309 1148 416 1196 tale
448 1148 652 1196 bonum
687 1152 811 1195 est:
868 1151 925 1195 ut
983 1146 1115 1196 illud
1177 1148 1385 1196 dicatur
1440 1147 1514 1195 ita
1569 1160 1683 1194 esse
1740 1147 1959 1198 bouum,

307 1218 450 1282 quod
490 1222 631 1266 recte
685 1215 858 1280 possit
920 1217 1060 1271 addi.
1124 1219 1174 1266 in
1237 1234 1299 1266 eo
1359 1218 1505 1282 quod
1546 1223 1666 1265 est:
1705 1214 1959 1278 quoniam

307 1303 417 1337 non
452 1289 664 1347 alienas,
705 1289 795 1335 sed
833 1302 943 1336 sua
976 1290 1288 1338 substantiae
1328 1290 1566 1337 bonitate
1609 1288 1806 1335 bonum
1860 1288 1958 1332 est.

310 1360 423 1408 Hoc
445 1360 606 1421 igitur
635 1358 781 1420 quod
826 1359 988 1407 habet
1041 1374 1071 1408 a
1130 1374 1226 1408 sua
1285 1359 1587 1408 substantia
1637 1370 1852 1410 nomen,
1893 1355 1958 1403 ad

310 1446 376 1480 ea
414 1445 530 1493 quae
586 1443 649 1478 ex
709 1445 823 1490 ipso
878 1430 1166 1488 ﬂuxerunt,
1225 1429 1629 1479 deuominalive
1691 1436 1960 1476 transum-

309 1507 462 1564 ptum
495 1503 593 1556 est,
629 1504 684 1548 ut
713 1497 946 1559 dicatur,
981 1501 1124 1562 quod
1180 1514 1286 1550 non
1347 1502 1507 1550 modo
1565 1513 1686 1563 quas
1731 1501 1873 1552 sunt.
1908 1501 1960 1543 et

311 1571 511 1635 aliquid
545 1575 689 1627 sunt.
752 1571 988 1634 itemque
1050 1587 1114 1621 ea
1169 1572 1366 1636 quibus
1423 1578 1569 1634 sunt,
1623 1570 1707 1619 vel
1756 1567 1957 1630 aliquid

2079 359 2395 410 substantia.
2456 374 2554 408 nec
2613 363 2769 409 etiam
2833 363 3239 424 participatione
3305 380 3317 420 ;
3377 369 3550 412 tamen
3621 365 3721 413 alio

2074 433 2254 478 modo.
2287 445 2346 478 ac
2375 445 2468 491 per
2501 435 2596 479 hoc
2623 434 2762 480 bona
2794 440 2935 488 sunt,
3008 440 3056 481 et.
3116 435 3235 482 ideo
3295 449 3400 484 non
3452 441 3590 483 recte.
3631 450 3718 482 su-

2075 503 2252 561 perius
2287 502 2431 548 illum
2469 502 2731 558 intulisse,
2772 518 2891 551 cum
2929 505 3063 553 dixit.
3096 521 3107 551 :
3144 507 3192 553 Si
3243 521 3417 570 neque
3470 509 3718 556 substan-

2073 571 2168 630 tia,
2215 586 2387 633 neque
2447 572 2880 634 participatione,
2943 576 3092 623 nullo
3153 579 3312 636 igitur
3369 579 3525 626 modo
3578 579 3721 626 bona

2073 646 2215 690 sunt.
2277 641 2534 690 Similiter
2591 645 2768 697 etiam.
2829 647 3073 707 quamvis
3131 661 3238 693 non
3300 663 3362 695 eo
3418 653 3574 697 modo
3607 663 3715 712 quo

2072 714 2302 776 primum
2329 715 2378 760 in
2419 729 2478 761 eo
2505 719 2646 775 quod
2681 721 2824 771 sunt,
2885 721 3062 764 tamen
3122 720 3225 766 alio
3294 721 3472 770 modo.
3505 733 3562 768 ac
3621 735 3716 780 per

2073 785 2190 839 hoc,
2229 786 2338 846 ipsa
2371 799 2582 846 quoque
2616 787 2666 831 in
2704 802 2763 832 (ε.)
2803 790 3116 850 ιιυοίιίὶεωϊιὶ.
3175 792 3345 852 Atque
3401 792 3519 837 ideo
3560 791 3710 838 illum

2071 873 2233 920 supra
2267 872 2372 905 non
2409 864 2548 904 recte
2581 859 2773 906 dixisse
2813 875 2824 906 :
2885 862 2926 907 si
2982 862 3033 909 in
3087 877 3150 910 co
3193 863 3333 925 quod
3391 869 3530 919 sunt,
3565 864 3708 911 bona

2072 943 2189 978 sunt
2227 945 2238 986 ;
2274 929 2646 977 substantialia
2678 931 2838 988 igitur
2869 933 3007 980 bona
3052 938 3193 988 sunt,
3228 939 3279 984 et
3331 935 3501 995 primo
3563 938 3706 983 bono

2069 1000 2278 1049 similia.
2309 999 2489 1061 Neque
2523 1000 2663 1048 enim
2705 1003 2822 1049 ideo
2883 1010 3038 1050 erunt.
3091 1006 3509 1053 substantialiter
3559 1007 3708 1054 simi-

2070 1069 2141 1118 lia
2178 1072 2344 1131 primo
2378 1071 2537 1126 bono,
2571 1075 2825 1134 quoniam
2859 1075 2910 1120 in
2945 1089 3009 1122 eo
3041 1076 3182 1137 quod
3216 1084 3356 1131 sunt,
3391 1077 3531 1124 bona
3563 1082 3704 1124 sunt.

2069 1143 2196 1200 Quae
2264 1151 2436 1192 tamen
2503 1145 2553 1192 in
2615 1147 2851 1193 secunda
2926 1148 3336 1197 rutiocinatioue
3421 1150 3707 1209 sophistice

2068 1215 2398 1263 formabatur
2432 1217 2712 1263 connexio.
2776 1216 2911 1265 Litet
2978 1219 3118 1266 enim
3181 1219 3237 1266 in
3299 1235 3360 1267 eo
3406 1223 3546 1282 quod
3581 1223 3705 1277 sint,

2067 1287 2209 1335 bona
2243 1285 2367 1336 siut.
2397 1291 2576 1334 tamen
2614 1287 2810 1334 idcirco
2843 1291 3021 1337 evenit
3053 1291 3193 1352 quod
3229 1306 3333 1340 non
3377 1295 3483 1339 sint
3515 1291 3708 1339 similia

2065 1356 2240 1419 primo
2269 1358 2430 1412 bono,
2479 1360 2734 1418 quoniam
2799 1374 2902 1407 non
2966 1376 3182 1423 quoquo
3232 1363 3389 1410 modo
3441 1377 3523 1410 res
3580 1362 3707 1417 sint.

2065 1442 2247 1476 verum
2312 1435 2409 1482 est,
2472 1429 2614 1490 quod
2689 1430 2863 1489 ipsum
2923 1445 3102 1478 eorum
3164 1448 3296 1494 esse,
3350 1435 3549 1482 bonum
3607 1437 3702 1482 est.

2066 1500 2226 1557 Quasi
2262 1514 2273 1546 :
2306 1500 2503 1547 Verum
2537 1501 2753 1559 qni-tem
2816 1506 2897 1548 est
2954 1503 3095 1563 quod
3158 1505 3326 1566 ipsum
3379 1519 3491 1552 esse
3523 1518 3700 1552 earnm

2065 1572 2264 1619 bonum
2298 1577 2393 1628 est,
2428 1574 2520 1619 sed
2555 1586 2661 1620 non
2695 1573 2937 1634 quo.ibet
2997 1577 3152 1623 modo
3209 1590 3391 1624 verum
3457 1582 3552 1624 est.
3583 1577 3702 1625 Non

307 1649 455 1703 sunt,
480 1643 571 1691 sed
596 1648 762 1715 etiam
807 1643 980 1703 ipsum
1049 1658 1234 1693 eorum
1295 1658 1432 1705 esse,
1488 1643 1627 1705 quod
1688 1638 1955 1700 signiﬁca-
1984 1651 2031 1715 B
2062 1648 2200 1692 enim
2229 1644 2427 1691 idcirco
2460 1659 2645 1692 verum
2678 1650 2774 1701 est,
2807 1645 2947 1706 quod
2982 1646 3190 1695 bonitas
3222 1646 3292 1695 sit
3337 1662 3520 1696 eorum
3572 1650 3698 1696 sub-

304 1719 394 1764 tur
423 1728 543 1763 cum
578 1714 778 1762 dicitur
808 1720 952 1769 sunt.
988 1717 1075 1764 vel
1136 1715 1336 1779 aliquid
1398 1719 1542 1773 sunt,
1593 1714 1792 1762 bonum
1855 1714 1949 1758 est.

306 1787 432 1835 Haec
462 1791 641 1835 autem
680 1801 709 1835 a
741 1785 898 1847 primi
925 1786 1049 1834 boni
1074 1789 1326 1844 essentia,
1357 1786 1422 1835 ad
1454 1800 1567 1834 esse
1593 1784 1801 1831 illorum
1833 1795 1952 1843 quas

302 1862 450 1913 sunt,
485 1861 538 1906 et
568 1857 773 1918 aliquid
804 1863 947 1917 sunt,
983 1859 1378 1920 transumptiva
1429 1854 1814 1910 denominatio,
1859 1852 1950 1899 sed

305 1928 711 1977 denominativa
743 1927 1122 1992 transumptio,
1176 1928 1306 1977 facit
1359 1932 1416 1975 ut
1473 1940 1580 1974 non
1634 1923 1792 1973 modo
1845 1925 1952 1971 sint

304 2001 464 2059 bona,
498 2000 589 2048 sed
624 2001 782 2048 etiam
815 2001 869 2048 in
902 2014 963 2048 eo
996 2001 1139 2063 quod
1173 2004 1316 2055 sunt,
1359 2000 1500 2046 bona
1546 2001 1672 2045 sunt
1699 2007 1951 2058 quascun-

302 2086 408 2135 que
440 2073 541 2120 hac
571 2070 1016 2120 denominatione
1049 2077 1176 2119 sunt
1207 2072 1366 2120 bona.
1397 2069 1547 2117 Tunc
1577 2067 1738 2122 enim,
1770 2079 1951 2128 quam-

301 2145 383 2191 vis
411 2142 626 2191 bonitas
658 2156 845 2190 eorum
877 2156 996 2206 quae
1027 2143 1103 2190 sic
1135 2141 1277 2190 bona
1307 2143 1588 2194 dicuntur,
1624 2153 1732 2186 non
1764 2140 1833 2185 sit
1865 2151 1947 2184 es-

301 2215 497 2275 sentia,
532 2219 669 2263 recte
703 2219 883 2263 tamen
915 2213 1132 2262 additur
1189 2217 1242 2262 in
1294 2228 1378 2269 eo,
1425 2218 1481 2260 ut
1532 2211 1759 2264 dicatur,
1790 2207 1848 2256 in
1887 2221 1948 2256 eo

299 2285 442 2348 quod
476 2290 618 2340 sunt,
651 2285 791 2334 bona
819 2290 962 2348 sunt,
996 2285 1433 2349 quandoquidem
1467 2284 1580 2332 haec
1625 2283 1691 2330 ab
1739 2281 1828 2329 illa
1858 2280 1950 2328 de-

303 2358 672 2408 nominatione
702 2357 961 2405 translata
997 2358 1224 2414 bonitas,
1261 2361 1342 2404 est
1387 2355 1616 2405 auctoris
1656 2367 1861 2409 eorum,
1894 2351 1946 2400 id

304 2437 384 2480 est
416 2430 572 2492 primi
602 2430 749 2486 boni,
785 2430 1033 2477 essentia.

367 2503 475 2563 Qua
503 2501 563 2552 in
591 2515 664 2562 re,
697 2501 821 2566 etc.]
853 2501 1112 2564 Superius
1138 2514 1258 2550 cum
1290 2507 1432 2549 recte
1483 2499 1762 2561 probasset
1803 2496 1947 2559 quod

303 2589 366 2624 ea
396 2588 516 2637 qua:
549 2579 695 2629 sunt,
727 2574 870 2622 bona
902 2581 1043 2628 sunt,
1076 2573 1263 2621 volens
1288 2571 1456 2620 videri
1506 2576 1742 2619 astruere
1793 2582 1946 2630 posse

301 2650 446 2710 quod
479 2660 542 2694 ea
572 2659 691 2708 quae
749 2650 891 2700 sunt,
923 2646 1067 2693 bona
1126 2657 1234 2692 non
1298 2647 1442 2698 sunt,
1475 2657 1503 2691 a
1551 2640 1815 2690 divisione
1862 2640 1947 2687 in-

301 2717 468 2779 coapit
498 2721 549 2765 et
577 2715 868 2778 quassivit:
929 2714 1190 2764 Utrumne
1246 2713 1655 2776 participatione
1707 2725 1772 2758 an
1824 2713 1947 2759 sub-

300 2787 496 2838 stantia
529 2790 671 2836 bona
697 2792 894 2836 essent.
929 2787 1128 2836 Deinde
1158 2785 1442 2834 divisionis
1474 2785 1632 2846 hujus
1666 2787 1944 2844 utramque

301 2865 509 2922 partem
553 2859 720 2907 forma
777 2858 1158 2907 indirectarum
1216 2857 1686 2906 ratiocinationem
1751 2854 1944 2914 impro-

296 2931 467 2992 bavit,
507 2942 627 2978 cum
687 2929 816 2992 ipsis
875 2929 1105 2991 quadam
1161 2928 1425 2989 positione
1483 2925 1940 2979 antecedentibus,

2062 1715 2320 1768 sistentia,
2378 1728 2478 1776 qua
2542 1717 2859 1763 naturaliter
2920 1715 3071 1775 sint;
3130 1719 3218 1764 sed
3283 1720 3478 1766 ideirco
3522 1719 3700 1780 potius

2064 1799 2187 1834 vere
2219 1785 2431 1841 dicitur,
2464 1787 2605 1848 quod
2672 1788 2845 1848 ipsum
2906 1802 3090 1836 earum
3157 1804 3290 1847 esse,
3339 1791 3538 1838 bonum
3603 1795 3700 1846 est,

2061 1861 2311 1922 quoniam
2372 1873 2479 1906 non
2541 1865 2712 1920 potest
2776 1874 2891 1908 esse
2953 1863 3125 1922 ipsum
3190 1876 3367 1910 rerum
3426 1862 3704 1924 quodlibet

2061 1945 2193 1985 esse,
2224 1929 2321 1976 nisi
2356 1928 2637 1977 defluxerit.
2667 1944 2695 1976 a
2727 1930 2897 1990 prime
2929 1945 3064 1987 esse,
3102 1933 3149 1979 id
3202 1939 3281 1978 est.
3328 1934 3498 1994 primo
3539 1933 3701 1979 bono.

2060 2001 2168 2050 Nec
2199 2007 2280 2050 est
2309 2001 2732 2048 substantialiter
2789 2003 2958 2050 simile
3018 2004 3063 2050 ei
3127 2004 3297 2064 primo
3358 2018 3386 2051 a
3440 2018 3546 2064 quo
3603 2008 3700 2052 est.

2058 2071 2194 2120 Illud
2226 2071 2365 2120 enim
2401 2072 2626 2133 primum
2659 2087 2773 2119 esse
2828 2086 3044 2134 quoquo
3098 2075 3257 2122 modo
3311 2074 3397 2134 sit,
3438 2075 3699 2137 quidquid

2061 2143 2379 2207 praedicetur
2409 2157 2542 2198 esse,
2577 2143 2774 2191 bonum
2809 2149 2929 2192 est:
2965 2147 3036 2192 ita
3067 2146 3208 2206 quod
3242 2145 3294 2193 in
3328 2161 3390 2194 eo
3422 2147 3565 2208 quod
3603 2152 3700 2194 est.

2058 2218 2240 2265 Posset
2269 2215 2483 2267 addere.
2516 2217 2571 2262 et
2627 2215 2700 2262 ita
2756 2216 2900 2276 quod
2965 2216 3106 2264 idem
3163 2222 3244 2265 est
3305 2218 3350 2264 ei
3384 2231 3519 2273 esse,
3553 2218 3695 2279 quod

2058 2290 2257 2338 bonum
2292 2302 2426 2336 esse.
2458 2287 2620 2334 Recte
2651 2286 2855 2347 utique,
2917 2287 3172 2350 quoniam
3235 2288 3478 2351 sequitur
3508 2305 3519 2337 :
3579 2289 3698 2339 Non

2058 2361 2200 2409 enim
2235 2359 2375 2407 aliud
2411 2363 2489 2406 est
2521 2357 2692 2419 ipsum
2729 2363 3085 2421 praeterquam
3129 2361 3325 2408 bonum
3361 2375 3373 2408 :
3429 2359 3698 2423 videlicet,

2061 2445 2164 2480 non
2194 2435 2277 2478 est
2305 2432 2370 2477 ab
2406 2429 2520 2492 ejus
2550 2429 2791 2477 bonitate
2819 2431 2923 2477 alia
2953 2444 3073 2490 qua:
3104 2430 3168 2478 de
3207 2432 3322 2493 ipso
3378 2431 3700 2492 prtedicetur

2058 2501 2312 2551 essentia.
2370 2500 2603 2561 Simplex
2652 2500 2795 2547 enim
2848 2504 2946 2556 est,
3001 2503 3142 2563 quod
3206 2503 3360 2564 juxta
3415 2502 3694 2564 septimam

2057 2573 2295 2634 regulam
2322 2585 2435 2620 esse
2466 2585 2642 2626 suum,
2675 2577 2724 2618 et
2756 2573 2804 2619 id
2831 2573 2974 2634 quod
3035 2578 3114 2620 est
3172 2587 3337 2620 unum
3380 2573 3553 2623 habet.
3589 2575 3697 2623 Hoc

2059 2649 2236 2692 autem
2269 2656 2444 2692 rerum
2476 2642 2754 2701 quodlibet
2783 2657 2915 2698 esse,
2947 2644 3047 2691 nisi
3111 2648 3252 2692 esset
3295 2643 3359 2691 ab
3402 2641 3492 2692 illo
3523 2647 3694 2706 primo

2055 2715 2218 2765 bono.
2251 2714 2302 2762 id
2335 2716 2432 2771 est,
2466 2712 2506 2759 si
2539 2719 2716 2760 emoto
2746 2713 2889 2774 quod
2929 2713 3060 2761 illud
3094 2715 3323 2774 primum
3370 2729 3400 2761 a
3447 2729 3553 2776 quo
3594 2718 3692 2773 est,

2056 2799 2163 2834 non
2195 2789 2274 2833 est
2305 2785 2525 2837 bonum,
2558 2783 2784 2830 fortasse
2816 2789 2992 2840 posset
3045 2798 3158 2831 esse
3215 2785 3436 2840 bonum,
3467 2786 3695 2848 qualiter

2055 2858 2105 2905 id
2132 2859 2278 2918 quod
2307 2861 2402 2911 est,
2449 2865 2529 2903 est
2579 2855 2780 2911 album,
2841 2857 2920 2902 vel
2975 2869 3152 2917 grave.
3212 2858 3297 2905 vel
3350 2859 3690 2914 rotundum;

2053 2930 2145 2979 sed
2180 2942 2287 2976 non
2353 2930 2532 2990 posset
2589 2941 2704 2974 esse
2761 2928 2958 2976 bonum
3023 2929 3075 2976 in
3135 2943 3198 2976 eo
3241 2929 3382 2991 quod
3417 2936 3515 2986 est,
3551 2943 3691 2979 vere.

299 3002 531 3064 primum
566 3015 626 3048 ex
661 3013 769 3048 una
807 3007 968 3050 recte.
1007 2998 1202 3047 deinde
1265 3012 1326 3046 ex
1384 2997 1503 3052 alia,
1551 3011 1644 3059 per
1695 2995 1939 3088 quietiam
1973 3020 2016 3088 α
2051 3003 2198 3051 Tunc
2222 2999 2383 3054 enim,
2419 2998 2515 3044 nisi
2552 2998 2798 3045 videlicet
2827 3003 2967 3045 esset
2997 3000 3061 3046 nb
3113 2998 3203 3047 illo
3260 2998 3311 3048 id
3374 3001 3516 3064 quod
3557 3014 3695 3063 quo-

299 3072 528 3088 ,A,,,I.!,,,I2
571 3071 609 3088 3-
650 3072 856 3088 εμμΑμι-
925 3084 979 3088 __
1013 3070 1138 3088 -_a:-
1175 3067 1476 3088 ---.L:-a:_...
1514 3069 1638 3088 I--,:-
1691 3084 1700 3088 -
1729 3082 1748 3088 ...
1797 3072 1910 3088 .-..ι..
2066 3087 2072 3088 ,
2143 3087 2150 3088 κ
2221 3086 2245 3088 _.
2280 3085 2298 3088 ᾼ
2331 3074 2372 3088 1-,
2437 3083 2454 3088 Α
2494 3073 2568 3088 --μΔ
2645 3083 2746 3088 _._._.
2769 3069 2964 3088 12....1--_
3043 3074 3106 3088 νη
3158 3071 3189 3088 ἰ
3238 3085 3258 3088 Α
3349 3087 3358 3088 κ
3393 3070 3687 3088 ,κιεν”ν-μ,ι

297 3071 618 3133 multiplicia
648 3072 882 3126 inventa,
919 3084 982 3118 ex
1009 3070 1142 3118 artis
1173 3067 1480 3131 sophisticae
1513 3069 1641 3117 locis
1687 3067 1932 3122 deducta,

287 3142 640 3205 impossibilia
692 3140 896 3196 intulit.
956 3142 1009 3188 in
1068 3140 1241 3202 prima
1303 3138 1539 3203 quidem,
1618 3138 1760 3201 quod
1824 3151 1933 3186 non

288 3215 522 3264 tendunt
552 3214 618 3262 ad
651 3213 853 3260 bonum
888 3229 900 3272 ;
934 3214 986 3259 in
1036 3213 1276 3260 secunda
1318 3224 1466 3268 vero,
1494 3210 1642 3274 quod
1684 3211 1819 3258 Deus
1848 3210 1932 3258 sit.

291 3287 422 3343 Quae
451 3285 705 3348 quoniam
739 3298 855 3333 esse
888 3297 994 3332 non
1031 3287 1274 3345 possunt,
1306 3281 1540 3342 primum
1587 3281 1770 3330 intulit
1813 3294 1935 3343 par-

293 3355 426 3404 tium
459 3354 744 3404 divisionis
782 3354 1048 3417 prredicta:
1082 3354 1352 3401 contraria
1381 3368 1394 3410 ;
1431 3351 1626 3401 deinde
1659 3356 1935 3413 utramque

289 3427 575 3482 rationem,
607 3429 659 3475 in
695 3441 758 3475 eo
791 3427 933 3486 quod
975 3426 1186 3474 volebat
1211 3423 1400 3478 videri.
1433 3423 1694 3472 conclusit
1724 3437 1735 3472 :
1785 3422 1936 3470 vide-

294 3501 421 3549 licet
475 3502 617 3564 quod
675 3500 825 3549 nullo
888 3501 1046 3548 modo
1103 3503 1229 3547 sunt
1283 3499 1443 3546 bona.
1501 3497 1760 3555 Quoniam
1811 3510 1936 3559 ergo

299 3572 773 3622 ratiocinationum
807 3579 984 3635 partes
1017 3587 1109 3635 per
1157 3585 1212 3620 se
1265 3585 1422 3627 verae,
1454 3571 1582 3620 artis
1634 3571 1935 3632 sophistica

301 3646 582 3708 multiplici
615 3648 816 3695 unione
868 3651 1026 3708 atque
1086 3645 1234 3693 unita
1294 3643 1699 3706 multiplicitate,
1761 3659 1937 3708 neque

301 3723 448 3775 sunt,
481 3733 655 3781 neque
687 3733 794 3768 non
833 3720 1080 3767 videntur
1124 3715 1224 3766 sibi
1272 3717 1591 3779 regulariter
1634 3730 1890 3766 connexus
1923 3731 1937 3765 :

303 3797 363 3839 ut
411 3794 765 3840 connexionis
822 3791 1047 3854 ﬁguram
1101 3797 1298 3853 praeter
1352 3790 1429 3837 rei
1493 3792 1768 3838 veritatem
1825 3804 1940 3838 esse

302 3864 630 3916 ostenderet.
685 3863 998 3924 multiplicia
1047 3861 1265 3910 inventa
1326 3875 1420 3924 per
1475 3861 1664 3910 modos
1722 3875 1939 3911 suarum

301 3935 758 3999 signiﬁcationum
786 3936 984 3984 divisit.
1019 3935 1103 3984 Ait
1133 3935 1273 3982 enim
1323 3934 1522 3982 bonum
1571 3933 1784 3983 duobus
1835 3948 1943 3983 mo-

300 4009 383 4057 dis
414 4007 606 4071 accipi,
638 4023 698 4057 ac
729 4023 824 4072 per
858 4008 978 4062 hoc,
1013 4007 1068 4055 id
1115 4020 1329 4070 quoque
1379 4007 1522 4069 quod
1571 4007 1696 4055 huic
1727 4007 1944 4056 additur

304 4079 530 4136 nomini,
564 4094 684 4127 cum
717 4083 1040 4140 proponitur
1069 4089 1081 4126 :
1117 4083 1195 4126 est
1225 4080 1425 4126 bonum
1480 4078 1532 4126 in
1574 4091 1638 4126 eo
1669 4079 1811 4141 quod
1845 4083 1943 4136 est,

305 4150 676 4211 multipliciter
705 4150 827 4199 dici.
860 4151 947 4199 Est
976 4148 1138 4205 enim,
1183 4150 1376 4211 inquit,
1438 4149 1668 4209 primum
1721 4150 1943 4206 bonum,

301 4225 381 4269 est
412 4226 466 4268 et
494 4221 793 4269 secundum
826 4233 837 4268 :
871 4220 1120 4280 primum.
1153 4219 1296 4280 quod
1328 4221 1409 4266 est
1437 4219 1612 4266 solum
1648 4219 1869 4274 bonum,
1895 4224 1946 4267 et

302 4291 445 4339 aliud
470 4291 602 4338 nihil
635 4304 648 4348 ;
681 4291 977 4339 secundum
1009 4303 1154 4345 vero,
1188 4289 1331 4351 quod
1385 4293 1441 4336 ut
1498 4294 1640 4337 esset
1679 4289 1942 4352 quidquid

2055 3087 2162 3135 quo
2219 3074 2378 3118 modo
2430 3073 2573 3116 esset
2643 3069 2981 3129 praedicatur,
3042 3071 3264 3120 forsitan
3347 3070 3692 3134 participaret

2043 3142 2293 3200 bono,-‘.id
2322 3147 2403 3189 est
2434 3139 2844 3202 participatione
2885 3147 3027 3190 esset
3056 3144 3277 3201 bonum,
3310 3146 3449 3191 sicut
3490 3143 3686 3202 album,

2043 3217 2126 3264 vel
2160 3213 2486 3276 hujusmodi.
2517 3212 2722 3260 Bonum
2748 3227 2874 3262 vero
2933 3216 3074 3277 quod
3140 3216 3375 3270 haberet,
3409 3229 3516 3264 non
3565 3228 3686 3276 pos-

2043 3292 2122 3337 set
2154 3288 2368 3341 habere,
2400 3289 2654 3344 tanquam
2689 3283 2914 3334 haberet
2971 3288 3143 3348 ipsum
3207 3300 3343 3341 esse,
3375 3286 3428 3334 id
3489 3292 3586 3342 est.
3630 3287 3682 3334 in

2043 3375 2104 3410 ea
2136 3359 2342 3408 ratione
2373 3370 2504 3418 qua,
2527 3371 2681 3404 suum
2741 3357 3021 3418 quodlibet
3071 3372 3186 3406 esse
3247 3359 3406 3407 habet
3438 3373 3448 3404 :
3484 3357 3686 3407 scilicet

2044 3432 2098 3481 in
2131 3447 2192 3479 eo
2223 3430 2365 3492 quod
2399 3433 2498 3485 est,
2527 3429 2963 3491 quandoquidem
3004 3444 3109 3479 non
3165 3429 3384 3478 haberet
3448 3444 3476 3477 a
3521 3431 3681 3484 bono,

2043 3507 2097 3555 id
2129 3508 2208 3552 est
2235 3500 2488 3564 quoniam
2523 3514 2629 3550 non
2682 3506 2824 3550 esset
2881 3502 3079 3551 bonum
3137 3503 3188 3550 id
3238 3517 3268 3550 a
3295 3516 3404 3566 quo
3440 3504 3680 3555 haberet.

2043 3577 2382 3629 Manifestum
2415 3579 2495 3622 est
2549 3574 2710 3634 igitur
2767 3577 2929 3638 quod.
2990 3575 3158 3635 primo
3218 3576 3362 3624 bono
3411 3582 3586 3624 mente
3630 3580 3685 3626 et

2045 3649 2384 3709 cogitatione,
2439 3646 2538 3694 hoc
2595 3648 2677 3694 est
2732 3647 2926 3694 mentis
2965 3648 3306 3708 cogitatione,
3367 3648 3431 3696 ab
3477 3647 3560 3695 his
3614 3649 3681 3697 ita

2047 3721 2277 3774 sublato,
2311 3720 2369 3764 ut
2401 3730 2503 3764 non
2540 3729 2655 3764 esse
2713 3717 2916 3765 bonum
2981 3717 3304 3775 conitatione
3356 3722 3608 3780 ponatur,
3639 3718 3692 3766 id

2047 3807 2214 3857 aquo
2240 3794 2384 3844 sunt,
2443 3788 2703 3852 quidquid
2767 3794 2938 3837 sunt:
3000 3791 3099 3838 ista
3158 3805 3276 3853 quas
3321 3796 3447 3840 sunt
3494 3793 3559 3839 ab
3610 3808 3692 3849 eo,

2049 3868 2172 3916 licet
2201 3865 2385 3911 essent
2414 3861 2573 3909 bons.
2633 3873 2810 3908 tamen
2872 3873 2980 3908 non
3041 3867 3263 3924 possent
3311 3875 3427 3910 esse
3473 3862 3694 3911 bonain

2051 3951 2114 3986 eo
2139 3935 2280 3997 quod
2318 3935 2514 3981 essent.
2545 3929 2609 3978 Et
2663 3931 2785 3978 ideo
2848 3933 3150 3980 econtrario
3211 3936 3370 3993 patet,
3397 3933 3538 3995 quod
3571 3947 3700 3995 quo-

2053 4012 2192 4060 niam
2227 4020 2335 4056 non
2369 4009 2594 4068 potuere
2627 4008 2746 4052 actu
2782 4006 3026 4061 existere.
3060 4005 3163 4054 nisi
3226 4005 3357 4054 illud
3403 4006 3546 4068 quod
3581 4020 3700 4054 vere

2053 4083 2254 4131 bonum
2282 4082 2377 4132 est,
2443 4091 2501 4124 ea
2566 4074 2925 4137 produxisset,
2985 4077 3033 4123 id
3095 4082 3173 4124 est
3225 4077 3326 4124 nisi
3391 4081 3528 4125 esset
3575 4091 3700 4126 vere

2052 4155 2272 4204 bonum,
2305 4148 2450 4212 quod
2477 4153 2556 4196 est
2584 4147 2838 4209 produxit
2869 4162 2882 4194 :
2916 4148 3133 4196 idcirco.
3166 4152 3218 4195 et
3272 4149 3469 4196 bonum
3527 4149 3699 4209 ipsum

2055 4229 2133 4273 est
2162 4235 2345 4270 eorum
2379 4234 2512 4269 esse.
2547 4218 2598 4265 id
2632 4223 2728 4274 est,
2761 4220 2833 4266 ita
2868 4220 2932 4266 de
2983 4219 3058 4266 eis
3109 4219 3323 4275 dicitur,
3378 4219 3516 4267 sicut
3563 4233 3699 4276 esse,

2056 4294 2254 4343 scilicet
2285 4292 2336 4339 in
2375 4303 2438 4338 eo
2470 4289 2611 4352 quod
2669 4291 2796 4337 sunt
2851 4289 2990 4336 bona
3044 4302 3177 4336 esse.
3211 4288 3289 4337 Ac
3345 4303 3438 4349 per
3476 4289 3592 4346 hoc,
3627 4290 3699 4338 illi

302 4368 397 4416 est,
429 4363 645 4450 ajprjmi
677 4363 804 4411 boni
829 4361 1103 4450 voluntate
1163 4360 1404 4450 deﬂu‘xit.
1465 4361 1538 4408 De
1585 4365 1813 4450 utroqpe
1864 4365 1946 4409 ta-
1979 4387 2025 4450 Β
2058 4367 2229 4429 primo
2262 4365 2404 4450 homo
2435 4361 2500 4409 ad
2531 4361 2675 4450 quo'd
2701 4360 2950 4450 ten‘dun‘t,
2972 4374 3220 4450 ‘quoquo
3278 4362 3436 4409 modo
3484 4361 3697 4422 similia,

301 4449 423 4484 men
456 4433 670 4494 dicitur,
731 4438 873 4496 quod
933 4432 979 4479 ei
1041 4431 1182 4480 idem
1241 4436 1320 4480 est
1382 4446 1517 4492 esse,
1555 4432 1696 4494 qnod
1747 4433 1946 4481 bonum

302 4521 434 4562 esse,
465 4511 516 4555 et
548 4507 689 4567 quod
723 4510 803 4554 est
833 4507 1054 4560 bonum,
1109 4504 1161 4552 in
1223 4519 1286 4552 eo
1343 4505 1487 4566 quod
1544 4509 1640 4553 est.
1699 4503 1802 4552 Sed
1848 4505 1950 4553 hoc

303 4593 516 4642 quoque
568 4579 726 4628 modo
783 4579 1039 4627 diverso:
1100 4591 1223 4625 nam
1287 4579 1520 4638 primum
1581 4576 1778 4625 dicitur
1836 4591 1952 4626 esse

304 4651 505 4699 bonum
538 4652 591 4699 in
649 4665 714 4700 eo
769 4653 912 4712 quod
971 4655 1067 4706 est,
1128 4651 1381 4712 quoniam
1442 4649 1656 4697 bonitas
1713 4655 1794 4696 est
1835 4647 1953 4710 ejus

305 4723 540 4771 essentia
571 4737 583 4780 ;
615 4723 909 4770 secundum
961 4734 1087 4769 vero
1145 4721 1344 4770 dicitur
1403 4735 1520 4768 esse
1566 4720 1769 4768 bonum
1801 4718 1858 4768 in
1889 4733 1953 4768 eo

307 4794 450 4857 quod
503 4799 625 4843 est:
687 4807 793 4843 non
840 4793 1076 4856 quidem,
1132 4793 1388 4855 quoniam
1439 4793 1649 4841 bonitas
1706 4790 1775 4841 sit
1839 4792 1955 4854 ejus

307 4866 559 4926 essentia,
593 4865 684 4914 sed
715 4864 967 4926 quoniam
1000 4866 1089 4926 qui
1126 4863 1276 4926 fecit,
1309 4870 1366 4912 ut
1416 4864 1469 4911 id
1521 4866 1662 4911 esset
1691 4862 1954 4925 quidquid

304 4941 404 4993 est,
464 4941 545 4985 est
602 4935 777 4985 bonus
832 4937 1082 4991 essentia,
1137 4933 1223 4983 cui
1282 4935 1704 4983 substantialiter
1781 4935 1954 4983 simile

304 5020 423 5057 esse
452 5008 582 5057 illud
615 5007 911 5057 secundum
977 5019 1086 5056 non
1145 5009 1339 5067 potest.
1375 5006 1491 5062 Qua
1547 5005 1598 5053 in
1642 5018 1694 5053 re
1727 5010 1952 5066 utraque

307 5079 550 5142 quaestio,
584 5080 635 5127 id
694 5084 788 5136 est,
833 5085 884 5128 et
929 5093 993 5127 ea
1045 5091 1150 5140 qua
1204 5076 1548 5139 qumrebatur
1601 5089 1666 5122 an
1721 5091 1783 5124 ea
1835 5090 1955 5137 qute

308 5157 453 5206 sunt,
487 5151 627 5199 bona
657 5150 785 5208 sint,
817 5153 873 5198 et
901 5164 963 5198 ea
991 5154 1211 5212 propter
1232 5161 1388 5210 quam
1413 5147 1525 5194 htec
1556 5145 1728 5201 ﬁebat,
1758 5147 1956 5194 scilicet

308 5235 374 5271 an
407 5236 469 5271 ea
501 5236 621 5284 quas
651 5227 795 5277 sunt,
827 5221 970 5270 bona
999 5223 1105 5269 sint
1134 5219 1190 5267 in
1235 5234 1299 5267 eo
1330 5220 1472 5281 quod
1506 5223 1650 5273 sunt,
1684 5231 1804 5265 cum
1844 5231 1953 5266 non

308 5293 418 5342 sint
476 5292 849 5341 substantialis
903 5293 1066 5348 bona,
1129 5290 1391 5339 divisione
1453 5289 1613 5348 hujus
1697 5286 1953 5347 nominis,

310 5363 453 5428 quod
486 5368 566 5412 est
595 5364 816 5418 bonum,
850 5367 903 5411 et
933 5364 1094 5424 hujus
1149 5361 1289 5423 quod
1347 5358 1544 5407 dicitur
1601 5360 1652 5406 in
1709 5373 1770 5406 eo
1809 5360 1950 5421 quod

306 5441 404 5491 est,
437 5435 610 5484 soluta
641 5438 738 5483 est.
772 5434 902 5482 Nam
931 5448 1050 5481 cum
1085 5434 1293 5481 duobus
1351 5431 1524 5478 modis
1573 5430 1773 5478 bonum
1807 5432 1953 5479 dica-

304 5511 409 5562 tur,
443 5506 642 5556 scilicet
668 5506 750 5554 vel
781 5504 854 5554 ita
886 5508 943 5553 ut
973 5504 1088 5567 ejus
1119 5504 1262 5566 quod
1312 5503 1507 5551 dicitur
1555 5501 1775 5558 bonum,
1835 5502 1954 5564 ipsa

307 5577 521 5627 bonitas
558 5577 627 5624 sit
683 5578 929 5635 essentia,
994 5574 1072 5623 vel
1127 5573 1566 5623 denominatione
1616 5572 1739 5621 ideo
1794 5572 1949 5629 facta,

311 5649 457 5713 quod
487 5662 646 5698 omne
676 5649 823 5698 illius
857 5663 971 5698 esse
991 5647 1144 5696 ﬂuxit
1179 5647 1245 5695 ab
1275 5660 1342 5695 oo
1391 5645 1543 5708 cujus
1586 5648 1667 5694 est
1721 5645 1954 5693 essentia

308 5721 541 5785 bonitas,
571 5719 918 5774 manifestum
972 5723 1054 5770 est
1109 5715 1363 5781 quoniam
1421 5730 1483 5768 ea
1521 5729 1642 5781 qua
1672 5719 1818 5777 sunt,
1849 5714 1949 5767 etsi

2061 4443 2111 4484 et
2137 4440 2310 4483 tamen
2339 4432 2390 4481 id
2425 4434 2564 4495 quod
2599 4431 2665 4479 ab
2697 4444 2758 4478 eo
2790 4432 2940 4478 ﬂuxit
2970 4432 3190 4488 bonum,
3217 4445 3322 4479 non
3349 4439 3428 4479 est
3457 4433 3702 4483 substan-

2061 4506 2261 4555 tialiter
2289 4506 2461 4552 simile
2495 4504 2664 4565 primo
2695 4500 3034 4549 substantinli
3086 4503 3246 4550 bono.
3303 4502 3447 4550 Idem
3498 4503 3700 4554 bonum

2062 4578 2276 4640 quidem
2309 4581 2407 4630 est.
2440 4581 2491 4624 et
2521 4575 2574 4622 in
2599 4588 2662 4622 eo
2692 4573 2835 4635 quod
2896 4577 2992 4624 est.
3053 4575 3251 4621 bonum
3313 4577 3393 4621 est
3425 4590 3437 4631 ;
3479 4575 3569 4622 sed
3603 4576 3704 4624 hoc

2064 4647 2480 4702 denominative,
2520 4658 2628 4694 non
2658 4644 3104 4693 substantialiter.
3128 4643 3189 4690 Et
3211 4642 3313 4692 nisi
3345 4645 3412 4693 ab
3443 4661 3507 4694 eo
3533 4645 3704 4709 primo

2064 4721 2206 4768 bono
2266 4714 2573 4780 hujusmodi
2631 4728 2972 4778 quaecunque
3031 4713 3168 4762 bona
3224 4715 3525 4773 ﬂexissent,
3584 4718 3706 4766 licet

2064 4791 2221 4851 (sicut
2251 4790 2563 4852 pradictum
2597 4790 2695 4840 est)
2754 4790 2935 4835 essent
2978 4787 3137 4841 bona,
3175 4790 3352 4835 tamen
3411 4801 3523 4836 non
3583 4803 3707 4851 pos-

2064 4865 2185 4909 sent
2214 4875 2328 4908 esse
2360 4859 2500 4906 bona
2531 4859 2582 4905 in
2613 4871 2675 4906 eo
2707 4857 2848 4918 quod
2882 4862 3008 4904 sunt
3041 4871 3052 4903 :
3084 4864 3135 4904 et
3170 4872 3354 4920 quare,
3406 4862 3660 4922 supponit
3688 4876 3700 4910 :

2065 4933 2314 4995 quoniam
2348 4933 2400 4979 et
2435 4935 2628 4991 praeter
2679 4928 2878 4977 bonum
2939 4934 2988 4976 et
3043 4942 3148 4975 non
3200 4943 3262 4976 ex
3325 4929 3469 4978 bono
3527 4937 3704 4980 essent

2065 5008 2222 5058 bona,
2263 5007 2589 5050 cumtamen
2623 5001 2751 5048 illud
2801 5002 2974 5060 ipsum
3037 5002 3266 5061 primum
3323 5001 3522 5050 bonum
3579 5015 3703 5050 vere

2065 5082 2161 5130 est,
2193 5081 2244 5122 et
2276 5075 2370 5121 hoc
2402 5072 2473 5120 ita
2503 5079 2562 5120 ut
2586 5077 2637 5120 et
2658 5073 2830 5132 ipsum
2863 5085 2978 5119 esse
3019 5074 3104 5126 sit,
3141 5078 3193 5119 et
3249 5072 3426 5134 ipsum
3482 5075 3704 5132 bonum,

2065 5151 2116 5193 et
2145 5158 2457 5197 econverso.
2487 5144 2686 5190 bonum
2717 5143 2779 5188 sit.
2810 5143 2981 5200 ipsum
3011 5155 3144 5189 esse.

2127 5219 2188 5264 At
2225 5230 2388 5264 nonne
2418 5216 2595 5269 etiam,
2635 5213 2756 5278 etc.]
2786 5213 3046 5275 Superius
3095 5228 3214 5262 cum
3259 5214 3462 5262 bonum
3513 5213 3569 5262 in
3596 5216 3703 5279 pri-

2064 5302 2206 5336 mum
2240 5293 2290 5335 et
2329 5287 2622 5334 secundum
2682 5285 2964 5339 divideret,
3018 5285 3153 5332 dixit
3209 5287 3351 5347 quod
3410 5287 3704 5336 secundum

2064 5360 2263 5407 bonum
2297 5361 2378 5404 est
2407 5359 2624 5416 bonum,
2656 5357 2908 5418 quoniam
2940 5369 3003 5404 ex
3039 5370 3103 5404 eo
3134 5356 3285 5403 ﬂuxit
3327 5356 3480 5418 cujus
3528 5357 3702 5419 ipsum

2063 5445 2178 5478 esse
2207 5430 2407 5476 bonum
2441 5433 2533 5476 est.
2560 5428 2621 5475 Et
2655 5428 2856 5476 idcirco
2914 5427 2978 5474 de
3032 5427 3147 5488 ipso
3195 5440 3412 5489 quoque
3466 5429 3704 5478 secundo

2063 5501 2203 5564 quod
2243 5503 2306 5549 de
2362 5503 2512 5549 .rimo
2545 5500 2760 5560 dicitur,
2807 5501 3006 5547 scilicet
3056 5499 3197 5560 quod
3249 5499 3422 5562 ipsum
3457 5501 3615 5549 etiam
3649 5504 3703 5551 in

2063 5588 2124 5620 eo
2156 5573 2296 5635 quod
2336 5578 2433 5627 est.
2486 5572 2689 5620 bonum
2750 5575 2845 5618 θη.
2904 5571 3115 5617 Certum
3175 5575 3255 5617 est
3305 5576 3502 5628 autem,
3559 5585 3703 5636 quaa-

2061 5657 2269 5706 cunque
2297 5647 2438 5699 sunt,
2470 5641 2735 5706 quidquid
2795 5645 2938 5696 sunt,
2997 5654 3059 5688 ex
3118 5641 3303 5689 eadem
3357 5656 3522 5692 causa
3553 5647 3696 5706 sunt,

2062 5715 2259 5766 scilicet
2313 5713 2570 5779 quoniam
2626 5726 2693 5762 ex
2756 5713 2946 5766 eodem
3014 5711 3299 5776 principio,
3358 5716 3419 5763 ut
3501 5719 3698 5778 essent,
