4030 6186
456 165 585 217 1331

1041 160 1111 213 ΙΝ
1152 158 1283 213 LIB.
1321 156 1541 221 QUOM.
1585 154 1820 209 SUBST.
1860 154 2061 207 ΒΟΝίΕ
2096 145 2455 210 SINT'GILB.
2486 157 2784 213 PORRET.
2823 158 3179 213 COMMENT.

3662 168 3775 219 l332

444 288 736 335 ﬂuxerunt.
770 283 847 332 Ac
876 297 974 346 per
1002 283 1121 342 hoc,
1171 280 1222 328 id
1279 294 1385 342 quo
1439 284 1582 333 sunt,
1632 277 1895 341 quidquid
1955 277 2083 325 illud
2117 284 2169 346 Α
2199 279 2344 327 sede
2382 281 2462 328 bis
2493 296 2613 343 quea
2647 286 2774 331 sunt
2836 282 3178 345 praedicatur,
3245 282 3333 331 sed
3394 288 3586 345 semper
3632 292 3707 337 aut
3730 304 3782 339 ex

445 359 532 415 sit,
565 360 619 408 in
652 372 713 407 eo
747 357 887 420 quod
921 362 1063 410 sunt,
1094 368 1208 403 esse
1239 354 1516 400 videntur.
1550 350 1703 401 Unde
1754 355 1893 399 recte
1939 362 2086 413 quaa-

444 434 517 481 rit
546 432 771 480 dicens:
811 430 876 477 At
905 430 1065 477 etiam
1132 439 1250 474 cum
1313 422 1541 473 dicimus
1600 424 1735 479 alba,
1792 436 1973 471 nonne
2031 435 2096 470 ea

447 516 569 567 quae
604 502 726 550 alba
756 504 899 555 sunt,
934 500 1121 548 eadem
1153 497 1362 545 ratione
1394 496 1665 567 oportebit
1717 508 1832 544 esse
1866 494 2005 567 alba.
2039 494 2092 541 in

442 564 505 623 e—o
534 571 678 636 quod
710 575 852 626 sunt,
886 582 995 632 quo
1026 567 1230 617 scilicet.
1264 571 1324 615 ut
1351 569 1535 614 essent
1592 565 1731 623 alba,
1781 578 1844 612 ex
1906 564 2095 636 volun-

447 633 566 693 tate
587 640 829 705 ejusdem
884 637 1156 700 principii,
1192 637 1295 685 hoc
1352 641 1432 685 est
1493 636 1606 691 Dei,
1656 635 1979 684 ﬂuxerunt?
2037 633 2100 683 Et

446 714 757 777 respondet,
791 712 1031 759 minime.
1065 710 1127 757 Et
1157 722 1321 772 quare
1355 706 1578 756 minime
1607 710 1631 755 7
1668 706 1739 754 ita
1772 707 1847 754 ait
1877 720 1889 755 ε
1936 705 2096 755 Aliud

445 785 587 833 enim
620 789 700 831 est
729 780 807 830 eis
838 794 976 840 esse,
1005 780 1150 829 aliud
1182 779 1303 828 alba
1336 792 1472 828 esse.
1538 780 1633 828 llic
1692 791 1876 827 casum
1927 778 2100 825 nomi-

444 855 709 909 nativum,
772 854 908 901 sicut
960 854 1208 913 superius
1265 851 1469 898 dictum
1529 856 1627 905 est,
1692 854 1744 897 et
1803 863 1993 897 sensus
2048 852 2102 897 et

444 926 666 975 verbum
727 924 891 985 exigit
945 922 1470 972 demonstrationis:
1516 922 1610 969 sed
1658 919 2098 982 consequentiam

442 1010 599 1045 casus
630 994 695 1043 ad
728 1007 906 1043 casum
943 994 1028 1041 hic
1063 1006 1279 1055 quoque
1312 1005 1551 1047 servans,
1601 993 1675 1041 ait
1706 1005 1718 1039 :
1772 991 1933 1039 Aliud
1965 990 2100 1039 albis

446 1082 581 1117 esse.
618 1067 730 1115 Hoc
758 1071 956 1121 autem,
987 1065 1132 1127 quod
1182 1062 1434 1113 videlicet
1496 1062 1641 1112 aliud
1704 1062 1783 1111 eis
1846 1067 1927 1110 est
1963 1075 2098 1119 esse,

441 1137 585 1187 aliud
616 1138 794 1185 album
828 1141 924 1191 est,
980 1150 1099 1184 cum
1158 1134 1243 1182 his
1305 1148 1427 1197 qua:
1484 1135 1626 1183 bona
1675 1138 1820 1188 sunt,
1852 1134 1993 1181 idem
2034 1134 2102 1181 sit

442 1223 577 1265 esse,
611 1215 664 1257 et
692 1208 849 1256 bonis
881 1221 1014 1265 esse,
1071 1206 1193 1253 ideo
1254 1212 1350 1266 est,
1414 1205 1670 1268 quoniam
1731 1206 1821 1267 qui
1868 1218 1928 1252 ea
1978 1216 2098 1266 quae

440 1280 582 1330 bona
614 1280 888 1334 dicuntur,
943 1283 997 1325 et
1052 1277 1170 1325 alba
1228 1275 1420 1337 eﬂ'ecnt,
1477 1281 1536 1325 ut
1599 1282 1779 1325 essent
1835 1274 2097 1337 quidquid

442 1355 587 1407 sunt,
622 1346 782 1397 bonis
813 1348 1029 1409 quidem
1064 1352 1160 1405 est,
1192 1346 1411 1393 minime
1466 1359 1592 1394 vero
1655 1351 1735 1393 est
1783 1345 1955 1393 albus.
1990 1345 2099 1392 Hoc

444 1419 630 1483 igitur,
663 1417 867 1467 scilicet
898 1422 957 1466 ut
987 1421 1168 1465 essent
1201 1417 1342 1465 bona
1399 1430 1463 1464 ea
1519 1430 1637 1478 quae
1697 1421 1841 1471 sunt,
1874 1416 2101 1464 comita-

444 1495 559 1539 tum
594 1496 674 1539 est
709 1490 1040 1538 voluntatem
1071 1488 1217 1543 boni,
1252 1501 1313 1534 ac
1370 1501 1465 1549 per
1522 1488 1623 1536 hoc
1676 1488 1929 1535 dicuntur
1980 1499 2097 1534 esse

445 1561 611 1617 bona,
643 1562 695 1608 in
730 1574 792 1609 eo
839 1560 982 1621 quod
1042 1564 1186 1607 sunt.
1245 1557 1588 1607 Voluntatem
1644 1570 1774 1607 vero
1836 1571 1945 1606 non
1993 1554 2099 1606 albi

448 1637 529 1682 est
559 1631 778 1694 quidem
811 1629 1060 1679 comitata
1090 1631 1212 1677 talis
1272 1629 1572 1690 proprietas
1629 1629 1764 1691 ejus,
1805 1628 1948 1691 quod
2002 1634 2100 1688 est,

447 1708 504 1751 ut
530 1701 779 1751 videlicet
815 1704 952 1749 esset
983 1700 1181 1755 album,
1212 1699 1304 1748 sed
1365 1713 1473 1747 non
1528 1704 1586 1748 ut
1624 1700 1726 1748 hoc
1777 1703 1918 1749 esset
1946 1700 1998 1747 ln
2031 1712 2093 1747 eo

446 1774 591 1836 quod
624 1777 719 1820 est.
758 1773 819 1820 Et
848 1784 1014 1833 quare
1046 1772 1302 1832 supponit
1332 1785 1345 1818 :
1374 1769 1559 1833 Neque
1602 1770 1746 1819 enim
1806 1776 1865 1819 ut
1913 1771 2098 1818 essent

444 1843 584 1901 alba,
621 1842 965 1892 defluxerunt
997 1855 1063 1890 ex
1122 1841 1397 1890 voluntate
1454 1840 1582 1890 albi.
1632 1840 1785 1890 Unde
1832 1846 1971 1890 recte
2002 1840 2096 1889 in-

448 1912 567 1969 fert,
601 1912 787 1961 dicens
820 1927 830 1961 :
864 1914 1066 1975 Itaque,
1099 1912 1225 1974 quia
1253 1912 1457 1961 scilicet
1488 1911 1659 1961 voluit
1702 1924 1765 1961 ea
1811 1926 1927 1961 esse
1958 1912 2094 1971 alba,

449 1985 541 2048 qui
578 1988 690 2032 erat
716 1996 822 2032 non
858 1983 1031 2040 albus,
1081 1983 1181 2031 hoc
1241 1988 1339 2041 est,
1399 1982 1529 2046 quia
1584 1988 1701 2033 erat
1752 1996 1863 2032 non
1925 1983 2099 2040 albus,

447 2057 537 2117 qui
568 2069 630 2103 ea
653 2054 820 2103 voluit
847 2067 963 2103 esse
995 2056 1133 2110 alba,
1168 2060 1293 2102 sunt
1355 2054 1478 2102 alba
1535 2059 1762 2109 tantum,
1794 2056 1843 2103 id
1905 2060 2004 2111 est,
2048 2058 2100 2104 et

448 2137 558 2173 non
590 2125 642 2172 in
679 2138 741 2172 eo
772 2123 918 2187 quod
950 2129 1094 2173 sunt.
1127 2124 1259 2181 Quia
1290 2138 1416 2173 vero
1448 2124 1617 2172 voluit
1660 2138 1725 2173 ea
1779 2139 1892 2173 esse
1938 2125 2096 2182 bona,

447 2197 541 2260 qui
576 2202 689 2245 erat
718 2198 912 2257 bonus,
946 2196 1047 2244 hoc
1083 2201 1181 2255 est,
1213 2194 1339 2257 quia
1385 2200 1499 2244 erat
1541 2196 1732 2253 bonus,
1778 2199 1868 2259 qui
1910 2210 1973 2244 ea
2002 2211 2100 2245 vo-

449 2267 552 2315 luit
582 2280 696 2314 esse
732 2266 890 2328 bona,
922 2272 1049 2314 sunt
1084 2268 1261 2313 bona:
1293 2264 1369 2313 ita
1424 2267 1569 2328 quod
1630 2270 1807 2328 potest
1863 2267 2006 2323 addi,
2044 2268 2101 2315 in

451 2351 515 2387 eo
551 2338 695 2401 quod
728 2345 871 2385 sunt.
906 2338 997 2385 Est
1027 2336 1169 2385 enim
1213 2337 1603 2390 denominatio.
1651 2338 1793 2400 quod
1846 2339 2101 2387 dicuntur

453 2422 570 2457 esse
605 2409 767 2464 bona,
800 2411 937 2456 sicut
966 2408 1111 2470 quod
1165 2408 1419 2455 dicuntur
1476 2421 1612 2465 esse,
1660 2408 2097 2471 quandoquidem

451 2478 539 2528 ille
571 2494 600 2527 a
624 2493 732 2541 quo
765 2484 911 2534 sunt,
941 2482 995 2527 et
1024 2481 1165 2527 bona
1195 2484 1339 2538 sunt,
1368 2480 1441 2526 sic
1497 2492 1620 2527 vere
1683 2485 1736 2527 et
1777 2480 2103 2528 substantia-

454 2550 575 2599 liter
606 2551 783 2600 bonus
819 2556 915 2608 est,
949 2549 1089 2599 sicut
1121 2564 1246 2599 vere
1280 2555 1332 2598 et
1362 2549 1788 2599 substantialiter
1820 2556 1915 2600 est.
1948 2551 2101 2609 Quod

452 2635 582 2671 vero
614 2628 742 2670 sunt
770 2624 907 2681 alba,
941 2620 1260 2686 proprietas.
1299 2636 1403 2669 non
1438 2621 1807 2671 denominatio
1838 2628 1933 2679 est,
1966 2637 2100 2685 quo-

457 2691 604 2743 niam
637 2693 724 2741 ille
754 2707 784 2741 a
813 2707 922 2756 quo
978 2697 1105 2742 sunt
1162 2692 1295 2749 alba,
1331 2707 1439 2742 non
1497 2691 1575 2741 sic
1617 2693 1920 2744 substantia
1953 2692 2103 2743 albus

456 2770 556 2821 est,
590 2766 729 2813 sicut
762 2766 1061 2813 substantia
1094 2769 1190 2813 est.

516 2835 804 2885 Secundum
860 2835 992 2885 hanc
1042 2836 1250 2899 igitur.]
1307 2837 1480 2897 Supra
1552 2850 1672 2884 cum
1743 2835 1980 2893 dixisset,
2040 2850 2104 2885 ea

459 2921 580 2971 quas
612 2913 756 2969 sunt,
783 2909 926 2957 bona
957 2922 1093 2963 esse,
1141 2914 1194 2957 et
1240 2908 1541 2971 adjecisset,
1575 2907 1629 2957 in
1679 2924 1740 2957 eo
1778 2912 1921 2971 quod
1955 2912 2100 2969 sunt,

456 2979 728 3042 hujusque
760 2979 1077 3043 adjectionis
1122 2993 1338 3029 causam
1388 2979 1728 3040 reddidisset,
1775 2981 2030 3043 quoniam
2071 2994 2113 3029 a'

454 3052 626 3113 primo
658 3052 800 3100 bono
832 3052 1122 3106 ﬂuxerunt.
1168 3050 1419 3114 quasivit
1473 3065 1569 3099 cur
1629 3053 1790 3102 etiam
1848 3052 2104 3102 dicuntur

451 3134 568 3170 esse
602 3121 721 3170 alba
752 3138 764 3181 ;
797 3134 902 3170 non
926 3122 1159 3182 additur,
1194 3123 1251 3169 in
1279 3136 1343 3170 eo
1387 3122 1529 3185 quod
1580 3127 1727 3183 sunt,
1770 3124 2105 3187 quandoqui-

451 3192 571 3241 dem
608 3196 667 3241 ut
695 3197 875 3241 essent
931 3192 1066 3249 alba,
1104 3207 1169 3241 ex
1228 3193 1414 3241 eadem
1472 3207 1633 3242 causa
1692 3194 1984 3244 ﬂuxerunt.
2043 3197 2106 3247 Et

451 3262 753 3325 respondit,
786 3265 1039 3327 quoniam
1075 3262 1165 3313 ille
1197 3277 1227 3312 a
1248 3278 1354 3325 quo
1384 3268 1513 3313 sunt
1562 3265 1703 3313 bona
1751 3270 1804 3314 et
1843 3266 1982 3323 alba,
2016 3269 2104 3317 bo-

451 3348 555 3383 nus
581 3339 680 3392 est,
712 3335 803 3383 sed
839 3348 947 3383 non
980 3336 1153 3383 albus.
1186 3334 1340 3383 Nunc
1389 3349 1518 3384 vero
1572 3350 1635 3384 ex
1689 3349 1753 3385 eo
1784 3338 1926 3400 quod
1961 3340 2107 3389 dixe-

453 3410 535 3453 rat
563 3419 720 3467 supra
756 3420 769 3453 :
801 3405 1098 3454 secundum
1132 3404 1335 3455 bonum
1394 3407 1515 3454 ideo
1578 3408 1785 3456 bonum
1847 3415 1947 3468 est,
1977 3425 2105 3472 quo-

454 3476 597 3524 niam
629 3489 693 3523 ex
727 3490 789 3525 eo
819 3475 993 3533 ﬂuxit,
1020 3476 1175 3539 cujus
1225 3490 1340 3525 esse
1401 3477 1605 3527 bonum
1662 3484 1759 3532 est.
1801 3486 1985 3540 posset
2017 3496 2107 3543 pu-

458 3546 554 3593 tari
613 3545 861 3595 similiter
917 3549 1098 3596 omnia
1157 3562 1272 3597 esse
1324 3548 1489 3611 justa,
1548 3550 1802 3612 quoniam
1872 3552 1937 3599 ab
2018 3554 2103 3603 illo

458 3615 726 3666 fluxerunt
759 3617 850 3680 qui
881 3632 1007 3666 vere
1032 3618 1212 3681 justus
1242 3623 1360 3678 est;
1418 3622 1609 3681 qumrit
1669 3624 1722 3669 et
1765 3624 1839 3669 ait
1874 3638 1887 3673 :
1921 3622 2103 3685 Igitur,

456 3689 500 3735 si
533 3689 731 3737 scilicet
759 3702 821 3737 ea
846 3702 964 3751 quae
988 3692 1117 3737 sunt
1165 3690 1303 3738 bona
1352 3696 1497 3747 sunt,
1531 3704 1595 3738 eo
1642 3692 1783 3749 quod
1821 3692 1997 3742 bonus
2026 3699 2107 3744 est

453 3754 544 3803 ille
574 3754 664 3817 qui
700 3771 762 3805 ea
795 3770 911 3806 esse
944 3757 1129 3814 voluit,
1162 3770 1346 3820 quaero
1390 3771 1457 3805 an
1521 3760 1817 3808 secundum
1865 3762 2103 3811 eamdem

453 3824 741 3884 rationem,
772 3826 820 3874 id
856 3832 936 3876 est
965 3829 1264 3877 secundum
1315 3829 1556 3891 ejusdem
1607 3829 1834 3878 rationis
1880 3846 2106 3895 propor-

454 3897 678 3951 tionem,
711 3904 902 3947 cuncta
932 3913 1052 3961 quas
1084 3904 1229 3957 sunt,
1259 3905 1475 3962 oportet
1503 3914 1619 3949 esse
1653 3899 1820 3961 justa,
1852 3904 2103 3964 quoniam

456 3968 705 4019 videlicet
735 3970 847 4032 ipse
872 3971 1053 4032 justus
1085 3976 1184 4025 est,
1215 3973 1306 4034 qui
1361 3985 1423 4020 ea
1465 3986 1582 4020 esse
1632 3975 1802 4023 voluit
1831 3977 1854 4022 ‘I
1898 3975 1963 4023 Et
1994 3990 2107 4024 res-

454 4041 657 4105 pondet
688 4055 701 4090 :
734 4040 843 4090 Nec
876 4044 975 4091 hoc
1005 4043 1221 4104 quidem
1282 4048 1510 4105 oportet,
1547 4042 1685 4091 sicut
1748 4044 1951 4096 scilicet
2006 4061 2107 4097 nec

450 4112 580 4161 illud
612 4118 866 4173 oportere
898 4112 1218 4175 praedictum
1252 4123 1351 4164 est.
1404 4115 1547 4174 quod
1598 4116 1851 4165 videlicet
1893 4132 1952 4167 ea
1985 4132 2105 4181 quae

449 4187 578 4232 sunt
607 4185 745 4242 alba,
779 4185 887 4234 sint
918 4184 1038 4234 alba
1071 4186 1127 4234 in
1159 4200 1221 4235 eo
1253 4188 1396 4250 quod
1436 4193 1578 4241 sunt.
1613 4186 1873 4251 quoniam
1928 4196 1985 4239 ut
2031 4204 2107 4239 es-

449 4259 570 4302 sent
600 4256 723 4303 alba
756 4269 819 4304 ex
848 4256 1128 4305 voluntate
1161 4258 1250 4305 Dei
1283 4256 1579 4305 ﬂuxerunt.

512 4324 647 4374 Nam
704 4325 891 4374 bonum
948 4340 1077 4384 esse,
1141 4325 1266 4390 etc.]
1324 4326 1424 4375 Hic
1500 4327 1786 4377 dicendum
1872 4328 2102 4388 videtur,

450 4396 594 4458 quod
645 4396 846 4445 bonum
904 4397 1120 4447 duobus
1178 4398 1356 4447 modis
1418 4398 1660 4447 dicitur:
1725 4415 1833 4449 uno
1890 4403 2105 4458 quidem

451 4470 751 4518 secundum
788 4483 865 4525 se,
930 4470 1102 4518 altero
1160 4484 1287 4519 vero
1342 4471 1637 4520 secundum
1688 4486 1861 4529 usum,
1910 4474 2003 4535 qui
2050 4488 2109 4523 ex

450 4552 513 4587 eo
543 4542 685 4602 quod
720 4542 1027 4591 secundum
1070 4556 1125 4590 se
1163 4542 1365 4592 bonum
1398 4544 1608 4600 dicitur,
1642 4544 1888 4593 nrovenit
1919 4562 1931 4605 ;
1960 4546 2109 4595 ideo-

449 4622 553 4699 que
585 4611 719 4660 illud
781 4613 1055 4699 absollute‘,
1095 4614 1255 4699 Asicut
1300 4618 1364 4699 let
1420 4615 1638 4699 quando
1695 4615 1889 4699 dicitur
1947 4632 2105 4699 esse;

450 4679 551 4729 hoc
584 4696 711 4730 vero
743 4696 852 4730 non
899 4683 1164 4741 absolute,
1229 4684 1319 4733 sed
1379 4685 1611 4747 quadam
1665 4686 1730 4733 ad
1789 4687 1973 4747 alium,
2019 4679 2104 4738 cui

452 4764 518 4800 ex
571 4751 663 4802 illo
717 4754 860 4803 bono
914 4755 1108 4818 aliquis
1166 4769 1295 4804 usus
1352 4755 1620 4817 provenit,
1682 4759 2104 4819 comparatione.

449 4823 580 4872 Nam
611 4825 676 4873 de
710 4823 895 4873 multis
924 4826 1000 4874 ita
1031 4826 1231 4876 dictum
1258 4826 1555 4887 invenitur,
1618 4827 1719 4877 hoc
1775 4828 1847 4876 illi
1906 4831 2104 4878 bonum

451 4897 549 4950 est,
583 4895 667 4944 vel
700 4895 763 4943 ad
797 4895 899 4944 hoc
943 4896 1144 4945 bonum
1199 4901 1296 4946 est.
1349 4896 1460 4946 Nec
1512 4898 1673 4947 modo
1713 4898 1778 4948 de
1827 4902 2104 4951 creaturis.

450 4977 639 5015 verum
674 4968 831 5016 etiam
864 4968 929 5015 de
958 4966 1085 5024 Deo,
1118 4968 1209 5029 qui
1267 4982 1387 5017 cum
1450 4982 1543 5031 per
1603 4983 1659 5018 se
1699 4970 1877 5019 bonus
1909 4972 1994 5027 sit,
2026 4965 2108 5020 est

452 5036 612 5087 etiam
652 5039 829 5087 bonus
862 5039 1037 5087 nobis.
1097 5038 1247 5088 Sicut
1306 5054 1432 5102 ergo
1496 5041 1561 5088 ah
1614 5055 1677 5089 eo
1724 5042 1817 5104 qui
1861 5056 1981 5091 vere
2006 5048 2102 5104 est,

453 5108 867 5159 denominative
924 5109 989 5158 de
1046 5110 1304 5173 quolibet,
1356 5110 1647 5159 secundum
1727 5110 1931 5160 ethicos
2014 5103 2108 5162 aut

451 5178 810 5243 theologicos,
844 5194 942 5243 per
995 5195 1053 5230 se
1111 5182 1435 5243 praedicatur
1492 5187 1587 5235 est,
1625 5182 1697 5230 ita
1750 5196 1963 5244 quoque
2021 5198 2105 5233 se-

451 5255 685 5301 cundum
711 5252 928 5301 eosdem
979 5252 1046 5300 de
1103 5253 1343 5315 quolibet
1409 5266 1501 5314 per
1561 5266 1615 5300 se
1665 5254 1987 5312 praedicatur
2017 5256 2105 5304 bo-

446 5336 596 5371 num.
631 5324 731 5373 Sed
768 5324 809 5372 si
843 5322 988 5372 aliud
1042 5322 1244 5371 bonum
1291 5337 1409 5371 esse
1461 5321 1774 5378 affirmatur,
1816 5324 1934 5375 hoc.
1966 5326 2105 5379 sicut

445 5394 647 5444 dictum
680 5401 779 5453 est,
831 5407 941 5442 non
1002 5408 1097 5456 per
1142 5409 1219 5453 se,
1277 5396 1369 5443 sed
1405 5407 1467 5442 ex
1518 5393 1739 5441 alterius
1785 5396 1850 5443 ad
1878 5397 2102 5446 alterum

443 5467 775 5525 collatione;
825 5470 877 5514 et
933 5464 1053 5513 ideo
1112 5467 1300 5528 magis,
1362 5465 1445 5512 vel
1501 5464 1698 5521 minus,
1762 5466 1841 5513 vel
1902 5466 2101 5517 bonum

443 5552 616 5601 eque,
647 5536 789 5584 aliud
815 5534 919 5583 alio
946 5536 1029 5583 vel
1068 5536 1233 5584 etiam
1275 5536 1453 5597 seipso
1511 5548 1656 5582 nunc
1717 5537 1882 5599 magis
1940 5551 2101 5600 quam

444 5610 593 5670 prius
627 5623 638 5658 :
671 5612 725 5656 et
754 5607 891 5655 Deus
950 5606 1206 5655 omnibus
1263 5606 1471 5661 melior,
1532 5605 1639 5654 imo
1684 5606 1927 5655 omnium
1959 5611 2100 5669 opti-

445 5694 567 5731 mus
596 5677 928 5736 intelligitur.
959 5676 1172 5727 Justum
1232 5690 1356 5728 vero
1414 5689 1754 5740 nequaquam
1801 5679 2100 5730 secundum

2207 351 2399 412 agendi
2433 353 2647 412 virtute,
2680 360 2773 403 aut
2803 368 2869 403 ex
2904 360 3025 402 actu
3085 352 3322 409 virtutis,
3349 355 3446 403 hoc
3495 370 3667 405 nomen
3714 373 3787 409 ac-

2207 421 2421 484 cipitur.
2450 423 2512 471 Et
2542 439 2602 472 ex
2638 425 2827 485 agendi
2862 425 3081 488 quidem
3118 424 3333 484 virtute,
3370 440 3484 474 cum
3528 428 3664 483 bene,
3692 444 3785 479 cum

2208 494 2513 542 constitutae
2545 496 2739 543 mentis
2774 495 2959 543 habitu
3019 496 3140 558 quis
3193 500 3368 557 justus
3428 502 3647 555 vocatur,
3695 514 3787 549 cum

2207 577 2332 612 vero
2371 565 2487 612 talis
2520 566 2734 614 habitus
2764 566 2939 615 ofﬁcio
2996 574 3048 614 et
3104 566 3264 615 ofﬁcii
3318 569 3524 629 proprio
3568 568 3658 617 ﬁne
3690 573 3788 632 quid

2208 634 2352 691 facit,
2404 637 2614 684 virtutis
2670 642 2791 686 actu
2848 637 3028 701 justus
3088 638 3411 700 appellatur.
3469 637 3568 687 Nec
3622 645 3789 690 tantum

2208 708 2323 769 ipse
2353 707 2445 770 qui
2474 708 2615 764 facit,
2652 710 2745 757 sed
2781 708 2943 758 etiam
2992 709 3042 757 id
3107 710 3251 772 quod
3302 709 3375 765 fit,
3412 712 3632 771 quadam
3662 713 3793 762 deno-

2209 777 2504 828 minatione
2528 779 2733 841 justum
2764 780 2977 829 dicitur.
3008 780 3110 829 Sed
3142 784 3196 829 et
3251 794 3369 829 cum
3419 782 3604 843 impius
3646 786 3792 832 remis-

2180 846 2183 847 ⁷
2210 850 2359 898 sione
2390 849 2587 899 dicitur
2611 851 2808 913 justus,
2841 852 2943 900 hoc
2974 865 3190 914 quoque
3221 851 3279 900 ﬁt
3323 856 3443 900 actu
3487 852 3794 915 justiﬂcantis,

2209 920 2294 970 cui
2328 927 2506 970 tamen
2543 921 2682 970 idem
2737 927 2818 971 est
2877 936 2993 971 esse
3050 922 3192 985 quod
3245 921 3450 984 justum
3502 931 3693 979 esse,et
3736 940 3795 975 ss-

2210 998 2447 1040 cundum
2499 993 2727 1055 aliquam
2789 993 3051 1043 rationem
3102 993 3245 1042 idem
3303 1008 3417 1043 esse
3474 996 3607 1057 quod
3656 1009 3793 1058 agere.

2210 1063 2280 1111 Ex
2318 1062 2402 1111 his
2457 1064 2801 1113 manifestum
2870 1070 2950 1113 est
3001 1065 3101 1114 hoc
3163 1078 3354 1114 nomen
3416 1078 3512 1113 nec
3562 1065 3693 1121 solis,
3727 1081 3797 1117 nec

2212 1132 2467 1182 omnibus
2505 1134 2767 1183 creaturis
2822 1135 3053 1184 inditum
3111 1149 3249 1191 esse,
3308 1135 3714 1199 quandoquidem
3758 1146 3797 1188 et

2209 1204 2353 1252 Deus
2377 1204 2557 1267 justus
2614 1210 2853 1263 vocatur,
2892 1212 2946 1256 et
3006 1220 3116 1255 non
3180 1207 3284 1255 nisi
3347 1206 3629 1256 rationales
3678 1222 3796 1257 crea-

2210 1279 2361 1332 turae,
2394 1280 2447 1324 et
2475 1290 2659 1325 earum
2690 1276 2868 1338 aliqua
2907 1291 3071 1339 opera
3103 1291 3116 1325 :
3180 1283 3235 1326 et
3299 1277 3433 1333 haec,
3493 1278 3698 1341 qualiter
3740 1278 3796 1327 di-

2209 1349 2351 1394 ctum
2384 1351 2479 1403 est,
2512 1348 2595 1396 vel
2649 1346 2849 1409 agendi
2897 1350 3118 1405 virtute,
3178 1347 3264 1397 vel
3322 1354 3445 1397 actu
3504 1349 3710 1404 virtutis,
3738 1352 3796 1399 vel

2210 1424 2403 1478 praeter
2447 1418 2563 1467 haec
2618 1420 2777 1468 etiam
2841 1420 3011 1483 gratia
3065 1418 3432 1482 justiﬂcantis,
3487 1421 3564 1468 vel
3619 1421 3798 1468 nominis

2210 1488 2372 1550 hujus
2428 1491 2823 1552 transumptiva
2882 1491 3340 1542 denominatione.
3396 1491 3541 1553 justa
3584 1490 3797 1540 dicuntur.

2209 1557 2394 1620 Itaque
2426 1560 2583 1619 longe
2620 1560 2778 1609 aliter
2808 1560 3003 1610 dicitur
3033 1562 3239 1625 aliquid
3269 1561 3480 1625 justum
3529 1575 3633 1611 esse
3678 1576 3797 1626 quam

2209 1629 2430 1678 bonum.
2467 1632 2597 1680 Nam
2627 1632 2830 1680 bonum
2883 1646 3021 1688 esse,
3086 1633 3387 1682 secundum
3449 1633 3591 1681 illum
3634 1634 3799 1681 modum

2212 1712 2319 1762 quo
2350 1704 2646 1751 secundum
2682 1717 2759 1758 se,
2790 1702 2904 1753 sive
2934 1704 2999 1752 de
3031 1704 3142 1752 Deo
3176 1717 3320 1763 vere,
3355 1703 3469 1752 sive
3517 1704 3577 1752 de
3618 1702 3801 1766 quolibet

2213 1771 2314 1819 alio
2367 1772 2766 1821 denominative
2834 1772 3032 1821 dicitur
3110 1774 3336 1833 bonum,
3398 1773 3685 1831 essentiam,
3725 1788 3801 1836 qua

2213 1842 2354 1891 Deus
2390 1843 2441 1891 id
2467 1844 2609 1905 quod
2643 1849 2726 1892 est
2784 1845 2962 1893 bonus
3020 1848 3117 1900 est,
3174 1844 3433 1907 respicit;
3474 1858 3624 1909 quam
3668 1850 3802 1893 auctor

2212 1914 2473 1969 omnium,
2507 1929 2568 1963 eo
2605 1916 2745 1978 quod
2784 1916 2849 1963 ab
2914 1915 3029 1976 ipso
3078 1916 3374 1970 ﬂuxerunt,
3409 1918 3541 1965 sicut
3584 1930 3691 1965 vere
3722 1916 3802 1979 ipse

2213 1997 2328 2034 esse
2356 1985 2497 2048 quod
2537 1986 2601 2035 de
2660 2000 2724 2035 eo
2770 1987 3113 2049 praedicatur,
3170 2000 3290 2035 cum
3335 1986 3535 2036 dicitur
3578 1988 3697 2035 Deus
3732 1992 3800 2041 est.

2211 2056 2461 2105 omnibus
2523 2058 2899 2114 communicat,
2963 2059 3037 2106 ita
3093 2062 3153 2106 ut
3214 2071 3323 2107 non
3379 2058 3538 2107 modo
3579 2058 3713 2115 bona,
3737 2058 3800 2106 sed

2212 2126 2457 2176 etiamin
2495 2143 2557 2177 eo
2589 2128 2731 2191 quod
2763 2133 2906 2185 sunt,
2944 2133 2997 2177 et
3032 2134 3090 2177 ut
3140 2127 3219 2177 eis
3264 2127 3411 2177 idem
3462 2131 3531 2178 sit
3574 2143 3674 2178 esse
3698 2129 3801 2192 quod

2210 2199 2367 2248 bonis
2396 2214 2530 2255 esse,
2582 2201 2726 2249 bona
2772 2200 3039 2250 dicantur.
3089 2200 3303 2249 Justum
3354 2214 3490 2250 vero
3538 2214 3661 2256 esse,
3695 2201 3801 2248 nullo

2212 2270 2371 2319 modo
2430 2273 2734 2328 essentiam,
2781 2271 2872 2320 sed
2932 2276 3109 2321 actum
3159 2272 3556 2331 tantummodo,
3587 2272 3659 2321 vel
3693 2271 3804 2333 justi-

2214 2340 2442 2399 ﬁcantis,
2476 2343 2556 2389 vel
2587 2341 2782 2403 agendi
2826 2343 3082 2391 virtutem
3132 2341 3407 2399 habentis,
3452 2344 3533 2391 vel
3588 2342 3734 2391 ofﬁcio
3768 2346 3805 2389 et

2216 2410 2319 2459 ﬂne
2352 2413 2579 2473 agentis,
2612 2414 2849 2474 respicit,
2900 2417 3061 2475 atque
3120 2413 3260 2471 ideo,
3296 2427 3423 2475 quin
3479 2414 3617 2475 justa
3658 2414 3802 2461 dicun-

2213 2483 2319 2537 tur,
2353 2494 2529 2543 neque
2582 2483 2637 2529 in
2688 2494 2750 2530 eo
2804 2482 2947 2544 quod
2999 2487 3126 2530 sunt
3168 2482 3317 2545 justs
3376 2487 3521 2539 sunt,
3552 2496 3703 2545 neque
3733 2480 3804 2529 illis

2214 2550 2353 2599 idem
2387 2556 2468 2601 est
2520 2566 2635 2600 esse
2684 2553 2826 2615 quod
2870 2553 3031 2615 justis
3078 2567 3214 2609 esse,
3265 2554 3315 2601 in
3378 2568 3442 2601 eo
3475 2556 3637 2602 autem
3664 2566 3807 2601 secun-

2212 2624 2339 2670 dum
2370 2624 2656 2685 quamdam
2690 2625 2950 2672 rationem
2984 2625 3123 2673 idem
3172 2630 3254 2673 est
3305 2638 3427 2673 esse
3485 2624 3619 2687 quod
3674 2635 3804 2685 egere.

2212 2693 2467 2751 Quamvis
2504 2694 2649 2744 enim
2683 2693 2799 2758 ipse
2832 2696 2921 2758 qui
2954 2694 3194 2743 omnium
3228 2695 3558 2758 principium
3600 2701 3683 2746 est.
3710 2707 3805 2742 nuu-

2213 2774 2370 2823 quam
2409 2761 2625 2824 quidem
2675 2775 2808 2817 esse,
2859 2763 3034 2810 facere
3076 2775 3205 2810 vero
3255 2765 3581 2825 quandoque
3622 2762 3804 2824 ceperit,

2213 2832 2339 2894 quia
2369 2837 2543 2881 tamen
2575 2831 2629 2881 in
2665 2846 2730 2881 eo
2761 2833 2932 2881 virtus
2976 2832 3217 2882 faciendi
3261 2847 3544 2897 nunquam
3585 2838 3685 2882 esse
3726 2846 3803 2881 εω-

2215 2902 2309 2965 pit,
2346 2901 2541 2951 dicitur
2586 2903 2729 2966 quod
2789 2903 2846 2951 in
2895 2918 2958 2953 eo
3008 2905 3147 2952 idem
3189 2909 3269 2952 est
3304 2917 3427 2954 esse
3471 2906 3604 2968 quod
3648 2916 3800 2967 agere:

2215 2972 2399 3020 eadem
2433 2972 2598 3035 igitur
2620 2971 2827 3022 ratione
2861 2974 3000 3022 idem
3055 2978 3136 3021 est
3181 2973 3255 3022 illi
3303 2975 3511 3023 bonum
3560 2988 3663 3023 esse
3698 2973 3801 3036 quod

2130 3016 2175 3078 C
2208 3016 2588 3105 {5.133;};
2612 3016 2791 3093 n38}.—
2802 3016 2943 3092 ζέέᾱ
2955 3016 3800 3108 Qui};Quia—meejfiﬁiﬁiié

2213 3126 2374 3176 quam
2406 3114 2472 3163 ab
2502 3115 2619 3176 ejus
2649 3118 2789 3173 actu,
2822 3117 2927 3163 imo
2958 3115 3025 3163 ab
3056 3113 3266 3173 effectu,
3298 3117 3393 3178 qui
3447 3118 3561 3179 ipso
3614 3129 3698 3164 nos
3716 3116 3802 3177 jus-

2213 3184 2467 3241 titicante,
2494 3186 2577 3235 vel
2609 3192 2843 3236 mentem
2872 3192 3109 3235 nostram
3140 3187 3207 3235 ab
3239 3187 3438 3249 agendi
3462 3187 3643 3245 ofﬁcio,
3664 3191 3706 3236 et
3728 3186 3802 3234 line

2214 3255 2373 3304 ofﬁcii
2422 3258 2559 3306 bene
2601 3257 2983 3315 constituente,
3032 3258 3118 3306 vel
3175 3258 3348 3320 ipsam
3404 3263 3630 3308 mentem
3674 3259 3725 3307 ad
3751 3258 3803 3304 sic

2215 3329 2481 3385 agendum
2512 3336 2776 3385 movente,
2823 3329 3092 3392 provenit,
3139 3328 3379 3378 dicimur
3424 3331 3573 3393 justi)
3620 3343 3708 3378 non
3749 3331 3805 3374 est

2213 3396 2355 3447 idem
2384 3413 2498 3447 esse
2527 3400 2667 3463 quod
2703 3413 2861 3463 agere
2897 3415 2910 3459 ;
2938 3403 2992 3448 et
3022 3414 3206 3463 quare,
3240 3399 3501 3461 supponit
3527 3416 3540 3449 :
3572 3400 3675 3449 Non
3700 3399 3801 3447 enim

2213 3484 2399 3519 sumus
2427 3472 2717 3534 simplices,
2750 3472 2925 3534 quasi,
2959 3473 3100 3520 sicut
3141 3473 3250 3531 ille,
3282 3475 3377 3522 sed
3444 3472 3718 3536 compositi,
3764 3475 3803 3518 ut

2213 3542 2465 3592 videlicet
2494 3543 2598 3599 ille,
2626 3543 2783 3607 juxta
2812 3544 3094 3606 septimam
3150 3543 3413 3605 regulam,
3446 3559 3557 3593 esse
3601 3557 3745 3597 suum.
3767 3547 3802 3588 st

2214 3612 2265 3660 id
2303 3613 2441 3673 quod
2475 3617 2571 3669 est,
2604 3618 2746 3662 recte
2780 3613 3116 3676 intelligatur
3145 3626 3312 3661 unum
3338 3614 3569 3672 habere;
3595 3627 3677 3663 nos
3695 3625 3800 3669 vero,

2207 3684 2365 3746 juxta
2394 3691 2655 3745 octavam,
2701 3700 2817 3735 esse
2872 3685 3037 3747 aliud,
3089 3685 3230 3734 aliud
3280 3686 3485 3750 aliquid
3532 3700 3655 3736 esse.
3678 3682 3800 3733 Nobis

2214 3755 2396 3818 igitur,
2456 3758 2751 3806 secundum
2815 3758 3060 3806 eamdem
3142 3761 3385 3806 octavam
3441 3758 3677 3821 regulam,
3720 3766 3798 3803 non

2214 3826 2353 3875 idem
2385 3832 2464 3876 est
2494 3841 2609 3876 esse
2630 3829 2803 3885 bonis,
2838 3828 2982 3891 quod
3028 3826 3207 3891 justis.
3262 3828 3369 3877 Sed
3420 3827 3675 3893 quoniam,
3711 3838 3796 3874 cum

2214 3899 2468 3947 dicuntur
2492 3914 2607 3949 esse
2636 3901 2701 3950 ab
2731 3914 2796 3948 eo
2849 3898 2941 3963 qui
2990 3913 3114 3949 vere
3162 3904 3260 3956 est,
3312 3900 3691 3950 denominativs
3725 3899 3795 3944 hoc

2215 3968 2459 4025 dicimus,
2492 3977 2695 4020 certum
2727 3975 2810 4019 est
2841 3985 2903 4019 ex
2934 3969 3279 4031 supradictis,
3312 3972 3457 4034 quod
3491 3969 3634 4021 nobis
3664 3966 3797 4019 omni-

2214 4040 2315 4090 bus
2346 4056 2683 4105 quascunque
2728 4043 2931 4091 scilicet
2980 4055 3187 4097 sumus.
3236 4040 3380 4092 idem
3432 4048 3514 4092 est
3555 4057 3654 4092 esse
3690 4043 3728 4089 in
3752 4052 3795 4086 eo

2214 4113 2358 4174 quod
2390 4127 2595 4162 sumus.
2625 4113 2888 4172 Quoniam
2922 4113 3089 4175 igitur
3112 4113 3267 4163 nobis
3297 4128 3533 4177 quoque,
3562 4112 3793 4164 secundum

2215 4184 2497 4245 quamdam
2550 4186 2832 4243 rationem,
2881 4185 3021 4233 sicut
3062 4183 3133 4232 illi
3179 4185 3481 4234 secundum
3511 4185 3668 4239 aliam,
3692 4182 3791 4230 idem

2214 4257 2297 4301 est
2358 4268 2472 4303 esse
2531 4256 2672 4318 quod
2737 4256 2881 4304 bona
2936 4268 3076 4312 esse,
3144 4255 3489 4305 manifestum
3564 4258 3649 4311 est,
3702 4265 3793 4315 quo-

2215 4325 2360 4373 niam
2391 4324 2571 4375 omnia
2615 4341 2737 4389 quas
2788 4328 2973 4389 utique
3012 4339 3217 4381 sumus,
3268 4329 3323 4375 in
3370 4341 3437 4376 eo
3479 4327 3610 4389 quod
3635 4335 3789 4374 sumus.

2137 4382 2183 4444 Β
2217 4408 2404 4443 sumus
2430 4396 2573 4444 bona
2607 4382 2753 4456 ;-nou
2790 4382 2915 4445 Vero
2942 4396 3101 4445 etiam
3126 4396 3277 4459 justa
3302 4382 3507 4453 omnia,
3530 4396 3614 4445 sed
3642 4396 3788 4456 aliqua.

2217 4479 2473 4527 quoniam
2513 4481 2618 4516 non
2666 4467 2813 4530 quod
2868 4481 3072 4523 sumus,
3104 4468 3190 4515 vel
3232 4468 3379 4517 bona
3433 4482 3623 4523 sumus,
3671 4466 3787 4514 etiam

2212 4549 2376 4598 jIJSta.

2279 4610 2531 4672 Amplius,
2564 4610 2689 4676 etc.]
2748 4609 2997 4660 Ostendit
3046 4623 3154 4658 non
3209 4611 3386 4660 omnia
3441 4626 3551 4661 esse
3583 4606 3785 4675 justa.E-l

2215 4693 2322 4741 quo
2354 4681 2470 4729 sine
2504 4682 2667 4731 dubio
2712 4681 2941 4743 intelligi
2996 4686 3190 4744 potest,
3240 4685 3627 4745 pronortionem
3666 4680 3783 4727 ratio-

2216 4753 2300 4800 nis
2345 4754 2666 4816 supradictae
2725 4768 2832 4803 non
2898 4758 3037 4802 recte
3100 4752 3356 4809 collatam,
3408 4768 3511 4817 qua
3559 4751 3781 4803 dicendum

2218 4821 2512 4880 videbatur,
2563 4825 2704 4887 quod
2769 4823 2905 4873 sicut
2956 4823 3137 4870 omnia
3199 4823 3341 4871 bona
3396 4830 3531 4880 sunt,
3588 4822 3780 4887 quoniam

2215 4893 2329 4955 ipse
2354 4895 2526 4942 bonus
2567 4899 2643 4942 est
2674 4896 2764 4951 qui
2814 4909 2878 4943 ea
2935 4907 3051 4942 esse
3100 4893 3291 4949 voluit,
3331 4895 3404 4943 ita
3449 4894 3612 4943 omnis
3653 4890 3782 4940 essent

2211 4965 2377 5028 justa,
2409 4969 2665 5029 quoniam
2723 4970 2837 5029 ipse
2889 4967 3069 5029 justus
3120 4971 3199 5014 est
3244 4968 3335 5029 qui
3393 4981 3456 5016 ea
3506 4980 3609 5015 esse
3643 4957 3779 5011 voluit

2215 5037 2347 5086 Item
2386 5044 2601 5101 propter
2637 5039 2795 5093 idem,
2828 5042 2888 5088 ut
2937 5037 3140 5086 scilicet
3186 5037 3274 5086 illa
3317 5039 3576 5101 proportio
3620 5033 3779 5083 minime

2214 5114 2358 5158 recte
2381 5115 2691 5171 comparata
2748 5109 3012 5169 videatur,
3062 5108 3256 5170 probat
3303 5110 3442 5172 quod
3497 5122 3603 5156 cum
3651 5102 3779 5151 omnia

2214 5181 2357 5229 bona
2399 5187 2542 5237 sunt,
2592 5195 2700 5230 non
2746 5187 2921 5230 tamen
2967 5186 3096 5228 sunt
3146 5182 3323 5228 omnia
3370 5182 3559 5243 justa;
3607 5180 3651 5227 et
3692 5172 3774 5222 nil:

2215 5250 2459 5313 Amplius
2507 5252 2648 5313 quod
2704 5265 2811 5299 non
2867 5250 3051 5299 omnia
3105 5249 3255 5313 justa
3306 5256 3446 5306 sunt,
3494 5263 3598 5297 cum
3646 5251 3774 5313 tamet

2215 5310 2395 5371 omnia
2428 5310 2567 5370 bona
2626 5324 2753 5379 sint,
2815 5310 3153 5371 ostendimus
3211 5335 3274 5370 ex
3327 5322 3426 5370 boc
3465 5332 3651 5384 quoque
3672 5310 3774 5384 quod

2212 5394 2413 5443 bonum
2462 5396 2678 5456 quidem
2724 5395 2865 5457 apud
2917 5392 3122 5442 ethicos
3169 5395 3413 5455 generale
3451 5382 3539 5448 est,
3583 5404 3636 5439 eo
3672 5382 3773 5448 quod

2215 5467 2435 5514 omuiuo
2468 5466 2730 5514 couiormi
2767 5463 3211 5514 denominatione
3256 5464 3501 5513 convenit
3546 5460 3773 5511 omnibus;

2207 5539 2412 5600 justum
2444 5552 2594 5595 vero,
2625 5537 2887 5601 quoniam
2927 5536 3135 5599 justum
3177 5550 3309 5593 esse,
3362 5537 3494 5586 idem
3546 5527 3769 5605 secundani

2211 5598 2409 5672 aliquid
2458 5613 2539 5658 est
2593 5598 2739 5671 quod
2791 5598 2997 5659 bonum
3055 5621 3174 5657 esse
3226 5612 3366 5670 (cum
3420 5621 3520 5657 non
3570 5604 3682 5653 idem
3720 5598 3767 5645 Iit

2211 5681 2413 5733 bonum
2472 5696 2587 5733 esse
2638 5684 2782 5747 quod
2824 5681 3080 5747 justum),
3130 5677 3767 5749 spsoials"sst.“N0c“Vl°

2133 1652 2179 1716 B
