4046 6180
303 197 445 253 1333

1256 194 1373 249 ΑΝ.
1416 193 1631 248 MANL.
1676 192 1824 247 SEV.
1868 189 2101 248 BOETII
2138 191 2516 252 CONFESSIO
2560 196 2764 251 FIDEI.

3585 203 3719 256 1334

297 321 526 384 species,
585 332 707 383 quas
755 317 1075 392 secundum_
1122 318 1368 392 regulam
1431 317 1831 366 dialecticorum
1905 319 2235 392 etAgnlns,
2299 320 2402 368 alia
2467 320 2682 384 quidem
2742 326 2867 371 sunt
2933 323 3098 385 justa,
3173 322 3469 374 secundum
3551 339 3713 373 unnm

295 393 574 443 rhetorum
601 404 777 453 genus
808 388 1016 447 dividit,
1049 390 1328 439 descendit
1358 389 1411 437 in
1464 392 1645 438 omnia
1675 406 1687 438 :
1743 395 1799 438 ut
1846 392 1951 439 sci-

295 464 430 514 licet
462 463 527 513 de
562 464 814 513 omnibus
844 476 966 526 qum
1014 465 1399 525 supponuntur
1439 462 1640 524 generi,
1689 462 1950 523 praedice-

297 541 406 587 tur.
439 534 640 584 Idcirco
671 536 909 584 omnium
960 548 1079 598 qua:
1129 538 1274 591 sunt,
1326 533 1583 582 secndum
1630 546 1811 581 eorum
1867 548 1945 581 re-

2068 390 2300 452 speciem
2353 390 2526 449 boni;
2581 393 2681 441 alia
2730 396 2858 441 sunt
2906 394 3067 449 aliud,
3118 396 3412 443 secundum
3473 396 3713 458 ejusdem

2058 464 2269 523 generis
2297 462 2455 510 aliam
2489 478 2502 520 ;
2535 465 2717 512 omnia
2745 478 2892 522 vero,
2937 466 3235 515 secundum
3281 467 3465 516 harum
3520 469 3718 530 specie.

2057 548 2175 583 rum
2207 548 2401 597 genus,
2434 541 2560 585 sunt
2587 537 2752 585 bona.

977 695 1228 799 ΛΝ.
1313 694 1849 800 ΜᾌΝΙΑ.
1933 693 2319 800 SEV.
2409 695 3042 802 ΒθΕΤΕΙ

830 857 1283 945 'BliEVIS
1332 856 1629 944 FIDEI
1689 856 2137 944 CHRISTI
2171 860 2403 946 AN/E
2455 860 3173 949 COMl’LEXIO.

372 1040 766 1097 Christianam
802 1040 975 1095 ﬁdem
1011 1038 1152 1094 Novi
1212 1055 1278 1094 ac
1340 1037 1557 1093 Veteris
1611 1039 1954 1093 testamenti

294 1130 507 1204 pandit
530 1131 882 1196 auctoritas;
912 1136 968 1183 et
991 1131 1264 1199 quamvis
1288 1143 1502 1182 nomen
1525 1127 1717 1197 ipsum
1739 1127 1953 1181 Christi

290 1225 464 1277 vetus
479 1220 632 1275 intra
648 1216 1205 1275 semetcontinuerit
1220 1217 1705 1281 instrumentum,
1719 1230 1953 1285 eumque

292 1325 528 1381 semper
543 1306 961 1380 signiﬁcaverit
974 1307 1043 1361 ad
1054 1306 1520 1375 futurum,quem
1546 1304 1837 1359 tradimus
1850 1320 1953 1375 per

294 1403 531 1472 partum
551 1395 809 1469 Virginis
826 1397 952 1467 jam
974 1395 1222 1465 venisse,
1248 1399 1440 1448 tamen
1468 1394 1527 1447 in
1551 1393 1749 1451 orbem
1773 1398 1951 1447 terra-

294 1504 431 1544 rum
462 1486 747 1559 abipsius
778 1484 961 1541 nostri
997 1482 1313 1538 Salvatoris
1364 1481 1620 1537 mirabili
1673 1499 1946 1537 manasse

2064 1038 2310 1093 Novum.
2344 1039 2488 1094 Nam
2524 1040 2678 1095 sicut
2710 1039 2854 1094 illud
2880 1042 3116 1096 omnino
3148 1059 3309 1097 error
3349 1059 3549 1098 eorum
3588 1062 3704 1100 non

2064 1128 2289 1197 recipit,
2324 1130 2404 1181 ita
2434 1145 2501 1183 ex
2535 1130 2759 1200 virgine
2788 1130 3222 1200 generationem
3258 1132 3380 1187 Filii
3417 1149 3529 1187 non
3583 1134 3709 1187 vult

2063 1216 2392 1287 admittere,
2426 1233 2497 1271 ne
2528 1217 2787 1272 humano
2811 1234 3051 1289 corpore
3071 1219 3294 1289 polluta
3320 1221 3585 1276 videatur
3609 1224 3706 1277 Dei

2062 1304 2243 1361 fuisse
2275 1311 2502 1362 natura.
2536 1306 2645 1361 Sed
2680 1307 2749 1361 de
2781 1306 2873 1362 his
2904 1306 3223 1376 hac-tenus,
3264 1325 3371 1363 suo
3392 1310 3547 1365 enim
3580 1311 3705 1367 loco

2058 1401 2351 1467 ponentur
2382 1396 2538 1453 sicut
2567 1397 2707 1451 ordo
2742 1397 3109 1452 necessarius
3142 1398 3471 1469 postularit.

2128 1486 2277 1557 Ergo
2300 1485 2495 1540 divina
2520 1502 2586 1539 ex
2600 1491 2814 1540 aeterno
2835 1488 3063 1553 natura,
3082 1492 3138 1541 et
3163 1488 3216 1541 in
3259 1493 3542 1543 aeternum
3576 1489 3701 1545 sine

299 1574 1223 1651 probaturadventu.Hzecautem
1245 1571 1448 1643 religio
1464 1576 1821 1641 nostra,qua3
1845 1587 1940 1625 vo-
1975 1576 2020 1639 B
2052 1573 2251 1645 aliqua
2283 1574 2675 1629 mutabilitate
2708 1575 3054 1645 perdurans.
3078 1576 3188 1631 sibi
3212 1581 3439 1631 tantum
3465 1580 3697 1635 conscia

296 1672 468 1723 catur
498 1664 829 1721 Christiana
860 1668 1035 1733 atque
1066 1660 1383 1728 Catholica,
1415 1659 1511 1715 his
1540 1659 1942 1715 fundamentis

298 1753 704 1828 principaliter
736 1752 962 1821 nititur,
995 1766 1304 1806 asserens:
1340 1753 1418 1802 Ex
1450 1754 1688 1815 esterno,
1747 1748 1803 1802 id
1854 1754 1944 1803 est

294 1849 433 1901 ante
448 1842 651 1897 mundi
669 1839 1309 1904 constitutionem,ante
1326 1854 1405 1892 om
1418 1852 1486 1891 ne
1500 1836 1768 1892 videlicet
1785 1837 1939 1907 quod

291 1932 577 2003 temporis
596 1935 787 2003 potest
805 1929 1053 1983 retinere
1072 1927 1355 1984 vocabqu
1369 1943 1441 1993 ω,
1459 1926 1716 1982 divinam
1732 1924 1939 1993 Patris,

291 2040 366 2081 ac
392 2021 543 2088 Filii,
572 2025 627 2076 et
654 2018 903 2090 Spiritus
931 2017 1141 2083 sancti,
1173 2015 1462 2070 exstitisse
1494 2014 1887 2069 substantiam
1921 2031 1940 2069 :

291 2116 363 2168 ut
384 2116 563 2166 Deum
588 2108 743 2163 dicat
764 2105 1204 2171 Patrem,Deum
1225 2103 1645 2173 Filium,Deum
1662 2102 1940 2173 Spiritum

290 2207 566 2260 sanctum
592 2218 606 2268 ;
638 2216 752 2254 non
770 2203 967 2253 tamen
993 2202 1110 2252 tres
1132 2195 1299 2265 Deos,
1325 2196 1425 2251 sed
1476 2209 1680 2249 unum.
1716 2193 1941 2247 Patrem

288 2292 495 2364 itaque
517 2290 730 2346 habere
753 2287 961 2343 Filium
993 2303 1061 2342 ex
1093 2285 1426 2341 substantia
1458 2301 1567 2340 sua
1593 2283 1855 2355 genitum
1888 2286 1946 2336 et

289 2380 409 2439 sibi
441 2384 581 2435 nota
611 2377 835 2433 ratione
862 2381 1236 2439 coaeternum,
1259 2390 1435 2445 quem
1469 2372 1678 2428 Filium
1699 2377 1942 2427 eatenus

290 2470 613 2526 conﬁtetur
645 2467 812 2536 fides,
847 2471 909 2520 ut
941 2482 1055 2519 non
1088 2464 1167 2519 sit
1196 2463 1350 2517 idem
1378 2462 1479 2535 qui
1512 2466 1701 2528 Pater,
1756 2476 1942 2531 neque

290 2560 523 2616 Patrem
544 2556 858 2628 aliquando
882 2555 1063 2609 fuisse
1085 2553 1312 2622 Filium,
1337 2568 1408 2607 ne
1432 2568 1637 2606 rursus
1659 2551 1716 2604 in
1742 2549 1943 2604 inﬁni-

292 2655 423 2705 tum
448 2648 742 2703 humanus
757 2644 991 2699 animus
1005 2642 1257 2697 divinam
1276 2641 1611 2712 progeniem
1627 2641 1939 2711 cogitaret;

292 2752 485 2809 neque
508 2735 719 2792 Filium
742 2735 801 2789 in
826 2734 1027 2788 eadem
1054 2735 1404 2802 naturazqua
1427 2729 1582 2784 Patri
1616 2734 1938 2783 coaeternus

288 2832 405 2891 est,
437 2824 754 2896 aliquando
778 2822 902 2877 ﬁeri
936 2821 1184 2888 Patrem,
1211 2835 1282 2875 ne
1305 2836 1514 2874 rursus
1547 2818 1604 2872 in
1640 2817 1936 2872 inﬁnitum

285 2915 487 2971 divina
520 2912 823 2985 progenies
854 2911 1230 2976 tenderetur;
1264 2913 1531 2963 sanctum
1564 2923 1701 2962 vero
1750 2905 1933 2978 Spiri-

282 3011 438 3073 tum,
471 3018 658 3073 neque
694 3005 923 3055 Patrem
957 3016 1086 3054 esse
1119 3014 1303 3068 neque
1340 2997 1567 3063 Filium,
1601 3002 1777 3067 atque
1808 2996 1936 3050 ideo

284 3093 451 3150 nulla
480 3098 691 3147 natura
714 3107 903 3162 neque
920 3090 1185 3160 genitum
1208 3104 1395 3158 neque
1414 3096 1809 3157 generanlem,
1839 3086 1937 3140 sed

289 3201 326 3239 a
345 3182 513 3238 Patre
535 3196 768 3251 quoque
792 3180 1201 3251 procedentem
1222 3183 1280 3233 et
1316 3177 1481 3233 Filio.
1525 3178 1666 3240 Quis
1709 3176 1785 3231 sit
1809 3181 1938 3229 tan-

281 3276 417 3327 tum
451 3270 841 3341 processionis
874 3268 1048 3323 istius
1079 3268 1287 3322 modus
1317 3266 1398 3321 ita
1448 3282 1561 3321 non
1622 3281 1940 3336 possumus

284 3362 590 3418 evidenter
604 3360 817 3428 dicere,
839 3358 1332 3429 quemadmodum
1358 3356 1784 3429 generationem
1809 3356 1936 3411 Filii

284 3467 359 3507 ex
392 3456 633 3521 paterna
662 3450 996 3504 substantia
1028 3464 1142 3503 non
1178 3453 1367 3517 potest
1388 3446 1685 3501 humanus
1705 3446 1938 3501 animus

284 3539 596 3595 mstimare.
636 3543 767 3592 Haec
800 3543 998 3591 autem
1034 3542 1097 3591 ut
1127 3538 1459 3604 credantur,
1493 3542 1659 3590 vetus
1690 3552 1753 3589 ac
1790 3552 1937 3590 nova

282 3629 569 3684 informat
600 3628 910 3682 instructio
940 3644 951 3681 :
987 3628 1057 3681 de
1083 3643 1220 3696 qua,
1262 3624 1417 3679 velut
1447 3640 1577 3678 arce
1636 3625 1935 3695 religionis

282 3724 523 3784 nostra},
544 3716 1051 3779 inultidiversa,et
1073 3716 1426 3780 humaniter,
1451 3720 1623 3783 atque
1654 3720 1717 3767 ut
1736 3715 1814 3767 ita
1846 3714 1930 3767 di-

279 3824 437 3873 cam,
463 3805 776 3861 carnaliter
807 3805 1146 3869 sentientes,
1167 3806 1401 3856 ailversa
1427 3802 1599 3854 loculi
1640 3808 1816 3859 sunt:
1871 3808 1933 3857 ut

282 3896 481 3962 Arius,
517 3894 639 3960 qui,
666 3895 802 3948 licet
834 3900 1015 3947 Deum
1050 3892 1203 3945 dicat
1233 3892 1465 3952 Filium,
1508 3890 1789 3943 minorem
1840 3898 1930 3946 ta-

282 4001 420 4040 men
441 3988 613 4038 Patre
638 3982 1046 4052 multipliciter
1074 3986 1131 4035 et
1154 3986 1316 4035 extra
1336 3979 1521 4034 Patris
1546 3981 1930 4033 substantiam

280 4073 617 4129 confitetur.
654 4070 973 4126 Sabelliani
1009 4070 1263 4141 iquoque
1297 4086 1409 4123 non
1466 4074 1583 4123 tres
1614 4068 1927 4123 existentes

280 4180 588 4235 personas,
622 4163 718 4217 sed
748 4178 925 4215 unam
959 4161 1084 4215 ausi
1119 4165 1257 4214 sunt
1286 4160 1614 4214 afﬁrmare:
1657 4160 1924 4214 eumdem

282 4252 549 4307 dicentes
569 4252 790 4305 Patrem
808 4266 938 4305 esse
955 4249 1053 4320 qui
1071 4248 1379 4316 Filiusest;
1414 4248 1802 4316 eamdemque
1836 4247 1927 4301 Fi-

2054 1665 2349 1721 voluntate
2369 1670 2575 1737 sponte
2591 1665 2880 1719 mundum
2905 1664 3088 1719 voluit
3118 1666 3421 1733 fabricare,
3440 1684 3694 1740 eumque

2052 1771 2183 1810 cum
2209 1755 2447 1809 omnino
2473 1771 2583 1809 non
2607 1758 2781 1819 esset,
2805 1753 2943 1807 fecit
2964 1760 3029 1809 ut
3070 1760 3259 1821 esset;
3308 1772 3413 1811 nec
3442 1774 3511 1812 ex
3549 1761 3689 1814 sub-

2052 1844 2271 1902 stantia
2300 1861 2407 1898 sua
2438 1842 2699 1914 protulit,
2728 1859 2798 1897 ne
2827 1842 3060 1897 divinus
3095 1848 3303 1897 natura
3325 1847 3684 1917 crederetur;

2054 1931 2746 2005 nequealiundemolitus
2762 1936 2872 1999 est,
2892 1947 2960 1985 ne
2988 1933 3113 2001 jam
3156 1932 3442 1989 extitisset
3471 1934 3694 2008 aliquid

2052 2022 2203 2095 quod
2229 2021 2356 2090 ejus
2378 2019 2737 2075 voluntatem
2760 2019 3068 2074 exislentia
3090 2019 3335 2091 propriae
3362 2024 3695 2094 naturaaju-

2051 2116 2417 2180 varet,atque
2440 2109 2775 2179 esset,quod
2801 2125 2989 2178 neque
3012 2110 3085 2163 ab
3116 2110 3244 2179 ipso
3280 2110 3495 2165 factum
3518 2118 3694 2183 esset,

2052 2204 2110 2255 et
2141 2205 2335 2255 tamen
2368 2202 2559 2262 esset;
2594 2198 2693 2252 sed
2716 2199 2890 2251 verbo
2917 2198 3189 2267 produxit
3237 2198 3433 2264 cmlos,
3479 2204 3693 2257 terram

2052 2288 2378 2355 creavit,ita
2401 2294 2466 2341 ut
2488 2285 2729 2354 cmlesti,
2757 2284 3117 2340 habitatione
3141 2286 3347 2357 dignas
3369 2287 3512 2344 caelo
3535 2296 3701 2346 natu-

2052 2396 2148 2434 ras
2178 2378 2455 2445 elﬁceret,
2489 2392 2553 2429 ac
2584 2380 2750 2430 terra;
2792 2380 3023 2429 terrena
3056 2383 3446 2444 componeret.
3478 2383 3554 2433 De
3585 2396 3697 2435 cm-

2050 2467 2300 2524 lestibus
2331 2470 2518 2520 autem
2544 2464 2791 2531 naturis,
2826 2480 2952 2534 quas
2988 2462 3395 2519 universaliter
3417 2474 3698 2524 vocantur

2052 2556 2348 2627 angelicae,
2374 2553 2641 2626 quamvis
2663 2552 2780 2606 illic
2804 2552 3097 2606 distinctis
3120 2552 3427 2608 ordinibus
3454 2556 3696 2625 pulchra

2050 2647 2171 2703 sint
2188 2645 2547 2714 omnia.pars
2570 2648 2759 2695 tamen
2778 2642 3044 2711 quaedam
3064 2640 3195 2711 plus
3219 2648 3497 2712 appetens
3518 2662 3690 2715 quam

2050 2738 2101 2793 ei
2135 2740 2345 2791 natura
2376 2741 2549 2803 atque
2577 2730 2766 2800 ipsius
2797 2734 3004 2784 auctor
3034 2735 3252 2783 naturae
3286 2731 3594 2801 tribuerat,
3619 2737 3690 2791 de

2048 2824 2264 2884 caelesti
2288 2822 2425 2878 sede
2444 2822 2702 2891 projecta
2722 2821 2905 2873 est.Et
2926 2817 3202 2887 quoniam
3228 2818 3568 2889 angelorum
3591 2840 3693 2879 nu-

2051 2930 2302 2976 merum,
2335 2910 2388 2964 id
2421 2914 2511 2965 est
2540 2923 2806 2977 supernae
2841 2904 2999 2960 illius
3025 2906 3296 2974 civitatis,
3331 2909 3498 2979 cujus
3533 2914 3688 2968 cives

2048 3002 2237 3076 angeli
2258 2997 2802 3067 sunt,imminutum
2829 2993 3018 3049 noluit
3039 2995 3305 3049 conditor
3326 3012 3688 3073 permanere,

2050 3090 2319 3149 formavit
2349 3105 2417 3143 ex
2444 3094 2598 3141 terra
2630 3084 2924 3141 hominem
2955 3089 3130 3154 atque
3159 3084 3369 3154 spiritu
3399 3086 3525 3141 vitae
3562 3089 3691 3143 ani-

2048 3183 2249 3245 mavit,
2278 3179 2502 3235 ratione
2523 3173 2876 3241 composuit,
2911 3172 3136 3227 arbitrii
3160 3173 3424 3230 libertate
3450 3176 3690 3234 decora-

2044 3266 2671 3341 vit,eumque,prieﬁxa
2694 3262 3101 3334 lege.paradisi
3123 3262 3349 3318 deliciis
3363 3268 3688 3333 constituit,

2047 3368 2134 3425 ut,
2162 3360 2209 3416 si
2244 3360 2370 3414 sine
2401 3363 2631 3429 peccato
2666 3369 2901 3407 manere
2927 3353 3117 3422 vellet,
3144 3356 3260 3406 tam
3294 3353 3487 3423 ipsum
3512 3371 3689 3426 quam

2044 3453 2174 3523 ejus
2199 3447 2533 3519 progeniem
2558 3442 2839 3515 angelicis
2865 3442 3112 3496 cmtibus
3135 3441 3425 3497 sociarat:
3460 3450 3523 3497 ut
3552 3446 3692 3515 quia

2044 3541 2313 3610 superior
2342 3542 2546 3591 natura
2579 3549 2679 3604 per
2700 3532 2983 3603 superbia:
3020 3530 3239 3584 malum
3274 3531 3393 3585 ima
3426 3533 3687 3602 petierat,

2043 3619 3108 3693 inferiorsubstantiaperbumilitatis
3124 3622 3331 3674 bonum
3347 3621 3414 3675 ad
3433 3639 3689 3693 superna

2041 3717 2469 3775 conscenderet,
2500 3712 2605 3766 Sed
2633 3710 2729 3765 ille
2752 3715 2954 3763 auctor
2976 3710 3206 3764 invidias
3222 3728 3331 3764 non
3362 3712 3549 3766 ferens
3583 3713 3685 3767 ho-

2041 3807 2257 3861 minem
2287 3804 2424 3857 illuc
2448 3799 2888 3863 ascendere,ubi
2916 3799 3039 3868 ipse
3069 3816 3181 3852 non
3219 3800 3429 3853 meruit
3468 3818 3689 3871 perma-

2040 3911 2197 3956 nere.
2232 3894 2549 3948 tentatiune
2567 3890 2832 3944 adhibita
2858 3886 2988 3941 iecit
3010 3888 3188 3941 etiam
3225 3888 3413 3957 ipsum
3440 3891 3688 3960 ejusque

2036 3998 2390 4053 comparem,
2414 3997 2589 4050 quam
2616 3979 2685 4032 de
2710 3976 3045 4048 ejuslatere
3064 3978 3343 4031 formator
3372 3981 3689 4049 generandi

2037 4089 2214 4131 causa
2248 4072 2617 4143 produxerat,
2663 4065 3075 4122 inobedientize
3124 4064 3432 4137 suppliciis
3492 4069 3689 4137 subja-

2034 4179 2186 4225 cere,
2219 4162 2267 4215 ei
2301 4175 2535 4230 quoque
2565 4158 2929 4211 divinitatem
2965 4156 3311 4225 promittens
3336 4155 3695 4223 adfuturam,

2042 4267 2217 4322 quam
2253 4250 2365 4303 sibi
2399 4249 2537 4300 dum
2570 4250 2907 4313 arroganter
2926 4247 3196 4311 usurpat,
3217 4242 3395 4296 elisus
3426 4247 3533 4297 est.
3560 4243 3691 4299 Haec

283 4341 431 4397 lium
457 4342 557 4412 qui
583 4345 747 4395 Pater
768 4345 857 4395 est
883 4356 896 4406 ;
921 4315 1097 4408 atque
1138 4315 1421 4407 Spiritum
1473 4315 1742 4390 sanctum
1776 4351 1935 4389 eum-
1965 4315 2011 4378 D
2042 4315 2238 4395 autem
2271 4336 2559 4390 revelante
2587 4334 2702 4387 Deo
2735 4333 2913 4403 Moysi
2952 4330 3167 4385 famulo
3230 4348 3336 4384 suo
3396 4338 3692 4401 comperta

286 4432 421 4486 dem
453 4446 583 4485 esse
612 4430 711 4500 qui
744 4430 911 4484 Pater
940 4435 997 4483 et
1020 4426 1200 4482 Filius
1227 4431 1353 4491 est;
1384 4442 1449 4479 ac
1483 4442 1582 4495 per
1613 4424 1721 4478 hoc
1755 4440 1932 4479 unam

284 4521 493 4578 dicunt
514 4536 641 4575 esse
671 4534 1005 4590 personam,
1030 4516 1140 4571 sub
1164 4512 1575 4570 vocabulorum
1599 4513 1935 4569 diversitate

284 4611 581 4682 signatam
640 4606 942 4663 Μαιλίοὺωί
969 4603 1332 4677 quoque,qui
1355 4604 1470 4658 duo
1494 4602 1799 4675 principia,
1824 4602 1937 4658 sibi

283 4703 583 4755 coaternae
614 4702 671 4752 et
700 4696 966 4765 adversa,
1002 4694 1367 4765 proﬁtentur,
1420 4692 1784 4764 unigenitum
1838 4692 1935 4748 Dei

283 4804 421 4844 esse
442 4803 555 4841 non
581 4786 868 4841 credunt:
900 4784 1209 4855 indignum
1232 4782 1383 4839 enim
1405 4783 1695 4852 judicent,
1714 4782 1760 4837 si
1785 4782 1937 4838 Deus

286 4877 509 4933 habere
543 4876 725 4930 ﬁlium
759 4874 1048 4940 videatur,
1083 4871 1227 4926 nihil
1260 4872 1417 4926 aliud
1453 4871 1776 4943 cogitantes
1828 4872 1939 4927 nisi

289 4964 603 5024 carnaliter
628 4981 641 5031 ;
668 4969 733 5019 ut
754 4962 892 5034 quia
912 4962 1033 5017 hac
1055 4962 1352 5033 generatio
1374 4962 1624 5016 duorum
1649 4977 1949 5032 corporum

288 5053 711 5111 commixtione
741 5052 1027 5124 procedit,
1061 5049 1177 5105 illic
1203 5065 1436 5120 quoque
1469 5049 1779 5121 indignum
1812 5066 1941 5105 esse

288 5142 661 5201 intellectum
685 5139 1029 5210 hujusmodi
1063 5136 1393 5210 applicare:
1428 5153 1554 5209 quas
1588 5153 1680 5191 res
1712 5154 1809 5192 eos
1838 5154 1941 5193 nec

285 5234 472 5289 Vetus
500 5229 636 5285 facit
659 5229 916 5300 recipere
934 5228 1399 5295 Testamentum,
1424 5242 1615 5296 neque
1632 5226 1688 5280 in
1720 5228 1941 5298 integro

366 5370 440 5441 (a)
456 5362 1114 5441 Opusculu_mhoc,quod
1135 5379 1293 5441 nunc
1308 5363 1806 5441 primumpublicij
1821 5364 1941 5419 uris

289 5436 569 5500 facimus.
594 5436 775 5492 Boetii
797 5451 951 5499 esse,
972 5437 1096 5507 ipse
1115 5436 1394 5490 orationis
1422 5436 1607 5507 stylus
1630 5441 1687 5490 et
1728 5441 1939 5507 myste-

301 5519 515 5572 riorum
533 5507 832 5580 religionis
852 5507 1194 5565 Christianae
1219 5508 1402 5562 series
1420 5507 1835 5579 compendiosa
1858 5508 1941 5561 sic

294 5585 641 5644 conﬁrmant
654 5585 741 5648 ,ut
759 5580 971 5636 addere
991 5580 1219 5636 minime
1234 5595 1470 5635 necesse
1483 5580 1558 5635 sit
1574 5585 1799 5635 exstare
1812 5580 1940 5649 ejus

2043 4434 2202 4491 sunt,
2235 4426 2325 4480 cui
2353 4426 2529 4480 etiam
2558 4421 2801 4475 humani
2836 4421 3066 4491 generis
3098 4421 3494 4476 conditionem
3516 4425 3691 4491 atque

2047 4517 2333 4588 originem
2363 4512 2545 4568 voluit
2576 4512 2960 4576 innotescere,
2996 4510 3147 4564 sicut
3177 4511 3248 4565 ab
3280 4526 3345 4565 eo
3372 4509 3508 4565 libri
3555 4527 3693 4581 pro-

2048 4605 2147 4662 lati
2180 4609 2488 4661 testantur.
2519 4600 2723 4657 Omnis
2754 4598 2951 4654 divina
2981 4598 3298 4654 auctoritas
3351 4599 3442 4654 his
3501 4599 3690 4655 modis

2048 4700 2316 4752 constare
2346 4693 2594 4758 videtur,
2624 4694 2687 4744 ut
2716 4694 2818 4744 aut
2840 4688 3161 4744 bistorialis
3190 4690 3400 4744 modus
3431 4688 3525 4756 sit,
3587 4689 3689 4761 qui

2049 4786 2193 4843 nihil
2228 4785 2384 4841 aliud
2420 4783 2530 4838 nisi
2565 4798 2656 4836 res
2674 4784 2870 4852 gestas
2892 4781 3178 4847 enuntiet,
3201 4783 3303 4835 aut
3326 4779 3689 4849 allegoricus,

2050 4882 2115 4932 ut
2145 4893 2258 4931 non
2316 4873 2401 4928 illi
2450 4872 2646 4943 possit
2677 4870 2963 4935 ihistoriaa
3019 4870 3161 4924 ordo
3216 4871 3559 4935 consistere,
3593 4874 3695 4925 aut

2048 4970 2203 5022 certe
2233 4981 2301 5020 ex
2334 4962 2598 5031 utrisque
2630 4959 3010 5031 compositus,
3041 4964 3105 5015 ut
3135 4965 3192 5015 et
3221 4960 3699 5028 secundum,his-

2050 5056 2257 5111 toriam
2294 5058 2350 5107 et
2381 5050 2707 5106 secundum
2736 5048 3069 5120 allegoriam
3124 5066 3362 5104 manere
3412 5050 3696 5104 videatur.

2052 5144 2179 5199 Haec
2215 5148 2405 5197 autem
2445 5140 2534 5211 pie
2561 5138 3030 5210 intelligentibus
3060 5143 3117 5194 et
3166 5138 3354 5194 veraci
3408 5138 3581 5193 corde
3627 5140 3708 5191 te-

2053 5232 2332 5288 nentibus
2364 5229 2509 5285 satis
2540 5230 2889 5299 abundeque
2946 5227 3228 5283 relucent.
3289 5226 3400 5282 Sed
3454 5227 3524 5281 ad
3558 5224 3709 5279 ordi-

2022 5339 2047 5377 i
2097 5338 2188 5376 em
2225 5323 2552 5375 redeamus.

2052 5437 2289 5515 nomine
2320 5436 2465 5515 illud
2502 5436 2557 5515 in
2592 5450 2740 5501 meo,
2771 5433 3136 5515 Fossatensi,_
3161 5432 3337 5515 Regio
3371 5431 3503 5515 etS.
3528 5429 3711 5515 Victo-

2052 5510 2132 5563 ris
2164 5510 2433 5572 codicib.,
2470 5514 2533 5562 ut
2557 5524 2655 5563 eos
2689 5514 2905 5562 taceam
2932 5524 2999 5561 ex
3018 5503 3543 5576 quibusidemjam
3558 5503 3697 5559 olim

2055 5588 2359 5636 monuerat
2387 5579 2727 5648 Tritemius,
2761 5580 2861 5651 qui
2888 5577 3100 5633 librum
3131 5578 3197 5632 de
3227 5576 3356 5633 Fide
3385 5580 3569 5633 vocat.
