4030 6186
473 199 608 253 1335

1749 196 1863 249 AN.
1906 189 2119 245 MANL.
2162 186 2309 239 SEV.
2353 185 2603 240 BOETII.

3701 195 3802 247 1336

546 325 776 379 Primus
808 323 1008 395 itaque
1041 324 1224 378 homo
1282 328 1416 377 ante
1481 328 1777 384 peccatum
1839 339 1968 375 enm
2025 336 2132 372 sua
2163 323 2209 383 Α
2246 317 2550 385 zEgyptum
2582 313 2765 367 voluit
2798 312 3059 367 habitare
3084 312 3425 383 ;atqueillic
3456 330 3550 385 per
3575 333 3804 377 annorum

474 416 725 486 conjuge
758 413 948 468 incola
980 412 1239 467 Paradisi
1274 414 1381 465 fuit
1409 429 1421 465 :
1456 419 1515 466 at
1540 413 1633 466 ubi
1658 428 1857 467 aurem
1887 410 2133 483 praebuit

474 505 705 559 suasori
736 511 793 558 et
827 503 1149 557 conditoris
1185 508 1538 570 praeceptum
1575 500 1825 572 neglexit
1878 498 2136 555 attende-

477 608 558 658 re,
584 590 747 646 exsul
774 591 1036 655 effectus,
1063 592 1499 658 terramjussus
1517 594 1571 643 et
1592 590 1869 655 excolere,
1896 594 2070 657 atque
2103 603 2134 638 a

478 680 737 735 Paradisi
772 680 900 732 sinu
937 676 1230 745 seclusus,
1263 677 1322 731 in
1360 678 1577 747 ignotis
1612 679 1877 748 partibus
1907 677 1997 731 sui
2030 691 2131 741 ge-

480 770 629 824 neris
653 767 1047 839 posteritatem
1076 766 1464 837 transposuit,
1494 772 1669 836 atque
1690 783 1942 837 poenam,
1966 779 2132 835 quam

477 861 602 929 ipse
634 857 857 927 primus
892 855 1067 909 homo
1102 854 1600 925 praevaricationis
1634 872 1768 909 reus
1809 857 2131 924 exceperab

476 945 811 1017 generando
846 944 1177 998 transmisit
1212 944 1269 997 in
1305 948 1592 1015 posteros.
1629 944 1771 999 Hinc
1795 944 2131 998 factumest"

477 1040 541 1089 ut
571 1038 951 1103 ctcorporum
972 1038 1149 1102 atque
1173 1031 1504 1087 animarum
1530 1034 1825 1103 corruptio
1842 1038 1897 1087 et
1930 1033 2135 1087 mortis

478 1121 1103 1195 proveniretinteritus
1123 1142 1136 1189 ς
1158 1122 1503 1192 primusque
1520 1127 1763 1176 mortem
1785 1122 1840 1176 in
1859 1122 1997 1177 Abel
2016 1121 2135 1176 filio

479 1228 581 1266 suo
620 1210 832 1264 meruit
863 1209 1136 1280 experiri,
1171 1214 1236 1263 ut
1267 1214 1485 1279 quanta
1511 1217 1667 1265 esset
1710 1228 1898 1281 paena,
1957 1228 2133 1281 quam

481 1303 605 1372 ipse
638 1306 961 1369 exceperat,
997 1300 1267 1369 probaret
1320 1302 1379 1353 in
1408 1300 1627 1355 sobole.
1688 1303 1848 1367 Quod
1909 1302 1959 1356 si
2012 1303 2135 1372 ipse

484 1391 1069 1462 primusmoreretur,
1089 1389 1338 1443 nesciret
1360 1390 1916 1459 quodammodo,ac,
1947 1391 1994 1445 si
2021 1392 2135 1445 dici

488 1481 1077 1542 fasest,necsentiret
1112 1494 1339 1548 pmnam
1382 1494 1579 1545 suam;
1627 1479 1725 1533 sed
1774 1480 1900 1533 ideo
1932 1496 2136 1550 exper—

484 1573 583 1621 tus
618 1568 670 1621 in
708 1568 889 1621 altero
924 1572 1032 1634 est,
1084 1575 1138 1619 ut
1184 1566 1320 1637 quid
1358 1566 1467 1619 sihi
1494 1569 1625 1635 jure
1657 1568 1967 1622 deberetur
1999 1586 2133 1623 con-

2243 406 2453 461 seriem
2490 403 2803 457 multitudo
2836 418 3215 457 concrescens
3247 414 3536 475 coeperunt
3564 424 3674 463 esse
3706 428 3808 466 sus-

2243 494 2456 565 picioni
2488 493 2836 564 Egyptiacis
2866 491 3148 562 imperiis,
3182 508 3394 563 eosque
3416 495 3619 549 Pharao
3646 514 3809 569 magna

2244 584 2563 653 ponderum
2622 580 2772 635 mole
2831 580 3013 650 premi
3092 582 3417 636 decreverat
3474 588 3528 636 et
3594 589 3809 654 gravibus

2244 671 2521 725 oneribus
2552 670 2841 741 aﬂigebat.
2896 670 3155 723 Tandem
3213 671 3374 735 Deus,
3423 675 3655 743 Egyptii
3700 679 3810 748 regis

2242 760 2702 815 dominationem
2737 758 3084 827 despiciens,
3120 758 3303 813 diviso
3322 760 3676 829 mariRuhro,
3698 770 3811 835 quod

2244 865 2544 920 nunquam
2578 854 2713 902 ante
2738 853 2947 901 natura
2974 848 3091 900 ulla
3116 855 3479 919 cognoverat,
3502 866 3658 905 suum
3680 859 3812 908 trans-

2244 940 2409 994 duxit
2439 940 2781 1004 exercitum,
2814 938 3053 991 ductore
3084 936 3276 1008 Moyse
3317 943 3371 990 et
3418 939 3618 994 Aaron.
3664 941 3815 999 Postea

2243 1028 2442 1099 igitur,
2474 1045 2577 1099 pro
2608 1043 2806 1082 eorum
2842 1026 3174 1096 egressione
3206 1026 3340 1081 altis
3373 1031 3646 1099 Egyptus
3679 1031 3815 1103 plagis

2243 1124 2473 1172 vastata
2498 1122 2607 1183 est,
2639 1132 2770 1170 cum
2808 1115 2985 1169 nollet
3012 1116 3307 1169 dimittere
3341 1116 3631 1186 populum.
3659 1119 3816 1176 Trans-

2246 1208 2425 1261 misso
2458 1207 2673 1275 itaque,
2710 1210 2771 1258 ut
2804 1204 3025 1258 dictum
3060 1209 3167 1267 est,
3196 1205 3340 1257 mari
3377 1205 3818 1279 Rubro,venitper

2244 1299 2472 1350 deserta
2503 1294 2679 1349 eremi
2718 1295 2785 1348 ad
2821 1299 3077 1347 montem
3100 1294 3196 1363 qui
3222 1301 3461 1347 vocatur
3481 1296 3652 1363 Sinai,
3674 1297 3818 1369 ibique

2245 1385 2649 1441 universorum
2682 1382 2946 1437 conditor
2977 1382 3129 1436 Deus
3160 1381 3360 1436 volens
3411 1387 3731 1439 sacramenti
3765 1392 3819 1440 lu-

2245 1476 2356 1530 turi
2390 1474 2571 1544 gratia
2606 1472 2849 1543 populos
2882 1471 3135 1537 erudire,
3164 1488 3263 1541 per
3295 1472 3528 1539 Moysen
3577 1474 3696 1527 data
3734 1475 3818 1542 lege

2244 1564 2548 1618 constituit
2574 1562 3069 1633 quemadmodum
3103 1566 3158 1612 et
3190 1561 3606 1616 sacrificiorum
3644 1564 3763 1618 ritus
3784 1570 3820 1618 et

488 1664 741 1728 temptor
771 1663 1177 1727 agnosceretet
1199 1658 1336 1711 dum
1371 1674 1596 1728 pmnam
1625 1660 1828 1712 mortis
1854 1660 2134 1725 sustinet,
2170 1684 2215 1750 Β
2246 1654 2591 1725 populorum
2629 1667 2822 1706 mores
2852 1650 3326 1718 instruerentur;
3380 1656 3436 1704 et
3494 1668 3620 1705 cum
3673 1653 3819 1706 multis

490 1746 617 1816 ipsa
645 1745 1077 1814 exepcctatione
1111 1745 1317 1799 fortius
1352 1751 1737 1816 torqueretur.
1774 1747 1889 1802 Hoc
1941 1754 2133 1801 autem

491 1835 982 1904 przevaricationis
998 1838 1216 1888 malum
1237 1835 1464 1904 quodin
1500 1842 1766 1905 posteros
1798 1838 2144 1893 naturaliter

488 1924 711 1994 primus
728 1924 901 1978 homo
920 1924 1342 1992 transfuderat,
1364 1925 1602 1995 quidam
1630 1925 1891 1996 Pelagius
1909 1943 2020 1981 non
2039 1928 2107 1981 ad
2124 1958 2143 1969 ε·

488 2014 751 2082 mittens,
787 2012 1005 2084 prOprii
1038 2012 1295 2069 nominis
1328 2013 1591 2067 hzeresim
1625 2014 1936 2079 dedicavit,
1970 2032 2142 2085 quam

487 2101 770 2157 catholica
791 2103 1282 2157 fidesaconsortio
1299 2120 1403 2157 suo
1441 2119 1571 2157 mox
1614 2104 1898 2169 repulisse
1935 2104 2145 2175 proba-

487 2190 1259 2261 tur.Abipsoitaqueprimo
1302 2191 1536 2246 homine
1578 2194 1897 2262 procedens
1932 2194 2141 2249 huma-

491 2297 629 2333 num
653 2297 855 2346 genus,
882 2297 947 2334 ac
971 2280 1280 2350 multiplici
1306 2281 1729 2335 numerositate
1743 2299 2142 2347 succrescens,

497 2370 693 2437 erupit
725 2369 780 2422 in
821 2368 1817 2439 lites,commovitbella,occupavit
1850 2376 2140 2427 terrenam

496 2458 819 2521 miseriam,
846 2460 943 2529 qui
982 2458 1311 2513 felicitatem
1351 2460 1609 2514 Paradisi
1650 2460 1706 2514 in
1740 2461 1927 2531 primo
1983 2469 2144 2533 patre

497 2548 845 2614 perdiderat.
880 2548 995 2602 Nec
1026 2553 1221 2603 tamen
1256 2565 1320 2601 ex
1358 2547 1449 2603 his
1476 2549 1783 2603 difuerunt
1830 2568 1976 2622 quos
2031 2544 2141 2607 sibi

491 2636 828 2692 Conditoris
846 2637 1035 2708 gratia
1074 2641 1493 2707 sequestraret,
1513 2638 1757 2709 ejusque
1798 2639 2029 2711 placitis
2056 2642 2141 2695 in-

491 2726 824 2793 servirent;
861 2742 1010 2795 quos
1042 2725 1176 2780 licet
1225 2727 1499 2780 meritum
1562 2733 1785 2781 natura:
1839 2730 2147 2784 damnaret

488 2813 671 2867 futuri
706 2820 900 2869 tamen
932 2816 1288 2869 sacramenti
1321 2819 1377 2869 et
1406 2815 1578 2886 longe
1610 2818 1984 2885 postmodum
2021 2836 2147 2889 pro-

492 2902 712 2956 ferendi
748 2904 1013 2958 faciendo
1048 2904 1385 2975 participes,
1422 2904 1710 2975 perditam
1763 2905 1944 2961 voluit
1974 2924 2143 2977 repa-

493 3008 619 3045 rare
652 2998 945 3047 naturam.
983 2992 1264 3062 lmpletus
1298 2998 1387 3047 est
1419 3010 1554 3065 ergo
1590 2995 1843 3050 mundus
1886 2995 2141 3051 humano
2175 3035 2217 3097 Ο

491 3095 727 3149 genere,
763 3086 940 3151 atque
973 3082 1282 3152 ingressus
1306 3087 1395 3137 est
1426 3082 1601 3136 homo
1651 3084 1773 3138 vias
1821 3102 1982 3146 suas.
2042 3087 2143 3156 qui

497 3169 718 3223 malitia
748 3170 990 3240 propriae
1042 3170 1424 3225 contumaciae
1486 3171 1826 3242 despexerat
1870 3173 2147 3229 Condito-

496 3272 636 3310 rem.
667 3256 812 3311 Hinc
843 3258 1041 3312 volens
1065 3257 1216 3312 Deus
1249 3274 1351 3328 per
1372 3260 1600 3325 justum
1629 3259 1821 3329 potius
1845 3259 2143 3316 hominem

495 3361 767 3415 reparare
800 3362 987 3415 genus
1020 3345 1369 3413 humanum,
1402 3364 1574 3417 quam
1629 3364 1860 3402 manere
1921 3355 2145 3420 proter-

497 3449 657 3500 vum,
692 3432 980 3503 poenalem
1018 3433 1477 3501 multitudinem,
1512 3436 1696 3491 effusa
1726 3437 1925 3491 diluvii
1980 3439 2149 3492 inun-

498 3521 754 3587 datione,
788 3528 1024 3593 excepto
1055 3522 1173 3577 Noe
1197 3524 1361 3593 justo
1393 3524 1628 3579 homine
1660 3542 1793 3579 cum
1826 3527 1950 3582 suis
2008 3526 2145 3583 libe'

500 3609 577 3661 ris
608 3616 782 3679 atque
816 3611 905 3665 his
937 3628 1063 3680 quae
1096 3629 1293 3666 secum
1357 3612 1410 3665 in
1473 3630 1665 3667 arcam
1722 3616 2141 3684 introduxerat,

499 3701 732 3754 interire
769 3702 1055 3769 permisit.
1090 3702 1208 3755 Cur
1230 3706 1423 3756 autem
1460 3719 1563 3773 per
1593 3720 1737 3757 arcae
1773 3704 1994 3775 lignum
2046 3723 2141 3761 vo-

492 3789 666 3843 luerit
688 3792 884 3859 justos
918 3791 1161 3860 eripere,
1188 3796 1388 3845 notum
1410 3797 1498 3845 est
1522 3792 1850 3847 divinarum
1884 3796 2142 3864 Scriptu-

494 3895 691 3932 rarum
732 3879 1023 3932 mentibus
1054 3878 1335 3945 eruditis;
1371 3884 1425 3933 et
1454 3881 1621 3950 quasi
1659 3881 1844 3950 prima
1875 3884 2141 3951 quaedam

494 3967 700 4020 mundi
736 3972 875 4021 aatas
905 3967 1125 4021 diluvio
1161 3971 1347 4022 ultore
1381 3973 1679 4023 transacta
1712 3974 1820 4024 est.

564 4055 887 4126 Reparatur
920 4056 1112 4125 itaque
1139 4055 1463 4110 humanum
1483 4060 2139 4130 genus,atqucpr0pria3

464 4148 708 4198 «naturis
735 4144 962 4211 vitium,
994 4146 1145 4215 quod
1174 4146 1665 4216 przevnricatinnis
1690 4147 1912 4214 primus
1939 4154 2142 4204 auctor

492 4234 805 4299 infuderat,
840 4234 1113 4303 amplecti
1147 4250 1259 4288 non
1299 4234 1559 4298 .ti-=tilit;
1595 4235 1889 4305 crevitque
1930 4244 2139 4292 contu-

492 4324 679 4377 macia
709 4339 886 4394 quam
920 4323 1142 4376 dudum
1174 4322 1372 4377 diluvii
1412 4327 1567 4377 unda
1599 4323 2135 4396 puniverat,etquaa

2254 1743 2424 1798 annis
2456 1742 2672 1796 multas
2704 1757 2932 1810 quoque
2953 1746 3156 1810 gentes
3177 1757 3277 1810 per
3299 1741 3452 1794 viam
3478 1740 3819 1803 debellassent,

2250 1841 2529 1887 venerunt
2562 1831 2797 1885 tandem
2831 1829 2899 1883 ad
2935 1828 3175 1883 fluvium
3208 1830 3307 1899 qui
3341 1830 3822 1896 vocaturJordanis,

2250 1923 2394 1977 duce
2418 1922 2543 1991 jam
2577 1920 2711 1975 Jesu
2744 1919 2861 1973 filio
2892 1917 3063 1980 Nave,
3099 1923 3273 1988 atque
3304 1920 3377 1971 ad
3430 1935 3622 1973 eorum
3667 1921 3823 1973 transi-

2251 2018 2373 2066 tum
2405 2009 2903 2081 quemadmodum
2938 2024 3099 2078 aqum
3132 2006 3309 2061 maris
3340 2007 3634 2070 Rubri.ita
3655 2024 3824 2079 quoque

2248 2099 2522 2154 Jordanis
2553 2098 2771 2153 ﬂuenta
2802 2096 3020 2151 siccata
3070 2103 3243 2161 sunt;
3297 2102 3731 2167 perventumque
3766 2104 3824 2152 est

2253 2205 2355 2258 per
2384 2204 2509 2243 eam
2540 2188 2829 2241 civitatem
2858 2202 2988 2256 quae
3021 2201 3175 2239 nunc
3210 2185 3604 2256 Hierosolyma
3632 2192 3823 2240 vocatur.

2250 2281 2439 2347 Atque
2471 2277 2608 2330 dum
2644 2275 2723 2329 ibi
2755 2275 2853 2330 Dei
2887 2274 3137 2346 populus
3156 2281 3503 2343 moraretur,
3521 2274 3824 2344 postjudices

2250 2369 2306 2419 et
2340 2366 2613 2435 profetas,
2650 2380 2813 2435 reges
2845 2364 3098 2418 instituti
3133 2363 3449 2434 leguntur:
3486 2380 3707 2432 quorum
3737 2371 3825 2433 post

2251 2454 2487 2509 Saulem
2520 2458 2832 2524 primatum
2895 2452 3071 2507 David
3135 2452 3205 2507 de
3262 2454 3418 2507 tribu
3482 2452 3627 2507 Juda
3672 2451 3827 2523 legitur

2251 2544 2497 2613 adeptus
2529 2543 2724 2598 fuisse.
2759 2542 3068 2596 Descendit
3096 2542 3294 2611 itaque
3318 2542 3395 2595 ab
3420 2557 3485 2595 eo
3512 2558 3606 2612 per
3627 2542 3827 2609 singulas

2250 2632 2655 2687 successiones
2705 2631 2927 2703 regium
2980 2645 3249 2697 stemma,
3295 2632 3734 2701 perductumque
3769 2634 3829 2683 est

2254 2738 2437 2791 usque
2469 2722 2537 2774 ad
2573 2720 2814 2776 Herodis
2847 2720 3285 2790 tempora,‘qui.
3323 2720 3557 2790 primus
3586 2736 3647 2774 ex
3693 2719 3828 2789 genti-

2251 2812 2384 2877 bus,
2419 2811 2756 2865 memoratis
2824 2808 3054 2879 populis
3114 2808 3328 2879 legitur
3383 2809 3704 2879 imperasse.
3749 2809 3830 2859 Sub

2250 2914 2366 2968 quo
2399 2898 2621 2952 exstitit
2654 2898 2823 2952 beata
2856 2896 3031 2967 Virgo
3073 2896 3275 2961 Maria,
3327 2914 3461 2966 qua:
3505 2897 3574 2950 de
3628 2895 3831 2950 Davidica

2257 2987 2437 3058 stirpe
2468 2991 2825 3059 pervenerat,
2850 3002 2976 3056 quae
3002 2985 3242 3039 hufuani
3268 2986 3505 3056 generis
3534 2985 3711 3053 genuit
3729 2983 3831 3037 Con-

2257 3077 2526 3131 ditorem.
2562 3077 2923 3148 Hoej'autem
2982 3075 3130 3139 ideo,
3200 3075 3341 3145 quia
3398 3073 3599 3129 multis
3642 3074 3829 3128 infectus

2255 3167 2601 3222 criminibus
2636 3166 2891 3219 mundus
2915 3163 3151 3233 jacebat
3181 3163 3236 3216 in
3272 3170 3543 3227 mortem,
3577 3163 3729 3216 electa
3772 3164 3832 3212 est

2256 3273 2373 3312 una
2403 3272 2566 3323 gens,
2600 3255 2657 3307 in
2687 3270 2801 3323 qua
2838 3254 2930 3307 Dei
2955 3253 3226 3306 mandata
3250 3252 3663 3317 clarescerent;
3688 3248 3829 3317 ibique

2256 3345 2419 3401 missi
2456 3343 2747 3415 prophetae
2780 3347 2836 3397 et
2867 3342 2965 3396 alii
2992 3341 3178 3396 sancti
3204 3341 3332 3407 viri,
3368 3357 3472 3411 per
3500 3355 3721 3411 quorum
3757 3337 3829 3390 ad-

2256 3434 2628 3489 monitionem
2662 3432 2787 3503 ipse
2817 3436 2968 3486 certe
3001 3431 3299 3503 populusa
3319 3436 3549 3484 tumore
3568 3425 3828 3499 pervicacia

2256 3529 2658 3583 revocaretur;
2694 3520 2778 3576 illi
2810 3537 2964 3586 vero,
3000 3522 3229 3575 eosdem
3263 3519 3610 3581 occidentes,
3659 3516 3705 3569 in
3746 3528 3827 3567 sua

2255 3612 2524 3682 nequitiae
2560 3611 2940 3682 perversitate
2972 3624 3208 3663 manere
3239 3607 3568 3663 voluerunt.

2326 3708 2507 3772 Atque
2529 3703 2647 3769 jam
2676 3701 2732 3753 in
2759 3699 2983 3754 ultimis
3006 3697 3372 3768 temporibus
3419 3713 3531 3751 non
3585 3694 3826 3765 pmpbetas

2252 3807 2439 3861 neque
2454 3791 2597 3844 alios
2617 3789 2727 3843 sibi
2749 3788 3117 3857 placitos,sed
3137 3788 3261 3856 ipsu
3274 3802 3327 3840 m
3354 3784 3833 3856 Unigenitumsuun‘u

2254 3881 2403 3935 Deus
2431 3895 2528 3949 per
2548 3879 2831 3949 virginem
2858 3878 3012 3930 nasci
3031 3876 3431 3941 constituit,ut
3456 3875 3680 3928 hurmna
3696 3868 3825 3929 salus,

2250 3986 2379 4039 quae
2395 3984 2495 4039 per
2517 3967 2598 4037 pri
2612 3967 2685 4020 mi
2706 3966 2961 4020 hominis
2977 3963 3434 4019 inohedientiam
3450 3961 3827 4032 deperierat,per

2251 4058 2546 4111 hominem
2570 4057 2751 4110 Deum
2767 4072 2970 4109 rursus
2990 4057 3362 4123 repararetur
3382 4073 3396 4120 ;
3420 4059 3475 4106 et
3494 4050 3625 4121 quia
3652 4045 3826 4102 exstite-

2250 4151 2338 4199 rat
2371 4145 2579 4199 mulier
2611 4160 2739 4215 quae
2768 4160 2999 4198 causam
3037 4142 3241 4196 mortis
3275 4142 3463 4211 primo
3480 4136 3821 4194 virosuascral.

2246 4235 2535 4289 essethaec
2559 4234 2814 4287 secunda
2838 4232 3047 4286 mulier
3068 4230 3335 4301 quasvitre
3365 4245 3598 4285 causam
3616 4220 3822 4281 humanis

2243 4325 2564 4378 visceribus
2577 4321 3052 4393 apportaret.Nec
3067 4320 3178 4375 vile
3199 4320 3430 4374 videatu
3443 4337 3467 4372 r
3481 4317 3625 4389 quod
3653 4313 3733 4369 Dei
3759 4309 3821 4363 Fi-

492 4430 595 4484 per
626 4430 997 4467 numerosam
1033 4430 1325 4467 annorum
1350 4412 1561 4468 seriem
1612 4415 1901 4485 permissa
1951 4417 2139 4471 fuerat
2172 4398 2214 4462 ί)
2246 4412 2680 4481 liusexvirgine
2703 4414 2875 4464 natus
2894 4408 3289 4479 est,quoniam
3307 4412 3518 4478 praeter
3534 4410 3820 4460 naturamo-

491 4503 697 4568 vivere,
735 4503 788 4556 in
824 4501 1100 4557 brevitate
1132 4518 1421 4556 annorum
1456 4502 1710 4556 humana
1742 4508 1880 4557 aetas
1905 4504 2140 4560 addicta

491 4599 614 4659 est;
654 4592 970 4663 maluitque
1001 4593 1156 4648 Deus
1188 4594 1441 4662 nonjam
1478 4592 1695 4648 diluvio
1729 4594 1932 4663 punire
1953 4610 2137 4663 genus

494 4681 843 4745 humanum,
878 4681 975 4735 sed
996 4682 1201 4736 eodem
1225 4686 1603 4751 permanente
1624 4683 1835 4752 eligere
1860 4684 2010 4737 viros
2040 4700 2138 4755 per

495 4784 743 4836 quorum
771 4768 978 4823 seriem
996 4770 1196 4840 aliqua
1217 4770 1514 4840 generatio
1542 4776 1913 4835 commearet,
1941 4787 2139 4842 exque

498 4859 667 4912 nobis
699 4858 909 4913 Filium
945 4860 1242 4932 proprium
1278 4863 1553 4914 vestitum
1587 4862 1844 4917 humano
1876 4878 2135 4933 corpore,

499 4947 702 5001 mundi
763 4948 818 5001 in
880 4948 993 5002 fine
1046 4950 1407 5004 concederet.
1464 4950 1721 5015 Quorum
1776 4951 2002 5021 primus
2050 4955 2139 5005 est

496 5036 817 5100 Abraham,
852 5038 950 5107 qui
978 5050 1116 5091 cum
1149 5042 1303 5092 esset
1329 5043 1494 5092 (etate
1525 5039 1845 5106 confectus,
1893 5042 2137 5109 ejusque

497 5141 640 5178 uxor
666 5126 979 5194 decrepita,
1033 5126 1087 5179 in
1148 5136 1442 5181 seneclule
1501 5144 1609 5180 sua
1664 5126 2137 5197 repromissionis

497 5212 804 5284 largitione
838 5214 1050 5269 habere
1093 5213 1278 5268 filium
1334 5219 1694 5270 meruerunt.
1750 5214 1851 5270 Hic
1898 5220 2136 5269 vocatus

495 5309 584 5357 est
622 5306 797 5366 Isaac,
852 5309 1026 5374 atque
1081 5303 1206 5373 ipse
1254 5304 1449 5375 genuit
1478 5304 1681 5358 Jacob.
1718 5304 1869 5358 Idem
1905 5319 2136 5375 quoque

497 5394 805 5449 duodecim
840 5393 1224 5463 patriarchas,
1259 5410 1371 5447 non
1397 5397 1704 5462 reputante
1723 5392 1831 5447 Deo
1859 5393 1915 5447 in
1933 5409 2133 5447 eorum

502 5499 742 5536 numero
771 5499 919 5554 quos
953 5499 1113 5538 more
1144 5498 1249 5536 suo
1283 5487 1487 5535 natura
1518 5482 1887 5551 produxerat.
1923 5482 2135 5536 I-Iicer-

497 5589 569 5643 go
600 5571 778 5626 Jacob
810 5588 944 5627 cum
980 5572 1119 5629 filiis
1151 5587 1216 5627 ac
1244 5570 1414 5628 domo
1446 5586 1554 5626 sua
1585 5570 1938 5641 transigendi
1960 5587 2137 5627 causa

2249 4503 2386 4556 dum
2413 4504 2729 4570 conceptus
2752 4505 2806 4552 et
2824 4500 3016 4553 editus
3035 4502 3140 4552 est.
3164 4496 3342 4567 Virgo
3365 4495 3633 4567 itaquede
3660 4488 3815 4561 Spiritu

2250 4596 2448 4643 sancto
2476 4590 2841 4642 incnrnatum
2860 4587 2955 4642 Dei
2987 4586 3171 4641 filium
3200 4586 3485 4656 concepit,
3510 4584 3656 4653 virgo
3690 4590 3815 4649 ρειλε·

2248 4679 2344 4744 rit,
2371 4682 2500 4748 post
2530 4678 2659 4745 ejus
2691 4676 3003 4730 editionem
3039 4676 3199 4745 virgo
3225 4672 3565 4745 permansit,
3589 4675 3728 4739 atque
3746 4665 3813 4716 bo'

2250 4770 2423 4821 minis
2440 4770 2628 4822 factus
2643 4768 3015 4837 estidemque
3030 4766 3132 4821 Dei
3148 4766 3301 4820 filius
3324 4766 3432 4833 ;ita
3452 4765 3578 4817 utin
3608 4776 3663 4813 eo
3692 4763 3733 4810 et
3755 4750 3813 4804 di'

2247 4858 2299 4911 vi
2312 4875 2413 4927 nae,
2432 4863 2566 4911 natu
2579 4875 2650 4911 rae
2666 4856 2919 4911 radiaret
2933 4855 3229 4925 splendor,
3245 4860 3301 4909 et
3315 4855 3581 4907 humanae
3609 4843 3811 4915 fragilita-

2250 4948 2319 5001 tis
2351 4950 2654 5015 appareret
2684 4945 3032 5015 assumptio.
3060 4944 3167 4999 Sed
3196 4942 3332 4997 huic
3355 4948 3471 4997 tam
3512 4954 3650 4994 sanie
3691 4938 3809 5023 atque

2247 5036 2635 5090 veracissima:
2651 5034 2779 5088 fidei
2796 5035 3135 5089 exstiterant
3157 5033 3322 5087 multi
3340 5032 3433 5102 qui
3450 5030 3654 5084 diversa
3676 5032 3808 5092 gum“

2250 5130 2409 5189 rent;
2435 5129 2727 5193 et,pra3ter
2748 5122 2915 5186 alios,
2941 5124 3243 5178 Nestorius
3266 5126 3321 5176 et
3363 5118 3627 5190 Eutyches
3669 5120 3807 5176 περιπ-

2246 5218 2401 5267 tores
2425 5213 2711 5267 haereseos
2733 5212 3080 5267 exstiterunt
3107 5229 3119 5264 :
3145 5227 3390 5282 quorum
3418 5223 3560 5263 unus
3583 5198 3803 5257 hominem

2247 5306 2454 5367 solum,
2481 5301 2626 5356 alter
2653 5308 2828 5356 Deum
2866 5301 3053 5356 solum
3090 5300 3312 5370 putavit
3346 5310 3605 5357 asserere,
3636 5302 3718 5342 nec
3735 5284 3803 5335 hu-

2249 5407 2486 5446 manum
2512 5408 2744 5462 corpus,
2764 5392 2916 5461 quod
2940 5390 3017 5446 Ch
3031 5390 3208 5443 ristus
3231 5386 3583 5443 induerat.de
3604 5380 3800 5433 humans

2246 5481 2556 5536 subtantim
2572 5481 3011 5553 participatione
3032 5480 3276 5533 venisse.
3301 5477 3404 5531 Sed
3424 5476 3535 5529 haec
3556 5472 3796 5559 hactenus-

2319 5571 2507 5628 Crevit
2520 5572 2712 5642 itaque
2728 5570 3051 5626 secundum
3065 5584 3298 5623 carnem
3313 5565 3586 5627 Christus;
3602 5557 3796 5624 δείνων
