4046 6180
231 224 377 279 1337

1197 232 1400 287 LIBER
1440 234 1531 287 DE
1574 232 1897 287 PERSONA
1934 229 2023 283 ET
2062 226 2369 283 NATURIS
2408 225 2707 281 DUABUS.

3518 219 3651 275 1338

226 349 1001 422 tusest,utquibaptizandi
1024 355 1413 409 fornizztnct‘ut
1435 357 1659 411 caloris
1702 355 1886 408 tribu-
1920 357 1966 418 Α
2006 369 2175 407 suum
2215 353 2475 405 membra
2507 350 3059 417 sequorcntur.Hazc
3091 348 3284 413 itaque
3316 342 3577 398 doctrina
3598 348 3656 399 et

228 441 297 490 tu
309 454 429 500 rus,
453 439 577 508 ipse
594 441 782 511 primu
796 458 821 495 s
840 459 914 511 qu
929 444 997 496 od
1016 443 1265 498 docebat
1282 444 1731 515 exciperet.Post
1757 444 1894 512 bap-

230 526 609 583 tismumvero
626 528 794 597 elegit
814 532 843 583 d
858 532 1113 585 undecim
1131 533 1719 604 discipulos,quorum
1740 548 1892 586 unus

232 616 483 671 traditor
499 618 629 687 ejus
654 617 761 673 fuit
790 625 896 686 ;et,
923 621 1061 691 quia
1090 639 1291 677 sanam
1320 623 1642 678 doctrinam
1668 622 1891 676 Judaeu-

237 721 374 766 rum
412 706 663 778 populus
693 725 806 764 non
836 711 1078 775 ferebat,
1107 728 1265 779 eum,
1291 711 1451 767 illata
1473 728 1674 777 manu,
1700 710 1890 765 crucis

233 798 528 871 supplicio
546 804 939 869 peremerunt.
959 799 1258 854 Occiditur
1276 817 1412 872 ergo
1433 800 1717 865 Christus,
1740 802 1891 868 jacet

231 889 431 943 tribus
480 888 687 943 diebus
731 904 796 942 ac
822 890 1095 945 noctibus
1126 890 1183 945 in
1215 890 1557 961 sepulchro;
1583 889 1837 959 resurgit
1858 906 1891 943 a

233 978 512 1042 mortuis,
529 976 701 1043 sicut,
719 982 852 1033 ante
869 980 1071 1035 mundi
1087 981 1590 1043 constitutionem,
1619 980 1741 1051 ipse
1755 996 1885 1033 cum

234 1066 780 1133 Patredecreverat;
808 1069 1073 1123 ascendit
1100 1070 1155 1123 in
1185 1068 1381 1136 caelos,
1408 1069 1529 1135 ubi,
1562 1068 1620 1122 in
1646 1084 1711 1122 eo
1736 1069 1889 1139 quod

235 1154 535 1210 FiliusDei
560 1158 669 1223 est,
691 1170 989 1227 nunquam
1007 1157 1263 1212 defuisse
1278 1158 1687 1228 cognoscitur;
1711 1163 1775 1211 ut
1797 1173 1892 1211 as-

232 1252 539 1316 sumptum
560 1244 881 1313 hominem,
909 1261 1081 1317 quem
1113 1246 1383 1302 diabolus
1402 1264 1512 1302 non
1544 1248 1893 1319 permiserat

233 1335 306 1388 ad
331 1350 587 1404 superna
601 1336 1011 1401 conscendere,
1029 1352 1227 1391 secum
1244 1336 1341 1391 Dei
1364 1336 1460 1391 Fili
1472 1354 1538 1391 us
1553 1336 1765 1391 caelesti
1783 1336 1885 1390 ha—

235 1422 511 1478 bitationi
539 1422 892 1479 sustolleret.
912 1424 1017 1479 Dat
1031 1441 1167 1495 ergo
1187 1426 1433 1481 formam
1452 1426 1755 1497 discipulis
1769 1425 1890 1481 suis

235 1511 601 1582 baptizandi,
636 1511 880 1567 docendi
915 1512 1216 1581 salutaria,
1258 1514 1630 1569 efficientiam
1657 1530 1892 1585 quoque

236 1599 688 1667 miraculorum,
708 1601 955 1671 atquein
974 1602 1312 1657 universum
1331 1604 1615 1658 mundum
1634 1604 1702 1658 ad
1718 1604 1887 1657 vitam

2004 447 2347 512 praesentem
2383 440 2555 495 vitam
2586 438 2750 491 bonis
2786 437 3059 489 informat
3092 432 3386 503 operibus,
3421 439 3476 485 et
3526 438 3657 502 post

2004 530 2569 586 consummationem
2604 527 2823 589 sarculi,
2850 530 3244 579 resurrectura
3260 538 3502 592 corpora
3518 538 3657 576 nos-

2002 626 2111 691 tra,
2149 626 2353 691 praeter
2384 620 2813 687 corruptionem
2849 616 2914 667 ad
2952 629 3129 681 regna
3187 611 3445 665 coelestia
3484 611 3655 680 polli-

2001 718 2184 778 cetur,
2217 711 2291 763 ita
2328 714 2392 763 ut
2424 708 2519 777 qui
2558 706 2649 759 hic
2681 705 2843 767 bene,
2877 703 3002 771 ipso
3036 701 3543 763 donante,vixerit.
3569 716 3658 755 cs-

2001 805 2088 854 set
2118 800 2174 852 in
2211 799 2309 853 illa
2342 795 2762 851 resurrectione
2796 791 3201 854 beatissimus;
3236 788 3335 858 qui
3367 804 3502 842 vero
3524 805 3654 843 ma-

2004 890 2073 953 le,
2123 888 2302 941 miser
2347 892 2478 956 post
2528 898 2743 937 munus
2796 878 3239 933 resurrectionis
3288 876 3537 931 adesset.
3587 876 3655 930 Et

2002 979 2111 1033 hoc
2134 984 2222 1033 est
2253 975 2573 1047 principale
2606 973 2903 1044 religionis
2938 976 3171 1035 nostraz,
3208 974 3270 1022 ut
3316 968 3651 1035 credamus,

2002 1085 2115 1122 non
2149 1067 2339 1121 solum
2372 1066 2596 1119 animas
2632 1080 2741 1116 non
2778 1062 2982 1131 perire,
3005 1059 3247 1127 srdipsa
3267 1073 3498 1128 quoque
3521 1073 3653 1110 cor-

2004 1174 2143 1227 pora
2176 1173 2301 1227 quae
2335 1154 2535 1208 mortis
2585 1154 2867 1205 adventus
2926 1146 3263 1211 resolverat,
3328 1147 3380 1199 in
3430 1149 3651 1200 statum

2003 1246 2312 1317 pristinum
2350 1243 2543 1296 futura
2576 1238 2936 1294 beatitudine
2994 1235 3268 1306 reparari.
3336 1236 3459 1288 Haec
3514 1249 3652 1304 ergo

2000 1334 2256 1389 Ecclesia
2287 1330 2591 1393 catholica,
2631 1345 2730 1397 per
2759 1328 2957 1380 orbem
2983 1325 3217 1388 diffusa,
3244 1324 3433 1378 tribus
3458 1322 3650 1375 modis

2000 1425 2281 1493 probatur
2306 1422 2570 1475 existere.
2600 1415 2894 1487 Quidquid
2929 1416 2987 1468 in
3019 1431 3085 1469 ea
3117 1418 3365 1479 tenetur,
3391 1417 3491 1465 aut
3511 1427 3653 1465 auc—

2001 1514 2209 1569 toritas
2243 1519 2331 1567 est
2357 1510 2817 1580 Scripturarum,
2848 1509 2950 1558 aut
2980 1503 3213 1558 traditio
3277 1499 3651 1567 universalis,

2001 1609 2101 1659 aut
2131 1608 2283 1657 certe
2315 1598 2549 1672 pr0pria
2606 1606 2655 1650 et
2717 1590 3086 1666 particularis
3146 1590 3492 1654 instructio;
3545 1589 3648 1643 sed

234 1690 501 1762 praecipit
524 1688 1222 1761 introire,utpra’dicatio
1246 1691 1523 1747 salutaris
1555 1710 1667 1746 non
1690 1692 1888 1763 jamin
1921 1726 1966 1789 Β
2002 1691 2347 1747 auctoritate
2377 1694 2494 1743 tota
2517 1682 2959 1753 constringitur,
2993 1677 3301 1778 universali
3332 1678 3647 1775 traditione

234 1795 415 1833 unam
436 1782 668 1833 tantum
686 1784 875 1849 gente,
893 1779 988 1833 sed
1008 1780 1131 1834 orbi
1150 1786 1436 1835 terrarum
1454 1780 1881 1851 praedicaretur.

232 1872 330 1933 Et,
351 1868 627 1937 quoniam
649 1868 972 1923 humanum
998 1885 1186 1939 genus
1217 1874 1438 1924 natura:
1463 1870 1885 1941 merito,quam

231 1973 303 2012 ex
330 1957 518 2027 primo
548 1957 989 2027 prmvaricatore
1026 1963 1415 2025 contraxerat,
1439 1964 1664 2013 aeterna:
1707 1975 1889 2030 preme

221 2045 446 2116 jaculis
472 2047 664 2100 fuerat
700 2051 1094 2115 vulneratum,
1139 2064 1242 2101 nec
1266 2047 1438 2102 saluti
1465 2065 1583 2101 sua:
1615 2054 1737 2102 erat
1761 2048 1887 2103 ido-

237 2152 439 2203 neum,
466 2138 617 2207 quod
643 2153 769 2191 eam
796 2136 852 2190 in
881 2142 1118 2206 parente
1142 2137 1494 2208 perdiderat,
1516 2137 1890 2193 medicinalia

238 2227 503 2296 quedam
532 2225 739 2279 tribuit
759 2232 1119 2281 sacramenta
1146 2243 1157 2279 :
1185 2231 1247 2280 ut
1273 2232 1612 2297 agnosceret
1635 2226 1791 2281 aliud
1809 2226 1885 2280 si-

231 2314 292 2370 bi
318 2314 512 2368 deberi
539 2330 639 2384 per
663 2320 881 2367 natura:
916 2314 1215 2380 meritum,
1243 2314 1397 2370 aliud
1440 2332 1539 2386 per
1560 2315 1758 2386 gratiae
1783 2314 1889 2369 do-

234 2419 380 2457 num
404 2422 419 2467 ;
444 2407 509 2455 ut
532 2408 737 2456 natura
764 2401 909 2456 nihil
936 2402 1095 2456 aliud
1123 2402 1235 2458 nisi
1279 2420 1457 2473 prunas
1499 2404 1887 2470 submitteret,

234 2492 429 2558 gratia
448 2507 601 2557 vero,
617 2507 743 2561 quas
762 2490 939 2544 nullis
956 2491 1183 2546 meritis
1210 2492 1486 2547 attributa
1506 2498 1613 2557 est,
1630 2494 1769 2563 quia
1786 2508 1889 2547 nec

236 2581 430 2653 gratia
452 2580 776 2636 disceretur
800 2580 847 2635 si
878 2581 1103 2635 meritis
1129 2582 1504 2648 tribueretur,
1526 2587 1707 2636 totum
1733 2582 1887 2653 quod

236 2676 337 2725 est
355 2668 562 2725 salutis
583 2685 700 2723 sua:
725 2669 978 2724 afferret.

308 2758 814 2829 Diﬂ’unditurergo
844 2774 945 2829 per
959 2759 1251 2813 mundum
1286 2758 1536 2813 ccalestis
1561 2759 1662 2813 illa
1675 2758 1889 2814 doctri-

230 2846 1690 2917 na,adunanturpopuli,instituunturEcclesianit
1707 2864 1889 2903 unum

230 2954 446 3008 corpus
468 2938 622 3008 quod
647 2937 849 2990 mundi
869 2936 1243 2991 latitudinem
1267 2944 1573 3008 occuparet
1589 2939 1781 3008 ;cujus
1799 2956 1894 2993 ca-

232 3032 339 3097 put
360 3027 628 3082 Christus
646 3025 911 3081 ascendit
950 3024 1009 3079 in
1043 3025 1239 3093 caelos,
1266 3030 1329 3080 ut
1362 3028 1685 3082 necessario
1719 3034 1895 3098 caput

304 3143 376 3213 (at
408 3142 610 3196 Beatos
641 3140 881 3195 laudare
938 3140 995 3194 in
1058 3139 1201 3196 coelo
1264 3147 1441 3195 Deum
1476 3144 1880 3211 receptissima

233 3214 553 3286 praesertim
590 3213 743 3286 apud
777 3212 1140 3286 Christianos
1169 3215 1462 3286 sententia
1491 3227 1595 3277 est,
1652 3232 1719 3269 ex
1777 3216 1881 3269 ad-

232 3284 545 3339 miratione
577 3284 853 3338 nimirum
889 3284 1213 3339 divinitatis
1268 3290 1319 3338 et
1383 3286 1659 3339 bonitatis
1701 3288 1830 3355 ejus
1867 3304 1879 3341 :

232 3373 364 3428 quea
396 3357 525 3411 laus
557 3372 687 3410 cum
718 3372 949 3411 summa
980 3355 1319 3426 angelorum
1348 3360 1761 3423 beatorumque
1782 3358 1877 3412 Dei

233 3428 728 3499 contemplatione
760 3429 1074 3497 conjuncta
1104 3434 1211 3483 est.
1260 3428 1537 3499 illorum,
1571 3428 1750 3495 enim,
1801 3434 1882 3484 ait

232 3498 618 3564 Athanasius,
651 3516 800 3570 opus
834 3499 1069 3570 unicum
1105 3505 1213 3566 est,
1236 3498 1447 3570 _'Yp.voq
1493 3498 1731 3566 ἁληκτος
1789 3500 1877 3553 καὶ

225 3571 377 3631 αἶνος
409 3568 805 3637 ἄπαυστοςίτῆς
840 3568 1308 3643 μεγαλοπρεπείας
1335 3574 1432 3622 τοῦ
1464 3575 1879 3642 6506,!Iymnus

257 3649 517 3713 erpetuus
546 3651 599 3697 et
630 3644 750 3697 laus
780 3642 1210 3711 magniﬁcentiae
1245 3645 1353 3696 Dei
1410 3644 1681 3713 inde/essu
1704 3660 1723 3703 ;
1776 3660 1880 3697 uec

216 3661 434 3768 horum
472 3715 668 3768 minus
701 3730 712 3766 :
750 3714 886 3767 Nam
917 3716 1164 3768 maxima
1194 3722 1245 3767 et
1301 3712 1471 3768 unica
1528 3714 1741 3768 sanctis
1798 3720 1879 3768 est

266 3712 434 3769 orum
472 3715 668 3768 minus
701 3730 712 3766 :
750 3714 886 3767 Nam
917 3716 1164 3768 maxima
1194 3722 1245 3767 et
1301 3712 1471 3768 unica
1528 3714 1741 3769 sanctis
1798 3720 1879 3770 est

215 3784 462 3855 requies,
494 3785 548 3839 in
585 3784 719 3840 ειειο
756 3784 976 3840 laudem
1005 3800 1238 3856 summa:
1274 3784 1576 3849 Trinitatis,
1597 3802 1716 3856 quae
1737 3787 1880 3841 Deus

212 3874 273 3913 es
295 3862 340 3925 ι,
373 3857 645 3925 indefessa
676 3872 803 3911 voce
830 3855 1510 3927 dicere,inquitJunilius
1544 3855 1877 3923 Africanus,

219 3929 273 4001 si
296 3930 471 3983 modo
504 3929 553 3981 is
579 3933 683 3982 est.
721 3928 833 3982 Nec
869 3933 1092 4001 tantum
1129 3931 1183 4001 in
1219 3927 1360 3982 caelo
1392 3930 1693 3984 beatorum
1729 3948 1876 4001 opus

214 4000 366 4054 illud
396 4006 509 4065 est,
543 4001 641 4054 sed
674 4004 731 4053 et
764 4000 1097 4054 mortalium
1132 4000 1189 4052 in
1214 4002 1387 4053 terris
1419 4000 1722 4055 hominum
1748 4018 1877 4056 esse

216 4072 423 4126 debet:
459 4072 610 4142 quod
651 4088 764 4125 non
798 4088 864 4125 ex
894 4071 1218 4126 innumeris
1250 4071 1439 4126 solum
1474 4073 1619 4128 sacri
1645 4073 1874 4128 Cudicis

218 4143 580 4213 Petrumque
608 4142 983 4203 testimoniis,
1016 4158 1216 4196 verum
1276 4149 1334 4196 et
1390 4160 1459 4198 ex
1513 4144 1601 4199 his
1632 4146 1870 4211 ethnici,

218 4215 327 4302 sed
350 4213 771 4296 sapientissimi
805 4214 915 4302 vili
947 4215 1208 4302 Epicteti,
1238 4216 1390 4302 apud
1420 4216 1874 4302 Arrianum'ver-

212 4286 310 4340 bis
343 4283 677 4340 convincere
703 4290 826 4340 est;
860 4283 917 4338 Ei
948 4283 1049 4358 γὰρ
1080 4288 1203 4337 νοῦν
1240 4283 1490 4358 εἴχομεν,
1524 4283 1664 4339 ἄλλο
1694 4284 1869 4340 τίὲδει

1998 1782 2290 1851 majorum
2326 1775 2716 1832 nihilominus
2748 1776 2887 1835 tota,
2926 1768 3167 1840 privatis
3200 1783 3333 1821 vero
3366 1768 3645 1820 constitu-

1992 1870 2253 1926 tionibus
2289 1871 2346 1921 et
2392 1863 2644 1936 propriis
2705 1857 3217 1915 informationibus
3276 1870 3644 1925 unaquaeque

2002 1958 2086 2013 vel
2121 1973 2226 2029 pro
2260 1956 2517 2010 locorum
2551 1953 2848 2014 varietate,
2895 1947 2983 2001 vel
3027 1949 3201 2015 prout
3248 1943 3459 2013 cuique
3507 1944 3650 1998 bene

1993 2049 2185 2102 visum
2217 2051 2325 2110 est,
2362 2041 2629 2098 subsistit
2664 2046 2719 2093 et
2750 2037 2991 2107 regitur.
3026 2033 3161 2089 Sola
3193 2049 3325 2102 ergo
3361 2049 3514 2087 nunc
3561 2037 3650 2088 est

1994 2136 2145 2191 fideli
2158 2151 2255 2189 um
2268 2145 2490 2203 exspect
2505 2132 2765 2200 atio,qna
2781 2124 3063 2180 credimus
3079 2123 3147 2176 ad
3165 2122 3427 2175 futurum
3468 2122 3502 2175 ti
3515 2137 3644 2177 nem

1996 2224 2223 2292 mundi,
2250 2224 2446 2276 omnia
2473 2215 2877 2287 corruptibilis
2907 2211 3252 2278 transitura,
3280 2216 3640 2265 resurrectu-

1995 2330 2090 2368 ros
2119 2312 2388 2367 homines
2421 2309 2489 2362 ad
2526 2321 2765 2361 examen
2810 2302 2989 2357 futuri
3025 2298 3260 2371 judicii,
3298 2303 3639 2369 recepturos

1996 2418 2098 2474 pro
2134 2400 2359 2455 meritis
2388 2395 2734 2466 singulos,et
2754 2394 2813 2446 in
2836 2394 3181 2462 perpetuum
3212 2393 3383 2457 atque
3402 2389 3457 2441 in
3482 2392 3643 2441 teter-

1994 2510 2134 2547 num
2168 2490 2381 2546 debitis
2412 2489 2629 2543 finibus
2662 2497 3110 2556 permansuros;
3148 2479 3459 2548 solumque
3511 2492 3640 2532 esse

1997 2581 2303 2653 praemium
2337 2576 2735 2643 beatitudinis,
2757 2568 3313 2641 contemplationem
3364 2567 3642 2621 Condito-

1997 2672 2111 2739 ris;
2145 2674 2367 2723 tantam
2396 2668 2698 2728 duntaxat,
2733 2665 2955 2733 quanta
2986 2676 3018 2713 a
3050 2663 3318 2711 creatura
3352 2657 3418 2710 ad
3471 2654 3644 2709 Crea-

1994 2764 2179 2815 torem
2202 2758 2323 2812 ﬁeri
2345 2761 2533 2828 potest
2556 2771 2569 2809 :
2594 2760 2655 2807 ut
2676 2769 2743 2807 ex
2760 2752 3139 2819 eis,reparato
3161 2745 3422 2815 angelico
3443 2760 3644 2798 nume-

1996 2866 2081 2914 ro,
2106 2864 2358 2918 superna
2389 2844 2488 2899 illa
2518 2842 2720 2898 civitas
2753 2838 3082 2908 impleatur,
3126 2835 3223 2889 ubi
3258 2850 3356 2888 rex
3384 2838 3473 2887 est
3514 2832 3644 2886 Vir-

1996 2938 2151 3010 ginis
2184 2935 2399 3003 Filius;
2422 2934 2647 3003 eritque
2670 2930 2951 3001 gaudium
2976 2925 3432 3010 sempiternum,
3460 2922 3643 2976 delec-

1998 3009 2158 3089 tatio,
2192 3026 2379 3090 cibus,
2412 3038 2559 3094 opus
2591 3020 2685 3090 (α),
2722 3018 2848 3072 laus
2877 3019 3156 3087 perpetua
3183 3009 3492 3065 Creatoris.

1990 3145 2135 3232 ἡμᾶς
2166 3146 2339 3194 ποιεῖν
2371 3140 2459 3193 καὶ
2490 3142 2644 3204 κοινῆ
2679 3135 2767 3188 καὶ
2800 3129 2931 3201 ἰδίᾳ,
2964 3127 2999 3199 ἤ
3034 3129 3218 3201 ὑμνεῖν
3249 3127 3310 3232 :3
3334 3131 3508 3194 Θεῖον,
3546 3126 3636 3180 καί

2210 3218 2231 3227 -ο
2381 3211 2392 3226 ·
2433 3208 2802 3232 2,,,rt__--_n...
2833 3206 2928 3232 _.‘.-
2961 3201 3191 3232 ...2-.--ρ
3217 3220 3228 3232 .
3314 3217 3400 3232 um
3436 3200 3479 3232 εἰ
3512 3198 3637 3232 τηυξ

1990 3199 2277 3288 ε’ὖτξητμεῖν,
2309 3211 2396 3265 καὶ
2429 3199 2807 3283 ἐπεξὲράεσθαι
2833 3199 2928 3264 ti:
2961 3199 3229 3288 xip‘ttac‘;
3265 3199 3635 3288 N‘mnlslisani

1998 3271 2231 3342 esttantus
2257 3271 2387 3355 quid
2420 3271 2774 3337 nobis'atzud
2802 3271 3074 3355 agendum
3103 3276 3223 3355 erat
3254 3276 3304 3355 et
3333 3271 3548 3355 publica
3578 3276 3634 3322 cf

1990 3342 2278 3429 privatim;
2313 3372 2475 3429 quam
2500 3369 2698 3429 numen
2729 3342 3117 3429 cetetranttgm
3171 3354 3233 3429 et,
3270 3342 3631 3427 laudantium,

1993 3411 2044 3485 2i
2069 3411 2686 3498 igratesfpcrsolvendwt
2707 3431 2761 3477 et
2790 3418 2973 3498 Ttyap
3001 3414 3147 3498 550.13
3176 3411 3403 3498 διξνοξμξαι
3457 3413 3630 3498 Ῑέρων

2038 3483 2203 3565 ωνλὸς,
2237 3483 2296 3550 εἷ’
2318 3498 2392 3568 μή
2429 3496 2608 3573 ὑμνεῖν
2638 3494 2728 3547 τὸν
2766 3483 2935 3573 956v;
2969 3487 3017 3541 εἴ
3045 3490 3172 3573 γοξν
3206 3483 3389 3569 ἀρδὼιν
3449 3484 3629 3567 ἢμην,

2018 3561 2205 3625 ῖποίουν
2237 3561 2429 3635 τῖτῆς
2462 3561 2711 3634 ἆηδὸνος·
2746 3563 2789 3617 εἰ
2822 3561 3040 3635 ξιῦκνφς,
3072 3561 3151 3635 τὰΔ
3185 3561 3280 3609 τοῦ
3310 3561 3508 3635 ξύξνου
3542 3561 3629 3635 νῦν

1992 3642 2047 3697 δε
2079 3640 2303 3715 λογικός
2334 3626 2467 3711 εἰμι·
2500 3626 2683 3708 ὗμνεῖν
2724 3656 2787 3705 με
2807 3631 3021 3715 κδεῖρτὸν
3056 3630 3207 3715 Θξόν;
3242 3627 3414 3713 Τοῦ-ξύ
3446 3626 3632 3715 puer-ro

1988 3713 2141 3787 ἔργον
2163 3697 2469 3780 ἓστὶξπόιῶ
2528 3697 2675 3787 agri),
2724 3697 2849 3759 ὀὐδ’
2898 3698 3270 3787 ἐγηατῗιλείξξκξ)
3328 3697 3454 3784 τῂν
3484 3697 3628 3785 τ’ἀξξν

1988 3767 2211 3855 rubrm},
2246 3767 2442 3857 ἐῷόσου
2474 3781 2532 3833 ἂν
2567 3767 2795 3839 δὶδόται,
2825 3775 2913 3829 καὶ
2936 3767 2947 3776 ’
2975 3775 3114 3855 ὑμᾶς
3175 3767 3259 3824 ἐπὶ
3318 3770 3418 3857 τήν
3466 3768 3632 3857 at???”

1986 3842 2364 3927 ταὺτῆνῷὅήν
2395 3855 2695 3927 παρακαᾼῷ
2721 3868 2732 3904 :
2771 3849 2911 3927 Quid
3115 3842 3631 3927 pessumnaltudnsc:

1986 3948 2097 3986 nea:
2125 3913 2377 3989 claudus.
2408 3913 2521 3981 nisi
2550 3913 2824 3978 celebrare
2855 3913 3124 3995 laudibus
3145 3917 3314 3969 Deum
3336 3916 3360 3965 ἒ)
3388 3913 3543 3995 quod
3583 3913 3630 3965 si

1986 3985 2227 4058 luscinia
2255 3985 2443 4057 essem.
2505 3996 2758 4051 luscinia?
2814 3992 2997 4069 ofﬁcio
3043 3991 3342 4069 fungerer:
3399 3987 3448 4037 si
3492 3985 3632 4069 alar,

1984 4055 2358 4130 .ht\lunc
2387 4055 2627 4124 rationis
2657 4082 2779 4119 cum
2810 4055 3081 4133 particeps
3110 4061 3237 4133 sim,
3297 4058 3433 4110 Deus
3489 4055 3629 4107 mihi

1982 4129 2341 4200 celebrandas
2372 4146 2484 4195 est:
2516 4142 2611 4193 hoc
2629 4129 2819 4191 meum
2844 4148 3044 4186 munus
3073 4138 3171 4208 est,
3202 4129 3305 4208 hoc
3324 4140 3624 4208 assequar:

1980 4234 2153 4288 neque
2183 4218 2479 4288 stationem
2513 4201 3162 4288 lxanc‘rtescramhquo‘ad
3194 4201 3433 4263 licuerit,
3467 4205 3518 4249 et
3542 4210 3628 4249 vos

1982 4274 2327 4343 ad'eamdem
2355 4286 2495 4337 hanc
2525 4280 2858 4337 cantilenam
2890 4274 3173 4329 exhortor.

210 4401 3199 4434 _________________________——

898 4496 1147 4601 (aN.
1233 4496 1769 4603 NIANL.
1850 4501 1882 4607 ε

1994 4499 2237 4605 Εν.
2326 4489 2953 4602 ΙὶθΕΤΙὲ

567 4667 950 4762 LIBER
1015 4668 1178 4759 DE
1252 4669 1847 4764 PERSONA
1914 4670 2075 4763 ET
2146 4663 2658 4761 DUABUS
2726 4652 3288 4753 NATURIS

1037 4804 1419 4878 CONTRA
1470 4806 1983 4880 EUTYCHEN
2040 4807 2161 4879 ET
2217 4798 2808 4886 NESTORIUM,

825 4932 939 4989 AD
1004 4930 1447 4992 JOANNEM
1518 4932 1991 4995 DIACONUM
2054 4930 2509 4993 ECCLESI/E
2575 4922 3013 4985 [ὶΟΜΑΝίΕ.

818 5090 1260 5147 PROOEMIUM.

286 5180 467 5235 Anxia
492 5184 545 5234 te
568 5178 805 5249 quidem
826 5180 1046 5250 diuque
1072 5182 1345 5252 sustioui,
1370 5188 1433 5237 ut
1456 5183 1525 5236 de
1548 5197 1614 5236 ea
1646 5199 1772 5252 quae
1804 5182 1862 5237 in

203 5274 504 5328 conventu
543 5274 701 5323 mota
720 5274 810 5323 est
834 5270 1156 5339 quaestione
1178 5271 1569 5343 loqueremur.
1595 5272 1699 5325 Sed
1725 5289 1868 5341 quo-

201 5362 371 5417 niam
396 5364 453 5414 et
470 5358 877 5429 tu,quominus
896 5360 1525 5433 venires,occupatione
1552 5362 1870 5417 distractus

279 5460 504 5529 ((1)ch
529 5459 681 5531 quod
707 5474 818 5513 non
844 5464 932 5513 est
956 5462 1212 5515 somniat
1237 5461 1562 5517 Martianus
1586 5462 1748 5525 Rota,
1772 5460 1867 5529 qui

199 5534 261 5587 in
292 5532 423 5587 Vita
448 5530 854 5603 Boetiiasserit
882 5530 1132 5603 Leonem
1170 5534 1497 5603 pontiﬁcem
1536 5534 1865 5589 Romanum

199 5603 552 5660 interfuisse
572 5600 821 5658 concilio
839 5600 1322 5677 Chalcedonensi,
1354 5623 1487 5662 cum
1513 5610 1739 5661 tantum
1771 5621 1874 5674 per

1903 5098 1945 5160 D
1977 5111 2060 5157 es,
2084 5100 2140 5148 et
2162 5109 2265 5163 ego
2284 5092 2342 5144 in
2367 5087 2689 5144 crastinum
2717 5080 3056 5138 constitutis
3077 5076 3325 5145 negotiis
3360 5070 3623 5141 implica-

1981 5185 2105 5251 bor,
2133 5182 2345 5236 mando
2360 5178 2567 5231 litteris
2587 5190 2710 5242 qua:
2724 5187 2914 5226 coram
2934 5168 3226 5240 loquenda
3240 5176 3625 5251 servaverant.

1982 5247 2288 5329 Meministi
2306 5268 2620 5329 enim,cum
2643 5265 2698 5315 in
2716 5259 2958 5315 concilio
2974 5247 3626 5327 legeretur(a)epistola,

1980 5362 2286 5417 recitatum
2322 5354 2711 5425 Eutj'chianos
2741 5366 2807 5404 ex
2840 5348 3069 5402 duabus
3096 5344 3319 5397 naturis
3339 5336 3629 5393 Christum

1981 5459 2199 5531 legatos
2217 5456 2267 5509 ei
2293 5452 2605 5581 praefuerit.
2632 5448 2843 5502 Deinde
2864 5445 2961 5515 qui
2981 5444 3080 5527 .hic
3101 5443 3189 5510 agi
3212 5440 3306 5520 .de
3357 5436 3624 5505 ejusdem

1981 5528 2225 5581 epistola
2250 5528 2290 5581 C
2338 5524 2612 5579 alcedone
2633 5525 2877 5575 Romam
2917 5532 3099 5569 missa
3139 5515 3455 5575 cxrsttmat,
3490 5523 3624 5561 cum

1978 5510 2225 5601 epcistola
2250 5510 2612 5582 Chalcedone
2633 5510 2895 5600 Romam
2917 5516 3099 5601 missa
3139 5510 3469 5601 existimat,

1980 5580 2305 5658 {zachariae
2337 5603 2519 5651 Roma
2548 5587 3110 5660 ConstantinOpolim
3163 5584 3234 5638 ad
3285 5580 3624 5634 Flavianum
