4030 6186
500 202 653 259 “1339

1790 205 1904 258 ΑΝ.
1948 202 2161 257 MANL.
2204 202 2352 257 SEV.
2396 203 2629 258 BOETII

3711 218 3816 273 1340

508 326 828 384 consistere
859 327 1142 395 conﬁteri,
1176 328 1232 381 in
1267 328 1497 383 duabus
1531 344 1780 400 negare;
1833 328 2159 382 Catholiros
2200 335 2243 393 Α
2275 328 2444 380 etiam
2484 329 2677 383 minus
2717 349 2731 395 ;
2768 346 2899 384 ram
2943 331 3014 384 de
3073 347 3135 386 re
3192 333 3496 403 proposita,
3548 350 3683 406 isque
3723 339 3827 395 nihil

510 432 645 471 vero
680 416 912 485 utrique
944 416 1097 468 dicto
1133 415 1302 470 ﬁdem
1340 416 1631 485 prtebere;
1659 432 1793 470 nam
1824 422 1880 470 et
1910 433 1979 470 ex
2008 416 2151 470 dua-

512 505 625 561 bus
646 521 776 560 eum
806 504 1032 557 naturis
1054 504 1396 560 consistere.
1424 510 1478 557 et
1502 504 1557 558 in
1580 505 1805 559 duabus
1830 506 1981 575 apud
2009 522 2152 559 veras

510 593 646 649 ﬁdei
669 597 985 648 sectatores
1004 591 1303 661 mqualitcr
1319 594 1497 647 credi.
1521 594 1700 663 Cujus
1722 592 1860 648 dicti
1903 594 2155 648 novitate

513 698 851 755 percussus,
886 681 1093 736 harum
1126 682 1630 752 conjunctionum,
1663 700 1786 752 qua
1818 699 1886 738 ex
1925 682 2157 738 duabus

515 770 743 826 naturis
771 769 859 825 vel
887 769 946 824 in
977 771 1206 825 duabus
1237 769 1642 837 consisterent,
1677 771 2036 827 differentias
2068 773 2158 826 in-

512 859 837 931 quirebam,
867 858 1116 914 multum
1153 858 1376 913 scilicet
1404 860 1613 914 referre
1646 865 1829 927 ratus,
1863 876 1965 916 nec
2015 866 2156 932 puto

488 947 681 1003 inerti
716 947 1071 1019 negligentia
1103 948 1597 1019 praetereundum,
1630 950 1788 1020 quod
1847 950 2157 1021 episcopus

512 1038 764 1109 scriptor
785 1036 1066 1107 epistolis,
1097 1043 1371 1107 tanquam
1394 1037 1559 1093 valde
1580 1038 1993 1105 necessarium,
2011 1056 2157 1111 prae-

516 1128 690 1182 terire
726 1125 1027 1180 noluisset.
1051 1124 1152 1179 Hic
1178 1141 1404 1192 omnes,
1428 1131 1688 1197 apertam
1720 1144 1849 1182 esse
1887 1126 2155 1182 differen-

514 1215 679 1279 tiam,
703 1230 806 1268 nec
831 1213 1155 1285 quidquam
1178 1213 1237 1268 in
1256 1230 1321 1269 eo
1342 1230 1471 1270 esse
1496 1215 1784 1286 caliginis,
1805 1215 2165 1271 inconditum

512 1304 947 1373 confusumque
980 1307 1241 1374 strepere
1269 1321 1284 1372 ;
1316 1319 1420 1358 nec
1443 1302 1599 1359 ullus
1623 1305 1681 1359 in
1700 1309 1857 1359 tanto
1876 1306 2163 1374 tumultu,

518 1393 618 1467 qui
646 1393 845 1447 leviter
871 1392 1603 1464 attingeretquiestionem,
1632 1396 1848 1450 nedum
1868 1395 1967 1466 qui
1991 1412 2160 1467 expe-

520 1482 693 1548 diret,
719 1482 990 1537 inventus
1010 1486 1118 1538 est.
1147 1483 1220 1551 (a)
1252 1483 1600 1539 Assederam
1635 1500 1740 1555 ego
1770 1486 1841 1539 ab
1872 1501 1939 1540 eo
1988 1501 2163 1556 quem

517 1572 769 1628 maxime
797 1571 1012 1626 intueri
1070 1571 1400 1642 cupiebam,
1463 1572 1719 1645 longius,
1777 1578 1951 1645 atque
1997 1575 2163 1641 adeo,

2259 433 2393 470 cum
2427 417 2650 473 caeteris
2708 418 3033 474 sentiebam
3068 435 3080 473 :
3114 420 3307 475 minus
3333 437 3458 476 vero
3510 438 3659 493 quam
3694 433 3831 483 ceteri

2262 505 2626 573 offerebam,
2664 508 2819 561 falsae
2855 508 3075 563 scilicet
3107 510 3359 563 scientia:
3390 514 3830 582 presumptiocem.

2257 594 2389 649 Tuli
2422 611 2546 665 iege
2577 595 2779 661 rrime,
2816 598 3017 663 fateor,
3046 614 3527 670 compressusque
3551 602 3831 660 indoctorum

2260 698 2437 755 grege
2461 699 2527 738 co
2552 685 2760 754 nticui,
2794 690 3065 741 metuens
3097 703 3170 742 ne
3201 688 3324 757 jure
3352 688 3829 761 vidererinsanus,ai

2262 788 2443 856 sanus
2459 772 2610 827 inter
2632 773 2883 829 furiosos
2907 774 3104 830 haberi
3129 778 3552 834 contenderem.
3570 778 3822 837 Meditabsr

2260 860 2446 931 Igitur
2477 861 2690 916 dehinc
2720 879 2924 918 omnes
2957 864 3155 920 animo
3188 867 3550 937 quaestiones,
3571 883 3660 922 nec
3681 871 3825 941 deglu-

2262 950 2477 1006 tiebam
2499 952 2649 1021 quod
2667 968 2998 1024 acceperam
3013 999 3025 1018 ,
3046 955 3145 1009 sed
3167 954 3488 1026 frequentis
3510 956 3705 1011 consilii
3722 958 3833 1016 ilers-

2272 1038 2429 1094 tione
2462 1040 2859 1095 ruminabam.
2891 1043 3146 1097 Tandem
3177 1043 3357 1115 igitur
3387 1048 3614 1115 patuere
3642 1046 3829 1116 pulsanti

2271 1129 2470 1183 animo
2504 1129 2675 1195 fores,
2709 1135 2765 1184 et
2794 1131 3007 1185 veritas
3061 1131 3302 1186 inventa
3352 1135 3641 1203 quaerenti,
3691 1150 3833 1191 omnes

2268 1216 2511 1272 nebulas
2541 1217 2879 1288 Eutychiani
2908 1219 3148 1275 reclusit
3174 1222 3413 1276 erroris.
3436 1220 3722 1277 Undemihi
3749 1241 3831 1278 ms-

2266 1306 2421 1360 xime
2451 1305 2636 1360 subiit
2667 1307 3250 1378 admirari,quaenam
3278 1310 3397 1364 haec
3419 1308 3748 1365 indoctorum
3773 1312 3834 1367 ho-

2270 1394 2494 1449 minum
2520 1396 3059 1468 essetaudacia,qui
3075 1397 3399 1452 inscientiae
3415 1398 3612 1453 vitium
3630 1416 3831 1469 presum-

2272 1483 2487 1554 ptionis
2519 1490 2693 1555 atque
2716 1484 3095 1555 impudentiae
3122 1487 3277 1540 nube
3300 1492 3583 1541 conantur
3602 1487 3831 1555 obducere,

2271 1588 2405 1626 cum
2441 1589 2553 1626 non
2582 1573 2753 1628 modo
2784 1590 2935 1645 sepe
2967 1575 3024 1629 id
3057 1575 3211 1645 quod
3246 1574 3589 1645 proponitur
3618 1576 3831 1645 ignorent,

516 1662 565 1716 si
597 1662 771 1715 situm
788 1660 1118 1715 sedentium
1146 1661 1746 1727 recorderis,aversus
1769 1662 2158 1735 pluribusque
2190 1699 2236 1762 B
2271 1677 2475 1717 verum
2511 1661 2569 1716 in
2606 1662 2948 1732 bujusmodi
2971 1663 3451 1719 contentionibus
3484 1665 3622 1718 neid
3663 1664 3831 1735 quidem

513 1749 821 1821 oppositis,
849 1764 918 1802 ne
949 1747 998 1803 si
1028 1748 1329 1819 aegerrime
1359 1749 1595 1821 quidem
1610 1767 1908 1821 cuperem,
1935 1751 2158 1807 vultum
2190 1747 2236 1762 ”
2266 1750 2419 1821 quod
2446 1750 2557 1821 ipsi
2579 1749 2905 1821 loquuntur
2925 1750 3263 1823 intelligant
3287 1769 3301 1819 ;
3326 1752 3498 1823 quasi
3536 1753 3750 1808 deterior
3770 1755 3834 1807 tisi

512 1837 978 1907 nutumqucejus
1004 1836 1263 1909 ascipere
1307 1842 1590 1908 poteram,
1640 1854 1709 1894 ex
1749 1856 1863 1910 quo
1886 1839 2031 1895 mihi
2061 1840 2158 1895 ali-

511 1945 628 2000 qua
657 1927 783 1997 ejus
814 1926 1094 1981 darentur
1124 1926 1293 1997 signa
1316 1926 1541 1997 judicii.
1574 1930 1763 2000 Atque
1801 1945 1906 2001 ego
1928 1930 2162 1999 quidem

513 2016 660 2073 nihil
694 2014 919 2070 ceteris
948 2014 1204 2086 amplius
1236 2016 1570 2085 aﬂ‘erebam,
1598 2016 1712 2072 imo
1744 2032 1876 2073 vero
1935 2017 2160 2090 aliquid

511 2124 710 2188 missa,
743 2126 943 2192 postea
974 2122 1045 2176 ab
1078 2121 1348 2176 universo
1399 2121 1644 2177 concilio
1689 2123 1936 2179 Chalced
1958 2128 2160 2182 onensi

508 2195 832 2267 approbata
858 2193 1212 2267 laudataque
1242 2194 1339 2267 sit,
1376 2198 1674 2267 Postremo
1699 2195 1797 2264 qui
1855 2195 1963 2252 hoc
2036 2198 2161 2253 loco

509 2264 678 2322 de'eo
709 2266 955 2321 concilio
987 2264 1144 2335 loqui
1178 2265 1435 2336 Boetium
1472 2265 1692 2330 credat,
1728 2268 1882 2336 quod
1927 2270 1983 2323 in
2018 2271 2161 2325 urbe

508 2336 1011 2393 tumultuantibus
1068 2334 1381 2404 Acepbalis
1416 2334 1796 2391 convocatum
1831 2343 1921 2392 est
1947 2356 1957 2393 :
1985 2340 2073 2393 cui
2111 2341 2156 2395 si

511 2410 663 2479 quod
700 2408 809 2462 fuit
838 2407 1089 2470 (nullum
1123 2413 1319 2461 autem
1355 2407 1503 2473 fuit),
1535 2408 1800 2463 Boetium
1837 2426 1950 2464 non
1985 2414 2162 2465 inter-

480 2480 693 2534 ~fuisse
724 2496 791 2534 ex
822 2495 887 2534 eo
921 2482 1170 2554 constat,
1204 2480 1357 2554 quod
1394 2494 1527 2532 eum
1552 2484 1694 2554 tunc
1716 2480 2029 2554 vixinatum
2055 2499 2161 2554 pu-

510 2556 730 2615 tamus,
762 2567 894 2622 cum
924 2566 990 2605 ea
1022 2549 1262 2622 haeresis
1294 2566 1447 2622 anno
1475 2550 1765 2622 praecipue
1797 2553 1927 2622 482,
1965 2549 2075 2608 ueri
2101 2555 2155 2608 in

509 2621 888 2688 Occidentali,
916 2622 1017 2677 sed
1050 2620 1327 2675 Orientali
1361 2620 1639 2686 Ecclesia,
1673 2620 1989 2678 recruduit.
2013 2627 2155 2681 Cum

511 2694 694 2763 igitur
720 2693 887 2748 aliter
917 2710 977 2748 se
1012 2709 1104 2747 res
1145 2692 1380 2758 habeat,
1420 2695 1742 2763 tractatum
1800 2696 1871 2749 de
1919 2696 2158 2751 Duabus

509 2762 749 2822 Naturis
778 2769 835 2819 et
864 2781 981 2819 una
1012 2764 1262 2819 Persona
1291 2762 1511 2818 Christi
1546 2782 1698 2819 anno
1731 2766 1994 2831 ejusdem
2051 2770 2157 2823 512

510 2837 841 2904 scripsisse,
875 2837 1125 2906 ejusque
1156 2834 1521 2907 occasionem
1556 2836 1707 2907 hanc
1734 2837 2159 2907 tuisse,proba-

511 2908 647 2964 bilis
673 2908 1007 2977 conjectura
1034 2911 1143 2963 est.
1197 2906 1545 2978 Anastasius
1602 2906 1743 2978 imp.
1803 2910 2056 2965 Arianus
2097 2912 2154 2965 in

513 2980 839 3036 Orientales
865 2980 1170 3049 episcopos
1201 2976 1518 3033 catholicos
1541 2976 1923 3049 depositione,
1958 2998 2151 3036 carce-

2263 1837 2584 1892 inscientiie
2606 1839 2935 1894 causadum
2950 1840 3190 1912 tegitur.
3208 1841 3319 1895 Seb
3338 1842 3412 1896 ab
3429 1840 3543 1895 illis
3558 1841 3624 1895 ad
3638 1847 3832 1896 tetrsns-

2264 1941 2353 1989 eo,
2381 1928 2472 1981 cui
2510 1928 2637 1993 hoc,
2671 1929 3265 2001 quantulumcunque
3295 1934 3407 1997 est,
3460 1930 3833 1985 examinandum

2270 2015 2431 2087 prius
2474 2016 2955 2088 perpendumque
2990 2017 3520 2083 transmitto.Quod
3563 2019 3606 2073 si
3644 2026 3759 2072 recte
3798 2034 3835 2071 se

2271 2123 2410 2194 quid
2446 2122 2503 2174 in
2538 2121 2817 2193 religione
2847 2122 3211 2178 difficultatis
3233 2140 3295 2177 se
3326 2140 3432 2194 per
3461 2124 3513 2177 id
3546 2128 3744 2193 tempus
3776 2124 3835 2176 of-

2272 2196 2436 2260 feret,
2473 2201 2574 2247 aut
2600 2195 2647 2247 si
2682 2196 2835 2264 quod
2872 2194 3031 2265 pium
3065 2197 3354 2265 scriptum
3388 2196 3460 2249 ab
3489 2194 3837 2250 eruditiseden-

2271 2266 2411 2320 dum
2446 2273 2599 2318 esset
2632 2267 3015 2336 recitaretur),
3046 2282 3180 2320 cum
3242 2266 3433 2321 multa
3492 2268 3709 2338 probare
3747 2282 3835 2335 pos-

2271 2342 2428 2402 sunt,
2462 2340 2584 2389 tum
2613 2351 2677 2389 ea
2710 2354 2949 2407 operum
2982 2338 3245 2392 Aratoris
3298 2337 3670 2407 subscriptio;
3719 2340 3834 2405 cujus

2268 2414 2490 2478 partem
2529 2407 2592 2461 D.
2629 2408 2981 2463 Sirmondus
3005 2411 3127 2476 jam
3163 2408 3297 2463 olim
3331 2409 3408 2463 ad
3442 2410 3736 2463 Ennodium
3764 2425 3834 2476 pn-

2267 2479 2601 2541 blicaverat,
2638 2496 2813 2550 quam
2850 2481 3134 2551 integrum
3166 2497 3234 2535 ex
3266 2481 3449 2535 veteri
3481 2487 3663 2535 nostro
3702 2479 3837 2551 codice

2266 2550 2711 2623 descripsimus.
2746 2553 2916 2607 Beato
2946 2550 3107 2606 Petro
3138 2554 3444 2623 adjuvante
3465 2553 3662 2606 oblatus
3685 2555 3747 2605 est
3777 2550 3839 2602 liu-

2258 2622 2692 2693 jusmodicolles
2721 2625 2789 2677 ab
2820 2626 3047 2678 Aratore
3078 2625 3179 2677 inl.
3213 2640 3283 2677 ea:
3304 2639 3445 2677 com.
3484 2624 3837 2677 domesticatim:

2262 2692 2398 2749 com.
2430 2692 2704 2762 privatur.
2744 2696 3077 2750 subdiacono
3109 2704 3312 2749 sancta:
3348 2694 3601 2751 Ecclesia
3627 2698 3836 2753 noviens.

2261 2765 2553 2834 apostolico
2585 2764 2701 2819 viro
2729 2780 2890 2835 papae
2926 2765 3142 2835 Vigilio,
3177 2774 3225 2820 et
3275 2772 3560 2835 susceptus
3604 2766 3663 2819 ab
3706 2780 3754 2817 eo
3788 2778 3837 2815 vn

2260 2835 2387 2891 idus
2418 2837 2626 2904 Aprilis
2652 2839 2711 2890 in
2741 2834 3086 2907 presbyterio
3116 2842 3252 2891 ante
3303 2834 3697 2907 Confessionem
3738 2834 3835 2888 beati

2259 2909 2432 2973 Petri,
2457 2924 2579 2979 cum
2612 2910 2816 2963 ibidem
2843 2912 3028 2979 plures
3061 2910 3319 2979 episcopi,
3342 2906 3840 2979 presbyterudiacvsi

2268 2988 2321 3033 et
2349 2978 2539 3032 clerici
2565 2996 2692 3047 pars
2721 2977 2966 3035 maxima
2995 2977 3351 3034 interessent.
3370 2980 3537 3047 Quem
3559 2995 3671 3034 cum
3695 2977 3839 3031 ibidem

509 3068 590 3118 re,
624 3051 826 3107 exsilio
859 3042 1266 3122 sa'vriebalsllli
1303 3048 1399 3103 ubi
1433 3065 1521 3122 se
1550 3042 2011 3122 religionemque
2060 3070 2151 3107 ca-
2183 3042 2227 3108 C
2270 3051 2378 3119 legi
2408 3066 2505 3119 pro
2528 3042 2713 3119 aliqua
2739 3064 2902 3119 parte
2930 3053 3148 3118 [scisset
3175 3042 3514 3121 Surgen'tius
3557 3053 3637 3105 vir
3674 3063 3838 3122 venera-

508 3123 787 3202 tbolicam
822 3121 981 3194 perdi
1017 3121 1426 3202 perditumque
1457 3120 1525 3174 iri
1583 3122 1807 3202 vident,
1861 3120 1933 3179 ab
1980 3124 2153 3202 βγιη-

514 3194 715 3250 macho
749 3191 895 3264 papa
943 3191 1110 3262 opem
1172 3191 1575 3265 auxiliumque
1632 3195 1853 3263 scripta
1910 3191 2159 3265 epistola

515 3266 685 3337 longe
711 3266 1076 3337 doctissima,
1108 3280 1240 3333 quin
1270 3264 1435 3337 apud
1460 3264 1769 3337 Baronium
1796 3271 1904 3331 est,
1932 3264 2155 3336 petunt.

512 3334 654 3393 Eam
684 3346 975 3406 acceptam
1009 3334 1396 3406 Symmachus
1425 3334 1619 3391 habito
1652 3336 1845 3391 Romaa
1874 3334 2156 3394 conventu

516 3424 618 3462 seu
645 3408 889 3462 concilio
920 3407 1350 3478 episcoporum,
1385 3406 1485 3478 qui
1520 3411 1642 3461 tum
1676 3406 1735 3461 in
1764 3408 1914 3463 Urbe
1970 3416 2155 3478 erant,

516 3479 895 3549 virorumque
948 3478 1195 3532 aliorum
1262 3477 1560 3546 religionis
1619 3482 1966 3545 amantium,
2009 3483 2162 3537 inter

513 3567 662 3620 quos
684 3550 1067 3621 Symmachus
1098 3554 1155 3603 et
1188 3549 1421 3621 Boetius
1455 3549 1631 3604 fuere.
1666 3550 1823 3620 legit.
1856 3553 1995 3607 Dum
2023 3571 2156 3608 exa-

516 3620 775 3676 minatur
804 3626 860 3675 et
893 3623 956 3673 ad
990 3638 1054 3675 ea
1087 3620 1259 3673 verba
1288 3625 1560 3674 ventum:
1595 3622 1698 3675 Nos
1728 3623 1899 3687 enim,
1922 3640 1956 3678 ο
1998 3641 2153 3679 sanc-

514 3696 726 3748 tissime
752 3697 800 3748 ct
834 3692 1145 3747 beatissime
1173 3691 1519 3761 Symmache,
1551 3693 1801 3747 eumdem
1837 3711 1949 3749 esse
1995 3696 2151 3750 eatis-

513 3764 777 3821 timamus
796 3781 867 3818 ea:
887 3764 1098 3818 duabus
1112 3764 1332 3816 naturis
1351 3767 1401 3815 et
1416 3765 1471 3814 in
1488 3764 1697 3817 duabus
1723 3769 2037 3828 naturis“?!
2052 3784 2161 3821 non

516 3835 785 3905 (sicutilli
810 3834 1326 3905 dicunt)ezduabus
1342 3836 1561 3887 naturis
1574 3852 1741 3888 unam
1755 3848 2020 3890 naturam
2046 3842 2161 3905 post

516 3907 990 3971 adunationem,in
1021 3905 1231 3960 duabus
1263 3914 1448 3959 autem
1488 3905 1907 3962 subsistentibus
1944 3910 2162 3963 naturis

516 3994 645 4035 cum
657 3982 871 4033 unitate
882 3994 988 4032 non
1012 3977 1131 4045 pati
1149 3977 1390 4043 confiteri
1410 3993 1429 4035 .·
1442 3982 1566 4031 utse
1580 3978 1912 4033 Arianorum
1931 3980 2162 4034 doceant

513 4067 626 4108 esse
638 4050 943 4105 imitatores
953 4048 1123 4109 ,dicen
1133 4052 1268 4101 lium
1282 4063 1376 4115 per
1388 4047 1594 4100 Filium
1606 4048 1921 4116 οἱον-ἰήσανὶ
1933 4057 2135 4107 Patrem
2145 4094 2158 4117 ,

519 4139 643 4177 cum
666 4122 806 4176 Filio
828 4125 1011 4175 autem
1025 4135 1133 4174 non
1155 4121 1274 4189 pati
1293 4134 1348 4173 se
1374 4134 1500 4173 eum
1522 4118 1852 4189 glori/icart.
1882 4122 2001 4181 Sed.
2019 4127 2162 4178 sicut

517 4204 713 4249 contra
742 4193 865 4249 illos
896 4191 1193 4247 docuerunt
1217 4193 1424 4261 fratres
1454 4190 1539 4246 tui
1565 4192 1902 4248 sanctissimi
1950 4200 2158 4262 Patres,

515 4271 625 4320 Per
652 4281 809 4335 quem
841 4271 894 4318 et
924 4265 1058 4319 Cum
1089 4278 1190 4333 quo
1218 4261 1512 4337 aequaliter
1541 4264 1658 4337 pati
1675 4262 1856 4319 dicere
1872 4282 1970 4320 nos
1996 4284 2008 4321 :
2031 4268 2163 4337 quia

511 4334 807 4407 Perquem,
830 4337 1240 4407 humanitatem
1261 4351 1281 4396 ;
1300 4335 1433 4388 Cum
1452 4351 1575 4405 quo,
1600 4334 1952 4391 divinitatem
1972 4334 2160 4405 signi-

512 4405 742 4478 ﬁcantes
764 4408 953 4477 magni
981 4408 1076 4461 Dei
1106 4410 1154 4461 et
1184 4405 1481 4460 Saluatoris
1514 4408 1691 4460 nostri
1727 4408 1855 4478 Iesu
1905 4408 2110 4465 Christi
2137 4426 2158 4471 ,·

519 4481 576 4535 si
595 4496 741 4534 nunc
760 4478 881 4533 illis
899 4478 1200 4533 Exduabus
1224 4479 1440 4545 quidem
1471 4479 1693 4531 naturis
1739 4477 2067 4546 dicentibus,
2098 4484 2161 4537 In

524 4551 741 4605 duabus
755 4559 934 4605 autem
957 4566 1063 4605 non
1084 4548 1469 4618 conﬁtentibus
1487 4564 1507 4609 ;
1526 4563 1624 4602 nos
1644 4550 1738 4602 Ea:
1755 4548 1968 4605 duabus
2017 4561 2067 4607 et
2100 4555 2159 4608 In

511 4622 729 4676 duabus
756 4624 968 4691 pariter
993 4620 1247 4676 dicimus.
1279 4621 1363 4674 Ea:
1390 4618 1602 4691 duabus
1629 4622 1775 4674 enim
1807 4621 2068 4690 dicentes,
2090 4640 2162 4679 ea:

512 4695 710 4763 quibus
722 4690 974 4747 subsistit
989 4692 1261 4751 unitas:ln
1279 4690 1487 4745 duabus
1499 4692 1973 4761 autem,inquibus
1988 4695 2152 4759 visus,

511 4762 660 4818 visus
691 4768 768 4818 est
796 4778 845 4817 et
867 4765 1121 4835 palpatus
1152 4766 1203 4817 et
1226 4766 1538 4831 assumptus
1580 4772 1705 4835 ροδι
1762 4766 2076 4833 passionem
2106 4774 2158 4820 et

512 4833 970 4890 resurrectionem
989 4835 1327 4906 conﬁtemur,
1351 4839 1401 4906 et
1428 4835 1483 4906 in
1508 4833 1706 4906 quibus
1728 4838 1909 4906 veniet
1929 4836 2155 4906 judica-

514 4914 675 4962 turus
705 4908 851 4961 vivos
881 4910 929 4962 et
962 4903 1467 4961 mortuos.Plurimi
1501 4920 1568 4957 ex
1598 4904 1693 4966 iis,
1726 4905 1876 4961 haud
1930 4903 2069 4962 satis
2099 4908 2154 4961 in

514 4978 691 5033 rebus
713 4978 1053 5049 theologicis
1076 4975 1465 5049 eruditi.deea
1494 4992 1551 5029 re
1573 4992 1700 5030 cum
1719 4978 2153 5049 disseruissent,

518 5067 705 5119 neque
737 5066 862 5105 eam
896 5047 981 5103 Vel
1014 5049 1217 5102 leviter
1245 5047 1597 5121 attigissent,
1632 5048 1769 5121 quid
1804 5049 1873 5102 de.
1906 5066 1971 5104 ea
2010 5068 2161 5121 quie-

514 5122 702 5177 stione
721 5124 960 5175 sentiret
984 5121 1216 5175 Boetius
1235 5120 1302 5172 ad
1323 5122 1604 5172 Joannem
1650 5120 1923 5173 Romanis
1968 5120 2155 5177 Eccle-

513 5196 610 5251 siin
633 5200 771 5248 tunc
794 5196 1123 5253 diaconum,
1150 5195 1352 5259 postea
1371 5190 1635 5259 ejusdem
1654 5191 2155 5259 pontificem.con-

512 5271 604 5320 tra
626 5265 1017 5332 Nestorium,q
1031 5264 1085 5316 ui
1109 5262 1340 5316 duabus
1364 5260 1587 5332 naturis
1614 5278 1890 5329 personas
1914 5264 2153 5320 totidem

513 5337 875 5405 adiungebat
902 5353 914 5399 ;
938 5330 1414 5403 etEutychetem,
1444 5330 1539 5405 qui
1574 5336 1841 5405 naturam
1877 5351 1941 5388 ac
1961 5353 2153 5400 perso-

514 5402 647 5463 nam
685 5402 915 5462 unicam
959 5402 1249 5485 tuebatur,
1278 5402 1652 5485 pellaci-insit:
1691 5403 1989 5485 Ejusmodi
2023 5424 2154 5485 vero

514 5484 836 5535 conventus
870 5495 967 5532 seu
1001 5476 1243 5532 concilia
1276 5472 1333 5528 in
1367 5472 1520 5542 Urbe
1537 5472 1653 5527 ﬁeri
1678 5474 1986 5542 solita(ubi
2020 5481 2157 5533 ade-

517 5557 647 5605 rant
677 5549 930 5621 episcopi
946 5549 1401 5621 eminentesque
1433 5560 1461 5597 e
1478 5541 1758 5621 clero,sed
1779 5552 1835 5600 et
1858 5554 2156 5621 senatores

517 5614 779 5693 plerique
810 5614 1006 5693 acialii
1037 5621 1144 5693 viri
1175 5614 1395 5691 graves,
1427 5614 1529 5686 qui
1554 5615 1627 5669 ob
1652 5617 1923 5693 pietatem
1951 5620 2155 5693 singuf

513 5689 697 5755 larem
726 5692 975 5765 religiosi
1004 5689 1367 5756 dicebantur,
1400 5703 1645 5760 quorum
1681 5689 1736 5744 in
1769 5689 2084 5763 conspectu
2104 5691 2153 5749 si

2272 3123 2399 3176 bilis
2425 3118 2785 3191 primicerius
2813 3124 3018 3179 schola
3045 3118 3415 3186 notariorum,
3448 3126 3505 3179 in
3552 3123 3745 3176 scriniis
3776 3118 3839 3171 de-

2262 3195 2345 3246 dit
2376 3190 2620 3249 ecclesia?
2646 3193 3060 3250 collocandum.
3095 3194 3261 3256 Cuius
3324 3194 3707 3249 beatitudinem
3746 3190 3838 3242 litte-

2263 3265 2373 3319 rati
2404 3280 2588 3317 omnes
2618 3266 2923 3320 doctissimi
2951 3268 3211 3321 continuo
3232 3270 3574 3331 rogaverunt
3600 3262 3839 3328 utrumut-

2268 3336 2409 3391 beret
2440 3337 2655 3409 publice
2683 3340 2929 3393 recitari.
2954 3336 3108 3407 Quod
3137 3352 3260 3390 cum
3290 3338 3421 3409 ﬁeri
3447 3337 3765 3409 precepisset
3789 3334 3836 3409 in

2264 3409 2490 3463 ecclesia
2522 3408 2664 3484 beati
2694 3410 2844 3462 Petri
2870 3404 2994 3477 quae
3020 3408 3347 3484 vocaturad
3386 3404 3631 3484 Vincula,
3662 3404 3834 3484 religie-

2265 3495 2452 3553 sorum
2483 3480 2650 3553 turba.
2680 3484 2951 3544 convenit,
2982 3485 3145 3553 atque
3174 3480 3377 3553 eodem
3395 3481 3614 3534 Aratore
3641 3480 3836 3553 recitanti

2266 3551 2552 3618 disjunctis
2581 3551 2774 3605 diebus
2806 3553 2966 3606 ambo
2996 3552 3134 3605 libri
3160 3567 3233 3604 vn
3266 3549 3478 3605 vicibus
3505 3559 3627 3603 sunt
3668 3549 3833 3601 auditi:

2265 3638 2391 3677 cum
2418 3624 2579 3675 unius
2608 3624 2867 3677 medietas
2894 3624 3025 3678 libri
3049 3623 3428 3676 tantummodo
3446 3625 3835 3693 tegentur,”qu

2267 3703 2351 3748 ter
2380 3694 2724 3751 repetitiones
2754 3696 3025 3757 assiduas,
3054 3710 3188 3763 quas
3218 3710 3340 3747 cum
3376 3697 3565 3760 favore
3604 3690 3833 3763 multiplici

2264 3764 2640 3834 postulabant.
2676 3766 2871 3820 Eadem
2900 3768 3016 3823 haec
3046 3762 3300 3833 repetitio
3330 3770 3489 3833 facta
3512 3769 3585 3818 est
3635 3765 3704 3815 his
3746 3762 3832 3811 duo

2268 3836 2394 3889 bus:
2425 3837 2618 3890 Prima
2652 3836 2727 3890 id.
2766 3838 3006 3906 Aprilis;
3037 3836 3272 3890 secunda
3299 3853 3387 3889 xv.
3424 3838 3508 3889 cal
3563 3836 3833 3900 Μαέὶςᾳαανο

2265 3911 2319 3981 t_a
2352 3923 2477 3981 vero
2510 3909 2704 3981 urcei.
2733 3910 2947 3981 lunias,
2982 3907 3144 3961 tertio
3190 3923 3339 3961 anno
3395 3911 3527 3981 post,
3562 3906 3835 3981 consulatu!"

2267 3978 2526 4049 Busilisci
2553 3978 2614 4031 V.
2651 3980 2735 4045 C.,
2765 3972 3062 4034 indictione
3094 3995 3195 4041 νη,
3245 3992 3347 4033 seu
3395 3972 3600 4049 potius
3648 3972 3833 4031 Basilii:

2267 4048 2375 4103 hoc
2406 4053 2495 4103 est
2526 4049 2803 4104 nimirum
2837 4068 2989 4106 anno
3015 4050 3140 4104 544.

2337 4124 2416 4189 (a)
2446 4121 2795 4191 Symmacho
2831 4122 3105 4176 nimirum
3141 4136 3343 4174 socero
3376 4135 3505 4185 suo,
3537 4133 3686 4186 quem
3722 4118 3833 4167 utra-

2269 4208 2380 4262 que
2416 4191 2615 4259 lingua
2648 4194 2966 4262 cruditum,
2999 4192 3304 4247 smoulares
3337 4206 3639 4261 sacrasque
3688 4196 3833 4238 omnts

2268 4263 2614 4333 disciplinas
2644 4264 3035 4333 scientiaeque
3058 4262 3721 4333 callentem,scriptorum
3741 4268 3833 4333 suo-

2273 4351 2402 4388 rum
2427 4330 2655 4405 'passim
2691 4330 2989 4391 censorem
3020 4335 3327 4390 constituit
3360 4330 3610 4405 Boetius.
3644 4330 3833 4405 Gravita-

2198 4417 2243 4480 D
2277 4408 2354 4460 tis
2385 4398 2799 4480 sapientiaeque
2826 4423 3072 4480 summa:
3098 4412 3346 4480 testatur
3377 4404 3661 4480 Ennodius
3703 4398 3830 4480 Paref

2277 4478 2401 4531 nesi
2427 4470 2811 4551 didascaiica,
2846 4479 2943 4551 ubi
2976 4478 3228 4551 elogium
3262 4477 3392 4551 ejus
3448 4475 3550 4551 hoc
3603 4470 3829 4551 reperias;

2272 4548 2514 4604 Patricii
2542 4549 2724 4603 Festus
2754 4555 2805 4604 et
2835 4544 3471 4620 Symmachus,omnium
3487 4544 3831 4620 disciplinarum

2270 4622 2506 4694 materia
2535 4624 2583 4674 et
2613 4612 2922 4694 constantes
2948 4624 3128 4694 forma
3157 4617 3470 4694 sapientiae,
3528 4612 3753 4694 ab_'_urbe
3771 4622 3829 4694 sb:

2265 4690 2579 4745 cratissima
2606 4707 2712 4747 non
2746 4685 3018 4747 recedunt.
3051 4692 3109 4746 In
3157 4685 3294 4755 ipsis
3351 4694 3430 4743 est
3483 4685 3674 4742 nobilis
3712 4685 3830 4755 euri!

2260 4761 2611 4832 principatus
2633 4780 2652 4824 ,·
2683 4779 2816 4834 quos
2846 4764 3066 4830 vidisse,
3099 4753 3313 4816 erudiri
3338 4764 3441 4816 est.
3477 4761 3589 4834 Non
3611 4753 3730 4827 apud
3765 4761 3828 4834 εςξ

2263 4818 2529 4889 ἓθντηᾶάε
2559 4818 2809 4898 ludicris,
2842 4851 2940 4889 nec
2970 4818 3438 4899 pantomimorum
3459 4834 3552 4886 vix
3571 4818 3827 4901 ignouerit?

2265 4905 2721 4960 commemoratio.
2760 4905 2859 4960 Illi
2909 4921 3103 4959 auram
3163 4905 3483 4974 papularem
3536 4899 3624 4973 γέν
3663 4899 3825 4974 Pw?"

2266 4977 2595 5030 detrimenta
2624 4994 2731 5031 non
2762 4979 2987 5045 capiunt
3014 4994 3032 5030 :
3063 4962 3313 5030 contenti
3340 4973 3501 5029 rectis
3536 4962 3704 5039 'mag'is

2267 5063 2408 5123 cere,
2442 5065 2607 5123 quam
2637 5041 2918 5123 plurimis,
2950 5049 3266 5123 sortiuntur
3293 5046 3358 5101 de
3387 5045 3649 5123 innocenti
3674 5041 3821 5123 actias:

2268 5118 2656 5174 testimonium.
2691 5122 2924 5174 Istorum
2956 5119 3204 5191 quamvis
3234 5118 3292 5172 in
3324 5118 3569 5191 omnibus
3609 5118 3733 5191 Ῑυιτξα

2265 5192 2483 5261 quenda
2511 5193 2643 5258 sint,
2675 5194 2757 5244 est
2785 5200 2967 5246 tamen
3000 5193 3062 5245 in
3092 5189 3212 5244 illis
3235 5198 3284 5244 et
3313 5190 3575 5261 magistra
3603 5189 3819 5261 ιᾳείξκνπιζ

2266 5254 2367 5320 tas.
2386 5270 2439 5317 et
2468 5254 2678 5316 eruditi
2701 5264 2881 5330 [arma
2910 5263 3141 5318 silentii.
3181 5261 3449 5315 Pietatem
3476 5259 3593 5328 ejus
3619 5254 3817 5308 defensus

2265 5333 2337 5386 ab
2379 5349 2443 5385 eo
2473 5339 2667 5386 contra
2702 5329 3080 5388 Laurentium
3144 5331 3575 5387 scliismaticum
3626 5329 3817 5399 53W?"

2266 5404 2590 5475 chuspapa
2622 5405 2844 5472 sensit;
2879 5422 2993 5475 qua
3019 5406 3090 5459 de
3121 5404 3285 5475 read
3318 5418 3450 5475 eum
3485 5390 3813 5475 AvituslVECI}:

2267 5466 2466 5550 nensis
2502 5466 2736 5550 scribit.
2761 5466 2948 5550 Quare
2971 5494 3083 5531 non
3119 5474 3331 5529 mirum
3362 5473 3410 5550 si
3439 5466 3813 5550 sanctus-abilbe

2264 5548 2391 5615 ejus
2414 5562 2657 5622 genere,
2683 5531 2973 5622 vir‘etiam
3009 5551 3152 5622 totus
3181 5563 3252 5622 ex
3279 5546 3542 5615 sapientia
3569 5531 3810 5622 ρίνξαιξῆξίξ

2264 5610 2367 5689 que
2394 5610 2596 5688 factus,
2628 5619 2880 5692 denique
2904 5610 3361 5691 pretiosissimum
3393 5613 3600 5689 generis
3643 5610 3809 5663 tum!

2265 5690 2420 5745 decus
2449 5695 2707 5745 vocatur.

2301 5706 2420 5746 ecus
2449 5695 2707 5748 vocatur.
