4046 6180
211 252 335 306 1341

1163 245 1367 301 LIBER
1407 246 1498 299 DE
1536 238 1861 298 PERSONA
1898 235 1987 289 ET
2026 233 2306 290 DUABUS
2345 234 2667 290 NATURIS.

3478 234 3618 291 1342

212 373 425 429 habere
449 371 1078 445 pronuntiaveris,peto
1096 369 1560 426 utmeinominis
1584 368 1691 422 hoc
1728 380 1869 436 quo-
1898 364 1949 425 Α
1980 358 2103 423 Qua
2138 360 2194 414 in
2228 376 2287 415 re
2318 360 2657 415 substantia:
2681 375 2914 430 quoque
2932 364 3020 414 est
3060 359 3282 415 reddita
3314 361 3612 419 deﬁnitio:

213 480 323 535 que
344 463 565 517 inseras
580 461 799 516 chartis
818 478 831 526 ;
850 462 939 515 sin
954 460 1185 515 verovel
1202 459 1585 514 minuendum
1612 455 1857 527 aliquid,

207 552 293 607 vel
318 552 679 617 addendum,
704 550 1004 620 velaliqua
1028 549 1353 604 mutatione
1370 548 1715 603 variandum
1748 552 1855 613 est,

205 642 263 697 id
289 658 525 713 quoque
549 639 782 713 postulo
806 641 1027 695 remitti
1048 640 1196 694 meis
1216 637 1670 709 exemplaribus,
1695 637 1775 690 ita
1796 641 1860 689 ut

200 747 233 785 a
255 736 311 785 te
339 734 662 785 revertatur
680 728 1218 795 transcribendum,
1245 743 1374 799 qua:
1396 726 1491 781 ubi
1544 725 1612 779 ad
1638 723 1854 779 calcem

207 820 387 875 ducta
408 820 936 884 constiterint,tum
951 818 1186 873 demum
1204 817 1331 886 ejus
1349 816 1519 886 cujus
1534 813 1855 883 soleojudi-

200 909 291 964 cio
314 908 604 962 censenda
624 908 1046 962 transmittam.
1075 906 1184 961 Sed
1208 904 1483 977 quoniam
1504 902 1681 957 semel
1710 918 1802 956 res
1824 919 1857 956 a

200 997 595 1053 collocutione
636 998 992 1052 transfertur
1041 996 1111 1050 ad
1146 995 1385 1067 stylum,
1418 995 1582 1065 prius
1613 993 1853 1047 extremi

199 1087 344 1143 sibit
402 1087 681 1142 contrarii
740 1085 993 1141 Nestorii
1053 1090 1224 1155 atque
1272 1081 1551 1154 Eutychis
1611 1082 1854 1137 submo-

200 1180 450 1231 veantur
480 1191 739 1244 errores;
774 1178 905 1245 post
934 1191 1089 1241 vero,
1123 1176 1440 1244 adjuvante
1499 1176 1635 1236 Deo,
1690 1169 1852 1225 Chri-

204 1266 412 1320 stianas
446 1264 812 1319 medietatem
846 1263 980 1317 ﬁdei
1014 1261 1372 1333 temperabo.
1402 1260 1684 1327 Quoniam
1715 1274 1852 1314 vero

199 1354 269 1408 in
302 1357 423 1408 tota
453 1354 775 1424 quaestione
807 1351 1231 1407 contrariarum
1266 1349 1503 1404 sibimet
1557 1348 1850 1403 hereseos

195 1441 273 1497 de
303 1441 571 1514 personis
602 1445 777 1512 atque
808 1440 1039 1495 naturis
1069 1439 1383 1507 debitatur,
1415 1438 1536 1492 haec
1576 1438 1850 1509 primitus

195 1530 536 1587 deﬁnienda
568 1536 709 1586 sunt
740 1536 796 1585 et
824 1530 1077 1602 propriis
1108 1527 1450 1584 differentiis
1467 1527 1848 1599 segreganda.

866 1634 1101 1691 CAPUT
1142 1636 1184 1691 Ι.

771 1726 984 1781 Natura
1015 1723 1145 1794 quid
1181 1726 1278 1779 sit.

269 1814 493 1869 Natura
520 1813 703 1886 igitur
731 1818 833 1870 aut
866 1814 936 1868 de
960 1813 1103 1869 solis
1123 1812 1466 1884 corporibus
1492 1811 1608 1866 dici
1636 1814 1845 1883 potest,

192 1904 391 1960 nutde
423 1903 562 1959 solis
594 1903 965 1968 substantiis,
992 1903 1042 1957 id
1093 1908 1182 1958 est
1229 1901 1520 1973 corporeis
1565 1905 1735 1971 atque
1768 1900 1851 1954 in-

177 2007 213 2046 c
235 1992 522 2062 orporeis,
556 1996 657 2047 aut
689 1993 758 2047 de
791 1992 1068 2047 omnibus
1100 1990 1275 2045 rebus
1308 2007 1434 2061 quas
1492 2005 1849 2061 quascunque

198 2081 375 2135 modo
393 2096 521 2135 esse
546 2081 846 2135 dicuntur.
870 2080 1014 2136 Cum
1034 2080 1213 2152 igitur
1229 2080 1416 2133 tribus
1436 2079 1625 2132 modis
1640 2084 1849 2132 natura

193 2168 343 2223 dicit
368 2170 573 2239 possit,
597 2170 785 2224 tribus
813 2170 1003 2223 modis
1037 2173 1164 2224 sine
1189 2169 1367 2222 dubio
1389 2167 1721 2222 deﬁnienda
1738 2172 1845 2222 est.

190 2260 345 2312 Nam
371 2258 419 2313 si
442 2259 513 2314 de
535 2258 813 2313 omnibus
836 2259 1011 2313 rebus
1029 2264 1301 2313 naturam
1319 2258 1432 2311 dici
1458 2256 1667 2328 placet,
1714 2255 1847 2311 talis

194 2347 464 2402 deﬁnitio
496 2347 735 2402 dabitur
758 2364 885 2419 quea
910 2363 999 2401 res
1023 2362 1228 2402 omnes
1253 2363 1378 2417 quae
1402 2349 1541 2400 sunt
1557 2345 1743 2416 possit
1765 2344 1847 2399 in-

194 2434 456 2490 cludere.
489 2436 611 2491 Erit
638 2452 775 2508 ergo
808 2436 1151 2505 bujusmodi
1180 2452 1192 2490 :
1225 2435 1467 2503 Natura,
1502 2440 1591 2489 est
1643 2450 1845 2488 earum

189 2541 391 2580 rerum
426 2542 576 2596 quis,
610 2542 742 2580 cum
776 2526 915 2595 sint,
950 2525 1359 2595 quoquoniodo
1391 2522 1684 2578 intellectu
1719 2523 1845 2593 capi

192 2620 462 2685 possent.
499 2614 564 2668 In
599 2614 705 2669 hac
730 2614 911 2684 igitur
940 2615 1276 2669 deﬁnitione
1325 2618 1381 2667 et
1438 2612 1761 2667 accidentia
1792 2616 1850 2666 et

192 2703 543 2759 substantias
574 2703 976 2771 deﬁniuntur;
1013 2704 1131 2758 haec
1154 2704 1309 2757 enim
1333 2703 1529 2758 omnia
1548 2699 1848 2756 intellectu

194 2792 330 2860 capi
362 2798 630 2863 possunt.
665 2793 948 2848 Additum
967 2809 1101 2847 vero
1133 2797 1220 2847 est
1251 2791 1680 2863 quoquomodo,
1704 2805 1846 2860 quo-

192 2882 592 2952 niam(a)Deus
605 2887 661 2936 et
674 2881 1150 2953 materiaintegro
1166 2882 1532 2952 perfectoque
1546 2878 1847 2934 intellectu

194 2968 583 3042 intelliginon
615 2976 884 3042 possunt,
918 2971 1045 3037 sed,
1078 2970 1275 3041 aliquo
1307 2974 1503 3024 tamen
1540 2969 1710 3023 modo
1742 2984 1848 3022 cae-

193 3064 457 3116 terarum
493 3077 687 3115 rerum
723 3061 1047 3131 privatione
1095 3059 1428 3131 capiuntur.
1464 3059 1683 3114 Idcirco
1713 3074 1847 3113 vero
1880 3083 1923 3149 C

192 3149 602 3219 adjunximus,
636 3166 764 3221 quae
799 3166 931 3204 cum
965 3150 1103 3218 sint,
1137 3149 1413 3220 quoniam
1446 3149 1620 3203 etiam
1653 3149 1847 3219 ipsum

190 3238 347 3293 nihil
363 3236 659 3311 signiﬁcat
673 3238 918 3309 aliquid,
935 3240 1035 3293 sed
1056 3254 1169 3293 non
1186 3237 1846 3308 naturam.Neque:enim

194 3328 357 3398 quod
375 3328 453 3382 sit
468 3328 816 3399 aliquid,sed
836 3329 1027 3398 potius
1045 3343 1161 3382 non
1181 3342 1310 3381 esse
1322 3325 1644 3397 signiﬁcat:
1661 3325 1854 3381 omnis

200 3432 341 3472 vero
374 3421 585 3471 natura
611 3422 699 3472 est
718 3436 731 3484 ;
750 3421 805 3470 et
838 3416 971 3470 side
995 3415 1273 3470 omnibus
1295 3415 1527 3486 quidem
1544 3414 1717 3469 rebus
1748 3432 1852 3469 na-

196 3510 401 3562 turam
435 3505 550 3560 dici
595 3505 805 3578 placet,
844 3504 965 3560 hazc
997 3505 1072 3559 sit
1102 3510 1326 3559 naturae
1356 3503 1638 3572 deﬁnitio,
1678 3520 1851 3574 quam

198 3595 482 3666 superius
504 3595 839 3665 posuimus;
869 3594 961 3649 sin
986 3610 1119 3649 vero
1142 3595 1210 3647 de
1231 3592 1373 3648 solis
1396 3591 1743 3647 substantiis
1759 3608 1854 3646 na-

194 3689 340 3739 tura
370 3682 606 3748 dicitur,
626 3684 903 3754 quoniam
931 3682 1271 3737 substantiae
1294 3698 1498 3736 omnes
1522 3685 1621 3735 aut
1649 3697 1849 3750 corpo-

196 3789 316 3827 rea
348 3778 487 3826 sunt
509 3778 609 3826 aut
629 3771 1005 3842 incorporeas,
1030 3771 1303 3826 dabimus
1325 3770 1723 3825 deﬁnitionem
1748 3787 1853 3824 na-

192 3867 346 3917 turis
361 3863 725 3916 substantias
738 3860 1128 3933 signiﬁcantis
1144 3859 1482 3930 bujusmodi
1503 3863 1851 3915 :Naturaest

194 3948 291 4005 vel
319 3950 475 4021 quod
504 3950 708 4015 facere,
743 3950 827 4004 vel
862 3949 1015 4021 quod
1059 3951 1175 4019 pati
1207 3948 1430 4019 possit:
1459 3947 1573 4019 pati
1608 3949 1844 4019 quidem

192 4056 269 4095 ac
300 4040 504 4107 facere,
548 4042 613 4093 ut
660 4037 859 4093 omnia
903 4054 1180 4109 corporea
1225 4044 1397 4109 atque
1441 4054 1846 4109 corporeorum

192 4127 437 4191 anima;
473 4126 592 4179 haec
622 4126 780 4180 enim
812 4126 867 4179 in
904 4141 1144 4195 corpore
1172 4129 1229 4179 et
1260 4142 1294 4180 a
1324 4142 1583 4195 corpore,
1622 4129 1679 4180 et
1715 4125 1849 4180 facit

192 4221 258 4272 et
289 4218 515 4286 patitur
541 4232 553 4282 ;
590 4216 778 4270 facere
801 4230 934 4269 vero
967 4220 1221 4281 tantum,
1257 4219 1315 4269 ut
1347 4214 1497 4269 Deus
1527 4222 1848 4285 caateraque

191 4304 416 4359 divina.
441 4305 633 4359 Habes
654 4303 831 4374 igitur
851 4302 1251 4357 deﬁnitionem
1273 4305 1398 4373 ejus
1414 4319 1646 4373 quoque
1662 4305 1847 4374 signi-

188 4394 491 4450 ﬁcationis
508 4399 644 4449 natu
654 4409 885 4465 remque:
900 4398 1121 4446 tantum
1133 4392 1483 4447 substantiis
1498 4391 1843 4463 applicatur.

1878 1722 1927 1787 B

1969 465 2105 503 nam
2140 448 2187 504 si
2223 464 2434 503 nomen
2470 457 2688 503 natura
2712 449 3105 503 substantiam
3141 454 3447 518 monstrat,
3480 468 3611 507 cum

1969 542 2241 592 naturam
2270 536 2718 609 descripsimus,
2744 538 3085 592 substantias
3109 554 3340 609 quoque
3365 546 3454 594 est
3475 542 3618 595 assi-

1966 632 2142 697 gnata
2172 626 2504 698 descriptio.
2531 626 2689 691 Quod
2717 628 2763 680 si
2791 630 3008 681 natura:
3034 643 3269 693 nomen,
3290 628 3506 685 relictis
3528 629 3613 685 in-

1965 717 2257 785 corporeis
2290 715 2671 781 substantiis,
2707 715 2776 768 ad
2814 714 3143 787 corporales
3172 732 3376 786 usque,
3414 724 3475 771 ut
3495 734 3618 772 cor-

1964 820 2148 874 poreae
2164 810 2393 860 tantum
2415 805 2757 859 substantias
2774 810 3041 860 naturam
3058 806 3271 861 habere
3284 807 3611 863 videantur.

1963 893 2116 948 sicut
2146 894 2482 949 Aristoteles
2513 894 2824 964 ceterique
2848 895 3138 965 ejusmodi
3173 901 3229 950 et
3252 896 3614 952 multimoda;

1963 982 2345 1053 philosophia:
2364 988 2677 1038 sectatores
2703 983 3295 1053 putant,deﬁniemus
3319 1001 3445 1039 eam
3470 990 3531 1040 ut
3553 986 3615 1041 hi

1960 1069 2137 1124 etiam
2171 1072 2270 1141 qui
2298 1077 2565 1125 naturam
2591 1088 2705 1126 non
2726 1072 2833 1125 nisi
2857 1072 2915 1125 in
2965 1072 3309 1143 corporibus
3351 1090 3478 1129 esse
3508 1091 3615 1146 po-

1960 1167 2225 1215 suerunt.
2254 1160 2352 1215 Est
2374 1166 2565 1216 autem
2583 1161 2711 1230 ejus
2733 1160 2990 1215 deﬁnitio
3014 1160 3122 1215 hoc
3146 1162 3359 1217 modo:
3392 1162 3613 1219 Natura

1958 1252 2049 1303 est
2076 1252 2273 1303 motus
2297 1248 3022 1320 principium,secundum
3055 1265 3139 1317 se,
3174 1267 3289 1305 non
3324 1267 3427 1322 per
3460 1254 3613 1308 acci-

1958 1336 2124 1392 dens.
2152 1338 2312 1402 Quod
2334 1342 2527 1391 motus
2550 1336 2904 1409 principium
2926 1337 3063 1407 dixi,
3088 1338 3195 1395 hoc
3213 1342 3610 1411 est,quoniam

1960 1442 2170 1495 corpus
2202 1442 2375 1481 omne
2395 1426 2568 1481 habet
2588 1425 2891 1496 proprium
2927 1432 3174 1499 motum,
3204 1440 3268 1483 ut
3297 1429 3452 1499 ignis
3484 1448 3614 1485 sur-

1957 1530 2111 1580 sum,
2138 1519 2295 1569 terra
2316 1515 2617 1569 deorsum.
2644 1519 2812 1583 Item,
2837 1516 2987 1584 quod
3016 1532 3117 1586 per
3151 1532 3212 1571 se
3253 1518 3610 1589 principium

1958 1608 2155 1657 motus
2173 1608 2444 1658 naturam
2464 1619 2591 1658 esse
2644 1604 2918 1674 proposui
2951 1608 3005 1659 et
3037 1620 3152 1659 non
3184 1622 3287 1676 per
3317 1607 3608 1679 accidens,

1956 1689 2071 1746 tale
2092 1695 2203 1758 est,
2226 1690 2507 1763 quoniam
2536 1690 2748 1746 lectum
2780 1708 3013 1764 quoque
3042 1690 3301 1765 ligneum
3334 1694 3607 1751 deorsum

1958 1780 2094 1835 ferri
2116 1796 2355 1836 necesse
2373 1785 2486 1847 est,
2506 1782 2606 1836 sed
2633 1798 2747 1836 non
2770 1782 3043 1836 deorsum
3068 1798 3169 1853 per
3202 1782 3474 1839 accidens
3498 1785 3611 1838 fer-

1957 1870 2073 1923 tur.
2107 1867 2325 1923 Idcirco
2355 1868 2509 1923 enim
2543 1867 2684 1939 quia
2714 1868 2943 1940 lignum
2977 1873 3087 1937 est,
3121 1872 3274 1941 quod
3326 1876 3416 1927 est
3433 1876 3609 1943 terra,

1957 1958 2215 2029 pondere
2244 1962 2299 2012 et
2334 1958 2624 2029 gravitate
2683 1957 3027 2027 deducitur;
3085 1976 3199 2014 non
3253 1960 3409 2016 enim
3469 1961 3612 2033 quia

1954 2045 2141 2101 lectus
2163 2054 2252 2101 est
2276 2048 2541 2102 deorsam
2562 2047 2738 2113 cadit,
2760 2047 2859 2102 sed
2907 2047 3048 2119 quia
3096 2053 3251 2103 terra
3294 2053 3400 2115 est,
3438 2050 3493 2105 id
3522 2056 3613 2107 est

1958 2135 2185 2207 quiatei
2200 2151 2271 2189 rae
2287 2134 2571 2207 contingit
2589 2140 2649 2189 ut
2666 2134 3207 2192 lectusesset.Unde
3222 2136 3285 2191 ﬁt
3303 2136 3606 2209 utlignum

1959 2222 2307 2279 naturaliter
2334 2240 2464 2279 esse
2495 2223 2777 2293 dicamus,
2808 2224 3023 2280 lectum
3041 2242 3177 2280 vero
3199 2225 3606 2283 artiﬁcialiter.

1958 2312 2246 2367 Estetiam
2264 2312 2377 2368 alia
2390 2313 2740 2384 signiﬁcatio
2760 2319 3114 2386 natura,per
3129 2332 3299 2385 quam
3320 2315 3607 2371 diversam

1958 2402 2209 2458 dicimus
2240 2418 2370 2457 esse
2400 2408 2670 2457 naturam
2704 2404 2828 2457 auri
2862 2409 3036 2475 atque
3093 2406 3336 2473 argenti,
3390 2405 3448 2461 in
3499 2405 3612 2461 hoc

1961 2493 2374 2563 prOprietatem
2406 2508 2604 2547 rerum
2633 2499 2964 2548 monstrare
2996 2494 3342 2565 cupientes;
3370 2511 3497 2565 qua:
3526 2494 3611 2551 si-

1958 2580 2253 2651 gniﬁcatio
2286 2586 2506 2635 naturae
2533 2581 2847 2636 deﬁnietur
2880 2581 2987 2637 hoc
3011 2583 3185 2637 modo
3213 2600 3225 2638 :
3271 2583 3494 2638 Natura
3523 2588 3614 2640 est

1958 2685 2438 2741 unamquamque
2462 2686 2581 2724 rem
2612 2670 2939 2726 inforruans
2963 2671 3240 2742 speciﬁca
3263 2670 3609 2728 differentia.

1957 2757 2098 2813 Cum
2129 2757 2306 2827 igitur
2336 2762 2420 2812 tot
2445 2758 2636 2813 modis
2667 2758 2753 2812 vel
2787 2759 3017 2813 dicatur
3043 2759 3128 2814 vel
3160 2759 3476 2815 deﬁniatur
3506 2777 3609 2815 na-

1956 2850 2111 2915 tura,
2131 2852 2249 2900 tam
2270 2846 2546 2901 Catholici
2571 2864 2747 2918 quam
2774 2848 3101 2915 Nestorius,
3124 2849 3448 2904 secundum
3477 2848 3609 2904 ulti-

1960 2951 2110 2991 mam
2143 2936 2567 3006 deﬁnitionem,
2601 2938 2748 2991 duas
2780 2938 2838 2991 in
2870 2938 3103 2993 Christo
3169 2942 3413 2993 naturas
3480 2955 3610 2994 esse

1960 3023 2352 3089 constituunt,
2388 3040 2573 3095 neque
2601 3024 2755 3079 enim
2785 3025 3020 3080 easdem
3074 3024 3133 3080 in
3196 3030 3374 3081 Deum
3434 3031 3610 3097 atque

1963 3113 2262 3169 hominem
2296 3112 2657 3169 diﬁ‘erentias
2690 3115 3021 3172 convenire.

2600 3220 2841 3277 CAPUT
2893 3224 2963 3277 ΙΙ.

2519 3310 2767 3366 Persona
2794 3310 2926 3382 quid
2954 3312 3043 3365 sit.

2027 3398 2132 3453 Sed
2168 3399 2239 3453 de
2272 3414 2521 3470 persona
2540 3400 2791 3455 maxime
2820 3401 3075 3455 dubitari
3101 3404 3310 3471 potest,
3336 3418 3603 3475 quaenam

1958 3487 2008 3541 ei
2035 3486 2298 3542 deﬁnitio
2322 3488 2507 3558 aptari
2556 3488 2761 3559 possit.
2796 3489 2851 3542 Si
2884 3490 3039 3544 enim
3073 3490 3266 3545 omnis
3300 3490 3475 3546 habet
3506 3507 3607 3545 na-

1957 3581 2089 3630 tura
2124 3592 2456 3646 personam,
2486 3576 2918 3632 indissolubilis
2949 3579 3139 3633 nodus
3168 3582 3278 3646 est,
3336 3596 3603 3648 quasnam

1956 3665 2108 3719 inter
2130 3670 2401 3720 naturam
2434 3682 2865 3738 personamque
2898 3668 3083 3738 possit
3128 3684 3258 3723 esse
3284 3668 3556 3723 discretio
3589 3688 3604 3736 ;

1956 3761 2057 3810 aut
2089 3755 2133 3809 si
2169 3772 2283 3810 non
2315 3762 2578 3824 wquatur
2611 3772 2861 3827 persona
2893 3761 3113 3811 naturas
3144 3759 3243 3813 sed
3293 3758 3444 3813 infra
3496 3765 3607 3814 ter-

1957 3846 2177 3899 minum
2193 3843 2557 3915 spatiumque
2575 3855 2661 3899 nat
2675 3862 2792 3899 ιιι-ω
2806 3861 3054 3917 persona
3071 3846 3608 3917 subsistit,difﬁcile

1954 3935 2111 3989 dictu
2142 3939 2231 3988 est
2260 3934 2327 3987 ad
2365 3950 2512 4005 quas
2533 3950 2721 4005 usque
2747 3941 2988 3989 naturas
3011 3952 3258 4006 persona
3288 3937 3606 4008 perveniat,

1952 4023 2007 4077 id
2043 4028 2305 4094 estquae
2337 4029 2579 4078 naturas
2642 4024 2945 4078 conveniat
3000 4026 3214 4081 habere
3271 4042 3605 4096 personam,

1952 4129 2100 4184 quas
2130 4130 2162 4167 a
2189 4129 2451 4183 persona
2480 4112 2759 4167 vocabulo
2782 4116 3110 4183 segregari;
3142 4131 3278 4170 nam
3302 4117 3443 4170 illud
3471 4116 3600 4185 qui-

1951 4204 2084 4257 dem
2118 4203 2495 4257 manifestum
2518 4207 2627 4265 est,
2661 4217 2968 4269 personam
2993 4205 3320 4272 subjectam
3348 4218 3477 4258 esse
3499 4219 3600 4257 na-

1952 4298 2113 4355 turae,
2148 4307 2252 4344 nec
2280 4296 2484 4361 praeter
2515 4295 2787 4343 naturam
2816 4306 3126 4360 personam
3162 4308 3333 4362 posse
3391 4291 3601 4363 pradi-

1950 4380 2091 4434 cari.
2114 4378 2516 4449 lnvestiganda
2541 4378 2721 4448 igitur
2741 4383 2879 4432 sunt
2901 4378 3019 4433 haec
3037 4378 3471 4451 inquirentibus
3490 4378 3597 4436 hoc

265 4573 345 4641 (α)
380 4574 467 4627 Ita
497 4588 699 4627 omnes
735 4571 866 4626 libri
897 4576 1033 4626 vett.
1069 4588 1233 4639 mss.,
1271 4588 1383 4626 non
1418 4572 1555 4626 Deus
1585 4575 1636 4625 et
1673 4576 1836 4627 natu-

1958 4561 2097 4612 lectu
2127 4555 2361 4641 percipi.
2400 4555 2473 4610 Ea
2504 4554 2727 4641 Platoni
2762 4560 2819 4610 et
2848 4556 3144 4641 Aristoteli
3168 4561 3593 4641 nonIcapgsed

188 4661 277 4700 ra.
316 4651 492 4698 Deum
527 4645 683 4698 enim
720 4644 974 4714 perfecto
998 4644 1293 4699 intellectu
1314 4644 1579 4711 cognosci
1608 4644 1847 4700 minime

188 4732 365 4787 posse
397 4720 599 4770 nostra
629 4716 1255 4787 fateturicognoscendi
1288 4732 1420 4787 eum
1449 4716 1841 4787 imbecillitas:

187 4784 513 4856 verumque
545 4791 630 4840 est
665 4786 805 4839 illud
839 4784 1105 4852 Joannis,
1139 4787 1267 4840 Θεὸν
1301 4784 1477 4846 οὐδεὶς
1510 4786 1731 4839 πώποτε
1759 4808 1847 4842 τε-

188 4856 399 4924 θέαται,
435 4860 602 4914 Deum
630 4873 785 4930 nemo
814 4860 955 4930 vidit
986 4875 1246 4929 unquam.
1285 4864 1345 4911 Ι).
1384 4876 1614 4930 quoque
1632 4860 1846 4916 Paulus

186 4931 453 4985 decernit
486 4946 590 5001 nos
619 4929 855 5001 quidem
892 4929 1073 5001 Deum
1109 4945 1260 4984 nunc
1278 4929 1470 4985 videre
1496 4947 1599 4984 seu
1624 4947 1839 5001 cogno-

186 4946 453 4985 aecernu
486 4946 590 4984 nos
662 4946 855 4984 uiaem
892 4946 1073 4983 ueum
1109 4946 1260 4984 nunc
1278 4946 1470 4985 vnnere
1496 4947 1599 4984 seu
1624 4947 1839 5001 cogno-

186 5019 375 5069 scere,
408 5002 511 5057 sed
544 4946 911 5072 Sifqéaémpou
940 4998 990 5052 ἐν
1023 4999 1324 5072 αἰνίγματι,
1355 5018 1453 5069 per
1480 5003 1761 5070 speculum
1784 5004 1842 5057 in

182 5077 487 5145 migmale
507 5090 525 5127 :
541 5070 622 5161 ’Ξὰ
633 5070 964 5161 γὰριξὶόρατιξ
976 5070 1267 5161 αὐτοέὶέτοῖς
1282 5091 1351 5125 πο
1362 5072 1413 5141 ιή
1424 5092 1554 5161 p.th
1574 5072 1843 5159 γοούμενα

181 5139 505 5216 καθὸρᾶται,
536 5140 572 5212 ἤ
604 5139 661 5196 τέ
693 5139 867 5204 didici;
902 5142 1063 5197 αὐτοῦ
1096 5141 1323 5215 δύναμις
1356 5139 1445 5197 xui
1479 5139 1718 5213 θειότηςξ
1748 5149 1843 5201 In-

185 5217 437 5273 visibilia
468 5218 621 5271 enim
655 5218 848 5285 ipsius,
884 5216 1074 5287 inquit
1103 5216 1281 5283 idem,
1314 5233 1411 5283 per
1440 5233 1509 5272 ea
1548 5218 1842 5288 quac/acta

180 5295 315 5371 sunt
348 5288 650 5377 intellecta.
661 5288 1083 5377 conspiciuntur
1096 5291 1470 5377 {sempzZerua
1495 5290 1839 5377 quoqueejus

184 5362 363 5431 uirtus
389 5366 438 5415 et
468 5358 760 5431 divinitas.
794 5358 797 5359 ⁷
827 5364 1005 5415 Deum
1063 5363 1237 5415 etiam
1292 5360 1520 5414 Platoni
1576 5358 1749 5431 εὑρεῖν
1777 5359 1838 5413 οὐ

186 5429 397 5507 ῥᾴδιον,
434 5430 687 5507 invenire
725 5429 972 5501 di/ﬁcile.
1008 5433 1111 5495 Qui
1148 5449 1280 5507 vero
1302 5433 1379 5507 sit
1402 5429 1646 5485 materia
1671 5448 1837 5488 nemo

184 5503 419 5573 Quoque
452 5503 789 5557 mortalium
827 5505 1245 5571 peri'ectenovit
1268 5503 1628 5573 ;fateturque
1646 5508 1838 5560 omnis

186 5575 560 5647 philosophia
590 5592 718 5630 eam
754 5575 915 5629 nullo
949 5591 1121 5647 posse
1153 5582 1257 5632 aut
1286 5592 1463 5631 sensu
1497 5582 1598 5630 aut
1654 5574 1834 5631 intel-

1956 4623 2242 4699 σωμαέική
2269 4623 2526 4699 ξΖθηοηί
2556 4623 2731 4689 ἀΐδιος
2763 4638 3019 4693 vocatur,
3051 4632 3207 4699 quod
3237 4626 3359 4683 οὔτε
3387 4623 3593 4684 In)“:in

1955 4696 2275 4775 γιγνομέγη,
2309 4698 2429 4775 οδες
2463 4696 2929 4775 ἐλάττῳν,-ηε(ιυε
2956 4696 3177 4775 crescat,
3202 4719 3375 4773 neque
3392 4703 3598 4775 decres-

1956 4771 2059 4827 cat.
2093 4773 2275 4841 Cujus
2304 4788 2335 4823 a
2370 4772 2600 4825 Platone
2631 4771 2688 4825 in
2718 4772 2923 4825 Timaeo
2946 4772 3245 4841 (quoniam
3273 4771 3385 4828 non
3410 4774 3598 4829 scitur

1957 4846 2067 4898 nisi
2102 4851 2387 4912 quatenus
2418 4849 2507 4897 est
2540 4849 2857 4897 tormarum
2889 4845 3224 4913 subjectum
3258 4862 3323 4900 ac
3382 4846 3544 4901 locus
3580 4865 3593 4915 ;

1960 4917 2206 4985 ideoque
2240 4930 2483 4988 nongpcr
2514 4931 2594 4988 se,
2629 4915 2726 4988 sed
2761 4932 2863 4988 per
2889 4916 3045 4988 aliud
3077 4918 3471 4988 cognoscitur)
3503 4918 3594 4973 di-

1954 4984 2247 5041 citur’non
2285 4986 2479 5039 haberi
2515 4984 2898 5058 scientia—nisi
2961 4984 3220 5058 λογισμῷ
3278 5008 3379 5041 τινι
3428 4984 3594 5053 ν’όθω,

1953 5064 2169 5113 ratione
2199 5058 2435 5128 quautam
2470 5056 2821 5128 adulleriua.
2857 5058 2924 5112 Et
2969 5056 3267 5115 Aristoteli
3326 5061 3600 5115 similiter

1953 5129 2176 5185 scibilis
2208 5126 2314 5193 est,
2351 5129 2447 5181 sed
2480 5128 2595 5180 κατ’
2628 5126 2941 5199 ἀναλογίαν,
2967 5133 3260 5187 secundum
3290 5138 3599 5201 proportio-

1951 5218 2073 5256 nem
2105 5216 2202 5254 seu.
2230 5204 2719 5274 comparationem.
2756 5201 2819 5254 D.
2859 5218 3087 5274 quoque
3111 5207 3468 5259 Auaustinus
3492 5203 3591 5258 lib.

1952 5290 2054 5328 xm
2086 5273 2348 5345 Cont'ess.
2376 5272 2632 5345 afﬁrmat
2664 5273 2966 5345 humanam
2995 5272 3401 5345 cogitationem,
3439 5279 3593 5345 post-

1952 5362 2128 5416 quam
2164 5343 2221 5397 in
2260 5346 2511 5398 materiae
2542 5343 2945 5416 investiganda
2966 5343 3291 5416 cognition0
3316 5346 3415 5399 diu
3440 5343 3592 5400 mul-

1950 5415 2193 5483 tumque
2225 5422 2452 5470 versata
2486 5415 2677 5477 fuerit,
2735 5416 2843 5470 hoc
2899 5415 3124 5471 tantum
3187 5417 3485 5486 proﬁcere,
3533 5424 3593 5472 ut

1946 5497 2173 5545 conetur
2203 5503 2321 5541 eum
2354 5488 2435 5542 vel
2464 5502 2620 5542 nosse
2650 5489 2971 5558 ignorando,
3022 5490 3104 5544 vel
3157 5492 3420 5559 ignorare
3464 5504 3593 5544 nos-

1944 5561 2134 5616 cendo.
