4030 6186
525 184 662 239 1343

1811 188 1927 241 ΑΝ.
1970 185 2186 240 MANL.
2226 184 2374 242 SEV.
2417 188 2648 245 BOETII

3708 205 3722 254 l
3732 203 3810 257 344

525 308 736 364 modo:
773 310 1049 380 quoniam
1078 314 1287 381 praeter
1320 313 1586 366 naturam
1650 327 1761 364 non
1826 314 2011 381 potest
2053 326 2179 364 esse
2217 315 2261 375 Α
2299 311 2516 367 dictum
2545 319 2653 381 est,
2678 314 3173 386 repraesintabant
3198 331 3209 368 :
3236 314 3290 369 id
3341 320 3437 384 est,
3478 321 3728 389 Hecubam,
3752 328 3815 382 vel

526 417 797 471 persona,
828 399 1106 471 quoniam
1143 417 1268 469 quae
1304 405 1523 454 natura!
1555 401 1851 466 dicuntur,
1886 399 2008 454 alite
2042 400 2179 454 sub-

530 490 763 545 stantiae
784 494 944 553 sunt,
966 489 1090 542 alia:
1111 489 1461 553 accidentes,
1485 494 1539 543 et
1571 491 1839 543 videmus
1871 505 2179 561 personam

530 578 590 632 in
615 576 1014 632 accidentibus
1031 593 1141 630 non
1162 592 1333 647 posse
1347 577 1653 643 constitui;
1687 577 1821 647 quis
1842 576 1996 632 enim
2030 569 2185 631 dicat

532 667 714 722 ullam
740 666 1143 731 albedinis,vel
1163 667 1594 735 nigredinis,vel
1616 667 2042 737 magnitudinis
2054 684 2183 722 esse

527 772 840 828 personam
864 755 891 809 ?
924 755 1281 826 relinquitur
1310 771 1447 826 ergo
1482 761 1546 810 ut
1578 773 1890 827 personam
1948 756 2008 811 in
2051 757 2185 810 sub-

529 845 765 900 stantiis
790 845 899 898 dici
922 846 1246 898 conveniat.
1270 844 1375 897 Sed
1404 844 1867 900 substantiarum
1890 844 2014 899 alia:
2045 850 2185 899 sunt

532 951 842 1005 corporeae,
866 933 987 987 alia:
1012 933 1367 1004 incorporeas
1400 950 1843 1004 ;corporearum
1892 951 2025 988 vero
2058 932 2184 989 aliis

523 1029 664 1079 sunt
696 1024 976 1091 viventes,
1007 1022 1133 1077 aliae
1167 1023 1432 1077 minime.
1464 1023 1800 1078 Viventium
1860 1022 1985 1078 aliis
2045 1017 2183 1077 sunt

525 1112 858 1176 sensibiles,
878 1113 1001 1167 aliae
1024 1113 1263 1167 minime
1283 1112 1677 1179 ;sensibilium
1696 1113 1823 1167 aliae
1844 1112 2179 1182 rationales,

525 1202 648 1256 aliae
671 1201 1073 1265 irrationales;
1102 1200 1475 1255 rationalium
1495 1217 1625 1255 vero
1649 1200 1762 1256 alia
1792 1201 2179 1255 immutabilis

528 1298 703 1362 atque
733 1289 1122 1361 impassihilis
1156 1306 1258 1359 per
1284 1293 1571 1354 naturam,
1609 1296 1671 1345 ut
1699 1294 1884 1357 Deus;
1932 1292 2049 1345 alia
2080 1307 2183 1359 per

527 1380 880 1436 creationem
916 1378 1216 1433 mutabilis
1238 1384 1411 1449 atque
1428 1378 1744 1448 passibilis,
1768 1379 1877 1433 nisi
1897 1379 2176 1451 impassi-

533 1468 669 1523 bilis
702 1468 887 1540 gratia
921 1467 1264 1522 substantiae
1296 1468 1365 1521 ad
1406 1467 1893 1537 impassihilitatis
1927 1468 2175 1523 firmitu-

528 1559 722 1613 dinem
742 1554 1549 1627 permutetur,utangelorum
1576 1562 1751 1627 atque
1774 1557 1980 1611 animae
2001 1558 2174 1610 ratiu-

531 1645 799 1701 nalis.Ex
840 1644 1054 1715 quibus
1085 1643 1381 1712 omnibus,
1407 1660 1595 1716 neque
1620 1645 1676 1700 in
1708 1661 1820 1699 non
1845 1645 2176 1701 viventibus

529 1734 876 1804 corporibus
908 1749 1213 1803 personam
1249 1732 1361 1788 dici
1420 1750 1591 1803 posse
1638 1734 2017 1789 manifestum
2067 1744 2176 1802 est,

531 1822 731 1878 nullus
754 1822 910 1876 enim
939 1820 1154 1892 lapidis
1176 1821 1357 1877 ullam
1381 1822 1668 1877 dicitesse
1691 1838 2000 1892 personam
2031 1843 2045 1891 ;
2082 1840 2180 1878 ne-

530 1928 645 1982 que
664 1927 869 1965 rursus
887 1926 1088 1964 eorum
1114 1910 1431 1965 viventium
1456 1927 1583 1981 quae
1611 1927 1785 1965 sensu
1828 1918 2045 1978 carent,
2080 1928 2175 1967 ne-

532 2017 645 2071 que
678 2000 832 2055 enim
867 1998 986 2054 ulla
1017 2014 1267 2070 persona
1295 2003 1384 2053 est
1408 1999 1632 2055 arboris
1659 2018 1671 2068 ;
1700 2016 1887 2071 neque
1908 2003 2181 2072 veroejus

529 2106 655 2160 quae
672 2087 968 2144 intellectu
984 2104 1049 2141 ac
1064 2086 2037 2156 rationedeseritur,nullaestenim
2060 2106 2186 2161 por-

527 2198 672 2235 sona
695 2177 933 2249 equivel
948 2178 1612 2250 bovis,ca3terorumque
1652 2179 2020 2249 animalium,
2050 2199 2181 2253 quae

532 2274 691 2324 muta
709 2285 773 2322 ac
790 2267 914 2322 sine
932 2269 1149 2322 ratione
1168 2268 1344 2322 vitam
1364 2267 1505 2321 solis
1534 2268 1806 2323 sensibus
1838 2270 2077 2339 degunt.
2108 2273 2181 2326 At:

529 2357 786 2412 hominis
815 2357 1068 2411 dicimus
1090 2371 1217 2410 esse
1246 2373 1576 2426 personam,
1601 2356 1855 2412 dicimus
1887 2357 2011 2423 Dei,
2035 2360 2182 2414 dici-

531 2444 895 2515 musangeli.
919 2445 1143 2499 Rursus
1158 2444 1626 2500 substantiarum
1644 2445 1767 2501 alia:
1789 2452 1927 2501 sunt
1951 2450 2179 2504 univer-

530 2533 707 2599 sales,
739 2534 866 2588 aliaa
901 2533 1301 2604 particulares.
1337 2532 1705 2590 Universales
1738 2541 1876 2590 sunt
1932 2553 2058 2607 quae
2110 2538 2181 2594 de

530 2622 782 2693 singulis
798 2622 1206 2693 praedicantur,
1226 2621 1497 2687 uthomo,
1515 2621 1754 2692 animal,
1776 2623 2176 2696 lapis,lignum

536 2717 860 2782 caeteraque
892 2711 1232 2781 hujusmodi
1266 2728 1395 2783 qum
1426 2711 1510 2766 vel
1545 2727 1760 2782 genera
1812 2714 1897 2766 vel
1955 2715 2178 2783 species

532 2804 698 2855 sunt:
719 2817 852 2857 nam
872 2799 1114 2855 ethomo
1134 2802 1203 2854 de
1219 2799 1468 2872 singulis
1484 2800 1845 2867 hominibus,
1876 2805 1931 2857 et
1959 2802 2177 2858 animal

531 2892 602 2946 de
625 2890 877 2961 singulis
900 2890 1285 2959 animalibus,
1308 2891 1577 2962 lapisque
1600 2909 1666 2946 ac
1687 2891 1915 2963 lignum
1960 2893 2030 2948 de
2061 2894 2179 2947 sin-

530 2979 685 3052 gulis
706 2979 1001 3051 lapidibus
1033 2996 1099 3035 ac
1128 2979 1304 3055 lignis
1328 2980 1624 3035 dicuntur.
1650 2981 2025 3036 Particularia
2047 2999 2177 3037 vero

533 3051 671 3124 sunt
703 3086 830 3140 quas
866 3068 934 3123 de
968 3068 1097 3123 aliis
1132 3052 1375 3123 minime
1408 3069 1817 3141 praedicantur,
1851 3075 1915 3124 ut
1959 3070 2174 3137 Cicero,
2209 3051 2252 3117 (ἶ

530 3157 717 3225 Plato,
741 3157 891 3228 lapis
914 3157 1007 3213 hic
1029 3159 1182 3212 unde
1206 3158 1325 3212 haec
1347 3157 1589 3214 Achillis
1612 3164 1805 3213 statua
1841 3158 1989 3214 facta
2031 3164 2121 3214 est
2151 3181 2165 3229 ;

526 3246 754 3317 lignum
783 3246 887 3300 hoc
910 3247 1065 3301 unde
1090 3247 1208 3301 haec
1232 3264 1433 3302 mensa
1461 3248 1787 3316 composita
1833 3254 1939 3302 est.
1971 3251 2080 3303 Sed
2112 3248 2170 3303 in

531 3334 624 3389 his
645 3334 919 3389 omnibus
946 3352 1239 3405 nusquam
1266 3336 1321 3388 in
1342 3336 2041 3408 universalibuspersona
2059 3338 2171 3392 dici

533 3428 739 3493 potest,
768 3424 868 3478 sed
896 3424 952 3477 in
976 3424 1376 3495 singularibus
1400 3430 1625 3479 tantum
1660 3431 1834 3497 atque
1866 3428 1922 3481 in
1972 3427 2178 3481 indivi-

532 3511 663 3567 duis
691 3511 993 3567 :animalis
1014 3512 1169 3567 enim
1194 3512 1583 3584 velgeneralis
1603 3514 2035 3571 hominisnulla
2051 3532 2172 3588 per-

532 3618 674 3656 sona
706 3607 817 3667 est,
851 3602 944 3655 sed
982 3601 1067 3655 vel
1100 3603 1389 3657 Uiceronis
1421 3602 1503 3657 vel
1541 3603 1795 3658 Platonis
1825 3604 1912 3659 vel
1969 3605 2169 3677 singu-

531 3691 718 3745 lorum
738 3688 1166 3746 individuorum
1184 3707 1442 3761 personis
1466 3692 1710 3763 singulae
1733 3698 2170 3765 nuncupantur.

1164 3807 1399 3864 CAPUT
1443 3809 1542 3865 Ill.

876 3896 1211 3968 Diﬂerencia
1242 3904 1460 3954 natura
1488 3905 1537 3951 et
1567 3913 1835 3967 personae.

601 3995 882 4058 Quocirca
903 3997 949 4049 si
977 4010 1222 4065 persona
1244 3995 1303 4050 in
1326 3995 1467 4051 solis
1490 3996 1837 4051 substantiis
1858 4001 1970 4059 est,
2000 4000 2176 4067 atque

531 4084 588 4137 in
615 4083 703 4137 his
728 4083 1133 4153 rationalibus,
1153 4084 1601 4156 substantiaque
1625 4086 1818 4139 omnis
1843 4090 2171 4152 naturaest,

531 4188 636 4227 nec
659 4171 716 4227 in
743 4172 1394 4240 universalibus,sedin
1435 4173 1755 4228 individuis
1802 4179 2054 4242 constat,
2087 4190 2173 4229 re-

530 4267 695 4332 perta
726 4277 985 4333 personae
1018 4267 1105 4317 est
1136 4263 1312 4331 igitur
1342 4263 1604 4317 definitio
1630 4279 1643 4318 :
1678 4262 1933 4318 Persona
1962 4270 2054 4318 est.
2075 4281 2177 4318 na-

530 4357 675 4405 turae
709 4351 1008 4407 rationalis
1039 4351 1339 4406 individua
1369 4352 1722 4407 substantia.
1750 4353 1854 4407 Sed
1917 4369 2022 4407 nos
2068 4352 2175 4409 hac

2295 401 2580 467 Medeam,
2616 404 2703 457 vel
2733 404 3054 472 Simonem,
3114 405 3199 459 vel
3262 406 3617 476 Chremetem,
3663 413 3817 470 idcirco

2294 496 2533 545 caeteros
2567 510 2804 564 quoque
2837 493 3122 560 homines,
3184 512 3420 564 quorum
3474 508 3605 551 certa
3647 519 3722 570 pro
3759 506 3818 558 :ui

2295 579 2484 634 forma
2528 587 2681 636 esset
2718 582 2958 653 agnitio,
2992 588 3050 636 et
3081 583 3261 637 Latini
3298 600 3593 653 personam,
3621 598 3665 640 et
3695 590 3819 646 Graci

2291 667 2559 740 πρόσωπα
2591 682 3092 741 nuncupaverunt.
3134 678 3322 743 Longe
3349 689 3470 727 vero
3500 675 3569 727 illi
3610 676 3819 745 signatius

2293 772 2515 820 naturae
2542 768 2844 822 rationalis
2860 769 3223 823 individuam
3239 770 3643 826 subsistentiam
3663 773 3822 828 tam.

2294 873 2427 913 σεως
2460 858 2694 911 nomine
2722 864 3067 911 vocaverunt
3092 878 3105 924 ;
3133 875 3240 911 nos
3260 875 3407 922 vero,
3430 875 3522 928 per
3544 863 3749 931 inopiam
3771 866 3819 918 si-

2292 942 2698 1014 gnificantium
2722 962 2948 1013 vocum,
2974 945 3385 1001 translatitiam
3412 948 3712 1005 retinuimus
3730 969 3824 1006 nun-

2292 1048 2358 1085 cu
2372 1031 2658 1102 pationem
2673 1050 2859 1103 ,eamq
2872 1050 2939 1088 ue
2955 1052 2986 1104 q
3000 1052 3129 1088 uam
3146 1034 3231 1087 illi
3246 1033 3522 1087 ὑπόστασιν
3538 1038 3721 1105 dicunt,
3740 1056 3823 1109 pir-

2291 1137 2499 1174 sonam
2532 1128 2825 1177 vocantes.
2859 1123 2960 1176 Sed
3023 1124 3261 1193 peritior
3316 1124 3523 1179 Grmcia
3559 1142 3823 1195 sermonum,

2292 1207 2581 1262 ὑπόστασιν
2601 1211 2995 1265 vocatindivid
3010 1229 3140 1265 uam
3160 1212 3585 1267 subsistentiem
3608 1234 3620 1280 ;
3642 1221 3827 1286 atque,ut

2290 1300 2484 1354 Graeca
2509 1307 2641 1354 utar
2660 1302 2941 1367 oratione,
2964 1301 3019 1354 in
3050 1304 3222 1357 rebus
3263 1319 3387 1372 quae
3409 1320 3439 1356 a
3462 1304 3648 1357 Graecis
3674 1307 3826 1375 agitata

2290 1390 2491 1443 Latina
2522 1390 3001 1461 interpretatione
3034 1393 3323 1446 translatae
3357 1400 3509 1460 sunt,
3544 1392 3595 1446 Ai
3619 1393 3755 1446 οὐσίαι

2291 1480 2383 1547 μὲν
2415 1482 2531 1538 τοῖς
2560 1477 2677 1539 καθ’
2708 1475 2843 1531 ὅλου
2876 1478 3006 1531 εἶναι
3042 1476 3307 1548 δύνανται,
3329 1478 3379 1532 ἐν
3401 1476 3455 1533 δὲ
3474 1485 3578 1540 τοῖς
3605 1483 3827 1555 utipsam;

2291 1566 2483 1637 μόνοις
2516 1565 2826 1642 ὑφίστανται.
2854 1585 2867 1622 :
2900 1568 2956 1622 id
2988 1576 3098 1635 est,
3123 1570 3401 1624 Essentiaa
3422 1571 3477 1624 in
3501 1570 3828 1626 universalibus

2289 1656 2522 1726 quidem
2558 1673 2686 1711 esse
2718 1662 2984 1727 possunt,
3018 1657 3075 1711 in
3111 1659 3254 1713 solis
3312 1676 3442 1714 vero
3497 1660 3760 1714 individuis
3795 1669 3827 1715 et

2295 1745 3069 1815 particularibusfsubstant.
3103 1747 3437 1802 Intellectus
3457 1749 3599 1802 enim
3618 1749 3831 1803 universa-

2292 1832 2434 1887 lium
2454 1849 2645 1887 rerum
2663 1850 2728 1887 ex
2746 1833 3483 1904 particularibussumptus
3512 1841 3608 1889 est.
3638 1836 3831 1897 Quocirca

2292 1938 2422 1975 cum
2446 1925 2584 1991 ipsa:
2604 1940 2669 1975 su
2683 1923 3002 1977 bsistentize
3016 1922 3073 1975 in
3091 1922 3515 1977 universalibus
3531 1925 3728 1993 quidem
3746 1925 3833 1991 sint,

2293 2011 2347 2064 in
2366 2011 2819 2082 particularibus
2838 2029 2967 2065 vero
2983 2012 3733 2082 capiantsubstantiam,jure
3748 2014 3836 2065 sub«

2292 2101 2595 2156 sisti-otius
2630 2101 3062 2171 particulariter
3092 2103 3433 2156 substantes
3469 2100 3740 2161 ὑποστάσεις
3774 2119 3835 2172 ap-

2292 2191 2644 2262 pellaverunt
2660 2190 2875 2258 .Neque
2890 2192 3037 2245 enim
3058 2190 3835 2261 ponsiussubtiliusqueintuon

2292 2279 2333 2333 ti
2356 2280 2505 2334 idem
2531 2280 2825 2333 videbitur
2845 2297 2972 2334 esse
2993 2281 3381 2334 subsistentia
3406 2281 3551 2349 quod
3570 2278 3836 2335 substantia:

2292 2395 2426 2433 nam
2464 2379 2618 2447 quod
2652 2378 2829 2432 Grmci
2864 2375 3116 2429 οὑσίωσιν
3149 2376 3232 2431 vel
3268 2376 3559 2429 οὑσιῶσθαι
3591 2379 3768 2441 dicunt,
3804 2376 3837 2427 id

2292 2484 2398 2522 nos
2422 2467 2810 2520 substantiam
2838 2468 2922 2519 vel
2946 2466 3267 2521 subsistere
3302 2467 3655 2538 appellamus
3682 2485 3693 2531 ;
3738 2465 3837 2534 quod

2291 2556 2521 2611 veroilli
2544 2555 2835 2609 ὑπόσθασιν
2855 2558 2934 2610 vel
2955 2554 3363 2628 ὑφίστασθαι,ἱ(1
3411 2575 3512 2612 nos
3543 2554 3839 2611 substantiam

2289 2645 2375 2701 vel
2405 2646 2673 2701 eubstare
2708 2646 3180 2717 interpretamur.
3216 2645 3500 2701 Subsistit
3552 2646 3697 2711 enim,
3740 2641 3839 2713 quod

2291 2735 2484 2807 ipsum
2504 2735 2928 2802 accidentibus,
2952 2734 3209 2804 utpossit
3226 2749 3503 2798 esse,non
3523 2734 3733 2803 indiget:
3754 2731 3841 2784 sub-

2290 2830 2404 2879 stat
2419 2829 2610 2878 autem
2630 2824 2684 2877 id
2703 2824 2854 2893 quod
2874 2823 3004 2877 aliis
3019 2823 3425 2878 accidentibus
3441 2824 3731 2893 subjectum
3742 2818 3840 2889 quod

2291 2914 2453 2977 dam,
2488 2919 2550 2967 ut
2580 2928 2709 2966 esse
2738 2911 2988 2978 valeant,
3024 2912 3472 2978 subministrat;
3493 2913 3596 2966 sub
3624 2908 3720 2965 illis
3742 2908 3843 2962 enim

2292 3007 2429 3066 stat,
2447 3004 2586 3056 dum
2607 3002 2935 3071 subjectum
2954 3000 3486 3055 estaccidentibus.
3507 3002 3681 3070 ltaque
3703 3011 3846 3067 genere

2290 3090 2378 3146 vel
2398 3089 2620 3161 species
2635 3090 2971 3145 subsistunt
2986 3093 3148 3143 tantu
3161 3106 3439 3159 m,neque
3454 3090 3600 3143 enim
3614 3082 3849 3142 accidentia

2288 3180 2600 3252 generibus
2628 3178 3010 3249 speciebusve
3041 3179 3415 3249 contingunt.
3454 3178 3846 3232 lndividuavero.

2290 3286 2402 3324 non
2438 3269 2610 3323 modo
2643 3268 3001 3330 subsistunt,
3036 3283 3234 3320 verum
3258 3267 3437 3321 etiam
3467 3266 3844 3321 substantznam

2289 3356 3417 3428 nequeipsaindigentaccidcntihus,ut
3441 3356 3587 3417 sint;
3620 3354 3846 3407 informata

2286 3447 2441 3502 enim
2476 3452 2614 3501 sunt
2634 3447 2759 3514 jam
2795 3446 3045 3515 propriis
3073 3449 3129 3499 et
3157 3444 3451 3515 speciﬁcis
3481 3442 3774 3498 differentiis
3813 3442 3845 3489 et

2288 3536 2710 3600 accidentibus,
2742 3538 2805 3588 ut
2823 3551 2951 3588 esse
2971 3536 3197 3603 possint
3224 3534 3579 3589 ministrant
3616 3533 3730 3585 dum
3755 3532 3843 3581 sunt

2288 3626 2513 3681 scilicet
2532 3625 2813 3693 subjecta.
2831 3624 3113 3689 Quocirca
3127 3621 3259 3675 εἶναι
3276 3631 3372 3694 atq
3386 3641 3455 3679 ue
3470 3620 3744 3679 οὐσιῶσϐαι,
3759 3631 3841 3670 esse

2288 3720 2462 3785 atque
2478 3731 2543 3768 su
2556 3713 2797 3768 bsistere
2821 3738 2833 3778 ;
2852 3711 3163 3787 ὑφίστασθαι
3178 3730 3335 3777 vero,
3356 3731 3424 3767 su
3436 3715 3620 3767 bstare
3643 3708 3842 3776 intelligi-

2287 3812 2398 3859 tur.
2418 3801 2779 3872 Nequeenim
2796 3802 3101 3855 verborum
3121 3802 3289 3872 in0ps
3304 3801 3526 3856 Graecia
3544 3804 3641 3861 est,
3679 3803 3727 3851 ut
3744 3794 3843 3848 Mar-

2288 3910 2392 3948 cus
2422 3891 2656 3946 Tullius
2690 3890 2928 3955 alludit;
2963 3891 3062 3943 sed
3096 3886 3845 3957 essentiam,subsistentiam,

2287 3980 2702 4045 substantiam,
2738 3994 3047 4047 personam
3075 3978 3313 4032 totidem
3346 3979 3671 4033 nominibus
3688 3972 3844 4027 reddit:

2287 4081 2601 4136 essentiam
2619 4080 2852 4149 quidem
2879 4075 3085 4142 οὐσίαν,
3111 4078 3561 4133 subsistentiam
3573 4091 3689 4131 vero
3707 4070 3847 4124 οὐσίω-

2289 4190 2393 4236 σιν,
2437 4169 2831 4224 substantiam
2893 4166 3209 4230 ὑπόστασιν,
3272 4183 3581 4237 personam
3634 4157 3842 4233 πρόσωπω

2288 4258 2610 4330 appellans.
2649 4258 2777 4311 Ideo
2808 4262 3000 4311 autem
3038 4254 3358 4315 ὑποστάσεις
3390 4253 3572 4310 Graeci
3604 4248 3845 4306 individuis

2292 4347 2663 4402 substantias
2700 4350 3060 4412 vocaverunt,
3095 4345 3372 4415 quoniam
3401 4344 3617 4399 caeteris
3651 4336 3845 4395 subsunt.

533 4440 1012 4495 definitioneeam
1028 4441 1397 4513 quamtiraeci
1427 4438 1715 4493 ὑπόστασιν
1749 4442 1955 4496 dicunt
1976 4445 2175 4499 termi-
2210 4418 2256 4482 Β
2291 4444 2712 4515 etquibusdam
2736 4442 2901 4513 quasi
2924 4442 3322 4497 accidentibus
3348 4441 3654 4514 suppositae
3690 4434 3844 4497 subjet

534 4530 821 4586 navimus.
849 4528 1069 4585 Nomen
1100 4530 1257 4585 enim
1292 4544 1551 4600 personas
1571 4531 1802 4585 videtur
1826 4530 2186 4587 aliundetra-

532 4621 772 4675 ductum
800 4636 895 4688 ;ex
936 4620 1028 4675 his
1066 4620 1293 4674 scilicet
1336 4620 1599 4691 personis
1621 4636 1751 4691 qum
1791 4620 1849 4674 in
1884 4622 2184 4677 commdiis

535 4709 950 4780 tragmdiisque
963 4725 1061 4764 eos
1077 4710 1573 4779 quoruminterest
1588 4709 1853 4764 homines
1870 4726 2185 4780 repraesen-

535 4799 757 4853 tabant.
779 4802 1177 4855 Pereonavero
1200 4799 1501 4855 dictaesta
1519 4798 1909 4871 personando,
1933 4799 2184 4854 circum-

540 4887 686 4942 ﬂexe
702 4886 1201 4959 penultima.Quod
1218 4889 1267 4943 si
1282 4888 2186 4959 acueturantepennltimaaperto

538 4993 571 5031 a
594 4993 737 5032 sono
759 4979 913 5033 dicta
929 4978 1242 5033 videbitur.
1264 4978 1482 5033 Idcirco
1499 4983 1689 5033 autem
1710 4996 1922 5045 asono,
1957 4979 2097 5050 quia
2127 4978 2183 5033 in

534 5066 893 5122 concavitate
916 5068 1255 5138 ipsa'major
1275 5084 1513 5123 necesse
1552 5075 1641 5121 est
1686 5068 1952 5122 volvatur
1980 5085 2183 5123 sonus.

536 5158 714 5214 Graeci
753 5173 988 5227 quoque
1021 5158 1124 5212 has
1160 5173 1437 5227 personas
1463 5155 1730 5228 πρόσωπα
1762 5161 1990 5224 vocant,
2035 5158 2187 5213 abeo

533 5248 688 5318 quod
719 5258 1010 5317 ponantur
1035 5247 1090 5299 in
1120 5245 1264 5301 lacie
1286 5251 1460 5315 atque
1482 5250 1618 5299 ante
1668 5245 1869 5301 oculos
1911 5248 2189 5317 obtegant

532 5336 785 5399 vultum,
811 5333 958 5407 παρά
984 5338 1081 5387 τοῦ
1112 5332 1245 5407 πρὸς
1272 5331 1400 5393 τοὺς
1432 5329 1586 5391 ὦπας
1614 5331 1875 5395 τίθεσθαι.
1901 5336 2011 5389 Sed
2037 5352 2187 5406 quo-

537 5425 995 5496 niam,personis
1019 5421 1987 5491 inductis,histriones,individuos
2006 5424 2191 5479 homi-

540 5531 665 5577 nes,
688 5530 939 5585 quorum
964 5512 1262 5579 intererat,
1287 5512 1344 5567 in
1369 5512 1653 5582 tragoedia
1674 5512 1763 5568 vel
1809 5514 2094 5570 comoedia
2129 5517 2191 5569 ut

2292 4540 2361 4590 tis
2376 4549 2489 4604 que
2503 4537 2642 4588 sunt
2656 4536 2851 4601 ;atque
2868 4530 3083 4585 idcirco
3099 4548 3202 4585 nos
3221 4547 3377 4601 quoq
3389 4548 3459 4585 ue
3470 4548 3566 4585 eas
3578 4520 3846 4583 substantias

2292 4637 2729 4692 nuncupamus,
2764 4620 2933 4690 quasi
2965 4619 3482 4690 suppositas,quas
3499 4619 3576 4673 illi
3593 4611 3844 4669 ὑποστάσεις.

2293 4727 2544 4779 cumque
2563 4711 2737 4765 etiam
2757 4708 3024 4780 πρὸσωπα
3040 4715 3380 4779 nuncupent
3402 4709 3629 4763 easdem
3651 4704 3844 4759 substan-

2297 4800 2427 4866 tias,
2464 4815 2779 4869 possumus
2814 4814 2921 4852 nos
2953 4814 3187 4867 quoque
3242 4813 3578 4870 nuncupare
3629 4798 3842 4866 personas.

2296 4889 2449 4943 Idem
2485 4893 2574 4943 est
2603 4887 2784 4959 igitur
2819 4884 3000 4939 οὐσίαν
3033 4902 3160 4941 esse
3191 4888 3345 4957 quod
3389 4886 3703 4942 essentiam,
3746 4878 3841 4959 idem

2296 4974 2551 5029 οὑσίωσιν
2584 4979 2733 5047 quod
2769 4976 3240 5043 subsistentiam,
3273 4975 3428 5030 idem
3465 4973 3720 5027 ὑπόστασιν
3746 4958 3839 5031 ‘le

2297 5066 2712 5131 substantiam,
2745 5065 2895 5119 idem
2931 5068 3020 5120 est
3067 5062 3361 5136 πρόσωπον
3421 5065 3571 5135 quod
3605 5064 3841 5133 personam.

2298 5158 2485 5220 Quare
2517 5161 2706 5209 autem
2726 5155 2794 5208 de
2819 5153 3259 5209 irrationalibus
3291 5153 3638 5209 animalibus
3686 5148 3839 5202 (ἴγδευὲ

2299 5244 2588 5298 ὑπόστασιν
2621 5262 2732 5299 non
2765 5245 2941 5309 dicat,
2975 5244 3130 5298 sicut
3160 5261 3265 5298 nos
3323 5249 3393 5298 de
3451 5246 3657 5299 eisdem
3700 5243 3837 5292 non}?n

2299 5334 2645 5390 substantiae
2677 5334 3085 5403 praedicamus,
3121 5333 3240 5387 haec
3298 5334 3441 5387 ratio
3500 5338 3602 5395 est,
3645 5322 3835 5403 quoniam

2300 5440 2509 5477 nomen
2548 5423 2653 5477 hoc
2678 5401 3026 5477 melioribus
3060 5421 3417 5493 applicatum
3434 5426 3541 5487 est,
3567 5401 3836 5483 utaliqua‘ll

2298 5513 2453 5585 quod
2487 5517 2576 5567 est
2606 5509 3252 5581 excellentius,tametsi
3277 5528 3386 5566 non
3427 5507 3759 5578 descriptione
3780 5510 3835 5547 na“
