4030 6186
186 235 319 290 1345

1134 233 1339 287 LIBER
1378 232 1471 287 DE
1510 231 1833 287 PERSONA
1872 232 1960 286 ET
1999 232 2277 289 DUABUS
2318 236 2640 293 NATURIS.

3456 224 3621 295 4346‘

180 365 325 416 tum
355 362 414 413 et
442 356 767 413 secundum
803 355 856 411 id
891 358 1042 428 quod
1082 358 1428 424 subsistere,
1491 355 1829 432 ὑφίστασθαι,
1862 360 1915 424 Α
1946 362 2212 431 personis
2231 360 2373 417 nihil
2403 380 2660 435 unquam
2686 364 2809 419 fieri
2828 368 3032 434 potest.
3056 366 3407 439 Nihiligitur
3423 384 3595 423 unum

180 456 356 521 atque
372 448 1013 514 substareest;atcerte
1028 444 1373 507 ὑποστάσεως
1427 446 1516 502 vel
1548 448 1827 502 substan-

181 539 275 594 tia:
309 537 609 593 vocabulis
643 538 1092 591 discerneretur.
1127 538 1225 591 Est
1252 536 1432 607 igitur
1463 542 1518 591 et
1575 535 1831 591 hominis

183 628 421 699 quidem
455 626 734 693 essentia,
762 625 818 679 id
851 630 940 679 est
970 623 1147 694 οὐσία,
1197 632 1255 681 et
1310 625 1717 692 subsistentia,
1774 625 1829 679 id

182 724 275 772 est
304 713 583 779 οὐσίωσις,
622 719 676 768 et
737 711 1047 777 ὑπόστασις,
1110 715 1163 766 id
1225 719 1313 768 est
1370 713 1724 775 substantia,
1781 719 1837 766 et

179 804 503 880 πρόσωπον,
538 806 594 858 id
630 810 713 858 est
746 820 992 874 persona
1016 821 1035 858 :
1060 800 1213 856 οὐσία
1258 803 1497 874 quidem
1538 808 1713 873 atque
1744 819 1835 857 es-

181 895 395 961 sentia,
420 894 699 965 quoniam
723 901 845 958 est;
871 891 1125 951 οὑσίωσις
1149 909 1281 948 vero
1304 898 1479 962 atque
1510 892 1834 947 subsisten-

180 985 287 1049 tia,
314 984 592 1055 quoniam
616 984 673 1036 in
702 980 862 1037 nullo
895 983 1158 1050 subjecto
1208 987 1334 1048 est;
1383 978 1671 1039 ὑπόστασις
1705 994 1838 1034 vero

181 1080 362 1145 atque
385 1072 734 1139 substantia,
751 1072 1029 1140 quoniam
1047 1071 1250 1125 subest
1265 1069 1511 1135 caeteris,
1538 1084 1664 1139 qua
1688 1068 1839 1122 sub-

182 1161 469 1218 sistentia:
513 1176 626 1214 non
666 1166 826 1225 sunt,
862 1159 916 1212 id
940 1164 1029 1213 est
1069 1154 1391 1217 οὐσιώσειςε
1428 1163 1518 1212 est
1546 1153 1838 1229 πρόσωπον

185 1257 372 1321 atque
396 1265 664 1321 persona,
682 1249 959 1318 quoniam
981 1255 1070 1301 est
1084 1245 1843 1305 rationabileindividuum.

184 1342 347 1397 Deus
379 1355 613 1411 quoque
646 1344 701 1393 et
730 1335 884 1391 οὐσία
913 1345 1003 1393 est
1025 1344 1081 1392 et
1103 1338 1361 1392 essentia
1385 1354 1397 1402 ;
1453 1341 1542 1391 est
1564 1337 1745 1400 enim,
1789 1340 1848 1391 et

186 1430 445 1486 maxime
462 1429 586 1498 ipse
600 1432 878 1498 est,aquo
892 1430 1156 1481 omnium
1174 1441 1303 1481 esse
1320 1425 1733 1497 proﬁciscitur.
1756 1426 1850 1479 Est

188 1518 474 1584 οὐσίωσις,
508 1519 565 1572 id
594 1522 684 1572 est
705 1518 1093 1572 subsistentia
1123 1535 1135 1583 ;
1171 1517 1445 1571 subsistit
1482 1517 1639 1571 enim
1690 1516 1849 1571 nullo

182 1610 485 1679 indigens,
518 1612 573 1661 et
608 1604 947 1679 ὑφίστασθαι,
980 1608 1213 1661 substat
1253 1607 1430 1660 enim.
1476 1604 1639 1660 Unde
1670 1606 1848 1660 etiam

1940 451 2262 506 secundum
2297 452 2628 507 Nestorium
2660 454 2924 509 Christus
2957 461 3063 523 est,
3100 473 3163 511 ac
3197 474 3299 527 per
3331 457 3437 511 hoc
3465 472 3594 510 om-

1943 539 2080 593 nino
2114 540 2292 595 nihil:
2319 543 2475 611 quod
2504 542 2658 597 enim
2686 560 2799 597 non
2821 550 2907 599 est
2932 562 3139 611 unum,
3162 563 3264 600 nec
3311 562 3438 600 esse
3471 562 3592 600 om-

1946 629 2082 684 nino
2115 636 2339 700 potest;
2376 647 2504 686 esse
2535 631 2690 687 enim
2728 636 2901 704 atque
2936 650 3118 687 unum
3153 636 3596 699 convertitur,et

1947 718 2336 790 quodcunque
2367 724 2477 787 est,
2512 738 2693 774 unum
2727 729 2854 790 est;
2888 724 3061 776 etiam
3090 739 3157 776 ea
3188 739 3313 792 quas
3347 740 3415 777 ex
3474 723 3599 791 plu-

1948 810 2112 865 ribus
2126 813 2419 882 conjungu
2432 819 2658 879 ntur,ut
2680 814 3374 882 acervus,chorus,unum
3399 821 3594 868 tamen

1951 902 2111 954 sunt.
2173 899 2281 953 Sed
2341 916 2467 956 esse
2523 901 2818 956 Christum
2883 902 3192 957 manifeste
3233 906 3289 956 et
3317 901 3604 957 veraciter

1953 986 2340 1042 conﬁtemur:
2376 1006 2557 1043 unum
2591 990 2773 1061 igitur
2799 1007 2928 1045 esse
2988 992 3239 1045 dicimus
3277 990 3601 1045 Christum.

1952 1085 2112 1148 Quod
2148 1088 2195 1140 si
2229 1086 2309 1141 ita
2335 1092 2440 1152 est,
2479 1103 2654 1141 unam
2684 1105 2916 1160 quoque
2948 1087 3158 1142 Christi
3195 1088 3319 1143 sine
3373 1087 3605 1141 dubita-

1956 1176 2115 1231 tione
2148 1193 2455 1247 personam
2484 1194 2613 1233 esse
2646 1195 2883 1234 necesse
2914 1185 3039 1234 est:
3073 1196 3205 1233 nam
3241 1180 3288 1233 si
3325 1180 3454 1232 duae
3478 1193 3604 1247 per-

1960 1285 2114 1323 sonat
2146 1274 2361 1336 essent,
2399 1286 2550 1323 unus
2583 1286 2709 1324 esse
2741 1288 2854 1324 non
2891 1275 3126 1340 posset;
3151 1270 3299 1325 duos
3323 1286 3451 1324 vero
3481 1283 3607 1323 esse

1960 1357 2150 1411 dicere
2182 1356 2465 1423 Christos,
2502 1357 2646 1411 nihil
2687 1363 2775 1412 est
2833 1357 3013 1424 aliud,
3071 1358 3183 1413 nisi
3236 1358 3608 1429 praecipitatae

1962 1448 2176 1501 mentis
2194 1446 2421 1501 insania
2448 1462 2460 1499 :
2482 1463 2588 1501 cur
2607 1447 2761 1501 enim
2789 1447 3027 1502 omnino
3048 1448 3192 1502 duos
3217 1446 3608 1503 audeatChri-

1963 1539 2088 1589 stos
2111 1551 2334 1599 vocare,
2359 1535 2657 1590 hominem
2686 1553 2890 1604 unum,
2925 1536 3104 1591 alium
3135 1539 3357 1591 Deum?
3386 1534 3475 1590 vel
3509 1552 3614 1589 cur

1966 1640 2100 1678 eum
2134 1625 2231 1695 qui
2265 1625 2419 1678 Deus
2450 1630 2541 1679 est
2570 1625 2862 1680 Christum
2898 1631 3081 1688 vocat,
3116 1625 3162 1679 si
3197 1641 3329 1679 eum
3382 1640 3616 1695 quoque

186 1698 447 1752 dicimus
482 1711 657 1748 unam
691 1710 820 1749 esse
836 1693 1018 1747 οὐσίαν
1037 1696 1124 1748 vel
1152 1692 1431 1761 οὐσίωσιν,
1467 1694 1520 1747 id
1547 1701 1850 1749 estessen-

1984 1713 2046 1783 [ui
2066 1692 2239 1767 hoino
2252 1718 2341 1767 est
2356 1713 2649 1767 Christum
2666 1720 2754 1768 est
2775 1713 3200 1784 appellaturus,
3218 1730 3349 1767 cum
3368 1692 3614 1767 n—ihilisi-

185 1787 337 1840 tiam
364 1784 448 1838 vel
474 1782 914 1838 subsistentiam
944 1784 1206 1849 deitatis;
1238 1785 1335 1839 sed
1361 1790 1477 1838 tres
1509 1782 1851 1850 ὑποστάσεις,

187 1876 251 1930 id
289 1879 379 1929 est
407 1879 528 1928 tres
560 1873 943 1927 substantias.
970 1872 1318 1941 thuidem,
1344 1872 1667 1926 secundum
1700 1871 1857 1925 hunc

197 1966 470 2029 modum,
492 1964 688 2017 dixere
709 1978 886 2016 unam
906 1962 1209 2016 Trinitatis
1232 1960 1861 2019 essentiam.tressub-

198 2054 477 2117 stantias,
515 2057 753 2122 tresque
784 2067 1087 2122 personas.
1120 2050 1241 2105 Nisi
1266 2049 1422 2105 enim
1459 2056 1577 2105 tres
1634 2051 1691 2104 in
1747 2050 1861 2105 Deo

202 2141 575 2200 substantias
592 2142 1030 2196 ecclesiasticus
1055 2140 1328 2211 loquendi
1352 2156 1492 2195 usus
1509 2138 1861 2221 excluderet,

204 2232 506 2288 videretur
537 2231 755 2285 idcirco
788 2232 857 2284 de
882 2231 995 2285 Deo
1025 2230 1136 2285 dici
1170 2229 1524 2295 substantia,
1560 2246 1673 2284 non
1708 2230 1861 2299 quod

211 2323 344 2393 ipse
377 2320 604 2375 caeteris
639 2320 812 2373 rebus
844 2319 1013 2389 quasi
1047 2319 1376 2388 subjectum
1412 2325 1861 2390 supponeretur,

206 2412 314 2466 sed
350 2409 498 2481 quod
535 2409 688 2462 idem
722 2408 1001 2463 omnibus
1030 2407 1109 2462 uti
1136 2413 1397 2476 praesset,
1418 2408 1497 2461 ita
1519 2407 1692 2461 etiam
1718 2424 1862 2477 qna-

211 2500 266 2553 si
303 2496 654 2568 principium
689 2496 961 2551 subesset
1017 2497 1210 2563 rebus,
1271 2496 1409 2550 dum
1462 2495 1545 2550 eis
1590 2497 1865 2551 omnibus

220 2586 545 2656 οὑσιῶσθαι,
574 2585 662 2639 vel
698 2584 1020 2640 subsistere
1051 2583 1486 2639 subministrat.

849 2698 1080 2755 CAPUT
1130 2699 1227 2755 IV.

416 2788 617 2844 Contra
650 2790 972 2853 nestorium,
1006 2804 1176 2842 unam
1206 2802 1321 2841 esse
1336 2802 1661 2856 personam.

291 2887 397 2941 Sed
425 2889 541 2941 haec
565 2885 763 2939 omnia
785 2884 1001 2939 idcirco
1022 2887 1140 2939 sint
1163 2884 1337 2947 dicta,
1365 2890 1426 2938 ut
1479 2882 1868 2938 differentiam

226 2982 456 3031 naturae
488 2980 660 3046 atque
697 2990 979 3045 persona},
1014 2974 1067 3026 id
1102 2982 1181 3026 est
1218 2970 1398 3032 οὐσίας
1424 2978 1595 3042 atque
1640 2968 1870 3024 ὑποστά-

208 3085 353 3127 σεως
367 3070 753 3119 monstrarem
768 3079 831 3117 us
850 3079 985 3132 :quo
1002 3079 1134 3115 vero
1154 3061 1390 3116 nomine
1406 3061 1873 3131 unumquodque

210 3159 482 3223 Oporteat
508 3151 808 3223 appellari,
833 3151 1236 3205 ecclesiastica
1260 3150 1337 3203 sit
1368 3149 1681 3204 locutionis
1714 3148 1874 3202 arbi-

213 3243 418 3298 trium.
445 3241 560 3296 Hoc
586 3238 818 3294 Interim
844 3245 1090 3303 constel,
1116 3241 1265 3310 quod
1289 3240 1437 3292 inter
1458 3244 1727 3292 naturam
1754 3254 1879 3308 per-

219 3329 798 3400 sonainquedilferre
828 3328 1224 3399 praediximus,
1249 3327 1529 3396 quoniam
1558 3327 1881 3381 Naturaest

218 3420 543 3492 cujuslibet
560 3419 667 3471 sub
680 3420 904 3473 stantize
922 3418 1255 3488 specificata
1278 3416 1882 3487 proprietas;Persona

222 3527 384 3573 vero,
408 3507 774 3563 rationabilis
798 3512 1016 3560 naturae
1044 3504 1340 3559 individua
1363 3503 1882 3559 substantia.11anc

220 3599 285 3654 in
321 3597 552 3652 Christo
586 3595 887 3650 Nestorius
920 3593 1211 3664 duplicem
1242 3610 1369 3647 esse
1430 3593 1757 3653 constituit,
1816 3608 1882 3646 eo

221 3688 453 3743 scilicet
475 3687 780 3740 traductus
803 3700 1015 3746 errore,
1042 3684 1194 3752 quod
1223 3682 1508 3753 putaverit
1528 3682 1585 3735 in
1605 3681 1884 3736 omnibus

228 3776 463 3832 naturis
484 3772 780 3845 possedici
802 3789 1133 3843 personam.
1154 3772 1271 3825 Hoc
1296 3774 1453 3826 enim
1509 3776 1884 3840 praesumpto,

232 3866 516 3936 quoniam
534 3863 589 3917 in
606 3862 830 3917 Christo
850 3861 1140 3930 duplicem
1162 3869 1425 3913 naturam
1446 3876 1573 3914 esse
1589 3860 1886 3923 censebat,

239 3952 539 4023 duplicem
572 3966 804 4021 quoque
838 3965 1144 4019 personam
1172 3964 1298 4002 esse
1322 3948 1625 4002 confessus
1647 3953 1749 4002 est.
1768 3949 1889 4012 Qua

241 4043 301 4096 in
328 4058 390 4095 re
412 4056 545 4093 eum
574 4038 784 4093 falsum
811 4054 959 4099 esse,
985 4053 1111 4090 cum
1148 4036 1407 4090 deﬁnitio
1436 4037 1706 4107 superius
1737 4037 1891 4091 dicta

244 4129 712 4195 convincat,tum
732 4124 1597 4195 haecargumentatioevidenter
1633 4126 1760 4195 ejus
1794 4127 1891 4181 de-

242 4219 492 4275 clarabit
512 4232 788 4271 errorem.
811 4215 867 4269 Si
896 4215 1051 4269 enim
1077 4231 1187 4268 non
1214 4223 1299 4268 est
1349 4214 1561 4268 Christi
1615 4232 1729 4269 una
1765 4232 1891 4285 per-

242 4308 684 4375 sona,duasque
719 4310 954 4357 naturas
974 4320 1102 4358 esse
1121 4303 1496 4356 manifestum
1522 4303 1895 4366 cst,hominis

244 4396 661 4464 scilicetatque
707 4393 802 4447 Dei
841 4392 969 4461 (nec
1003 4403 1116 4446 tam
1154 4390 1436 4461 insipiens
1466 4392 1799 4461 quisquam,
1833 4396 1898 4446 ut

1906 3104 1945 3170 C

1969 1800 3023 1875 mile,nihilhabeantexcopulatione
3063 1802 3472 1872 coniunctum?
3503 1804 3616 1856 Cur
3656 1848 3663 1855 .

1970 1890 2151 1945 simili
2170 1891 2405 1945 nomine
2418 1890 2838 1946 diversissimis
2854 1892 3132 1946 abutatur
3148 1896 3282 1945 natu
3295 1891 3529 1958 ris,cum
3564 1889 3612 1944 si

1971 1979 2265 2034 Christum
2301 1980 2541 2035 definire
2572 1980 2798 2049 cogitur
2831 1981 3095 2051 utrisque
3136 1982 3221 2050 (ut
3274 1980 3400 2050 ipse
3456 1979 3617 2047 dicit)

1972 2067 2238 2129 Cbristis.
2264 2084 2378 2121 non
2400 2068 2585 2139 possit
2609 2085 2785 2123 unam
2806 2068 3166 2124 definitionis
3187 2067 3461 2122 adhibere
3480 2068 3620 2121 sub-

1974 2157 2371 2212 stantiam?Si
2404 2159 2559 2212 enim
2598 2158 2691 2212 Dei
2722 2162 2897 2228 atque
2930 2157 3183 2212 hominis
3215 2158 3447 2212 diversa
3476 2157 3619 2210 sub-

1974 2246 2309 2313 stantiaest,
2331 2247 2693 2317 unumquein
2724 2246 2988 2317 utrisque
3004 2245 3216 2300 Christi
3256 2262 3487 2309 nomen,
3518 2261 3624 2299 nec

1975 2335 2334 2389 diversarum
2352 2334 2686 2405 cocjunctio
2703 2335 3173 2402 substantiarum,
3190 2333 3625 2388 unamcreditur

1975 2423 2537 2494 fecisse‘personam,
2561 2423 2923 2494 aequivocum
2945 2439 3156 2478 nomen
3181 2428 3269 2478 est
3294 2422 3530 2487 Christi,
3564 2425 3622 2474 et

1976 2511 2140 2567 nulla
2170 2516 2359 2580 potest
2390 2512 2726 2566 definitione
2749 2511 3039 2567 concludi.
3059 2512 3283 2578 Quibus
3298 2516 3491 2566 autem
3516 2527 3623 2565 nu-

1978 2626 2152 2681 quam
2175 2608 2492 2679 Scripturis
2507 2625 2719 2663 nomen
2733 2608 2945 2664 Christi
2961 2609 3113 2681 gemi
3126 2608 3476 2675 natur‘louid
3495 2624 3627 2662 vero

1980 2698 2130 2764 novi,
2165 2714 2263 2768 per
2294 2698 2608 2752 adventum
2637 2698 2978 2764 Salvatoris,
3011 2698 3279 2753 etfectum
3312 2698 3447 2753 est?
3489 2713 3623 2751 nam

1980 2785 2283 2842 catholicis
2319 2792 2375 2841 et
2399 2786 2529 2841 fidei
2546 2786 2758 2841 veritas
2779 2791 2835 2841 et
2854 2786 3062 2841 raritas
3088 2786 3354 2841 miraculi
3377 2790 3630 2840 constat.

1982 2879 2163 2942 Quam
2188 2876 2341 2930 enim
2371 2893 2642 2946 magnum
2667 2880 2775 2939 est.
2801 2892 3097 2947 quamque
3120 2874 3517 2945 novum,quod
3543 2890 3631 2928 se-

1984 2964 2095 3019 mel
2124 2981 2225 3019 nec
2251 2964 2368 3019 ullo
2391 2963 2502 3018 alio
2526 2964 2737 3019 saeculo
2762 2964 2946 3034 possit
2969 2963 3216 3029 evenire,
3244 2970 3306 3018 ut
3350 2964 3500 3033 ejus,
3531 2962 3635 3032 qui

1981 3053 2138 3108 solus
2166 3058 2255 3108 est
2280 3058 2489 3108 natura
2517 3055 2687 3118 Deus,
2712 3069 2843 3108 cum
2871 3053 3147 3119 humana,
3181 3070 3307 3124 qua
3343 3054 3492 3107 abeo
3512 3055 3637 3105 erat

1981 3142 2401 3209 diversissima,
2435 3142 2814 3208 conveniret;
2848 3146 3024 3212 atque
3056 3142 3241 3208 ita,ex
3271 3140 3636 3195 distantibus

1982 3232 2231 3295 naturis,
2286 3249 2401 3286 una
2434 3232 2596 3286 fieret
2627 3230 2995 3302 copulatione
3020 3229 3636 3301 persona.Secundum

1983 3321 2229 3375 Nestorii
2264 3336 2395 3374 vero
2430 3320 2814 3389 sententiam,
2848 3320 2985 3388 quid
3020 3319 3269 3389 contigit
3301 3317 3430 3373 novi
3453 3317 3479 3371 ‘I
3508 3317 3639 3371 Ser-

1984 3409 2644 3479 vant,inquit,proprias
2668 3408 3011 3463 humanitas
3032 3408 3428 3478 divinitasque
3450 3422 3650 3477 perso-

1987 3514 2112 3553 nas.
2130 3498 2373 3561 Quando
2387 3497 2541 3552 enim
2562 3513 2676 3552 non
2701 3497 2809 3551 fuit
2827 3497 3150 3551 divinitatis
3165 3497 3402 3568 prepria
3449 3496 3653 3549 huma-

1988 3586 2308 3657 nitatisque
2329 3585 2618 3656 persona?
2641 3586 2877 3656 quando
2901 3602 3034 3640 vero
3059 3602 3173 3639 non
3197 3583 3348 3639 erit?
3381 3582 3464 3638 vel
3503 3582 3648 3653 quid

1989 3674 2243 3745 amplius
2260 3676 2315 3729 in
2331 3675 2469 3730 Jesu
2488 3675 2862 3745 generatione
2876 3675 3143 3745 contigit,
3158 3690 3335 3744 quam
3354 3672 3411 3726 in
3449 3673 3652 3743 cujus-

1990 3764 2416 3834 libetalterius,
2434 3762 2783 3830 si,discretis
2803 3764 3074 3833 utrisque
3090 3761 3657 3833 personis,discreta3

1991 3853 2165 3909 etiam
2186 3854 2343 3908 fuere
2362 3852 2727 3907 naturaa‘IIta
2750 3853 2934 3922 enim,
2969 3852 3236 3923 personis
3256 3850 3657 3917 manentibus,

1989 3949 2112 4005 illic
2148 3950 2308 4005 nulla
2334 3955 2678 4005 naturarum
2714 3951 2906 4021 potuit
2936 3965 3066 4005 esse
3095 3948 3455 4020 conjunctio,
3505 3952 3569 4002 ut
3600 3947 3660 4001 in

1995 4039 2257 4110 quolibet
2289 4039 2540 4105 homine,
2576 4040 2745 4109 cujus
2778 4055 2909 4093 cum
2940 4038 3172 4111 propria
3191 4054 3440 4109 persona
3461 4036 3664 4092 subsi-

1996 4133 2132 4195 stat,
2166 4127 2331 4183 nulla
2363 4133 2451 4181 est
2483 4127 2557 4197 ei,
2586 4126 3092 4182 excellentissimis
3122 4126 3489 4190 substantiae,
3522 4140 3658 4179 con-

1989 4216 2204 4285 juncta
2263 4216 2562 4271 divinitas.
2626 4220 2763 4270 Esto
2789 4232 2943 4279 vero,
2978 4215 3159 4269 Deum
3196 4214 3386 4284 ipsum
3447 4211 3659 4265 Christi

2005 4303 2406 4375 appellatione
2428 4319 2532 4357 cur
2550 4308 2733 4371 vocet,
2754 4320 2859 4357 cur
2878 4320 3009 4357 vero
3030 4320 3143 4357 non
3194 4303 3482 4355 elementa
3512 4316 3662 4370 quo-

2002 4409 2133 4464 que,
2164 4392 2288 4459 ipsa
2313 4390 2494 4445 simili
2514 4391 2729 4445 audeat
2750 4390 3043 4462 appellare
3065 4389 3373 4455 vocabulo,
3406 4404 3510 4459 per
3530 4403 3657 4458 quia

246 4482 589 4541 utramlibet
621 4499 819 4536 earum
850 4481 1071 4534 ratione
1091 4480 1409 4549 sejungat),
1434 4481 1815 4549 consequitur
1843 4484 1905 4534 ut
1936 4467 1981 4530 Ι)
2016 4485 2165 4534 Deus
2199 4481 2346 4533 mira
2372 4480 2636 4549 quaedam
2673 4479 3037 4549 quotidianis
3062 4477 3322 4533 motibus
3349 4474 3666 4547 operatur?

248 4578 387 4631 duae
403 4573 713 4627 videantur
729 4586 858 4624 esse
877 4586 1138 4640 personas
1155 4586 1167 4623 :
1184 4574 1272 4622 est
1288 4568 1441 4622 enim
1471 4584 1733 4637 persona.
1748 4569 1905 4623 utdi-

242 4672 412 4720 ctum
429 4666 533 4726 est,
550 4666 771 4714 naturae
788 4657 1152 4713 rationabilis
1168 4657 1468 4711 individua
1499 4656 1901 4718 subsistentia.

241 4754 489 4817 Quaest
508 4749 853 4820 igiturfacta
872 4748 1129 4802 hominis
1146 4747 1361 4816 Deique
1379 4747 1714 4816 conjunctio
1731 4747 1910 4803 ?Num

241 4843 337 4896 ita
364 4840 531 4910 quasi
566 4855 699 4893 cum
732 4839 847 4891 duo
880 4853 1122 4906 corpora
1151 4836 1389 4890 sibimet
1420 4841 1817 4905 apponuntur,
1846 4842 1910 4892 ut

246 4933 485 4984 tantum
508 4925 876 4995 locisjuncta
899 4926 1039 4991 sint,
1064 4934 1119 4978 et
1141 4924 1283 4978 nihil
1308 4924 1360 4977 in
1383 4924 1631 4978 alterum
1651 4941 1720 4979 ex
1767 4925 1911 4981 alte-

250 5016 384 5073 rius
401 5015 682 5084 qualitate
698 5014 991 5084 perveniat
1012 5012 1222 5083 ?quem
1240 5012 1672 5081 conjunctionis
1688 5014 1913 5069 modum

256 5104 443 5159 Graeci
474 5102 609 5155 κατὰ
637 5099 930 5175 παράθεσιν
959 5110 1185 5156 vocant.
1221 5101 1329 5155 Sed
1366 5100 1413 5154 si
1448 5100 1526 5153 ita
1574 5099 1913 5157 humanitas

259 5192 559 5247 divinitati
593 5192 907 5259 conjuncta
936 5194 1047 5256 est,
1089 5188 1233 5243 nihil
1268 5188 1479 5242 horum
1524 5203 1592 5242 ex
1652 5190 1916 5261 utrisque

259 5282 597 5337 confectum
632 5284 740 5345 est,
775 5295 840 5333 ac
865 5295 967 5349 per
998 5279 1106 5333 hoc
1140 5277 1282 5331 nihil
1313 5283 1402 5330 est
1432 5276 1723 5331 Christus.
1745 5283 1819 5332 At
1843 5279 1916 5345 si,

263 5371 497 5424 duabus
521 5369 788 5438 personis
812 5368 1291 5433 manentibus,ea
1313 5364 1917 5435 conjunctio,qualem

263 5460 539 5530 superius
572 5460 846 5521 diximus.
880 5460 1032 5514 facta
1061 5463 1152 5513 est
1182 5463 1549 5523 naturarum,
1611 5473 1791 5511 unum
1852 5474 1922 5512 ex

263 5549 496 5605 duobus
518 5548 669 5603 efﬁci
694 5547 841 5604 nihil
862 5548 1057 5619 potuit
1081 5564 1092 5602 :
1117 5547 1355 5604 omnino
1382 5544 1536 5600 enim
1570 5561 1638 5600 ex
1689 5546 1923 5603 duabus

2011 4571 2094 4623 An
2110 4567 2692 4638 quiairrationabiles
2706 4568 3045 4622 substantiae
3063 4583 3174 4621 non
3192 4571 3439 4635 possunt
3454 4564 3667 4619 habere

2016 4671 2349 4727 personam,
2382 4671 2510 4726 qua:
2541 4654 2754 4710 Christi
2792 4654 3142 4709 vocabulum
3160 4654 3424 4725 excipere
3439 4652 3670 4724 possit?

2016 4753 2218 4808 Nonne
2250 4752 2308 4805 in
2341 4752 2561 4807 sanctis
2594 4752 2935 4807 hominibus
2965 4769 3030 4808 ac
3064 4753 3277 4823 pietate
3335 4748 3673 4821 conspicuis

2020 4846 2254 4911 apertus
2271 4838 2602 4894 Divinitatis
2624 4846 2791 4895 actus
2812 4842 3148 4912 cognoscitu
3160 4840 3222 4894 r?
3234 4839 3393 4894 Nihil
3414 4838 3569 4893 enim
3584 4838 3675 4892 in-

2023 4930 2221 4984 tererit
2239 4944 2341 4982 cur
2362 4944 2475 4982 non
2492 4934 2730 4984 sanctos
2752 4945 2987 4999 quoque
3005 4928 3160 4983 viros
3173 4928 3374 4983 eadem
3423 4926 3675 4997 appella-

2025 5021 2179 5073 tione
2205 5017 2504 5087 dignetur,
2532 5018 2604 5083 si,
2622 5018 2677 5071 in
2695 5018 3100 5087 assumptione
3120 5016 3531 5082 humanitatis,
3559 5031 3672 5068 non

2024 5104 2315 5159 estunain
2340 5105 2753 5174 conjunctione
2777 5121 3041 5176 persona.
3072 5106 3181 5160 Sed
3212 5107 3367 5160 dicat
3411 5104 3677 5168 forsitan,

2026 5193 2157 5248 illos
2172 5209 2403 5265 quoque
2418 5194 2678 5249 Christos
2693 5194 2879 5249 vocari
2901 5210 2913 5247 :
2932 5194 3131 5265 fateor,
3154 5196 3248 5249 sed
3266 5194 3335 5247 ad
3356 5192 3674 5260 imaginem

2027 5282 2569 5346 veriChristi.Quod
2587 5282 2893 5338 sinullaex
2924 5283 3161 5338 homine
3200 5289 3375 5351 atque
3418 5285 3528 5332 Deo
3563 5293 3681 5331 una

2034 5387 2281 5439 persona
2307 5375 2621 5441 conjuncta
2652 5378 2761 5436 est,
2786 5388 2988 5425 omnes
3009 5372 3087 5425 ita
3110 5387 3276 5426 veros
3298 5368 3565 5423 Christos
3589 5382 3676 5419 ar-

2032 5461 2467 5524 bitrabimur,ut
2491 5462 2649 5516 hunc
2672 5460 2769 5533 qui
2794 5478 2860 5515 ex
2878 5460 3114 5530 Virgine
3130 5458 3366 5528 genitus
3387 5455 3676 5511 creditur:

2037 5548 2200 5605 nulla
2222 5550 2443 5620 quippe
2465 5548 2521 5603 iu
2550 5549 2656 5605 hoc
2679 5550 2937 5605 adunata
2959 5562 3208 5618 persona
3226 5550 3335 5615 est,
3360 5561 3427 5600 ex
3472 5542 3572 5598 Dei
3604 5545 3686 5595 at-
