4046 6180
482 153 616 208 1347

475 297 586 350 que
619 279 873 334 hominis
905 279 1311 348 cOpulatione;
1349 280 1497 335 sicut
1531 296 1635 334 nec
1665 280 1723 334 in
1753 280 1835 334 eis
1867 280 1964 349 qui
2019 278 2130 332 Dei

473 368 694 438 Spiritu
709 369 778 423 de
796 374 1039 422 venturo
1053 368 1282 423 Christo
1299 369 2125 440 praedicebant,pr0pterquod

473 459 650 514 etiam
683 460 792 530 ipsi
828 475 1058 530 quoque
1091 459 1365 528 appellati
1399 465 1537 513 sunt
1569 460 1807 514 Christi.
1841 460 1970 514 Jam
1997 475 2126 513 vero

474 547 764 618 sequitur,
790 554 850 601 ut
874 549 1140 618 personis
1159 550 1536 604 manentibus
1554 550 1714 604 nullo
1740 552 1907 603 modo
1926 566 1958 602 a
1979 547 2122 601 divi-

475 638 656 691 nitate
671 636 1007 691 humanitas
1023 637 1294 691 credatur
1336 643 1678 709 assumpta:
1715 637 1954 692 omnino
1969 638 2122 691 enim

477 725 770 792 disjuncta
810 730 970 794 sunt,
1006 742 1131 795 quae
1164 742 1327 796 teque
1362 729 1629 797 personis
1663 728 2004 796 naturisque
2030 742 2124 780 se-

473 818 752 883 parantur
785 830 797 879 ;
834 830 1097 884 prorsus,
1132 814 1399 885 inquam.
1435 817 1732 886 disjuncta
1789 822 1971 883 sunt;
2020 831 2123 870 nec

474 904 661 972 magis
693 901 845 956 inter
870 919 931 956 se
965 902 1233 958 homines
1268 903 1553 974 bovesque
1584 905 1887 975 disjuncti,
1943 919 2119 975 quam

470 989 751 1044 divinitas
783 990 840 1044 in
874 989 1101 1045 Christo
1136 993 1589 1063 humanitasque
1633 993 1881 1049 discreta
1938 997 2040 1058 est,
2073 993 2118 1046 si

472 1093 847 1148 permansere
875 1094 1155 1149 personas.
1176 1081 1449 1136 Homines
1473 1082 1688 1153 quippe
1720 1098 1783 1136 ac
1808 1082 1980 1136 boves
2005 1097 2121 1135 una

466 1165 739 1221 animalis
769 1168 1194 1222 communitate
1218 1169 1589 1238 junguntur:
1653 1175 1743 1225 est
1796 1169 1952 1224 enim
2002 1168 2119 1223 illis

469 1256 794 1310 secundum
826 1273 1013 1327 genus
1044 1259 1366 1313 communis
1395 1260 1745 1326 substantia,
1795 1259 2117 1328 eademque

466 1345 523 1398 in
558 1344 1009 1400 universalitatis
1042 1346 1381 1402 collectione
1397 1355 1624 1403 natura.
1657 1348 1772 1403 Deo
1798 1352 2118 1418 veroatque

469 1432 694 1488 homini
726 1435 862 1504 quid
901 1452 1014 1490 non
1048 1437 1156 1490 erit
1185 1437 1415 1492 diversa
1447 1439 1670 1494 ratione
1729 1438 2114 1509 disjunctum,

474 1523 546 1589 si,
574 1523 684 1577 sub
705 1522 1040 1578 diversitate
1075 1530 1707 1597 naturae,personarum
1727 1543 1964 1597 quoque
1994 1542 2114 1580 cre-

474 1611 646 1665 datur
677 1612 960 1666 mansisse
992 1613 1266 1668 discretio
1291 1615 1317 1666 ‘i
1347 1615 1470 1669 Non
1492 1621 1579 1669 est
1613 1616 1791 1686 igitur
1821 1615 2110 1670 salvatum

470 1699 796 1754 humanum
831 1717 1036 1771 genus,
1069 1702 1225 1756 nulla
1261 1703 1315 1757 in
1354 1721 1460 1758 nos
1492 1704 1652 1758 salus
1685 1704 1896 1759 Christi
1949 1720 2115 1775 gene—
2143 1677 2190 1742 Β

466 1789 692 1844 ratione
726 1791 1033 1859 processit,
1067 1796 1153 1845 tot
1187 1793 1600 1863 prophetarum
1635 1793 1950 1864 Scripturaa
2013 1808 2114 1863 po-

459 1877 668 1948 pulum
703 1877 939 1933 illusere
971 1880 1339 1948 credentem;
1393 1883 1586 1936 omnis
1644 1881 1866 1937 Veteris
1916 1885 2114 1935 Testa-

466 1965 648 2020 menti
681 1973 995 2038 spernatur
1027 1971 1677 2042 auctoritas,perquam
1703 1970 1863 2026 salus
1893 1969 2112 2024 mundo

461 2055 678 2110 Christi
713 2057 1089 2128 generatione
1121 2059 1504 2130 promittitur.
1535 2061 1658 2115 Non
1693 2066 1889 2115 autem
1917 2074 2115 2130 prove-

459 2144 617 2200 nisse
651 2146 1032 2201 manifestum
1065 2152 1176 2213 est,
1205 2149 1252 2202 si
1287 2149 1487 2203 eadem
1521 2149 1579 2204 in
1606 2167 1854 2220 persona
1875 2153 1964 2204 est
1985 2163 2112 2218 quae

455 2233 514 2288 in
539 2235 1114 2291 nzituradiversitas:
1148 2239 1424 2292 eumdem
1457 2240 1676 2309 quippe
1707 2238 1936 2293 salvum
1958 2235 2112 2303 fecit,

459 2340 634 2393 quem
667 2324 929 2380 creditur
959 2326 1358 2396 assumpisse;
1395 2327 1558 2381 nulla
1587 2324 1985 2396 verointelligi
2016 2340 2112 2394 po.

453 2416 569 2466 test
599 2413 949 2483 assumptio,
1010 2413 1056 2468 si
1118 2421 1315 2469 manet
1345 2432 1507 2486 aeque
1557 2422 1778 2471 natura:
1833 2429 2114 2486 personae-

458 2517 571 2571 que
604 2502 902 2558 discretio.
934 2503 1117 2574 Igitur
1147 2503 1245 2573 qui
1281 2507 1504 2558 assumi
1544 2512 1815 2560 manente
1861 2518 2111 2576 persona

457 2606 573 2643 non
608 2591 819 2661 potuit,
853 2592 980 2662 jure
1005 2609 1116 2646 non
1146 2593 1436 2648 videbitur
1468 2610 1570 2665 per
1601 2595 1811 2650 Christi
1863 2612 2107 2666 genera-

454 2677 672 2732 tionem
709 2679 968 2749 potuisse
997 2681 1230 2736 salvari.
1263 2681 1386 2735 Non
1422 2688 1511 2736 est
1543 2682 1744 2753 igitur,
1781 2701 1882 2754 per
1939 2700 2112 2755 gene-

452 2766 736 2822 rationem
771 2769 1008 2834 Christi,
1044 2767 1352 2824 hominum
1383 2771 1604 2826 salvata
1649 2777 1894 2840 natura;
1951 2773 2104 2844 quod

450 2855 604 2910 credi
639 2859 799 2911 nefas
832 2863 939 2912 est.
976 2858 1087 2912 Sed
1124 2875 1464 2930 quanquam
1500 2861 1800 2932 permulta:
1818 2861 1938 2916 sint
1967 2878 2097 2932 quae

451 2944 480 2998 h
493 2961 602 2999 unc
616 2962 856 3000 sensum
873 2948 1222 3018 impugnare
1238 2948 1465 3004 valeant
1496 2957 1671 3020 atque
1718 2951 2104 3022 perfringere,

1765 153 1882 209 AN.
1922 151 2136 209 MANL.
2179 149 2327 208 SEV.
2372 155 2602 210 BOETII

3687 161 3795 228 ίκδ

2237 279 2478 336 tionem.
2505 283 2638 346 Quae
2664 281 2954 336 sententia
2978 297 3090 336 non
3119 282 3314 352 aperte
3333 279 3482 351 quod
3501 280 3610 336 vult
3628 283 3800 355 eloqui-

2224 368 2336 424 tur.
2365 371 2436 426 Ut
2456 377 2651 426 tamen
2674 371 2802 441 ejus
2825 371 3184 426 dementiam
3209 374 3802 441 perscrutemur,aduna-

2234 461 2312 514 tio
2335 461 2450 514 haec
2479 465 2578 515 aut
2602 465 2860 531 tempore
2884 458 3274 531 generationis
3298 460 3443 513 facta
3465 466 3565 523 est,
3587 467 3671 514 aut
3699 471 3807 517 tem-

2233 566 2369 620 pore
2405 550 2872 604 resurrectionis.
2907 550 3018 604 Sed
3068 549 3117 602 si
3169 553 3426 618 tempore
3481 552 3808 618 generationis

2232 639 2381 694 facta
2401 644 2508 708 est,
2532 639 2758 693 videtur
2781 643 2986 710 putare
3007 644 3062 692 et
3079 644 3212 691 ante
3238 637 3648 707 generationem
3671 642 3805 697 fuisse

2229 726 2552 782 humanam
2576 744 2955 795 carnem,non
2981 744 3014 782 a
3037 726 3218 781 Maria
3232 729 3639 795 sumptam,sed
3654 728 3803 800 aliquo

2231 828 2400 882 modo
2416 826 2528 882 alio
2546 831 2928 898 praparatam
2945 825 3214 894 ;Mariam
3230 841 3359 879 vero
3376 825 3649 894 Virginem
3667 844 3802 898 appo-

2227 913 2422 982 sitam,
2443 931 2511 970 ex
2531 932 2649 986 qua
2669 931 2801 970 caro
2825 920 3166 969 nasceretur
3185 930 3310 984 quis
3330 914 3402 968 ab
3424 930 3490 968 ea
3505 921 3805 984 sumptanou

2229 1008 2409 1070 esset;
2429 1003 2588 1059 illam
2604 1020 2734 1059 vero
2749 1020 3008 1071 carnem,
3049 1019 3174 1072 qua
3192 1012 3320 1057 ante
3353 1002 3548 1068 fuerit,
3571 1019 3684 1058 esse
3707 1005 3807 1060 divi-

2227 1109 2349 1146 sam
2382 1097 2559 1164 atque
2590 1110 2622 1148 a
2654 1093 2972 1148 divinitatis
3004 1092 3335 1146 substantia
3353 1097 3688 1162 separatam;
3711 1110 3807 1150 cum

2225 1197 2292 1236 ex
2313 1181 2545 1252 Virgine
2568 1188 2740 1238 natus
2761 1187 2871 1251 est,
2892 1183 2960 1237 ad
2974 1187 3208 1236 unatam
3233 1196 3359 1236 esse
3411 1183 3606 1246 Deo,ut
3628 1200 3725 1237 una
3747 1185 3808 1238 vi-

2224 1272 2459 1326 deretur
2483 1275 2631 1327 facta
2652 1289 2779 1328 esse
2805 1277 3035 1327 natura.
3063 1271 3159 1325 Vel
3185 1271 3236 1326 si
3263 1271 3382 1325 hec
3423 1271 3549 1340 ejus
3580 1273 3811 1326 sententia

2225 1377 2336 1415 non
2362 1368 2470 1428 est,
2496 1361 2596 1416 illa
2616 1377 2744 1416 esse
2765 1362 2981 1432 poterit
3003 1360 3280 1426 dicentis,
3299 1361 3448 1414 duas
3471 1366 3598 1414 ante
3645 1361 3809 1416 aduna-

2223 1449 2462 1518 tionem,
2496 1467 2613 1506 una
2643 1455 2774 1521 post
2803 1448 3249 1517 adunationem,
3284 1449 3328 1504 si
3367 1449 3634 1503 adunatio
3678 1465 3808 1519 gene~

2223 1539 2446 1594 ratione
2471 1539 2725 1610 perfecta
2749 1543 2931 1605 est,ut
2949 1554 3164 1609 corpus
3185 1538 3425 1607 quidem
3460 1554 3492 1591 a
3520 1537 3810 1593 Mariasum—

2225 1628 2423 1697 pserit,
2442 1628 2564 1692 sed,
2580 1631 2890 1696 antequam
2911 1631 3187 1693 sumeret,
3204 1626 3482 1680 diversam
3509 1626 3714 1680 deitatis
3732 1627 3806 1680 hu-

2227 1719 2644 1788 manitatisque
2673 1718 2852 1772 fuisse
2884 1723 3153 1770 naturam
3183 1733 3195 1770 :
3220 1720 3519 1786 sumptam
3544 1731 3804 1771 verounam

2226 1807 2457 1871 factam,
2494 1812 2670 1879 atque
2701 1808 2760 1861 in
2792 1807 3122 1860 divinitatis
3153 1805 3403 1860 cessisse
3452 1805 3805 1859 substantiam.

2223 1897 2384 1961 Quod
2420 1897 2468 1951 si
2499 1896 2650 1952 hanc
2682 1895 3096 1950 adunationem
3132 1911 3246 1949 non
3281 1899 3450 1963 putat
3480 1893 3804 1962 generatione,

2222 1985 2321 2040 sed
2341 1985 2765 2040 resurrectione
2783 1985 3245 2048 factam,rursus
3264 1981 3318 2036 id
3361 1982 3586 2036 duobus
3614 1982 3714 2035 ﬁeri
3743 1999 3806 2034 ar-

2221 2073 2534 2128 bitrabitur
2555 2073 2746 2128 modis
2765 2089 2777 2129 :
2795 2077 2898 2128 aut
2918 2073 3074 2126 enim
3100 2073 3295 2143 genito
3313 2071 3546 2126 Christo
3569 2079 3616 2125 et
3636 2087 3726 2123 non
3751 2086 3808 2123 as-

2220 2167 2490 2218 sumente
2513 2164 2582 2216 de
2612 2162 2792 2219 Maria
2819 2178 3053 2232 corpus,
3087 2165 3190 2215 aut
3220 2164 3530 2230 assumpta
3559 2161 3624 2213 ab
3652 2160 3803 2212 eadem

2220 2266 2418 2316 carne,
2451 2267 2640 2322 usque
2671 2253 2812 2304 dum
2846 2253 3199 2320 resurgeret,
3231 2250 3383 2303 duas
3415 2249 3641 2318 quidem
3669 2247 3802 2300 fuisse

2221 2339 3118 2410 naturas,postresurrectionem
3145 2354 3318 2392 unam
3348 2338 3556 2392 factam
3583 2353 3594 2389 :
3619 2338 3678 2391 de
3703 2337 3800 2405 qui-

2220 2427 2330 2482 bus
2349 2427 2491 2483 illud
2514 2429 2872 2494 diejunotum
2901 2426 3348 2498 nascitur,quod
3375 2424 3802 2496 interrogabiuius

2219 2517 2326 2572 hoc
2351 2519 2552 2573 modo:
2581 2519 2764 2573 Natus
2789 2535 2856 2572 ex
2880 2518 3058 2572 Maria
3079 2517 3343 2572 Christus
3378 2522 3481 2570 aut
3529 2515 3595 2570 ab
3637 2532 3692 2568 ea
3716 2531 3804 2569 car-

2218 2623 2349 2661 nem
2373 2607 2690 2662 humanam
2716 2607 2910 2674 traxit,
2935 2611 3034 2660 aut
3056 2607 3316 2660 minime.
3334 2606 3394 2660 Si
3423 2621 3534 2659 non
3555 2603 3803 2658 conﬁtetur

2217 2711 2284 2750 ex
2306 2713 2372 2751 ea
2391 2697 2658 2765 traxisse,
2683 2697 2838 2752 dicat
2861 2713 2974 2767 quo
2999 2694 3233 2749 homine
3253 2694 3505 2748 indutus
3528 2692 3798 2754 advenerit;

2217 2799 2494 2849 utrumne
2515 2811 2581 2849 eo
2606 2795 2703 2865 qui
2730 2794 3013 2848 diciderat
3038 2791 3514 2863 praevaricatione
3539 2790 3799 2861 peccati,an

2214 2882 2369 2938 alio?
2391 2883 2448 2937 Si
2467 2900 2533 2938 eo
2557 2884 2626 2937 de
2650 2884 2820 2952 cujus
2843 2883 3065 2936 semine
3087 2883 3296 2935 ductus
3320 2887 3416 2936 est
3460 2881 3643 2943 homo,
3671 2891 3798 2949 quem

2214 2972 2425 3026 vestita
2447 2971 2720 3025 divinitas
2744 2975 2832 3025 est
2851 2970 2878 3024 ?
2903 2970 3043 3024 Nam
3065 2969 3113 3024 si
3141 2987 3210 3024 ex
3231 2969 3461 3023 semine
3484 2968 3699 3022 Abrahae
3733 2971 3798 3020 at-

445 3033 1038 3131 d°_§'$9m°ntoru‘n
1072 3041 1266 3092 tamen
1299 3038 1466 3110 copia
1482 3037 1849 3094 δωοίοίθτίω
1870 3039 2088 3094 libasse
2124 3037 2166 3104 C
2202 3076 2316 3130 que
2342 3059 2514 3115 David
2544 3066 2600 3114 et
2616 3065 2912 3131 postremo
2934 3059 3278 3124 Marias,non
3307 3058 3420 3112 fuit
3444 3075 3572 3112 caro
3610 3055 3691 3109 illo
3718 3070 3797 3122 qua

446 3122 722 3178 sufﬁciat.

1085 3233 1323 3289 CAPUT
1380 3238 1448 3290 V.

513 3319 712 3375 Contra
742 3320 1049 3392 Eutychen,
1081 3337 1282 3392 corpus
1315 3323 1524 3378 Christi
1553 3339 1622 3378 ex
1683 3323 1859 3379 Maria
1896 3341 2020 3381 vera

1079 3399 1442 3461 assumptum.

512 3516 960 3571 Transeundum
996 3517 1214 3588 quippe
1246 3525 1335 3573 est
1365 3521 1435 3574 ad
1475 3521 1787 3592 Eutychen,
1827 3522 1928 3594 qui
1955 3538 2087 3576 cum

441 3621 473 3658 a
504 3609 764 3660 veterum
797 3607 1003 3662 orbitis
1043 3613 1199 3662 esset
1249 3616 1547 3677 evagatus,
1609 3611 1666 3664 in
1726 3612 2086 3666 contrarium

440 3693 700 3747 cucurrit
730 3710 983 3749 errorem
1013 3715 1026 3762 ;
1063 3710 1353 3762 asserens,
1388 3703 1618 3752 tantum
1651 3700 1855 3754 abesse
1916 3708 1974 3753 ut
2027 3699 2085 3753 in

438 3781 667 3837 Christo
699 3783 931 3853 gemina
964 3800 1207 3853 persona
1242 3787 1537 3855 credatur,
1572 3792 1634 3842 ut
1691 3804 1761 3842 ne
1818 3794 2083 3843 naturam

438 3869 674 3938 quidem
713 3870 769 3923 in
803 3887 868 3925 co
900 3871 1191 3942 duplicem
1225 3875 1892 3944 oporteatconﬁteri;ita
1914 3877 2084 3947 quip-

435 3972 506 4028 pe
559 3972 690 4011 esse
749 3965 1116 4031 assumptum
1181 3962 1502 4028 hominem,
1563 3967 1629 4017 ut
1684 3980 1751 4018 ea
1819 3965 1895 4018 sit
1951 3968 2088 4018 adu-

434 4044 592 4100 natio
627 4047 778 4100 facta
809 4062 939 4102 cum
974 4048 1110 4113 Deo,
1145 4056 1208 4104 ut
1240 4054 1452 4105 natura
1484 4051 1744 4106 humana
1775 4070 1888 4108 non
1916 4070 2082 4108 man-

433 4133 595 4189 serit.
622 4134 810 4205 Hujus
835 4152 995 4191 error
1017 4154 1086 4192 ex
1106 4140 1306 4194 eodem
1333 4157 1446 4210 quo
1487 4141 1736 4196 Nestorii
1761 4143 1918 4196 fonte
1949 4160 2083 4214 pro-

431 4222 690 4280 labitur:
723 4242 858 4280 nam
892 4227 1366 4284 sicutNestorius
1398 4231 1721 4285 arbitratur
1752 4248 1867 4286 non
1913 4249 2084 4303 posse

433 4326 565 4366 esse
586 4319 860 4368 naturam
887 4315 1202 4385 duplicem,
1225 4317 1366 4387 quin
1388 4336 1634 4390 persona
1655 4319 1817 4374 ﬁeret
1847 4320 2081 4390 duplex,

2199 3153 2372 3204 natus
2396 3154 2503 3219 est,
2528 3150 2798 3204 ostendat
2819 3165 2886 3204 ex
2909 3149 3080 3218 cujus
3103 3147 3365 3202 hominis
3385 3146 3462 3201 sit
3485 3161 3643 3200 carne
3686 3143 3793 3196 deri-

2197 3243 2392 3293 vatus:
2419 3239 2860 3310 quoniam,post
2884 3237 3138 3308 primum
3165 3236 3623 3299 hominem,caro
3643 3230 3790 3287 omnis

2197 3328 2458 3383 humana
2485 3345 2553 3382 ex
2582 3328 2842 3382 humana
2875 3342 3048 3381 carne
3079 3324 3411 3380 deducitur.
3445 3325 3550 3378 Sed
3583 3322 3624 3378 si
3653 3335 3786 3390 quem

2197 3417 2409 3470 dixerit
2441 3417 2808 3483 hominem,a
2830 3431 2943 3486 quo
2959 3414 3256 3486 generatio
3285 3418 3527 3484 sumpta
3550 3412 3620 3466 sit
3643 3409 3795 3464 Salva-

2194 3506 2361 3569 toris,
2387 3511 2592 3576 praeter
2616 3505 2855 3560 Mariam
2881 3504 3206 3575 Virginem,
3232 3507 3287 3557 et
3333 3503 3462 3573 ipse
3493 3517 3666 3557 errore
3692 3513 3792 3551 con-

2194 3593 2479 3659 funditur,
2506 3600 2562 3648 et
2587 3593 2874 3648 ascribere
2901 3592 3189 3646 mendacii
3218 3595 3414 3646 notam
3440 3583 3788 3644 summaeDivi-

2193 3682 2387 3750 nitati,
2419 3681 3104 3752 illususipse,videbitur
3131 3678 3560 3750 ;quandoquod
3595 3674 3788 3730 Abraba

2192 3775 2367 3842 atque
2384 3771 2557 3824 David
2577 3769 3011 3842 promittiturin
3035 3769 3257 3823 sanctis
3280 3765 3763 3828 divinationibus,n

2189 3875 2257 3913 ex
2279 3875 2479 3914 eorum
2498 3858 2724 3912 semine
2747 3857 2848 3912 toti
2875 3858 3095 3912 mundo
3114 3858 3277 3912 salus
3300 3857 3542 3920 oriatur,
3575 3853 3686 3908 aliis
3705 3849 3796 3902 dis-

2189 3949 2396 4002 tribuit
2413 3966 2425 4004 :
2442 3965 2574 4002 cum
2594 3947 2907 4018 praesertim
2934 3947 2981 4000 si
3007 3948 3266 4000 humana
3287 3962 3422 4000 caro
3463 3947 3679 4012 sumpta
3702 3943 3780 3998 est,

2191 4065 2301 4102 non
2320 4047 2390 4102 ab
2412 4047 2525 4101 alio
2542 4046 2695 4102 sumi
2713 4045 3093 4116 potueritnisi
3119 4045 3270 4098 unde
3293 4044 3469 4098 etiam
3504 4037 3780 4114 procreaba-

2190 4142 2303 4190 tur.
2330 4137 2384 4189 Si
2410 4135 2592 4206 igitur
2613 4153 2646 4190 a
2673 4134 2858 4189 Maria
2882 4151 2996 4188 non
3035 4139 3125 4187 est
3155 4138 3463 4203 sumptum
3494 4144 3680 4200 corpus
3707 4125 3783 4178 hu-

2191 4243 2459 4293 manum,
2481 4228 2581 4281 sed
2608 4243 2641 4281 a
2668 4224 2934 4296 quolibet
2954 4223 3091 4292 alio,
3126 4241 3227 4294 per
3258 4224 3499 4280 Mariam
3535 4227 3699 4276 tamen
3715 4229 3760 4269 es

2191 4315 2737 4386 procreatum,quod
2769 4315 2955 4369 fuerat
2980 4312 3459 4383 praevaricatione
3480 4310 3782 4377 corruptum.

432 4404 608 4471 atque
643 4401 794 4468 ideo,
815 4419 945 4457 cum
971 4404 1027 4457 in
1053 4404 1284 4461 Christo
1311 4413 1576 4462 naturam
1601 4409 1892 4480 duplicem
1913 4409 2086 4464 conﬁ-
2121 4402 2166 4466 D
2198 4405 2468 4475 superius
2487 4406 2646 4458 dicto
2670 4403 2974 4475 repellitur
2995 4407 3365 4475 argumento.
3391 4401 3542 4467 Quod
3567 4399 3608 4452 si
3631 4403 3778 4450 noneo

432 4491 676 4553 teretur,
709 4491 1000 4562 duplicem
1036 4494 1280 4549 credidit
1311 4512 1439 4551 esse
1466 4514 1801 4566 personam.
1836 4499 1915 4552 ita
1945 4515 2084 4569 quo-

431 4591 539 4644 que
562 4577 852 4648 Eutyches
868 4596 978 4633 non
997 4587 1224 4652 putavit
1239 4589 1497 4639 naturam
1513 4585 1588 4640 du
1601 4587 1932 4656 plicemesse
1955 4588 2081 4642 sine

428 4663 823 4734 duplicatione
854 4685 1114 4738 personae
1145 4679 1236 4735 get
1260 4689 1392 4726 cum
1419 4690 1536 4728 non
1578 4675 1950 4730 conﬁteretur
1979 4677 2081 4730 du-

425 4751 480 4822 pl
493 4752 635 4806 icem
651 4770 777 4809 esse
793 4773 1000 4825 person
1012 4775 1102 4812 am
1115 4760 1451 4828 ,arbitratus
1471 4769 1558 4818 est
1571 4781 1782 4835 conseq
1795 4781 1938 4820 uens
1951 4782 2078 4820 esse

425 4846 488 4896 ut
523 4858 637 4896 una
667 4844 957 4899 videretur
988 4866 1116 4904 esse
1135 4856 1362 4906 natura.
1387 4855 1585 4923 Itaque
1605 4854 1906 4909 Nestorius
1927 4861 2078 4910 recte

423 4934 628 4984 tenens
662 4932 950 5002 duplicem
976 4935 1033 4989 in
1059 4937 1290 4994 Christo
1319 4958 1446 4996 esse
1480 4947 1772 5011 naturam,
1797 4943 2078 5015 sacrilege

421 5019 731 5074 conﬁtetur
762 5022 908 5077 duas
940 5041 1067 5080 esse
1103 5032 1364 5097 naturas,
1401 5031 1688 5101 Eutyches
1735 5048 1866 5086 vero
1923 5038 2074 5088 recte

419 5110 661 5164 credens
697 5128 870 5165 unam
905 5129 1034 5167 esse
1071 5133 1401 5185 personam,
1440 5120 1617 5189 impie
1648 5122 1833 5174 credit
1889 5139 2066 5177 unam

417 5214 649 5268 quoque
663 5217 789 5255 esse
805 5206 1214 5269 naturam.Qui
1231 5209 1527 5262 convictus
1543 5209 1834 5263 evidentia
1853 5228 2059 5280 rerum,

416 5289 891 5359 quandoquidem
919 5293 1294 5348 manifestum
1329 5303 1416 5350 est
1443 5296 1614 5351 aliam
1647 5305 1911 5354 naturam
1933 5317 2063 5356 esse

413 5374 691 5437 hominis,
718 5377 892 5433 aliam
918 5380 1039 5447 Dei,
1071 5383 1152 5436 ait
1180 5383 1325 5438 duas
1359 5403 1420 5439 se
1451 5386 1711 5440 confiteri
1748 5388 1802 5442 in
1829 5388 2062 5446 Christo

414 5466 655 5517 naturas
688 5471 824 5521 ante
855 5468 1293 5538 adunationem,
1322 5490 1496 5528 unam
1531 5491 1662 5530 vero
1689 5482 1822 5547 post
1844 5478 2062 5534 aduna-

2194 4493 2429 4548 homine
2459 4492 2723 4546 Christus
2757 4492 3000 4546 indutus
3033 4496 3124 4546 est
3155 4491 3259 4561 qui
3294 4506 3400 4560 pro
3433 4485 3628 4560 peccati
3654 4492 3776 4551 paena

2192 4582 2554 4637 sustinuerat
2568 4580 2984 4645 mortem,illud
3000 4580 3320 4644 eveniet,ex
3341 4577 3552 4632 nullius
3579 4564 3774 4627 hominis

2193 4670 2598 4726 seminetalem
2616 4670 2876 4741 potuisse
2893 4669 3178 4738 nasci,qui
3199 4667 3369 4722 fuerit
3391 4668 3513 4722 sine
3536 4653 3772 4730 originalis

2192 4777 2362 4831 pmna
2386 4759 2627 4830 peccati.
2655 4760 2732 4812 Ex
2755 4757 2914 4812 nullo
2933 4757 3113 4829 igitur
3135 4756 3269 4812 talis
3287 4760 3519 4827 sumpta
3555 4755 3629 4805 est
3657 4757 3766 4802 caro.

2191 4849 2343 4903 unde
2373 4849 2434 4902 ﬁt
2459 4852 2518 4902 ut
2538 4847 2763 4902 noviter
2790 4846 3060 4901 videatur
3091 4862 3220 4900 esse
3269 4845 3531 4900 formata.
3562 4837 3650 4893 Sed
3681 4833 3765 4886 hac

2186 4949 2286 4999 aut
2303 4945 2380 4998 ita
2394 4943 2700 4998 hominum
2717 4943 2844 4997 visa
2859 4947 2946 4997 est
2961 4941 3563 5006 oculis,uthumanum
3589 4936 3763 5004 putare-

2185 5039 2529 5103 turcorpus,
2547 5033 2698 5103 quod
2718 5048 2916 5086 revera
2934 5047 3044 5085 non
3063 5033 3566 5090 essethumanum,
3599 5019 3760 5091 quPP°

2181 5123 2334 5192 quod
2359 5121 2503 5176 nulli
2522 5120 2790 5190 originali
2807 5121 3139 5187 subiaceret
3154 5137 3331 5189 paenae
3347 5139 3361 5185 ;
3380 5121 3475 5172 aut
3504 5127 3629 5168 nova
3642 5117 3756 5192 quc:

2179 5213 2312 5264 dam
2338 5227 2490 5271 vera,
2513 5227 2615 5264 nec
2644 5225 2826 5280 pinnae
2851 5209 3069 5277 peccati
3093 5209 3402 5276 subjacens
3425 5197 3679 5287 originalis
3700 5188 3751 5287 ad

2179 5308 2409 5370 tempus
2423 5298 2678 5353 hominis
2695 5302 2906 5352 natura
2924 5298 3172 5353 formata
3184 5297 3359 5351 est.Si
3375 5282 3750 5349 verumhmtlil'titl

2173 5405 2385 5458 corpus
2419 5405 2531 5442 non
2566 5387 2694 5448 fuit,
2728 5393 2924 5455 aperte
2958 5385 3225 5454 arguitur
3252 5383 3484 5441 mentita
3512 5372 3741 5433 divinitas.

2170 5497 2293 5550 qua:
2317 5477 2652 5532 ostenderet
2676 5475 3020 5531 hominibus
3039 5490 3274 5546 corpus,
3296 5473 3442 5546 quod
3464 5483 3579 5525 cum
3593 5469 3740 5516 verum
