4030 6186
178 243 198 293 ι
209 234 308 291 349

1133 239 1337 294 LIBER
1379 240 1468 295 DE
1508 240 1831 295 PERSONA
1871 240 1957 294 ET
1998 240 2280 296 DUABUS
2316 241 2641 297 NATURIS.

3456 246 3592 299 4350

173 379 283 417 non
306 364 483 425 esset,
506 366 631 416 tum
653 359 993 417 fallerentur
1014 362 1071 416 hi
1096 363 1194 434 qui
1218 380 1416 419 verum
1438 381 1566 419 esse
1580 364 1824 418 arbitra-
1856 369 1910 431 Α
1941 365 2062 421 rius
2086 366 2367 438 qualitate
2389 368 2875 440 corrumpitur.Si
2899 369 3033 441 quis
3054 368 3206 424 enim
3233 368 3432 423 vinum
3454 369 3591 424 fun-

172 457 392 506 rentur.
421 452 495 504 At
518 448 566 505 si
591 466 735 505 nova
759 466 1007 520 veraque
1052 469 1165 506 non
1215 469 1283 506 ex
1329 452 1566 507 homine
1598 459 1834 524 sumpta

170 557 303 595 caro
332 541 586 594 formata
616 544 726 606 est,
762 556 878 610 quo
910 544 1073 594 tanta
1103 541 1381 611 tragoedia
1398 542 1836 613 generationis?

174 630 269 684 ubi
303 628 564 682 ambitus
598 628 892 699 passionis
915 628 943 682 ?
974 629 1122 699 Ergo
1154 629 1391 700 quippe,
1420 646 1490 685 ne
1517 632 1573 684 in
1599 631 1834 684 homine

176 717 438 789 quidem,
461 734 575 770 non
602 718 783 771 stulte
805 716 927 770 ﬁeri
954 720 1279 788 puto,quod
1305 718 1591 773 inutiliter
1616 724 1829 773 tactum

171 810 273 860 est.
298 805 378 859 Ad
397 821 578 876 quam
595 821 728 859 vero
745 805 1059 860 utilitatem
1085 808 1233 861 facta
1249 808 1647 877 procreabitur
1670 813 1834 862 tanta

171 894 482 949 humilitas
507 894 863 962 Divinitatis,
897 894 943 949 si
973 894 1169 957 homo.
1201 897 1303 966 qui
1337 897 1529 968 periit,
1588 914 1830 969 genera-

170 986 332 1039 tione
355 999 419 1038 ac
446 984 711 1055 passione
740 983 956 1041 Christi
974 983 1228 1040 salvatus
1250 1002 1363 1040 non
1408 990 1517 1051 est,
1552 988 1829 1057 quoniam

176 1078 430 1143 negatur
458 1078 805 1143 assumptus
827 1074 853 1127 ‘I
888 1073 1113 1129 Rursus
1138 1074 1334 1144 igitur,
1360 1076 1603 1130 sicutab
1626 1077 1829 1131 eodem

172 1164 427 1219 Nestorii
445 1163 605 1217 fonte
620 1162 897 1233 Eutychis
910 1178 1070 1218 error
1084 1164 1436 1236 principium
1451 1168 1728 1236 sumpsit,
1752 1165 1833 1221 ita

172 1254 246 1308 ad
284 1252 557 1307 eumdem
583 1250 759 1306 ﬁnem
786 1252 1089 1319 relabitur,
1111 1255 1511 1308 utsecundum
1535 1254 1830 1325 Eutychen

172 1357 412 1412 quoque
430 1356 542 1394 non
568 1339 946 1394 sitsalvatum
972 1341 1495 1411 genushumanum
1521 1342 1829 1413 :quoniam

173 1447 289 1485 non
320 1430 369 1484 is
394 1428 494 1500 qui
518 1445 664 1499 aeger
688 1434 861 1497 esset,
886 1435 941 1483 et
959 1428 1277 1485 salvatione
1302 1448 1559 1501 curaque
1616 1435 1829 1503 egeret,

173 1522 525 1589 assumptus
546 1523 653 1572 est.
677 1517 942 1572 Traxisse
964 1524 1161 1573 autem
1188 1520 1336 1574 hanc
1363 1521 1714 1574 sententiam
1745 1521 1824 1574 vi-

173 1611 373 1676 detur,
398 1609 448 1663 si
473 1616 664 1663 tamen
691 1608 872 1679 hujus
902 1609 1116 1664 erroris
1146 1610 1273 1675 luit,
1321 1616 1387 1665 ut
1418 1612 1683 1666 cruderet
1716 1628 1827 1665 non

1944 456 2043 509 dat
2059 454 2115 508 in
2134 472 2435 523 mare,non
2454 456 2629 510 mistu
2645 474 2695 509 ω
2713 462 2802 511 est
2827 457 2971 511 mari
2993 458 3213 524 vinum,
3232 458 3402 511 sedin
3443 474 3599 513 utare

1943 546 2529 614 corruptum,idcireo
2554 546 2829 615 quoniam
2857 546 3113 616 qualitas
3134 545 3597 617 aquaz,multita-

1943 634 2077 688 dine
2103 636 2193 688 sui
2222 634 2503 705 corporis,
2539 635 2684 689 nihil
2722 653 2892 705 passa
2926 642 3015 690 est
3050 653 3081 688 a
3114 635 3409 705 qualitate
3452 636 3595 703 vini,

1943 732 2045 785 sed
2074 731 2265 801 potius
2296 733 2355 785 in
2387 733 2644 802 seipsam
2681 734 3157 803 viniqualitatem
3194 734 3426 802 pr0pria
3444 732 3596 787 mul-

1942 819 2196 874 titudine
2227 822 2631 875 commutavit.
2667 820 2725 875 Si
2761 837 2892 875 vero
2927 820 3045 875 sint
3079 822 3403 875 mediocres
3460 821 3599 875 sibi-

1943 925 2055 979 que
2085 909 2359 979 aequales,
2390 910 2474 965 vel
2501 908 2675 981 paulo
2704 909 3291 982 inaequalesinaturm,
3325 926 3451 981 quae
3476 927 3507 964 a
3536 925 3597 965 se

1942 998 2129 1053 facere
2162 1003 2221 1054 et
2251 1002 2370 1070 pati
2406 999 2656 1071 possint,
2689 999 2800 1053 illis
2836 1000 3164 1055 miscentur
3198 1005 3255 1054 et
3286 998 3601 1054 mediocri-

1942 1086 2053 1141 bus
2084 1085 2240 1141 inter
2269 1103 2330 1141 se
2360 1086 2739 1157 qualitatibus
2768 1093 3190 1157 temperantur.
3225 1093 3415 1159 Atque
3476 1087 3597 1142 haec

1941 1176 2178 1247 quidem
2214 1176 2272 1230 in
2326 1177 2689 1247 corporibus,
2748 1193 2936 1247 neque
2995 1177 3088 1231 his
3145 1176 3440 1244 omnibus,
3493 1177 3595 1231 sed

1944 1271 2173 1319 tantum
2207 1282 2334 1336 quae
2369 1283 2401 1320 a
2430 1282 2490 1320 se
2517 1269 2606 1335 (ut
2636 1266 2855 1321 dielum
2892 1268 2996 1337 est)
3024 1276 3077 1321 et
3132 1268 3316 1321 lacere
3365 1270 3421 1320 et
3475 1269 3595 1337 pati

1945 1359 2219 1422 possunt,
2254 1354 2553 1408 communi
2586 1359 2760 1425 atque
2792 1354 2994 1409 eadem
3030 1356 3273 1410 materia
3304 1354 3596 1424 subjecta.

1939 1442 2119 1497 Omne
2150 1443 2304 1497 enim
2339 1460 2551 1514 corpus
2584 1444 2737 1514 quod
2773 1443 2829 1497 in
2865 1444 3239 1513 generatione
3260 1448 3316 1498 et
3345 1459 3587 1514 corrup-

1941 1530 2097 1585 tione
2110 1531 2757 1595 subsistit,communem
2780 1531 3011 1585 videtur
3030 1532 3241 1587 habere
3272 1533 3595 1599 materiam;

1942 1619 2041 1672 sed
2058 1635 2171 1674 non
2188 1636 2359 1674 omne
2375 1621 2445 1674 ab
2462 1619 2821 1685 omni,velin
2843 1619 3025 1685 omni,
3058 1620 3145 1674 vel
3177 1620 3362 1675 facere
3381 1620 3601 1693 aliquid

179 1696 967 1791 fil-issecorpus‘Cbristivere
982 1714 1049 1751 ex
1071 1698 1437 1791 homine,sed
1455 1705 1613 1791 extra
1653 1706 1830 1791 atque
1867 1728 1910 1791 Β
1943 1707 2030 1761 vel
2064 1709 2183 1777 pati
2238 1714 2449 1778 potest.
2486 1708 2777 1779 Corporea
2805 1726 2940 1763 vero
2972 1710 3029 1762 in
3061 1709 3404 1779 incorporea
3433 1708 3597 1763 nulla

174 1786 577 1842 aDeoinccslo
596 1786 1227 1857 formatum;quoniain
1246 1803 1376 1841 cum
1420 1805 1486 1842 eo
1532 1787 1587 1842 in
1622 1787 1832 1842 ccslum

177 1875 447 1932 creditur
478 1874 835 1939 ascendisse,
867 1876 1019 1946 quod
1057 1876 1386 1947 exemplum
1421 1877 1679 1931 continet
1702 1878 1838 1947 tale,

180 1981 302 2020 non
338 1963 605 2018 ascendit
631 1963 687 2018 in
725 1962 961 2028 ccelum,
995 1964 1108 2018 nisi
1141 1964 1238 2035 qui
1262 1965 1333 2021 de
1351 1965 1495 2021 caelo
1518 1965 1837 2023 descendit.

834 2088 1061 2144 CAPUT
1102 2090 1199 2144 VI.

184 2174 344 2244 Quod
368 2192 467 2230 nec
494 2176 760 2231 divinitas
792 2179 854 2231 in
876 2179 1300 2246 humanitatem,
1326 2195 1423 2236 nec
1444 2180 1762 2237 humanitas
1782 2180 1845 2237 in

259 2249 621 2303 divinitatem
650 2252 929 2305 translata
955 2259 1056 2317 est,
1087 2267 1185 2305 nec
1214 2260 1447 2324 utraque
1468 2254 1770 2324 permixta.

260 2354 371 2408 Sed
408 2354 555 2410 satis
588 2356 657 2410 de
689 2372 757 2410 ea
791 2362 951 2427 parte
981 2358 1203 2412 dictum
1257 2358 1504 2425 videtur,
1555 2363 1601 2414 si
1632 2376 1845 2430 corpus

177 2445 344 2515 quod
369 2443 636 2499 Christus
653 2447 973 2516 excepit,ex
997 2447 1183 2502 Maria
1198 2464 1309 2503 non
1335 2450 1846 2504 credaturassum-

182 2540 377 2604 ptum.
412 2531 469 2587 Si
508 2549 637 2588 vero
675 2541 1049 2605 assumptum
1082 2540 1172 2590 est
1204 2553 1271 2591 ex
1309 2538 1483 2592 Maria
1507 2554 1695 2608 neque
1718 2554 1846 2609 per-

190 2622 418 2675 mansit
454 2623 702 2693 perfecta
720 2621 979 2678 humana
998 2623 1308 2695 divinaque
1323 2629 1553 2692 natura,
1578 2626 1632 2680 id
1662 2626 1849 2681 tribus

183 2709 343 2767 efﬁci
368 2710 555 2779 potuit
578 2712 802 2766 modis:
830 2720 926 2766 aut
949 2713 1103 2767 enim
1134 2713 1411 2769 divinitas
1432 2714 1487 2768 in
1518 2716 1849 2770 humanita-

191 2804 317 2855 tem
333 2799 621 2855 translata
638 2806 746 2864 est,
765 2801 1221 2857 authumanitas
1252 2804 1307 2856 in
1331 2802 1718 2872 divinitatem,
1752 2809 1852 2860 aut

191 2893 467 2959 utraeque
482 2888 539 2942 in
554 2906 616 2943 se
635 2889 713 2943 ita
728 2894 841 2943 tem
854 2895 1063 2961 peratze
1079 2892 1761 2963 suntatquecommixtaa,
1792 2899 1853 2947 ut

195 2984 418 3033 neutra
448 2979 780 3034 substantia
810 2980 1105 3051 propriam
1141 2982 1387 3036 formam
1406 2987 1644 3037 teneret.
1666 2982 1852 3039 Sedin

1950 1798 2170 1851 ratione
2186 1798 3092 1869 poteruntpermutari,quoniam
3117 1798 3277 1853 nulla
3295 1796 3599 1853 communi

1950 1887 2190 1941 materia
2223 1889 2490 1957 subjecta
2521 1888 2891 1958 participant,
2921 1904 3047 1958 quae
3080 1888 3371 1957 susceptis
3414 1886 3605 1958 qualio

1948 1975 2172 2030 tatibus
2205 1974 2263 2029 in
2298 1974 2640 2030 alterutram
2676 1982 3080 2046 permutetur:
3110 1976 3302 2031 omnis
3327 1975 3481 2030 enim
3508 1992 3604 2031 na-

1948 2067 2081 2118 tura
2113 2062 2430 2133 incorporea
2465 2063 2805 2118 substantia;
2862 2063 3024 2117 nullo
3086 2064 3348 2119 materias
3394 2063 3606 2119 nititur

1952 2152 2338 2207 fundamento
2369 2178 2382 2218 ;
2416 2151 2644 2207 nullum
2679 2168 2813 2207 vero
2845 2169 3060 2224 corpus
3094 2160 3203 2216 est,
3236 2153 3327 2207 cui
3364 2169 3478 2208 non
3529 2153 3605 2208 sit

1952 2242 2199 2296 materia
2231 2242 2517 2311 subjecta.
2551 2242 2713 2307 Quod
2745 2258 2880 2296 cum
2915 2242 2995 2296 ita
3027 2242 3123 2308 sit,
3156 2258 3409 2312 cumque
3439 2259 3511 2297 ne
3537 2258 3607 2297 ea

1952 2330 2190 2401 quidem
2226 2347 2353 2401 quae
2384 2346 2753 2385 communem
2786 2330 3092 2385 materiam
3126 2331 3469 2386 naturaliter
3498 2330 3606 2386 ha-

1955 2421 2111 2485 bent,
2146 2419 2204 2473 in
2238 2435 2299 2474 se
2333 2423 2657 2486 transeant,
2693 2418 2807 2474 nisi
2837 2420 2956 2475 illis
2988 2418 3145 2474 adsit
3173 2424 3431 2491 potestas
3461 2420 3517 2473 in
3542 2436 3605 2475 se

1954 2522 2012 2572 et
2042 2536 2075 2572 a
2105 2534 2166 2572 se
2198 2517 2447 2572 faciendi
2479 2523 2535 2573 et
2566 2518 2848 2588 patiendi,
2873 2517 3059 2573 multo
3084 2518 3271 2589 magis
3304 2517 3361 2572 in
3396 2535 3458 2574 se
3490 2534 3607 2574 non

1957 2608 2471 2677 permutabuntur,
2506 2608 2722 2677 quibus
2758 2624 2871 2661 non
2909 2608 3081 2663 modo
3114 2608 3440 2663 communis
3498 2623 3621 2662 ma-

1954 2695 2101 2749 teria
2135 2712 2248 2749 non
2281 2699 2391 2759 est,
2424 2696 2523 2749 sed
2557 2711 2691 2749 cum
2722 2694 2839 2750 alia
2862 2712 2951 2750 res
2982 2695 3239 2751 materiae
3264 2696 3619 2751 fundamen-

1958 2789 2018 2839 to
2050 2784 2275 2849 nititur,
2310 2788 2375 2837 ut
2403 2800 2637 2854 corpus,
2670 2782 2784 2838 alia
2806 2783 3045 2838 omnino
3065 2784 3325 2838 materiai
3346 2784 3616 2854 subjecto

1960 2890 2075 2927 non
2100 2872 2802 2943 egeat,utincorporeum.
2827 2871 2951 2928 Non
2976 2872 3156 2943 igitur
3178 2872 3301 2927 ﬁeri
3332 2877 3527 2944 potest
3550 2876 3618 2927 ut

1961 2978 2175 3033 corpus
2193 2960 2619 3031 incorporalem
2638 2961 2892 3031 speciem
2917 2966 3326 3032 permutetur;
3356 2976 3460 3015 nec
3484 2976 3617 3016 vero

192 3068 482 3123 divinitas
506 3067 561 3122 in
579 3048 1007 3125 humanitatem
1030 3070 1314 3125 translata
1350 3076 1461 3139 est,
1497 3071 1709 3126 factum
1742 3075 1846 3136 est,

1970 3050 2092 3106 ﬁeri
2123 3056 2311 3122 potest
2339 3055 2403 3104 ut
2433 3048 2822 3121 incorporalia
2846 3049 2904 3103 in
2930 3066 3058 3105 sese
3079 3049 3491 3104 commistione
3510 3048 3620 3105 ali-

195 3156 361 3230 quod
395 3157 549 3212 credi
577 3158 739 3212 nefas
760 3160 1013 3226 est,utin
1040 3159 1616 3231 humanitatem,non
1642 3160 1858 3216 immu-

194 3245 375 3301 tabili
402 3245 733 3302 substantia
753 3248 1436 3318 permanente,divinitas
1452 3253 1861 3319 verteretur;et

198 3336 363 3407 quod
401 3336 678 3406 possibile
702 3341 877 3407 atque
897 3338 1180 3393 mutabile
1204 3338 1548 3393 naturaliter
1569 3338 1857 3408 existeret,

194 3424 259 3478 id
294 3424 663 3479 immutabile
698 3431 1101 3497 permaneret:
1136 3427 1293 3498 quod
1323 3444 1455 3482 vero
1486 3427 1859 3500 immutabile

188 3518 379 3582 atque
397 3513 768 3583 impossibile
786 3515 1130 3569 naturaliter
1145 3515 1493 3583 creditur,id
1510 3516 1566 3570 in
1589 3533 1710 3571 rem
1736 3532 1837 3571 mu

188 3599 441 3655 tabilem
468 3606 806 3657 verteretur.
832 3602 949 3657 Hoc
967 3603 1146 3675 igitur
1162 3603 1285 3658 fieri
1309 3603 1472 3659 nulla
1494 3604 1863 3660 rationecon-

188 3690 410 3761 tingit;
432 3691 529 3745 sed
549 3690 803 3746 humana
821 3692 1062 3747 forsitan
1082 3692 1361 3748 naturain
1379 3694 1652 3748 deitatem
1672 3694 1860 3749 videa-

182 3785 294 3834 tur
318 3796 448 3835 esse
471 3796 767 3835 conversa.
797 3784 915 3837 Hoc
932 3799 1063 3837 vero
1087 3783 1185 3853 qui
1213 3782 1333 3837 fieri
1364 3786 1577 3854 potest,
1629 3783 1675 3838 si
1706 3782 1857 3838 divi-

193 3868 361 3925 nitas
393 3870 449 3923 in
485 3869 863 3940 generatione
891 3870 1110 3927 Christi
1142 3876 1198 3927 et
1229 3871 1549 3927 humanam
1599 3871 1858 3928 animam

193 3958 467 4028 suscepit
489 3966 545 4013 et
562 3975 773 4030 corpus
792 3960 956 4015 ?Non
981 3961 1138 4015 enim
1164 3961 1358 4015 omnis
1382 3977 1473 4015 res
1498 3961 1555 4015 in
1581 3978 1699 4016 rem
1724 3977 1859 4016 om-

192 4064 341 4102 nem
364 4046 506 4101 verti
535 4064 599 4102 ac
623 4048 1005 4103 transmutari
1030 4055 1246 4119 potest:
1276 4066 1407 4103 nam
1434 4066 1567 4104 cum
1594 4051 1863 4105 substan-

190 4134 442 4189 tiarium
463 4134 589 4189 aliis
616 4134 737 4190 sint
764 4153 1074 4207 corporeae,
1100 4137 1227 4192 aliae
1266 4138 1638 4208 incorporeas,
1676 4154 1860 4209 neque

198 4223 1216 4297 corporeainincorpoream.neque
1261 4227 1601 4297 incorporea
1639 4226 1695 4280 in
1729 4243 1858 4282 eam

190 4328 333 4384 quae
358 4327 569 4383 corpus
592 4319 702 4381 est,
726 4317 971 4369 mutarit
996 4319 1208 4385 potest.
1234 4315 1348 4370 Nec
1364 4330 1497 4369 vero
1523 4316 1860 4387 incorporea

187 4404 264 4458 in
298 4417 363 4456 se
390 4403 635 4457 invicem
674 4404 888 4458 formas
922 4404 1189 4475 proprias
1222 4408 1453 4458 mutant
1481 4419 1493 4457 :
1527 4402 1650 4459 sola
1702 4406 1855 4458 enim

1967 3157 2079 3211 qua
2095 3140 2779 3211 permutentur.Quorum
2794 3138 2949 3194 enim
2965 3136 3298 3194 communis
3318 3137 3480 3193 nulla
3495 3154 3624 3194 ma-

1966 3230 2112 3285 teria
2131 3235 2240 3296 est,
2271 3245 2375 3284 nec
2394 3229 2451 3283 in
2481 3245 2542 3284 se
2565 3229 2710 3284 verti
2735 3244 2802 3283 ac
2821 3228 3137 3299 permutari
3169 3233 3413 3299 queunt.
3448 3227 3620 3283 Nulla

1967 3324 2160 3374 autem
2191 3325 2281 3373 est
2312 3317 2776 3389 incorporalibus
2804 3317 3047 3372 materia
3078 3317 3249 3372 rebus
3278 3335 3292 3372 :
3318 3333 3432 3373 non
3457 3322 3624 3389 pote-

1970 3411 2108 3462 runt
2138 3408 2198 3462 in
2230 3422 2291 3461 se
2323 3407 2503 3478 igitur
2532 3406 2779 3461 invicem
2814 3404 3156 3478 permutari.
3190 3405 3302 3460 Sed
3339 3405 3538 3461 anima
3569 3408 3627 3461 et

1968 3496 2121 3551 Deus
2152 3496 2507 3567 incorporeas
2540 3493 2886 3551 substantiis
2915 3499 3070 3550 recte
3100 3494 3423 3549 creduntur
3449 3509 3462 3548 :
3510 3510 3625 3550 non

1968 3600 2058 3650 est
2086 3593 2268 3666 igitur
2294 3593 2554 3649 humana
2586 3593 2785 3648 anima
2816 3592 2875 3647 in
2904 3592 3293 3662 divinitatem,
3327 3609 3360 3647 a
3382 3608 3499 3664 qua
3529 3608 3626 3647 as-

1970 3688 2207 3754 sumpta
2221 3687 2307 3737 est
2328 3686 2680 3753 permutata.
2701 3682 2861 3746 Quod
2882 3681 2929 3736 si
2950 3697 3136 3751 neque
3149 3697 3387 3752 corpus,
3436 3695 3626 3752 neque

1971 3771 2169 3826 anima
2200 3771 2258 3825 in
2292 3770 2647 3826 divinitatem
2684 3770 2874 3841 potuit
2902 3771 3066 3839 verti,
3100 3769 3260 3825 nullo
3290 3769 3463 3825 modo
3499 3769 3627 3825 fieri

1970 3861 2161 3932 potuit
2182 3866 2247 3916 ut
2270 3861 2610 3915 humanitas
2629 3865 3067 3916 converteretur
3102 3859 3161 3915 in
3200 3860 3405 3915 Deum.
3444 3858 3625 3914 Multo

1971 3951 2167 4005 minus
2189 3966 2324 4005 vero
2348 3950 2504 4004 credi
2527 3953 2717 4019 potest
2738 3955 2801 4004 ut
2844 3954 3090 4022 utraque
3128 3949 3185 4003 in
3218 3964 3348 4004 sese
3377 3949 3629 4004 confun-

1971 4039 2228 4105 deretur,
2260 4038 2535 4110 quoniam
2570 4054 2760 4110 neque
2790 4036 3239 4109 incorporalitas
3272 4037 3524 4093 transire
3556 4038 3627 4092 ad

1969 4144 2183 4199 corpus
2215 4131 2425 4198 potest,
2467 4142 2655 4197 neque
2686 4143 2896 4182 rursus
2928 4143 2956 4181 θ
2988 4141 3268 4182 converso
3309 4141 3524 4197 corpus
3555 4126 3629 4180 ad

1969 4214 2504 4287 ineorporalitatem
2532 4231 2544 4268 :
2579 4215 3052 4285 quandoquidem
3090 4213 3252 4268 nulla
3273 4213 3361 4268 his
3382 4214 3628 4269 materia

1969 4306 2237 4373 subjecta
2265 4304 2603 4358 communis
2635 4308 2744 4370 est,
2782 4320 2907 4374 quae
2941 4302 3241 4357 alterutris
3272 4302 3635 4357 substantia—

1972 4409 2100 4445 rum
2118 4392 2505 4463 qualitatibus
2524 4396 2989 4461 permutetur.At
3010 4391 3065 4444 hi
3088 4391 3169 4445 ita
3191 4391 3357 4445 aiunt
3376 4391 3475 4445 :Ex
3490 4392 3632 4446 dua-

195 4490 425 4547 mutari
458 4450 985 4563 transformarique
1018 4450 1077 4547 iii
1110 4508 1172 4548 se
1205 4497 1615 4563 possunt,qu:e
1647 4493 1864 4549 habent
1894 4450 1938 4515 D
1971 4482 2083 4535 bus
2114 4480 2351 4551 quidem
2388 4480 2613 4535 naturis
2635 4480 2929 4535 Christum
2955 4480 3374 4544 consistere,in
3399 4480 3630 4536 duabus

190 4579 383 4634 unius
400 4579 649 4635 materiae
673 4596 987 4636 commune
1009 4582 1375 4651 subjectum;
1402 4597 1590 4652 neque
1612 4580 1731 4636 haec
1750 4597 1871 4637 om-

192 4668 325 4732 nia,
353 4669 451 4722 sed
472 4684 542 4723 ea
565 4686 694 4740 quae
719 4668 777 4723 in
804 4686 866 4724 se
888 4676 945 4724 et
996 4672 1183 4725 facere
1232 4676 1289 4725 et
1325 4670 1440 4741 pati
1492 4675 1759 4742 possunt.
1805 4670 1865 4726 Id

191 4771 345 4810 vero
361 4756 764 4827 probaturhoc
787 4758 990 4812 modo:
1014 4774 1197 4829 neque
1217 4758 1369 4813 enim
1388 4764 1578 4830 potest
1602 4775 1678 4813 aes
1698 4758 1754 4813 in
1779 4757 1865 4811 la-

201 4844 409 4915 pidem
434 4847 775 4915 permutari,
808 4862 912 4901 nec
932 4860 1063 4901 vero
1086 4847 1236 4901 idem
1262 4864 1337 4901 aes
1362 4849 1417 4902 in
1466 4848 1728 4909 herbam,
1762 4862 1867 4901 nec

200 4933 515 5004 quodlibet
536 4935 691 4989 aliud
711 4951 924 5007 corpus
953 4936 1008 4990 in
1040 4937 1341 5006 quodlibet
1365 4936 1520 4991 aliud
1547 4936 1865 5008 transﬁgu-

200 5022 327 5077 rari
365 5027 574 5093 potest,
611 5025 721 5079 nisi
747 5030 804 5080 et
825 5026 1027 5080 eadem
1048 5025 1125 5079 sit
1175 5027 1418 5079 materia
1470 5042 1661 5078 rerum
1714 5025 1772 5079 in
1806 5040 1867 5079 se

200 5113 798 5183 transeuntium,eta
821 5130 882 5167 se
905 5121 958 5168 et
993 5116 1176 5169 facere
1216 5121 1273 5168 et
1324 5113 1437 5184 pati
1493 5113 1719 5183 possint
1750 5130 1763 5167 :
1804 5119 1869 5167 ut

198 5215 344 5256 cum
361 5199 561 5255 vinum
580 5206 754 5273 atque
768 5219 921 5273 aqua
941 5203 1540 5271 miscentur,utraque
1555 5208 1691 5256 sunt
1710 5202 1864 5271 talia,

199 5305 340 5359 qua:
360 5295 549 5346 actum
580 5292 689 5345 sibi
713 5292 1170 5363 passionemque
1194 5294 1652 5347 communicent.
1672 5291 1866 5346 Potest

197 5377 362 5431 enim
383 5394 548 5449 aquaa
568 5380 824 5451 qualitas
847 5396 879 5435 a
903 5380 1019 5434 vini
1045 5381 1328 5453 qualitate
1353 5380 1572 5451 aliquid
1600 5380 1743 5451 pati,
1775 5385 1866 5435 at-

197 5482 319 5537 que
338 5466 551 5523 idcirco
574 5470 622 5524 si
646 5469 892 5524 multum
916 5471 1153 5540 quidem
1178 5472 1351 5526 fuerit
1375 5487 1560 5541 aquae,
1585 5468 1703 5524 vini
1734 5486 1866 5526 vero

198 5556 537 5628 paululum,
571 5576 688 5615 non
710 5559 1295 5629 dicunturimmista,
1324 5561 1424 5616 sed
1440 5558 1691 5615 alterum
1718 5557 1865 5615 διιο-

1978 4587 2111 4625 vero
2145 4569 2406 4624 minime.
2444 4569 2560 4625 Hoc
2619 4570 2841 4625 scilicet
2898 4570 3292 4636 intendentes,
3350 4570 3629 4639 quoniam

1979 4661 2134 4731 quod
2167 4675 2236 4713 ex
2265 4659 2497 4713 duabus
2529 4659 2801 4714 consistit
2831 4660 2912 4713 ita
2944 4676 3125 4713 unum
3165 4660 3287 4714 fieri
3324 4664 3531 4729 potest,
3565 4662 3633 4715 ut

1974 4747 2075 4803 illa
2106 4764 2173 4801 ex
2204 4748 2417 4818 quibus
2449 4747 2946 4802 diciturconstare
2972 4764 3084 4803 non
3110 4752 3425 4816 maneant;
3452 4747 3633 4804 veluti

1976 4865 2107 4902 cum
2132 4846 2243 4901 mel
2269 4863 2431 4917 aquis
2451 4848 2852 4914 confunditur,
2875 4852 3149 4902 neutrum
3176 4854 3396 4911 manet,
3416 4848 3515 4904 sed
3542 4847 3634 4903 al-

1975 4941 2099 4991 teru
2112 4953 2161 4989 m
2176 4935 2440 5003 ,alterius
2453 4936 2823 5006 copulatione
2840 4952 3006 4991 corru
3020 4941 3181 5006 ptum
3194 4937 3497 5007 .quiddam
3517 4942 3633 4992 ter-

1975 5027 2121 5080 tium
2158 5024 2329 5078 l‘ecit:
2365 5024 2446 5077 ita
2477 5024 2615 5078 illud
2650 5026 2887 5095 quidem
2922 5026 3075 5095 quod
3112 5042 3180 5079 ex
3224 5024 3398 5081 melle
3455 5029 3636 5095 atque

1975 5132 2126 5183 aqua
2156 5115 2396 5167 tertium
2434 5114 2517 5175 iit.
2551 5122 2818 5169 constare
2850 5132 2916 5168 ex
2969 5115 3232 5184 utrisque
3282 5115 3518 5179 dicitur,
3574 5114 3635 5168 in

1980 5203 2242 5272 utrisque
2268 5218 2399 5255 vero
2428 5214 2674 5273 negatur
2699 5219 2711 5256 :
2736 5220 2848 5257 non
2865 5206 3019 5258 enim
3058 5204 3267 5273 poterit
3297 5204 3353 5256 in
3376 5202 3639 5271 utrisque

1975 5292 2507 5361 oonstare,quand0
2530 5298 2914 5363 utrorumque
2938 5299 3147 5346 natura
3170 5309 3283 5346 non
3312 5294 3637 5360 permanet.

1976 5382 2052 5436 Ex
2085 5381 2351 5450 utrisque
2382 5379 2536 5432 enim
2571 5386 2839 5435 constare
2858 5384 3065 5450 potest,
3093 5379 3304 5433 licetea
3326 5396 3393 5433 ex
3417 5378 3635 5448 quibus

1975 5468 2372 5539 coniungitur,
2408 5468 2688 5523 alterutra
2720 5468 2999 5540 qualitate
3030 5470 3313 5536 corrupta
3361 5466 3499 5521 sint.
3550 5467 3632 5522 Ex

1976 5562 2238 5630 utrisque
2258 5573 2391 5613 vero
2416 5556 2754 5626 hujusmodi
2780 5561 3049 5611 constare
3074 5570 3187 5609 non
3215 5554 3447 5624 poterit,
3481 5570 3627 5626 quo-
