4046 6180
467 183 595 235 1351

1062 174 1176 227 ΑΝ.
1221 170 1431 225 MANL.
1475 164 1622 220 SEV.
1666 158 1897 215 BOETII
1938 157 2070 211 LIB.
2114 154 2203 207 DE
2242 153 2535 210 PERSON.
2578 156 2663 209 ET
2704 156 2913 213 DUAB.
2956 156 3274 214 NATURIS.

3677 165 3777 223 l352

462 307 621 363 niam
650 322 717 360 ea
747 320 873 375 qua:
908 301 964 355 in
996 316 1057 354 se
1090 298 1383 351 transfusa
1418 296 1577 358 sunt,
1614 307 1728 345 non
1750 291 2008 350 manent,
2042 297 2108 335 ac
2137 280 2192 345 Α
2223 297 2335 349 que
2360 284 3088 356 permaneant.Hocigitur
3104 286 3375 357 expedito
3395 287 3789 356 equivocationig

465 413 577 451 non
606 399 746 449 sunt
766 397 1015 461 utraque
1044 387 1262 458 quibus
1282 387 1549 438 constare
1571 380 1857 443 videatur,
1884 389 2014 429 cum
2050 388 2117 425 ex

465 485 729 554 utrisque
742 479 1080 536 constentin
1099 492 1157 529 se
1175 474 1417 527 invicem
1436 470 1780 540 qualitatum
1801 462 2118 519 mutatione

468 552 807 630 transfusis.
841 565 1122 623 Catholici
1154 579 1284 618 vero
1320 566 1638 630 utrumque
1694 552 2121 611 rationabiliter

466 664 857 725 conﬁtentur;
886 672 1020 711 nam
1040 660 1095 710 et
1113 670 1181 707 ex
1203 652 1469 721 utrisque
1487 646 1713 703 naturis
1733 644 1809 699 Ch
1823 643 2029 697 ristum
2066 645 2122 694 et

464 755 521 807 in
546 751 811 819 utrisque
832 746 1153 801 consistere
1178 760 1192 809 ;
1218 742 1318 797 sed
1372 740 1426 793 id
1462 754 1577 808 qua
1609 734 1832 789 ratione
1864 733 2121 798 dicatur,

466 840 639 913 paulo
668 838 963 910 posterius
991 832 1324 905 explicabo:
1362 844 1517 883 nunc
1548 825 1673 879 illid
1739 822 2120 877 manifestum

464 910 549 986 est
584 928 909 983 convictam
945 940 1073 979 esse
1104 918 1380 989 Eutychis
1412 915 1764 971 sententiam
1798 928 1863 966 eo
1890 910 2125 965 nomine

469 1018 649 1091 quod,
685 1033 817 1071 cum
850 1014 1040 1068 tribus
1078 1011 1261 1066 modis
1294 1006 1416 1062 ﬁeri
1449 1004 1637 1077 possit
1664 1019 1732 1056 ex
1766 1000 1997 1054 duabus
2024 1015 2123 1052 na-

468 1087 619 1162 turis
654 1124 771 1161 una
807 1103 1116 1165 subsistat,
1146 1105 1211 1153 ut
1242 1101 1343 1152 aut
1373 1093 1655 1150 divinitas
1686 1092 1747 1145 in
1783 1087 2124 1143 humanita-

466 1199 585 1251 tem
620 1193 1017 1258 translatasit,
1042 1185 1566 1244 autbumanitasin
1600 1180 1991 1247 divinitatem,
2026 1193 2129 1248 aut

469 1294 720 1356 utraque
749 1283 1027 1355 permista
1058 1278 1198 1346 sint,
1232 1275 1456 1331 nullum
1489 1273 1703 1327 horum
1738 1268 1974 1323 modum
2000 1266 2128 1327 ﬁeri

470 1374 735 1445 potuisse
754 1370 1026 1443 superius
1042 1368 1198 1423 dicta
1215 1360 1726 1436 argumentatione
1760 1357 2065 1411 declarata
2080 1371 2127 1410 r.

1101 1479 1329 1536 CAPUT
1387 1476 1507 1531 VII.

472 1576 757 1633 Christum
786 1577 845 1629 in
871 1575 1123 1643 utrisque
1141 1577 1191 1625 et
1212 1585 1282 1623 ex
1304 1569 1552 1636 utrisque
1570 1562 1792 1618 naturis
1814 1562 2125 1615 consistere.

550 1684 751 1739 Restat
801 1686 885 1749 ut,
950 1674 1452 1749 quemadmodum
1515 1672 1800 1727 catholica
1834 1669 1977 1723 ﬁdes
2033 1668 2122 1722 di-

482 1777 594 1839 cat,
631 1770 774 1826 etin
812 1769 1078 1838 utrisque
1111 1764 1339 1820 naturis
1369 1763 1667 1817 Christum
1729 1762 1786 1811 et
1839 1772 1905 1811 ex
1948 1756 2125 1810 utris-

480 1877 595 1933 que
626 1859 970 1922 consistere,
1003 1857 1341 1910 doceamus.
1375 1853 1453 1906 Ex
1487 1850 1752 1920 utrisque
1786 1847 2007 1901 naturis
2032 1845 2127 1899 ali-

480 1951 619 2021 quid
682 1949 1022 2014 consistere,
1084 1949 1196 2001 duo
1257 1946 1588 2015 signiﬁcat:
1651 1959 1834 1996 unum
1865 1941 2126 2011 quidem,

478 2056 609 2094 cum
643 2040 724 2093 ita
753 2038 1003 2092 dicimus
1037 2035 1258 2107 aliquid
1292 2052 1355 2089 ex
1392 2035 1622 2088 duabus
1654 2037 1882 2086 naturis
1931 2029 2125 2101 jungi,

479 2128 633 2184 sicut
656 2145 723 2182 ex
748 2126 914 2181 melle
930 2132 1107 2201 atque
1130 2142 1306 2196 aqua.
1340 2124 1398 2177 Id
1425 2129 1617 2177 autem
1643 2126 1734 2177 est
1776 2126 1839 2175 ut
1884 2136 1951 2174 ex
1982 2135 2129 2189 quo-

480 2216 626 2271 libet
657 2218 828 2271 modo
860 2216 1144 2279 confusis,
1178 2213 1264 2267 vel
1298 2214 1345 2267 si
1381 2212 1843 2266 unavertaturin
1862 2212 2130 2277 alteram,

481 2305 568 2359 vel
602 2304 650 2358 si
683 2310 945 2375 utraeque
973 2303 1031 2356 in
1065 2319 1124 2357 se
1159 2302 1516 2356 misceantur
1547 2301 1814 2367 invicem,
1851 2298 2009 2353 nullo
2039 2305 2131 2353 ta-

487 2409 621 2447 men
654 2395 825 2447 modo
859 2400 1105 2463 utraque
1132 2394 1511 2461 permaneant
1547 2407 1559 2443 :
1595 2389 1921 2443 secundum
1974 2388 2132 2441 hunc

488 2483 727 2536 modum
762 2481 1050 2552 Eutyches
1081 2482 1160 2534 ait
1190 2497 1258 2534 ex
1291 2480 1555 2548 utrisque
1588 2476 1811 2532 naturis
1837 2477 2130 2531 Christum

488 2570 830 2626 consistere.
865 2569 1022 2624 Alter
1044 2586 1177 2625 vero
1214 2569 1420 2623 modus
1455 2574 1542 2623 est
1571 2584 1638 2622 ex
1657 2568 1919 2636 utrisque
1941 2566 2133 2620 consi-

489 2660 704 2726 stendi,
737 2660 889 2729 quod
927 2659 1005 2712 ita
1036 2674 1102 2713 ex
1136 2658 1365 2712 duabus
1386 2659 1661 2728 junctum
1695 2662 1803 2725 est,
1830 2661 1893 2709 ut
1919 2656 2020 2710 illa
2048 2659 2131 2709 ta-

489 2763 644 2813 men,
668 2764 736 2802 ex
758 2748 974 2818 quibus
996 2749 1273 2817 junctum
1307 2762 1435 2801 esse
1461 2746 1694 2812 dicitur,
1718 2749 2004 2811 maneant,
2028 2758 2135 2798 nec

498 2837 554 2891 in
581 2836 861 2891 alterutra
883 2839 1205 2901 vertantur,
1237 2842 1295 2890 et
1324 2851 1457 2889 cum
1491 2834 1742 2888 dicimus
1774 2848 2045 2888 coronam
2068 2847 2135 2886 ex

490 2942 633 2981 auro
664 2924 1026 2995 gemmisque
1051 2923 1459 2995 compositam.
1493 2922 1595 2976 Hic
1626 2935 1813 2991 neque
1844 2935 2050 2974 aurum
2076 2917 2134 2972 in

490 3031 751 3087 gemmas
766 3014 1117 3069 translatum
1138 3020 1442 3084 est,neque
1459 3013 1517 3066 in
1537 3027 1747 3066 aurum
1763 3026 1893 3081 gem
1905 3026 2141 3064 macon-

490 3120 679 3171 versa,
702 3105 799 3159 sed
823 3110 1071 3174 utraque
1091 3108 1568 3172 permanent,nec
1589 3104 1829 3156 formam
1848 3100 2138 3170 pr0priam

492 3193 930 3264 derelinquunt.
949 3193 1353 3263 Taliaergo,ex
1372 3191 1667 3261 aliquibus
1697 3188 2048 3254 constantia,
2080 3187 2140 3241 in

494 3282 587 3337 his
609 3293 877 3337 constare
900 3282 1248 3350 dicimus,ex
1266 3281 1479 3352 quibus
1499 3281 1814 3334 consistere
1832 3278 2141 3348 praedican-

495 3375 628 3425 tur:
663 3376 802 3425 tunc
833 3371 988 3426 enim
1020 3387 1337 3440 possumus
1369 3370 1560 3424 dicere
1591 3385 1866 3423 coronam
1897 3366 2139 3437 gemmis

496 3476 748 3527 auroque
762 3460 1112 3515 consistere:
1132 3466 1270 3513 sunt
1283 3460 1435 3513 enim
1452 3474 1695 3529 gemmae
1718 3462 1890 3527 atque
1904 3473 1974 3511 au
1986 3471 2138 3520 rum,

494 3551 708 3620 quibus
739 3568 954 3606 corona
984 3550 1300 3617 consistat;
1340 3566 1470 3604 nam
1504 3550 1559 3602 in
1594 3550 1784 3619 priore
1808 3549 2001 3611 modo,
2022 3564 2135 3602 non

492 3644 583 3693 est
615 3638 728 3693 mel
760 3645 937 3710 atque
969 3655 1119 3708 aqua
1153 3640 1209 3692 in
1242 3638 1457 3707 quibus
1483 3638 1651 3703 illud,
1682 3638 1835 3707 quod
1860 3654 1927 3691 ex
1960 3636 2136 3691 utris-

492 3730 919 3799 quejungitur,
951 3732 1199 3782 constet.
1229 3727 1369 3781 Cum
1405 3726 1585 3796 igitur
1608 3732 1884 3796 utrasque
1901 3741 2136 3780 manere

491 3817 800 3872 naturasin
816 3817 1046 3872 Christo
1063 3816 1206 3869 ﬁdes
1224 3814 1508 3870 catholica
1541 3815 1911 3879 conﬁteatur,
1950 3816 2133 3882 perle-

492 3912 733 3976 ctasque
755 3906 987 3960 easdem
1017 3905 1346 3976 persistere,
1385 3921 1487 3957 nec
1521 3906 1764 3957 alteram
1796 3905 1851 3956 in
1886 3905 2133 3958 alteram

490 3993 1206 4065 transmutari,juredicit
1237 3999 1295 4047 et
1319 3993 1376 4046 in
1414 3993 1676 4062 utrisque
1710 3992 1934 4046 naturis
1971 3993 2132 4046 Chri-

493 4090 738 4154 stum,et
758 4101 825 4140 ex
848 4083 1113 4153 utrisque
1134 4085 1480 4136 consistere:
1506 4079 1563 4134 in
1584 4081 1847 4150 utrisque
1870 4081 2129 4151 quidem,

494 4176 633 4247 quia
653 4178 889 4230 manent
915 4177 1173 4242 utrasque
1199 4188 1297 4236 ;ex
1316 4171 1581 4241 utrisque
1610 4186 1763 4238 vero,
1803 4170 1938 4239 quia
1964 4174 2128 4226 utra-

490 4281 735 4335 rumque
749 4264 858 4317 adu
872 4260 1101 4316 natione
1117 4260 1481 4314 manentium
1501 4276 1616 4312 una
1638 4275 1883 4325 persona
1901 4260 2131 4313 ﬁtChri-

2228 378 2399 442 atque
2422 373 2820 443 ambiguitatis
2840 376 3012 440 nodo,
3036 374 3175 429 nihil
3196 379 3277 430 est
3294 376 3445 430 ultra
3485 378 3619 447 quod
3657 382 3791 445 possit

2230 467 2612 536 opponi,quin
2638 467 2690 520 id
2718 470 2795 524 sit
2815 469 2965 540 quod
3014 469 3185 523 firma
3214 484 3462 538 veraque
3494 469 3619 523 ﬁdes
3645 471 3794 524 catho-

2230 554 2341 611 lica
2358 558 2616 613 continet
2636 559 2942 615 :Eumdem
2966 559 3259 614 Christum
3278 560 3565 613 hominem
3584 575 3691 614 esse
3708 577 3799 631 per-

2234 646 2471 710 fectum,
2503 649 2775 704 eumdem
2814 653 3012 715 Deum,
3048 647 3728 719 eumdemque,quihomo
3750 650 3800 702 sit

2233 737 2525 806 perfectus
2558 742 2735 809 atque
2769 742 2937 804 Deus,
2962 754 3146 792 unum
3180 752 3305 792 esse
3335 736 3515 791 Deum
3538 752 3597 791 ac
3634 735 3717 790 Dei
3741 737 3800 791 Ii-

2233 822 2375 881 lium
2400 846 2415 896 ;
2436 844 2538 882 nec
2559 827 3008 898 quaternitatem
3026 826 3303 881 trinitatis
3327 826 3659 889 astrui,dum
3675 825 3801 879 homo

2236 916 2469 971 additur
2498 932 2677 987 supra
2690 917 3007 987 perfectum
3025 915 3234 982 Deum,
3257 916 3358 969 sed
3379 930 3552 968 unam
3572 913 3805 968 eamdem-

2237 1023 2349 1077 que
2383 1023 2689 1079 personam
2722 1022 3035 1061 numerum
3069 1004 3349 1060 trinitatis
3365 1002 3691 1074 expleremt
3713 1019 3806 1057 cum

2239 1097 2580 1153 humanitas
2602 1113 2777 1167 passa
2798 1095 3054 1165 sit,Deus
3074 1100 3269 1150 tamen
3315 1109 3526 1165 passus
3570 1107 3681 1147 esse
3695 1092 3809 1146 dica-

2240 1194 2366 1254 tur;
2400 1204 2512 1242 non
2543 1186 2698 1257 quod
2730 1185 2861 1256 ipsa
2887 1184 3075 1239 deitas
3105 1183 3446 1238 humanitas
3478 1183 3618 1236 facta
3643 1182 3722 1249 sit,
3739 1184 3807 1235 sed

2240 1276 2393 1345 quod
2429 1293 2463 1330 a
2493 1275 2705 1330 deitate
2738 1273 2913 1328 fuerit
2942 1276 3266 1342 assumpta.
3291 1272 3434 1326 Item
3455 1270 3551 1341 qui
3573 1270 3719 1325 homo
3734 1275 3808 1335 est,

2239 1363 2340 1419 Dei
2369 1364 2524 1419 ﬁlius
2556 1362 2905 1435 appellatur,
2937 1378 3051 1415 non
3072 1359 3405 1415 substantia
3423 1358 3811 1424 divinitatis,sed

2242 1455 2645 1519 humanitatis,
2680 1469 2810 1524 qua:
2840 1458 3036 1508 tamen
3061 1451 3352 1508 divinitati
3376 1448 3813 1505 naturaliuninate

2244 1547 2556 1615 conjuncta
2586 1551 2694 1600 est.
2730 1546 2797 1599 Et
2826 1561 2959 1599 cum
2992 1544 3113 1599 hec
3143 1544 3226 1599 ita
3273 1540 3649 1612 intelligentia
3686 1538 3814 1592 dicer-

2158 1621 2207 1686 B
2240 1638 2458 1692 dantur
2491 1636 3095 1707 permisceanturqus,
3131 1641 3327 1691 tamen
3363 1630 3814 1699 unusidemqueet

2239 1724 2413 1782 homo
2438 1728 2517 1781 sit
2551 1726 2840 1797 perfectus
2864 1730 2920 1779 et
2976 1723 3167 1779 Deus:
3229 1724 3386 1778 Deus
3441 1720 3681 1792 quidem,
3707 1718 3812 1788 quod

2239 1817 2363 1888 ipse
2393 1817 2467 1872 sit
2497 1833 2565 1871 ex
2595 1816 2782 1871 Patris
2813 1815 3143 1869 substantia
3176 1812 3446 1878 genitus;
3506 1810 3662 1865 homo
3706 1823 3813 1872 vero,

2241 1909 2393 1978 quod
2427 1925 2495 1962 ex
2530 1907 2715 1962 Maria
2743 1906 2820 1960 sit
2842 1905 3082 1977 Virgine
3113 1906 3469 1973 procreatus.
3496 1901 3720 1967 Itemque
3750 1896 3813 1966 qui

2241 1999 2436 2065 homo,
2471 1999 2717 2064 Deus,eo
2748 1996 2898 2066 quod
2921 2013 2953 2050 a
2974 1995 3089 2050 Deo
3115 1994 3287 2049 fuerit
3317 1987 3813 2061 assumptus,etqui

2243 2092 2417 2160 Deus,
2458 2092 2649 2159 homo,
2682 2089 2954 2162 quoniam
2987 2087 3236 2143 vestitus
3271 2083 3507 2139 homine
3538 2078 3817 2136 sitzcumin

2243 2183 2446 2238 eadem
2483 2199 2729 2252 persona
2759 2180 2917 2235 aliud
2950 2179 3029 2234 sit
3087 2176 3365 2232 divinitas
3427 2191 3552 2245 qua:
3607 2168 3818 2238 suscepit.

2244 2272 2423 2339 aliud,
2458 2290 2632 2343 quam
2666 2266 3498 2340 suscepit,humanitas;idem
3520 2269 3695 2318 tamen
3715 2265 3818 2314 Deus

2246 2368 2420 2433 atque
2446 2363 2618 2416 homo
2650 2366 2757 2416 est.
2794 2360 2941 2415 Nam
2975 2358 3023 2414 si
3053 2356 3351 2414 hominem
3380 2354 3663 2409 Christum
3700 2346 3818 2402 intel-

2247 2451 2575 2523 ligas,idem
2594 2451 2769 2504 homo
2797 2453 2885 2504 est
2914 2452 3089 2518 atque
3120 2446 3272 2502 Deus
3296 2465 3308 2512 ;
3330 2441 3599 2514 quoniam
3630 2438 3820 2492 homoex

2245 2546 2477 2606 natura,
2503 2542 2654 2594 Deus
2676 2534 3162 2609 assumptione.Si
3197 2551 3329 2589 vero
3362 2539 3543 2589 Deum
3576 2528 3819 2593 intelligas,

2250 2628 2408 2684 idem
2442 2635 2596 2684 Deus
2628 2633 2717 2682 est
2746 2632 2920 2698 atque
2953 2626 3125 2680 homo
3150 2666 3163 2689 ,
3201 2622 3485 2694 quoniam
3518 2615 3820 2673 naturaDeus

2244 2725 2353 2790 est,
2418 2722 2590 2774 homo
2650 2716 3073 2788 assumptione.
3137 2714 3348 2783 Fitque
3423 2713 3480 2765 in
3539 2726 3600 2765 eo
3650 2702 3821 2778 gemina

2252 2816 2461 2865 natura
2476 2810 2822 2882 geminaque
2846 2805 3200 2869 substantia,
3216 2802 3502 2874 quoniam
3525 2800 3679 2853 homo
3694 2800 3821 2849 Deus:

2252 2917 2485 2971 unaque
2520 2897 3110 2969 personas,quoniam
3136 2894 3289 2948 idem
3318 2892 3495 2946 homo
3526 2894 3680 2958 atque
3698 2884 3819 2938 Deus.

2173 2980 2218 3051 (ἶ
2257 2990 2559 3059 Mediaque
2591 2988 2712 3042 haec
2743 2992 2831 3042 est
2861 2987 3009 3040 inter
3040 2985 3185 3039 duas
3214 2982 3469 3037 haereses
3502 2972 3823 3042 via,sicutvir-

2250 3084 2406 3135 tutas
2433 3092 2664 3149 quoque
2697 3076 2953 3130 medium
2987 3076 3205 3128 tenent.
3238 3070 3449 3126 Omnis
3504 3066 3644 3122 enim
3692 3062 3822 3114 virtus

2251 3172 2308 3223 in
2346 3170 2534 3224 medio
2566 3183 2760 3222 rerum
2794 3167 2999 3221 decore
3030 3162 3222 3218 locata
3252 3158 3546 3223 consistit,
3599 3151 3823 3222 siquidem

2250 3263 2336 3319 vel
2360 3262 2534 3326 ultra,
2558 3259 2649 3315 vel
2687 3258 2857 3323 infra,
2888 3270 3061 3326 quam
3096 3251 3413 3325 opotuerit,
3449 3250 3566 3314 ﬁat,
3596 3264 3625 3301 a
3673 3242 3824 3296 virtute

2251 3354 2575 3408 disceditur
2604 3368 2617 3405 :
2644 3347 3015 3405 medietatem
3048 3344 3231 3415 igitur
3268 3342 3462 3396 virtus
3516 3340 3675 3392 tenet.
3718 3333 3823 3396 Quo-

2249 3446 2400 3499 circa
2434 3444 2481 3499 si
2514 3446 2769 3513 quatuor
2801 3439 2923 3493 ἱ)ωο
2955 3452 3144 3506 neque
3173 3433 3328 3489 ultra
3362 3448 3492 3488 esse
3521 3429 3749 3501 possunt,
3784 3420 3824 3471 ut

2248 3538 2305 3591 in
2338 3536 2608 3601 Christo;
2642 3538 2744 3588 aut
2775 3533 2899 3585 duae
2934 3532 3151 3583 natura:
3190 3526 3309 3581 sint
3338 3525 3579 3593 duaeque
3610 3526 3819 3590 persona

2246 3625 2625 3683 utNestorius
2640 3623 2718 3679 ait
2741 3643 2754 3691 ;
2789 3626 2891 3677 aut
2920 3637 3036 3675 una
3057 3633 3307 3690 persona
3332 3629 3559 3686 unaque
3581 3615 3765 3671 natura,
3781 3608 3822 3657 ut

2243 3717 2535 3790 Eutyches
2566 3718 2686 3781 ait;
2723 3716 2824 3767 aut
2867 3712 2994 3765 duae
3025 3712 3267 3775 naturae,
3321 3707 3426 3762 sed
3477 3721 3586 3759 una
3618 3710 3818 3772 persona.

2243 3815 2307 3864 ut
2336 3806 2623 3863 catholica
2642 3804 2786 3859 ﬁdes
2817 3801 3160 3866 credit;aut
3208 3813 3325 3851 una
3384 3800 3587 3851 natura
3639 3793 3815 3857 duaque

2244 3891 2948 3970 personae.Cumqueduas
2974 3888 3209 3959 quidem
3234 3891 3478 3941 naturas
3500 3886 3817 3952 duasqueper-

2240 4006 2417 4044 sonas
2449 3988 2508 4042 in
2542 4003 2611 4041 ea
2642 4002 2765 4055 qua:
2784 3986 2985 4038 contra
3004 3978 3339 4034 Nestorium
3374 3977 3526 4032 dicta
3546 3982 3620 4029 est
3641 3983 3814 4039 respon-

2242 4096 2403 4135 smne
2430 4075 2879 4142 convncerimus,
2902 4087 3074 4125 unam
3096 4084 3229 4123 vero
3258 4082 3566 4139 personam
3594 4070 3815 4128 unamque

2242 4172 2511 4223 naturam
2538 4181 2664 4221 esse
2692 4180 2802 4218 non
2830 4175 3020 4232 posse,
3043 4157 3296 4230 Eutyche
3322 4158 3814 4228 proponente,mons-

2239 4256 2609 4323 traverimus,
2645 4267 2835 4322 neque
2864 4255 2985 4305 tam
3017 4264 3221 4304 amens
3240 4248 3555 4319 quisquam
3583 4244 3810 4323 hucusqut

487 4355 583 4410 sti.
612 4354 733 4409 Non
772 4358 962 4407 autem
998 4350 1324 4405 secundum
1361 4365 1487 4403 eam
1522 4348 2011 4417 signiﬁcationem
2070 4366 2140 4404 ex
2172 4345 2216 4409 D
2250 4345 2560 4411 exstiterit,
2594 4347 2657 4398 ut
2694 4357 2869 4397 unam
2918 4338 2977 4393 in
3031 4353 3097 4392 eo
3147 4340 3419 4391 naturam
3474 4332 3713 4389 crederet,
3746 4318 3812 4375 88d

484 4443 751 4513 utrisque
769 4440 992 4496 naturis
1014 4439 1309 4493 Christum
1325 4442 1597 4507 junctum
1618 4452 1745 4490 esse
1765 4438 1906 4491 ﬁdes
1923 4441 2118 4495 catho-

485 4532 594 4586 lica
608 4529 1116 4597 tenet,secundum
1134 4544 1309 4599 quam
1328 4526 1615 4596 Eutyches
1630 4527 1988 4596 pronuntiat.
2012 4529 2093 4585 Na

486 4619 585 4673 ille
616 4620 790 4674 talem
825 4616 1316 4689 signiﬁcationem
1350 4614 1781 4683 conjunctionis
1808 4630 1875 4668 ex
1891 4622 2138 4690 utraque

492 4713 720 4773 natura,
755 4707 957 4770 sumit,
995 4710 1055 4758 ut
1086 4722 1200 4759 non
1222 4703 1643 4758 conﬁteaturin
1666 4703 1924 4772 utrisque
1944 4709 2141 4763 consi-

492 4801 663 4866 stere,
697 4812 886 4866 neque
920 4801 1200 4863 utrasque
1221 4810 1488 4848 manere:
1513 4792 1836 4848 catholicus
1862 4812 1994 4851 vero
2011 4814 2138 4853 eam

492 4886 985 4957 signiﬁcationem
1019 4902 1087 4938 ex
1120 4884 1381 4953 utrisque
1413 4884 1768 4937 consistendi
1789 4887 1992 4952 sumit,
2012 4904 2139 4957 quas

492 4982 575 5037 illi
610 4980 685 5034 sit
716 4977 1004 5049 proxima,
1038 4991 1283 5045 eamque
1303 4980 1626 5037 conservet,
1647 4990 1773 5044 qua;
1801 4974 1859 5028 in
1877 4978 2142 5048 utrisque

494 5072 811 5128 consistere
869 5067 1199 5122 conﬁtetur.
1258 5065 1634 5135 quuivocum
1692 5064 1872 5134 igitur
1929 5072 2037 5137 est,
2064 5085 2134 5123 ex

496 5164 761 5232 utrisque
779 5160 1187 5223 consistere,ac
1207 5157 1397 5227 potius
1416 5154 1815 5225 amphibolum
1836 5160 1891 5209 et
1911 5158 2144 5227 gemina

496 5252 923 5324 signiﬁcatione
947 5250 1174 5304 diversa
1198 5247 1513 5316 designans
1537 5262 1673 5299 :una
1698 5244 1932 5314 quidem
1958 5248 2145 5318 signi-

495 5344 782 5409 ﬁcatione,
814 5358 930 5396 non
964 5354 1199 5393 manere
1230 5335 1613 5401 substantias,
1648 5350 1715 5388 ex
1750 5335 1966 5404 quibus
2000 5337 2139 5394 illud

496 5433 648 5503 quod
683 5430 1011 5502 copulatem
1047 5431 1135 5483 est
1160 5426 1390 5481 dicatur
1420 5440 1547 5479 esse
1578 5425 1997 5493 conjunctum;
2030 5428 2144 5484 alio

497 5524 670 5577 modo
689 5521 1027 5591 signiﬁcans
1047 5518 1126 5571 ita
1141 5532 1209 5571 ex
1226 5515 1489 5585 utrisque
1503 5516 1631 5583 conj
1644 5520 1979 5584 unctum,ut
1994 5522 2145 5573 utra-

2245 4436 2484 4508 gemina
2512 4449 2639 4489 esse
2672 4445 2985 4502 personas;
3015 4430 3170 4482 resta
3200 4429 3262 4479 ut
3291 4441 3362 4480 ea
3380 4425 3457 4480 sit
3508 4437 3646 4484 vera,
3689 4425 3810 4484 quam

2249 4503 2390 4580 ﬁdes
2419 4521 2704 4578 catholica
2735 4515 3093 4590 pronuntiat,
3133 4513 3431 4585 geminam
3480 4503 3810 4566 substantiam,

2249 4614 2351 4668 sed
2402 4628 2579 4667 unam
2629 4624 2759 4664 esse
2810 4619 3142 4678 personam.
3192 4600 3298 4666 Qui
3351 4617 3482 4656 vero
3528 4594 3676 4670 paulo
3718 4591 3809 4645 ante

2249 4702 2505 4758 diximus
2534 4696 2833 4769 Eutychen
2866 4690 3127 4749 conﬁteri
3160 4691 3307 4745 duas
3328 4688 3552 4760 quidem
3577 4686 3627 4738 in
3647 4678 3807 4738 Christo

2251 4796 2383 4847 ante
2414 4786 2789 4845 adnationem
2813 4787 3078 4845 naturas,
3115 4796 3289 4835 unam
3331 4795 3462 4835 vero
3493 4780 3611 4848 post
3650 4770 3806 4827 aduna-

2250 4883 2493 4949 tionem,
2524 4890 2779 4945 cumque
2809 4872 2966 4927 hunc
2986 4884 3243 4925 errorem
3275 4869 3555 4939 duplicem
3601 4864 3807 4926 interprer

2251 4947 2511 5027 taremur
2535 4967 2721 5021 celare
2769 4959 3145 5023 sententiam,
3196 4962 3260 5012 ut
3308 4957 3425 5011 haec
3472 4950 3705 5010 adunatio
3742 4947 3803 4997 aut

2253 5058 2624 5134 generatione
2658 5054 2837 5117 ﬁeret,
2871 5066 3004 5106 cum
3032 5065 3100 5104 ex
3149 5047 3330 5102 Maria
3378 5059 3573 5114 corpus
3622 5030 3803 5134 homin.“

2255 5127 2498 5206 minime
2519 5146 2870 5209 sumeretur,
2907 5143 3006 5194 aut
3034 5141 3267 5208 sumpto
3328 5135 3550 5207 quidem
3581 5145 3636 5183 ex
3682 5127 3801 5215 Matt!

2256 5257 2356 5313 per
2387 5231 2868 5293 resurrectionem
2903 5228 3063 5282 ﬁeret
3088 5224 3460 5290 adunatio,de
3479 5220 3699 5286 utrisque
3716 5223 3799 5313 qut-

2255 5300 2383 5387 dem
2416 5324 2679 5399 partibus
2724 5321 2950 5382 idonee,
2999 5320 3065 5371 ut
3083 5316 3356 5380 arbitror,
3387 5312 3700 5399 disputatum
3730 5300 3798 5399 est

2253 5386 2819 5488 Nunc‘quaarendum
2840 5413 2929 5462 est
2945 5406 3237 5476 quomodo
3257 5405 3377 5459 ﬁeri
3398 5398 3621 5472 potuerit
3648 5397 3696 5446 ut
3718 5386 3799 5438 ἀυε

2257 5508 2556 5571 naturain
2605 5517 2780 5557 unam
2828 5496 3223 5554 substantiam
3271 5494 3637 5550 miscerentur.
