4030 6186
552 273 692 332 1355

1180 275 1250 333 ΙΝ
1290 276 1559 334 LIBRUM
1599 276 1690 331 DE
1730 273 2008 330 DUABUS
2048 271 2349 328 NATURIS
2389 271 2475 325 ΕΤ
2516 270 2659 325 UNA
2697 268 3022 325 PERSONA
3060 267 3336 324 CHRISTI

3742 279 3845 332 i356

550 408 679 466 tate,
710 404 1020 455 obscuriora
1050 403 1269 469 quidem
1328 404 1569 467 plurimis
1631 401 1745 451 sive
1792 401 2201 451 inductionibus
2231 402 2285 468 Α
2314 399 2442 462 quia
2471 401 2578 446 tam
2640 396 2977 469 philosophis
3033 397 3243 446 ratione
3299 410 3453 469 quam
3505 399 3728 451 catholicis
3773 404 3851 454 ﬁda

552 478 666 526 sive
715 478 1220 527 ratiocinationibus
1282 475 1605 535 ostendere;
1664 476 1845 524 minus
1894 479 2071 521 autem
2103 472 2197 521 ob-

552 562 708 598 scura
738 563 1030 610 paucorum
1069 548 1151 595 vel
1212 547 1581 609 exemplorum
1624 546 1703 594 vel
1759 544 2202 593 enthimematum

552 618 1063 671 commemoratione
1097 620 1324 668 transire
1358 636 1370 679 ;
1407 620 1461 667 in
1494 620 1575 666 his
1612 632 1734 666 vero
1766 630 1886 680 quas
1924 615 2203 663 manifesta

554 698 695 749 sunt,
734 705 891 740 omne
924 692 1456 749 argumentationum
1490 704 1678 745 genus,
1713 694 1765 737 et
1819 688 2027 735 silendo
2076 700 2204 734 con-

556 766 814 817 temnere.
875 767 927 810 et
983 762 1384 811 contemnendo
1439 762 1611 809 silere.
1672 759 1821 817 Quod
1893 763 1945 806 et
1998 755 2204 805 nobiles

557 834 867 897 philosophi
901 834 953 882 in
1006 833 1351 883 facultatibus
1408 831 1520 882 suis
1576 833 1762 881 fecisse
1795 835 2114 879 noscuntur.
2146 830 2199 876 ln

555 906 640 955 bis
671 908 813 956 enim
843 904 901 954 in
933 904 1128 969 quibus
1188 906 1564 968 intelligentia,
1630 904 1917 951 multarum
1971 903 2061 963 qui
2122 900 2203 948 vi-

557 977 717 1027 detur
756 979 1025 1026 rationum
1083 978 1379 1033 conflictus,
1441 975 1746 1034 obducitur,
1806 974 2045 1037 pluribus
2106 972 2203 1020 de-

555 1050 1038 1098 monstrationibus
1069 1050 1431 1111 quaestionum
1483 1052 1658 1108 partes
1688 1046 1995 1106 improbant
2023 1044 2200 1102 falsas,

554 1133 711 1169 veras
742 1120 1085 1169 conﬁrmant.
1121 1122 1177 1169 ln
1230 1120 1333 1168 illis
1381 1132 1507 1167 vero
1564 1119 1617 1165 in
1663 1117 1857 1180 quibus
1887 1114 2203 1179 quaestionis

554 1204 683 1253 pars
714 1192 880 1241 altera
909 1193 1095 1254 paucis
1143 1192 1331 1253 hisque
1393 1190 1636 1247 inﬁrmis,
1687 1190 1772 1236 vix
1827 1201 1857 1235 a
1904 1187 2203 1235 rationibus

553 1268 726 1320 nutat,
759 1264 825 1312 ad
857 1261 1027 1325 ipsius
1057 1262 1364 1318 falsitatem,
1410 1267 1462 1310 et
1519 1260 1739 1308 alterius
1788 1259 2061 1307 veritatem
2108 1258 2201 1305 de-

556 1334 981 1394 monstrandam,
1010 1347 1121 1383 non
1152 1334 1378 1381 multum
1423 1332 1683 1379 laborant.
1742 1329 1795 1378 Si
1848 1333 2022 1378 autem
2070 1342 2200 1376 con-

552 1405 889 1455 tradictionis
916 1420 1037 1469 pars
1077 1408 1245 1454 altera
1275 1405 1423 1453 nulla
1453 1402 1675 1452 omnino
1718 1402 1954 1451 veritatis
2003 1402 2201 1450 habere

551 1478 806 1534 rationes,
840 1477 1070 1540 ideoque
1109 1477 1277 1525 altera
1333 1476 1512 1524 nullus
1573 1488 1728 1537 egere
1785 1473 2017 1529 videtur,
2076 1473 2203 1521 bre-

552 1550 795 1599 vioribus
828 1548 1003 1598 verbis
1059 1563 1120 1598 ea
1176 1562 1295 1611 quas
1358 1548 1423 1596 de
1480 1547 1641 1595 rebus
1696 1544 2023 1606 intelligunt,
2082 1544 2199 1593 sine

556 1619 735 1681 aliqua
766 1618 1143 1683 suppositione
1171 1618 1392 1667 rationis
1449 1621 1762 1678 exponunt;
1812 1621 1866 1664 et
1910 1616 1953 1663 si
1983 1616 2104 1677 quis
2136 1616 2200 1665 de

556 1690 887 1751 hujusmodi,
920 1692 1003 1738 vel
1036 1689 1103 1737 ab
1134 1688 1212 1737 eis
1264 1692 1456 1751 exigat,
1515 1688 1598 1736 vel
1652 1689 1767 1750 ipse
1809 1686 1995 1736 aﬁ'erat
2047 1686 2200 1735 ratio-

2315 474 2461 519 certa
2490 473 2615 518 sunt
2639 482 2757 531 qua:
2784 468 3134 525 demonstrat,
3167 482 3265 517 nec
3298 467 3467 530 novis,
3496 484 3583 519 nec
3630 473 3855 528 decurtatis

2308 539 2391 600 (ut
2422 539 2572 595 solet)
2621 536 2800 585 verbis
2862 550 3011 584 suam
3077 537 3230 599 quasi
3288 538 3463 599 paucis
3515 546 3853 601 cognoscendam

2311 607 2637 657 sententiam
2672 609 2829 663 velat,
2865 608 2957 655 sed
3016 607 3286 671 elegantia
3346 610 3460 673 puri
3516 613 3852 675 apertiqusser.

2308 682 2485 728 monis
2515 694 2626 727 rem
2659 684 2867 728 tractat.

2372 755 2539 801 Amne
2571 755 2618 799 te
2645 752 2873 815 quidem,
2908 750 3032 819 etc.]
3092 752 3379 801 Praemittit
3430 754 3645 817 longam,
3693 758 3736 806 in
3781 775 3853 822 quo

2310 823 2578 872 scribendi
2634 838 2847 873 causam
2906 829 3233 887 modumque
3291 824 3534 879 declarat.
3596 832 3852 891 proemium.

2308 894 2487 943 Movet
2521 901 2698 944 autem
2721 896 3094 951 attentionem,
3130 909 3237 944 non
3265 896 3391 957 quia
3444 911 3569 946 nova
3620 906 3696 948 aut
3731 902 3851 952 incre-

2309 966 2512 1038 dibilia,
2544 968 2633 1015 sed
2663 969 2787 1038 quia
2836 980 3045 1031 magna.
3076 972 3128 1016 et
3186 969 3250 1016 ad
3308 968 3472 1017 Deum
3527 971 3850 1038 universamque

2308 1036 2597 1087 Ecclesiam
2641 1036 2931 1099 pertinere,
2990 1038 3080 1086 illa
3134 1038 3201 1087 de
3248 1037 3445 1102 quibus
3499 1040 3597 1104 agit
3646 1036 3851 1107 signiﬁcat.

2308 1108 2743 1158 Benevolentiam
2775 1122 2902 1157 vero
2938 1108 3005 1157 ab
3044 1110 3468 1158 adversariorum
3522 1125 3722 1173 persona
3760 1131 3853 1165 coin~

2307 1184 2479 1243 parat,
2510 1179 2785 1228 adducens
2816 1193 2908 1229 eos
2937 1179 2995 1229 in
3021 1180 3202 1229 odium
3238 1195 3331 1243 per
3356 1181 3453 1230 hoc
3497 1184 3628 1247 quod
3666 1199 3853 1248 presum-

2306 1252 2545 1314 ptionem
2578 1250 2835 1312 ipsorum,
2870 1249 2996 1299 etin
3029 1250 3484 1314 contemptionem
3513 1268 3597 1316 per
3638 1255 3720 1305 hoc
3754 1262 3851 1320 quod

2307 1319 2643 1369 inscientiam
2685 1321 2996 1369 eorumdem
3044 1327 3443 1371 commemorat.
3490 1325 3529 1372 Α
3580 1339 3663 1374 sua
3704 1319 3850 1391 quoque

2306 1398 2361 1441 ot
2384 1392 2451 1441 ab
2478 1391 2787 1441 auditorum
2815 1406 3046 1454 persona
3108 1394 3530 1444 benevolentiam
3573 1403 3737 1459 captat,
3772 1416 3850 1451 cum

2306 1463 2371 1513 de
2413 1466 2554 1513 iacto
2608 1470 2770 1527 atque
2824 1464 2999 1514 ofﬁcio
3062 1478 3159 1514 suo
3218 1464 3336 1515 sine
3392 1468 3673 1530 arrogantia
3716 1472 3851 1521 faciem

2307 1536 2652 1595 mentionem,
2684 1536 2967 1591 Joannem,
3022 1534 3109 1585 cui
3165 1535 3367 1598 scribit,
3423 1539 3502 1586 sui
3555 1541 3709 1602 Operis
3738 1556 3852 1591 corre-

2305 1611 2528 1665 ctorem,
2590 1611 2642 1655 et
2698 1607 3100 1670 Symmachum,
3157 1608 3241 1656 cui
3304 1607 3445 1657 idem
3502 1622 3626 1671 opus
3675 1613 3849 1665 destinat.

2298 1678 2535 1741 judicem
2560 1680 2895 1727 constituens
2955 1678 3153 1727 laudat.
3216 1677 3314 1728 Ubi
3377 1693 3500 1728 vero
3546 1683 3605 1729 de
3634 1683 3796 1745 quibus,
3818 1692 3850 1733 et

557 1748 674 1819 nes,
708 1761 915 1809 silendo
948 1766 1321 1809 contemnunt.
1354 1748 1511 1817 _Quia
1565 1748 1739 1808 tamen
1771 1760 1990 1820 quidam
2023 1760 2184 1821 impe-

2305 1763 2411 1811 quo
2441 1748 2631 1823 ordine
2662 1750 2787 1812 agit,
2818 1754 3028 1823 aperte”
3050 1754 3103 1797 et
3147 1750 3383 1823 breviter
3434 1754 3670 1814 exponit;
3716 1756 3849 1804 audito-

556 1834 662 1889 riti,
691 1847 864 1896 eoque
897 1835 1065 1896 magis
1096 1848 1150 1881 se
1182 1832 1380 1895 aliquid
1414 1846 1528 1881 esse
1582 1832 1863 1894 jactantes,
1914 1846 2019 1894 quo
2065 1832 2199 1879 nihil

558 1910 704 1967 sunt,
734 1910 921 1954 contra
975 1905 1463 1954 manifestissimam
1523 1904 1767 1963 garriunt
1825 1909 2119 1964 veritatem,
2147 1909 2201 1953 et

556 1980 814 2040 tanquam
843 1977 1164 2025 excellentes
1195 1976 1576 2027 hebdomades.
1610 1980 1664 2023 et
1711 1977 2063 2025 admiratione
2120 1976 2199 2023 di-

556 2064 663 2111 gna
688 2049 971 2112 paradoxa,
1005 2064 1067 2097 ea
1096 2063 1215 2111 quae
1257 2054 1451 2111 praeter
1507 2048 1739 2111 aliquam
1792 2048 2012 2096 rationis
2058 2048 2199 2095 simi-

554 2120 833 2169 litudinem
868 2125 1050 2182 aperte
1099 2121 1233 2168 falsa
1286 2124 1411 2167 sunt
1470 2116 1824 2166 contentiosis
1878 2118 2200 2167 clamoribus

556 2205 797 2241 asserere
828 2192 1085 2253 gestiunt,
1143 2196 1407 2254 coguntur
1466 2190 1773 2252 philosophi
1830 2204 1948 2238 sese
2006 2192 2201 2239 conﬁr-

551 2276 700 2313 mare
760 2263 1036 2326 sophistis,
1094 2267 1146 2312 et
1196 2262 1523 2325 quandoque
1580 2262 1880 2310 rationibus
1938 2262 2196 2323 plurimis,

554 2338 813 2397 tanquam
846 2335 1024 2390 dubia,
1076 2347 1197 2395 qum
1261 2331 1483 2382 omnino
1530 2336 1657 2381 sunt
1709 2332 1931 2381 indubia
1973 2333 2200 2382 demon—

554 2409 742 2453 strare.
774 2406 879 2453 Nec
909 2404 1141 2453 dicenda
1171 2408 1295 2451 sunt
1325 2416 1506 2451 eorum
1563 2403 1627 2451 de
1684 2403 1992 2465 hujusmodi
2038 2419 2198 2466 argu-

1711 2476 1971 2532 Quoniam
2062 2478 2199 2526 sicut

552 2547 887 2609 sapientibus
915 2561 1009 2610 per
1037 2561 1101 2596 ea
1144 2547 1340 2608 quibus
1386 2551 1609 2608 utraque
1659 2560 1783 2607 pars
1828 2547 2199 2597 contradictio-

552 2618 639 2668 nis
678 2619 891 2682 probari
954 2632 1111 2680 posse
1168 2618 1382 2666 videtur
1433 2622 1750 2680 argumenta
1807 2618 2088 2667 afﬁrmatio
2144 2623 2199 2669 et

553 2690 671 2751 ejus
702 2691 912 2753 negatio
944 2690 997 2738 in
1033 2688 1428 2738 dubitationum
1461 2690 1762 2745 adducitur,
1810 2690 1883 2737 sic
1934 2689 2198 2752 insipien-

552 2760 699 2811 tibus
728 2777 823 2825 per
847 2776 1031 2811 eorum
1094 2762 1568 2823 praesumptionem
1621 2761 1710 2823 qui
1770 2760 1868 2809 sibi
1905 2764 2045 2823 apud
2082 2764 2198 2813 illos

550 2479 737 2524 menta
793 2477 1071 2539 nugatoria
1132 2480 1292 2535 atque
1341 2474 1627 2537 superﬂua.

556 2833 928 2883 auctoritatem
975 2832 1309 2896 impudentia
1363 2832 1678 2881 vindicant:
1741 2846 1847 2881 non
1902 2835 2022 2883 dico
2052 2837 2193 2897 quod

552 2906 605 2954 in
640 2904 1030 2954 dubitationem
1063 2906 1249 2953 veniat
1305 2903 1617 2966 propositio,
1668 2904 1928 2967 quoniam
1977 2907 2194 2963 vulgum

550 2977 816 3027 dubitatio
846 2978 1100 3041 praeterit,
1150 2978 1239 3025 sed
1301 2977 1444 3038 quod
1508 2978 1573 3024 ab
1617 2977 1691 3024 eis
1721 2977 1911 3025 falsum
1941 2993 2035 3039 pro
2066 2994 2194 3030 vero

549 3054 603 3098 et
663 3049 996 3113 impossibile
1053 3049 1265 3113 juratur
1326 3062 1420 3111 pro
1478 3050 1797 3096 necessario.
1871 3051 1957 3097 liis
2017 3052 2194 3114 itaque

543 3121 869 3184 rationibus,
898 3122 1096 3185 quibus
1118 3126 1260 3171 certa
1292 3125 1543 3184 tanquam
1576 3119 1741 3169 dubia
1787 3122 1923 3169 serio
1967 3123 2189 3174 demon-
2220 3118 2263 3186 C

544 3199 800 3251 strantur,
835 3194 1013 3243 minus
1043 3192 1268 3242 eruditis
1321 3191 1638 3247 consulitur,
1696 3194 1822 3240 dum
1883 3194 1944 3241 iis
2001 3196 2186 3246 talium

541 3265 823 3315 hominum
857 3266 1157 3313 rationibus
1206 3262 1542 3326 impudentia
1590 3264 1909 3317 retunditur.
1962 3273 2015 3313 et
2053 3282 2189 3327 pras-

544 3338 851 3396 sumptione
912 3340 1224 3397 comparata
1285 3336 1575 3383 auctoritas
1654 3335 1979 3384 aunullatur.
2038 3337 2189 3397 Quod

543 3408 755 3455 Boetius
790 3420 917 3455 sana
948 3405 1296 3455 invisibilium
1348 3404 1447 3454 ﬁde
1491 3405 1802 3461 catholicus,
1835 3421 1960 3456 vera
2012 3423 2188 3460 rerum

546 3478 854 3539 cOgnitione
886 3476 1256 3539 philosophus,
1288 3482 1430 3525 recte
1480 3477 1829 3526 considerans
1876 3494 1996 3541 quas
2045 3488 2189 3532 certa

542 3551 694 3597 erant
723 3548 788 3597 de
821 3549 1023 3597 unitate
1050 3562 1292 3610 personae
1323 3552 1375 3598 et
1419 3548 1727 3597 diversitate
1778 3560 1987 3599 natura;
2040 3552 2185 3602 Chri-

540 3619 627 3675 sti,
665 3618 848 3669 multis
879 3620 1177 3669 rationibus
1211 3620 1618 3675 demonstravit,
1651 3625 1837 3669 contra
1886 3624 2183 3674 Nestorium

541 3691 855 3754 episcopum
887 3697 941 3740 et
980 3691 1384 3757 ἀρχιμανδρίταν.
1434 3691 1667 3749 Quorum
1726 3691 2005 3742 Nestorius
2061 3711 2185 3757 pcr-

544 3776 710 3820 sonie,
755 3762 1020 3826 Eutyches
1072 3777 1198 3811 vero
1262 3767 1467 3810 natura:
1524 3762 1971 3823 significationem
2038 3765 2187 3826 igno-

542 3845 690 3889 rans,
724 3832 856 3881 alter
923 3833 1177 3881 adversus
1238 3833 1479 3888 alterum,
1541 3839 1592 3881 et
1662 3831 1871 3893 utrique
1929 3835 2184 3887 adversus

540 3902 699 3952 ﬁdem
759 3904 1073 3952 catholicam
1132 3909 1184 3953 et
1263 3903 1658 3965 philosophicas
1744 3904 2000 3964 rationes,
2062 3922 2181 3970 quae

538 3972 855 4023 Christianae
914 3976 1034 4023 ﬁdei
1088 3974 1438 4023 fundamento
1520 3976 1585 4022 de
1660 3989 1903 4037 persona:
1979 3981 2181 4030 unitate

536 4048 589 4093 et
624 4050 935 4094 naturarum
967 4046 1020 4093 in
1064 4045 1270 4093 Christo
1329 4044 1639 4094 diversitate
1690 4048 1950 4105 nituntur,
2002 4048 2183 4114 impu-

534 4116 844 4166 dentissime
873 4116 1202 4180 garriebant.
1234 4116 1513 4165 Nestorius
1544 4118 1705 4175 enim,
1740 4132 1845 4167 non
1878 4120 2179 4181 intelligens

533 4187 728 4252 quibus
754 4187 1055 4237 rationibus
1083 4188 1182 4236 hoc
1212 4201 1408 4236 nomen
1456 4188 1597 4250 quod
1648 4193 1730 4237 est
1786 4203 2017 4251 persona
2064 4196 2178 4243 cui-

531 4260 664 4309 libet
694 4260 921 4309 inditum
954 4262 1038 4316 sit,
1085 4260 1351 4308 Cliris'um
1400 4274 1461 4309 ex
1512 4261 1719 4309 duabus
1764 4268 2009 4313 constare
2057 4280 2177 4323 per-

532 4333 681 4381 sonis
712 4331 1087 4381 mentiebatur.
1124 4331 1391 4395 Eutyclies
1439 4346 1563 4380 vero
1614 4332 1667 4380 in
1714 4333 1923 4381 Christo
1963 4343 2176 4388 natura-

532 4416 649 4451 rum
686 4402 1067 4458 diversitatem,
1099 4409 1377 4466 postquam
1410 4404 1637 4453 Verbum
1671 4418 1791 4453 caro
1844 4406 2041 4456 factum
2076 4415 2170 4465 est,

2309 1832 2418 1867 rem
2451 1820 2677 1868 docilem
2735 1819 2928 1868 reddit.
2992 1820 3168 1868 Causa
3228 1821 3496 1870 scribendi
3556 1825 3658 1871 talis
3702 1830 3775 1873 est.
3813 1828 3848 1873 la

2307 1890 2540 1952 quodam
2599 1891 2827 1938 concilio
2880 1891 2963 1938 cui
3016 1889 3232 1939 Boetius
3290 1897 3449 1954 atque
3502 1893 3707 1943 Joannes
3747 1896 3848 1944 inter-

2306 1966 2479 2019 erant,
2522 1975 2642 2010 cum
2703 1963 2840 2010 lecta
2897 1967 3037 2009 esset
3092 1963 3375 2024 cujusdam
3434 1963 3652 2028 episcopi
3698 1968 3847 2027 epistola

2304 2033 2591 2081 continens
2622 2034 2867 2081 haeresim
2912 2033 3319 2096 Eutychianam,
3370 2049 3591 2098 cumque
3641 2042 3849 2086 contentio-

2303 2104 2375 2151 sis
2404 2104 2749 2167 confusisque
2806 2104 3129 2153 clamoribus
3186 2104 3507 2169 Eutycbiani
3563 2114 3698 2170 atque
3731 2110 3848 2156 catho-

2301 2174 2388 2224 lici
2420 2177 2675 2224 adversus
2732 2189 2787 2223 se
2840 2176 3254 2238 disceptassent,
3314 2176 3535 2227 Boetius
3572 2179 3791 2241 Joannem,
3814 2188 3847 2228 ut

2301 2246 2367 2295 de
2395 2245 2479 2294 bis
2509 2260 2630 2309 qum
2658 2245 2941 2295 audierant
2975 2261 3095 2296 cum
3128 2249 3245 2310 ipso
3280 2249 3569 2305 conferret,
3593 2249 3668 2299 die
3704 2252 3769 2299 ilio
3790 2251 3846 2298 diu

2300 2324 2353 2366 et
2386 2323 2505 2380 post.
2539 2318 2743 2366 diutius
2773 2320 3124 2380 exspectavit.
3162 2319 3267 2367 Sed
3329 2329 3463 2369 tunc
3505 2322 3648 2378 illius,
3686 2328 3846 2383 postmoc

2300 2390 2426 2438 dum
2460 2403 2584 2437 vero
2616 2389 2727 2437 suis
2760 2390 2991 2451 negotiis
3026 2390 3467 2452 impedientibus,
3517 2394 3623 2455 ejus
3664 2392 3846 2454 colloquio

2301 2459 2403 2509 frui
2438 2461 2748 2508 nullatenus
2780 2461 2995 2522 potuit;
3028 2465 3080 2508 et
3110 2462 3309 2509 idcirco
3341 2476 3462 2524 qum
3492 2464 3651 2512 verbis
3688 2477 3846 2525 presens

2302 2531 2567 2587 voluerat,
2600 2529 2794 2579 litteris
2824 2531 3022 2579 absens
3051 2529 3359 2594 signiﬁcare
3404 2533 3619 2581 curavit.
3659 2533 3773 2592 Quod
3804 2536 3846 2581 ili

2304 2600 2413 2651 ait:
2446 2602 2615 2650 Anxie
2641 2607 2690 2650 te
2720 2601 2953 2662 quidem,
2986 2602 3243 2651 desiderit
3274 2604 3543 2664 passione,
3574 2604 3738 2667 diuque
3761 2611 3847 2653 tem-

2302 2673 2450 2736 poris
2476 2672 2811 2735 longitudine
2840 2671 3091 2728 sustinui,
3122 2672 3177 2721 id
3209 2678 3288 2721 est
3322 2674 3465 2735 longi
3495 2674 3712 2724 desiderii
3747 2679 3845 2738 quasi

2302 2746 2442 2794 fasce
2471 2749 2726 2809 gravatus
2760 2746 3063 2807 exspectavi
3101 2750 3170 2802 te,
3204 2745 3303 2795 hac
3336 2748 3519 2810 utique
3546 2762 3699 2803 causa,
3724 2754 3844 2810 atego

2302 2823 2356 2865 et
2386 2823 2438 2864 tu
2470 2816 2625 2864 simul
2658 2817 2796 2864 inter
2829 2830 2926 2863 nos
2956 2817 3301 2878 loqueremur
3331 2818 3398 2866 de
3428 2833 3510 2873 ea,
3537 2832 3643 2881 quia
3676 2833 3756 2867 non
3779 2825 3844 2865 tam

2302 2888 2441 2935 inter
2475 2885 2746 2948 sapientes
2780 2886 3144 2949 pugnantibus
3174 2894 3364 2937 contra
3395 2903 3451 2937 se
3497 2891 3745 2938 rationibus
3767 2902 3843 2935 iure

2301 2965 2397 3014 est,
2428 2974 2587 3023 quam
2620 2962 2760 3008 inter
2785 2958 3099 3022 insipientes
3152 2964 3466 3011 eorumdem
3513 2964 3725 3027 Opinione
3756 2977 3845 3026 prae-

2301 3037 2382 3080 ter
2417 3032 2645 3095 aliquem
2677 3031 2944 3079 rationum
2978 3031 3283 3080 conﬂictum
3337 3034 3544 3091 dicitur,
3595 3037 3841 3098 quastione:

2300 3118 2420 3164 qua:
2447 3104 2799 3165 quorumdam
2831 3104 2896 3150 de
2929 3116 2983 3150 se
3019 3106 3483 3166 praesumentium,
3514 3120 3610 3167 quo
3653 3105 3730 3153 sibi
3752 3106 3840 3167 apud

2301 3173 2493 3221 idiotas
2525 3172 2803 3221 vindicant
2835 3174 3223 3231 auctoritatem,
3256 3174 3401 3225 fastu
3432 3183 3569 3225 mota
3596 3179 3728 3225 estin
3767 3188 3843 3222 coa-

2299 3250 2482 3293 ventu.

2362 3316 2467 3363 Sed
2519 3316 2783 3379 quoniam,
2830 3314 2953 3381 etc.]
3011 3315 3205 3374 Quasi:
3264 3316 3339 3367 Ut
3395 3320 3460 3367 de
3514 3318 3757 3383 quastione
3796 3316 3838 3362 1ο·
3918 3360 3919 3371 η

2298 3400 2604 3449 queremur,
2654 3392 2705 3436 te
2765 3386 2982 3449 quidem
3045 3387 3301 3437 sustinui.
3364 3391 3464 3439 Sed
3525 3398 3575 3440 et
3626 3398 3727 3439 tunc
3768 3394 3840 3449 post

2298 3460 2750 3522 exspectationem
2783 3472 2955 3507 meam
2988 3472 3096 3507 non
3127 3474 3315 3509 sumus
3350 3462 3527 3511 locuti.
3580 3462 3687 3511 Nam
3725 3468 3764 3508 ta
3790 3473 3838 3505 ος·
3914 3450 3917 3522 ξ

2296 3532 2580 3593 cupatione
2640 3535 2853 3579 tuorum
2913 3530 3253 3594 negotiorum
3314 3533 3592 3583 distractus
3642 3530 3836 3591 es;etad

2296 3615 2533 3663 praesens
2565 3614 2674 3650 non
2710 3601 3007 3662 poterimus
3037 3602 3284 3663 colloqui,
3316 3607 3565 3667 quoniam
3594 3619 3674 3667 ego
3698 3614 3834 3666 quoque

2294 3674 2349 3723 in
2383 3676 2690 3731 crastinum,
2726 3674 2777 3722 id
2806 3679 2884 3723 est
2914 3677 2965 3723 in
3019 3676 3282 3739 futurum,
3338 3679 3637 3740 implicabor
3682 3686 3834 3736 negotiis

2294 3746 2357 3794 ad
2390 3746 2711 3807 agenduma
2758 3759 2840 3793 me
2898 3748 3221 3794 constitutis.
3272 3748 3534 3806 Quoniam
3588 3763 3690 3812 ergo
3731 3760 3832 3794 OtCU'

2293 3818 2507 3879 potione
2539 3821 2629 3865 tua
2662 3831 2767 3864 non
2814 3819 3105 3879 potuimus,
3141 3832 3259 3867 mea
3319 3834 3427 3868 non
3486 3824 3730 3883 poterimus
3772 3822 3828 3862 na-

2290 3889 2415 3937 bere
2473 3888 2633 3938 ferias
2690 3891 2829 3938 inter
2886 3904 2985 3938 nos
3046 3892 3409 3954 colloquendi,
3474 3894 3648 3942 absens
3703 3889 3830 3940 mando

2291 3961 2387 4010 tibi
2423 3962 2613 4010 litteris
2642 3975 2761 4024 quas
2809 3961 2875 4010 de
2941 3962 3026 4010 illa
3079 3964 3381 4024 quaestione
3438 3978 3605 4014 coram
3652 3974 3828 4026 presens.

2288 4033 2491 4081 scilicet
2553 4034 2804 4095 praesenti
2863 4033 3151 4095 loquenda,
3212 4041 3366 4084 tuum
3418 4038 3479 4085 ad
3529 4050 3601 4085 me
3628 4038 3826 4083 adventum

2288 4105 2648 4167 exspectando
2684 4117 3037 4152 servaveram.
3082 4104 3143 4152 Et
3200 4119 3320 4168 quae
3386 4110 3490 4156 sint
3544 4109 3624 4156 illa
3670 4116 3827 4153 rumine-

2289 4182 2458 4224 morat
2491 4173 2710 4224 dicens:
2742 4174 3030 4223 Meministi
3056 4175 3220 4235 enim,
3254 4185 3314 4225 ut
3355 4187 3500 4241 puto,
3556 4191 3655 4227 cum
3695 4176 3825 4235 episto-

2286 4246 2332 4295 la
2385 4248 2621 4309 episcopi
2682 4248 2950 4309 legeretur
3012 4245 3066 4294 in
3127 4247 3377 4304 concilio,
3436 4250 3679 4298 recitatum
3725 4253 3823 4291 esse:

2285 4317 2666 4381 Eutychianos,
2725 4317 2778 4365 id
2841 4323 2922 4366 est
2995 4317 3248 4380 Eutycbis
3327 4327 3601 4369 sectatores
3657 4310 3819 4366 conﬁteri

2281 4393 2544 4441 Christum
2591 4392 2885 4439 consistere
2943 4404 3006 4438 ex
3060 4394 3267 4440 naturis
3322 4399 3447 4441 ante
3498 4388 3817 4442 incarnationem

531 4478 585 4522 et
616 4473 876 4522 habitavit
906 4474 962 4523 in
995 4462 1167 4530 nobis,
1195 4462 1419 4523 omnino
1452 4477 1696 4536 negabat.
1743 4476 1813 4524 De
1858 4462 2169 4529 naturarum

2292 4463 2520 4518 duabus;
2556 4472 2755 4522 negare
2795 4465 2973 4508 autem
3022 4466 3141 4522 post
3194 4462 3604 4511 incarnationem
3641 4462 3815 4508 consiste-

529 4550 706 4593 autem
739 4546 1045 4594 diversitate
1087 4545 1363 4594 Nestorius
1420 4552 1604 4595 contra
1653 4545 1946 4609 Eutychen,
1997 4557 2049 4599 et
2100 4553 2165 4600 de

525 4628 772 4676 personas
832 4618 1031 4665 unitate
1089 4621 1276 4665 contra
1332 4616 1633 4665 Nestorium
1699 4617 1985 4679 Eutyches,
2057 4634 2165 4670 non

524 4689 652 4739 tam,
688 4690 746 4734 ut
775 4685 1004 4742 videtur,
1036 4686 1261 4736 rationis
1290 4693 1432 4736 motu
1466 4701 1626 4750 quam
1658 4692 1862 4738 natura:
1892 4704 2014 4739 casu
2042 4706 2167 4742 vera

522 4755 930 4817 proﬁtebantur.
961 4759 1197 4815 Qualiter
1230 4760 1560 4807 somniantes
1614 4773 1757 4821 saepe
1816 4761 1954 4809 inter
2000 4762 2167 4824 pluri-

522 4838 609 4874 ma
640 4839 759 4888 quas
784 4828 1022 4877 confusis
1080 4829 1336 4892 loquendi
1393 4831 1672 4878 elementis
1727 4830 2049 4887 balbutiunt,
2111 4834 2164 4883 in

521 4900 700 4961 aliqua
732 4899 969 4949 veritatis
1004 4903 1165 4951 verba
1198 4903 1312 4951 sine
1344 4916 1504 4951 sensu
1548 4903 1744 4952 mentis
1791 4918 1900 4953 suos
1944 4907 2163 4955 omnino

518 4969 857 5021 inarticulata
915 4974 1144 5035 quadam
1202 4972 1254 5020 vi
1313 4978 1517 5022 natura;
1575 4980 1952 5038 prorumpunt.
2001 4977 2163 5026 Recte

518 5043 647 5102 (non
681 5048 737 5091 ut
764 5042 1102 5104 sapientibus
1131 5045 1444 5107 quaestionis
1492 5045 1718 5105 alicujus
1762 5052 1952 5109 purget
2000 5050 2164 5097 ambi-

514 5127 702 5176 gnum,
736 5114 828 5162 sed
862 5120 919 5163 ut
949 5128 978 5163 a
1004 5115 1334 5178 simplicibus
1366 5117 1736 5165 auctoritatem
1791 5132 1851 5165 ac
1908 5132 2004 5179 per
2060 5118 2161 5167 hoc

514 5201 748 5236 errorem
786 5192 1060 5236 removeat
1089 5188 1529 5250 prmsumentium
1583 5202 1647 5237 ea
1696 5202 1815 5251 quas
1877 5189 1942 5238 de
1980 5190 2161 5239 diver-

512 5261 670 5308 sitate
706 5272 1059 5323 personarum
1084 5264 1137 5309 et
1166 5264 1372 5308 natura:
1418 5261 1622 5308 unitate
1680 5260 1733 5308 in
1790 5260 2001 5309 Christo
2054 5261 2159 5310 Ne-

510 5331 710 5380 storius
741 5334 793 5379 et
820 5329 1088 5392 Eutyches
1114 5343 1222 5378 non
1260 5329 1487 5378 rationis
1515 5331 1741 5392 alicujus
1772 5331 1946 5393 specie
1978 5330 2152 5393 tracti,

508 5402 603 5451 sed
662 5401 771 5451 sola
822 5402 1243 5464 praesumptione
1304 5400 1559 5463 corrupti,
1638 5402 1839 5465 ingenii
1899 5402 2154 5464 opinione

506 5474 734 5537 decepti,
794 5477 975 5534 aperte
1032 5471 1163 5521 falsa
1220 5470 1415 5527 dicere,
1475 5476 1527 5520 et
1580 5474 1723 5531 quod
1783 5475 2153 5536 impudentius

506 5551 604 5599 est.
628 5543 858 5593 scribere
895 5557 1000 5592 non
1039 5544 1390 5603 erubuerunt)
1443 5542 1654 5592 Boetius
1706 5543 1871 5593 ﬁrmis
1925 5550 1977 5593 et
2036 5560 2153 5593 ma-

502 5616 711 5667 nifestis
741 5614 1041 5664 rationibus
1072 5615 1358 5677 improbat,
1407 5618 1459 5663 et
1510 5614 1920 5664 ecclesiasticam
1969 5616 2146 5675 ﬁdem,

503 5701 623 5751 quas
656 5685 798 5734 inter
826 5686 923 5734 has
959 5686 1092 5734 duas
1156 5686 1386 5734 haereses
1442 5686 1617 5733 media
1669 5690 1767 5740 est,
1828 5692 1891 5734 de
1942 5687 2147 5737 unitate

499 5770 746 5821 personas
777 5759 833 5805 at
860 5757 1170 5807 diversitate
1204 5761 1410 5805 natura:
1460 5756 1653 5806 Christi
1704 5756 2001 5807 conﬁrmat.
2065 5760 2147 5808 Di-

500 5828 626 5892 rigit
662 5830 841 5881 autem
902 5828 1006 5881 hoc
1054 5842 1189 5894 opus
1234 5828 1431 5880 Joanni
1484 5828 1724 5883 Romano
1775 5830 2024 5885 diacono.
2079 5830 2147 5887 Et

2278 4548 2333 4584 re
2369 4536 2422 4583 in
2468 4534 2713 4592 duabus;
2773 4532 3061 4581 catholicos
3119 4547 3241 4582 vero
3305 4537 3513 4599 utrique
3561 4536 3675 4582 dicto
3716 4532 3813 4577 ﬁdem

2278 4608 2552 4656 adhibere.
2583 4607 2713 4655 Nam
2745 4610 2798 4654 et
2827 4606 3073 4655 conﬁteri
3132 4620 3255 4655 eum
3322 4622 3387 4657 ex
3446 4609 3630 4656 duabus
3655 4603 3813 4653 antein-

2275 4680 2677 4736 caruationem;
2708 4681 2760 4726 et
2782 4676 3079 4740 aequaliter,
3110 4678 3212 4728 hoc
3267 4686 3350 4730 est
3408 4680 3631 4729 similiter
3666 4678 3705 4725 in
3728 4680 3810 4721 dua-

2271 4753 2373 4802 bus
2430 4756 2549 4815 post
2603 4751 3030 4801 incarnationem
3105 4753 3312 4803 naturis
3391 4755 3651 4803 consistere
3707 4746 3837 4807 Μεθ’

2270 4828 2431 4877 credi.

2336 4899 2497 4962 Cujus
2525 4896 2667 4954 dicti,
2698 4897 2824 4961 etc.]
2874 4897 3073 4955 Quasi:
3126 4898 3429 4949 Rccitutum
3484 4904 3555 4948 est
3602 4888 3801 4962 Eutychu-

2268 4982 2367 5017 nos
2405 4960 2654 5017 conﬁteri
2711 4966 2977 5015 Christum
3024 4981 3085 5017 ex
3138 4968 3367 5025 duabus,
3424 4982 3526 5017 non
3574 4967 3616 5014 in
3662 4960 3798 5010 detha!

2268 5040 2476 5090 naturis
2506 5040 2819 5090 consistere.
2882 5041 3045 5104 Cujus
3102 5041 3228 5090 dicti
3290 5042 3508 5105 profana
3536 5038 3795 5090 novitates?

2268 5127 2570 5176 percussus,
2627 5113 2679 5159 id
2739 5117 2818 5160 est
2871 5118 3127 5175 tanquam
3203 5112 3523 5175 impactione
3587 5110 3792 5178 subitanei.

2269 5183 2431 5232 animi
2462 5183 2709 5245 passione
2767 5190 3086 5241 commotus,
3143 5186 3496 5247 inquirebam,
3528 5182 3615 5229 hoc
3658 5180 3714 5225 est
3750 5184 3791 5217 w-

2263 5256 2473 5318 quirere
2505 5254 2644 5315 ccepi
2676 5252 2806 5301 mihi
2864 5259 3121 5317 tanquam
3186 5254 3307 5304 aliis
3364 5258 3589 5318 loquens,
3614 5253 3655 5299 et
3682 5255 3788 5302 meIP'

2262 5340 2378 5376 sum
2411 5327 2765 5388 interrogans,
2809 5324 3136 5374 differentias
3186 5326 3375 5375 harum
3432 5319 3784 5387 conjunctione.

2261 5398 2314 5447 id
2345 5401 2425 5445 est
2485 5396 2931 5458 compositionum
2987 5410 3162 5446 rerum
3221 5396 3568 5447 naturalium:
3610 5401 3699 5454 quis
3738 5396 3781 5425 τι·

2259 5470 2451 5518 delicet
2508 5465 2919 5530 conjunctiones
2976 5469 3110 5517 tales
3160 5473 3354 5526 essent,
3412 5467 3541 5531 quod
3583 5461 3778 5531 conjuncta

2258 5541 2621 5593 consisterent
2678 5555 2743 5590 ex
2802 5541 3013 5591 duabus
3071 5544 3293 5599 naturis,
3351 5544 3423 5592 ita
3474 5540 3594 5605 quod
3641 5538 3775 5606 non.la

2257 5617 2500 5665 duobus:
2531 5627 2652 5676 quas
2689 5612 2840 5669 tales,
2870 5614 3013 5677 quod
3045 5613 3120 5664 ita
3150 5629 3213 5664 ex
3260 5615 3479 5669 duabus,
3528 5606 3641 5673 quod
3674 5608 3773 5679 etiam

2254 5690 2307 5736 in
2336 5687 2561 5735 duabus.
2588 5684 2697 5734 Nec
2743 5685 2857 5734 sine
2914 5700 3074 5735 causa
3127 5687 3223 5737 has
3267 5684 3572 5736 differentias
3614 5680 3772 5747 inquit?

2254 5761 2395 5810 bam.
2427 5760 2502 5809 Ad
2535 5759 2632 5805 has
2656 5755 2800 5807 enim
2825 5755 3196 5822 inquirendas,
3254 5758 3493 5823 episcopi,
3530 5751 3603 5816 qui
3645 5747 3769 5823 regis:

2256 5832 2452 5885 tamin
2512 5830 2782 5882 conventu
2837 5816 3122 5894 epistolam
3184 5816 3481 5897 scripserat,
3551 5816 3769 5875 auctam!“
