4030 6186
111 264 246 318 1357

1178 262 1499 319 GILBERTI
1538 258 1880 317 PORRETE
1920 262 2452 323 COMMENTARIA.

3376 279 3514 334 i358

107 388 418 454 compulsus
452 401 587 438 sum.
623 388 787 438 Batus
816 389 1023 440 scilicet
1054 389 1281 439 multum
1314 389 1538 446 referre,
1570 386 1623 436 id
1655 389 1755 445 est,
1786 388 1840 454 Α
1870 392 2019 439 tuere
2048 390 2209 452 fores,
2242 391 2295 441 id
2321 396 2402 442 est
2431 407 2529 443 nec
2574 393 2863 447 multitudo
2924 410 3024 448 nec
3080 402 3370 453 auctoritas
3426 419 3515 456 ca-

107 464 337 513 multum
368 460 499 510 utile
531 474 665 516 esse,
698 473 795 511 nec
851 460 1010 511 inerti
1070 460 1396 521 negligentia
1426 463 1757 521 praetereun-

109 536 258 584 dum.
283 534 479 592 Quasi:
514 531 614 581 Sed
648 531 817 580 multa
841 533 1004 580 animi
1037 531 1315 594 vigilantia
1372 529 1761 579 attendendum

109 607 163 655 id
190 606 332 669 quod
365 602 668 666 episcopus.
701 602 894 660 Quasi:
954 602 1119 665 Cujus
1176 600 1447 651 sententia
1499 605 1606 648 tam
1666 614 1763 648 au-

109 675 357 727 ctoritate
388 688 548 739 quam
606 674 813 722 ratione
868 674 1021 723 firma
1080 672 1502 723 controversiam
1546 685 1760 721 omnem

109 748 381 804 decidere,
455 750 507 796 et
588 745 1066 795 deliberationibus
1148 744 1445 793 certissima
1526 743 1762 792 dictione

107 822 273 870 tinem
328 818 657 868 constituere
721 816 913 865 debeat
965 819 1190 879 scriptor
1247 816 1509 878 epistolas.
1567 814 1760 871 Quasi:

106 893 209 951 Qui
244 905 352 940 non
388 889 674 937 subitaneo
728 887 894 937 animi
954 894 1097 938 motu
1155 886 1210 935 in
1262 887 1572 935 transitoria
1604 887 1765 935 verba

109 967 448 1027 prorumpat,
488 961 579 1009 sed
624 960 1015 1022 circumspecto
1072 959 1294 1008 rationis
1341 956 1619 1006 intellectu
1675 957 1767 1020 ju-

109 1036 313 1087 dicium
374 1031 586 1097 pagina:
646 1045 862 1094 semper
910 1045 1176 1080 mansuras
1226 1032 1586 1086 commendet,
1648 1034 1765 1077 tan-

108 1121 278 1171 quam
311 1105 462 1154 valde
494 1104 878 1161 necessarium,
912 1110 964 1152 et
1020 1103 1085 1151 ad
1148 1102 1544 1165 conjunctiunis
1606 1100 1767 1163 hujus

108 1181 379 1229 rationem
436 1175 841 1239 intelligendam
912 1176 1239 1238 praecipuum
1327 1174 1602 1237 praeterire
1676 1188 1767 1223 no-

108 1251 324 1300 luisset.
1638 1251 1643 1257 ‘

177 1322 275 1371 llic
301 1319 487 1375 omnis,
522 1317 648 1384 etc.]
679 1318 875 1377 Quasi:
938 1316 1234 1367 Recitatum
1290 1320 1371 1365 est
1427 1317 1480 1365 in
1538 1317 1766 1366 concilio

112 1393 478 1458 Eutychianos
508 1392 748 1440 conﬁteri
783 1389 1055 1440 Christum
1097 1388 1394 1439 consistere
1444 1403 1507 1437 ex
1556 1388 1769 1437 duabus

112 1466 345 1521 naturis,
369 1477 480 1513 non
516 1461 571 1511 in
606 1463 851 1511 duabus:
886 1462 991 1518 hic,
1022 1462 1073 1510 id
1107 1465 1187 1510 est
1216 1465 1344 1509 tunc
1378 1474 1499 1509 cum
1535 1459 1638 1509 hoc
1692 1474 1769 1509 re-

112 1538 340 1588 citatum
378 1539 537 1590 esset,
573 1548 761 1583 omnes
792 1537 1031 1595 strepere
1061 1536 1358 1595 cceperunt,
1392 1531 1444 1579 id
1497 1536 1574 1579 est
1632 1534 1768 1579 stre-

109 1608 316 1673 pebant
350 1607 465 1669 ipso
497 1605 739 1667 corporis
765 1610 932 1664 motu,
969 1608 1227 1653 testantes
1258 1604 1602 1666 praecipitata:
1626 1616 1769 1651 meu-

114 1683 187 1732 tis
217 1678 506 1736 insaniam,
540 1684 591 1727 et
614 1676 836 1726 confuso
894 1676 1121 1725 clamore
1183 1676 1422 1723 dicentes
1460 1687 1473 1723 :
1530 1680 1766 1735 apertam

1870 461 2082 510 tholicis
2112 465 2596 514 contradicentium
2655 468 2882 531 obstitit,
2934 474 2989 518 et
3050 470 3127 521 sic
3180 474 3377 525 veritas
3433 491 3517 527 ca-

1871 532 2084 583 tholica:
2116 534 2489 609 confessionis,
2527 537 2657 585 mihi
2689 541 2974 601 quaerenti.
3010 542 3111 591 hoc
3174 550 3272 603 est,
3307 551 3520 609 aperuit

1871 620 2059 655 omnes
2092 608 2331 666 nebulas;
2365 609 2416 656 id
2450 614 2531 658 est
2578 610 2932 661 obscuritates
2984 615 3302 676 Eutychiani
3347 608 3517 670 ferro-

1872 678 1961 756 ris.
1990 677 2242 728 Veritatis
2273 681 2413 728 enim
2468 695 2563 756 per
2618 680 2856 731 rationes
2915 684 3295 750 manifestatio,
3354 690 3516 756 Euty-

1872 748 1989 798 cbis
2015 756 2064 799 et
2106 757 2427 801 sectatorum
2482 752 2598 816 ejus
2654 768 2909 812 errorem,
2974 763 3027 807 et
3083 748 3291 810 erroris?
3332 748 3520 814 causas

1873 823 2123 871 ostendit.
2160 822 2331 882 Unde,
2364 824 2414 872 id
2449 830 2529 873 est
2559 839 2625 874 et
2668 838 2772 888 qua
2828 828 3069 877 veritatis
3125 832 3515 885 catholicorum

1874 897 1927 940 et
1958 894 2150 942 erroris
2210 894 2666 957 Eutychianorum
2714 897 3024 948 inventione
3080 904 3305 954 maxime
3351 906 3520 957 subiit

1873 962 2026 1024 mihi,
2054 965 2103 1013 id
2168 973 2247 1013 est
2296 980 2414 1015 meo
2472 967 2653 1016 animo
2714 968 2827 1017 sine
2889 973 3347 1032 prmmeditatione
3398 980 3519 1029 sub-

1874 1035 2062 1097 repsit,
2094 1035 2343 1085 admirari
2375 1052 2624 1100 quaenam
2655 1045 2793 1088 esset
2820 1040 2948 1097 haec,
2978 1041 3031 1091 id
3082 1050 3163 1093 est
3220 1051 3367 1097 tanta
3423 1065 3516 1099 au-

1875 1106 2029 1154 ducia
2061 1107 2334 1155 hominum
2368 1109 2722 1166 indoctorum,
2755 1110 2845 1172 qui
2896 1112 3084 1163 vitium
3134 1130 3244 1165 sua:
3292 1120 3515 1170 inscitiae

1875 1182 2205 1253 conarentur
2265 1177 2553 1253 obducere,
2615 1181 2666 1229 id
2726 1187 2805 1231 est
2856 1186 3121 1235 occultare
3189 1190 3332 1239 nube
3388 1205 3517 1253 prae-

1876 1249 2198 1325 sumptionis
2254 1256 2413 1325 atque
2469 1252 2833 1325 impudentiae,
2894 1255 2996 1304 hoc
3069 1263 3149 1307 est
3214 1249 3517 1325 impudenti

1876 1322 2313 1385 praesumptione.
2377 1322 2561 1372 Cordis
2626 1323 2769 1373 enim
2832 1326 3056 1378 elatione
3111 1330 3176 1379 de
3232 1322 3317 1381 his
3373 1334 3519 1383 intus

1878 1399 2215 1467 praesumunt
2244 1399 2297 1443 et
2325 1395 2672 1444 immoderata
2699 1398 2844 1445 vocis
2872 1403 2925 1446 et
2977 1401 3220 1463 corporis
3274 1418 3521 1467 pronun-

1879 1464 2102 1515 tiatione
2136 1467 2263 1515 foris
2312 1468 2653 1524 impudenter
2703 1472 2999 1531 ostentant,
3058 1485 3177 1536 quae
3234 1464 3519 1537 nesciunt;

1878 1536 2330 1611 u‘ndeadjungit:
2364 1538 2494 1586 Cum
2517 1551 2659 1600 saepe
2683 1552 2792 1587 non
2822 1543 2981 1589 modo
3013 1543 3264 1604 ignorent
3293 1546 3344 1595 id
3377 1536 3520 1611 quod

1880 1609 1944 1657 ab
1992 1608 2109 1657 aliis
2162 1615 2517 1672 pr0ponatur,
2568 1623 2751 1658 verum
2808 1612 2860 1658 in
2919 1612 3225 1674 hujusmodl
3276 1608 3524 1668 clamosis

1881 1681 2339 1751 contentionibus,
2370 1679 2566 1742 quibus
2596 1679 2760 1729 dictio
2791 1682 3045 1745 dictione,
3076 1685 3305 1749 ideoque
3364 1690 3524 1751 signi.

114 1767 237 1804 ⁸⁵³⁸
269 1752 411 1825 huic
462 1748 843 1825 fliﬂereutiemv
866 1753 977 1825 fl:
1019 1751 1162 1825 Γθείθ
1221 1747 1423 1825 ἀίει,οΨ
1455 1760 1518 1794 ει
1544 1747 1769 1825 ά-υειδμε,
1805 1750 1850 1816 Β
1880 1750 2057 1825 ticatio
2089 1752 2475 1825 signiﬁcatione
2506 1752 2875 1810 confunditur,
2907 1768 2973 1804 ne
3003 1756 3056 1805 id
3100 1747 3317 1821 quidem
3380 1747 3521 1825 quod

116 1838 231 1874 non
264 1825 318 1871 in
351 1822 561 1872 duabus
596 1818 805 1869 naturis
859 1818 1128 1868 Christum
1192 1816 1504 1874 consistere,
1536 1822 1590 1866 et
1636 1818 1771 1868 adeo

120 1899 373 1959 apertum
406 1906 559 1942 esse:
601 1893 743 1955 quod
803 1904 921 1939 cum
984 1889 1037 1938 in
1097 1890 1303 1939 caeteris
1354 1887 1532 1952 aliqua
1585 1894 1773 1951 aperta

119 1970 253 2025 sint,
284 1966 469 2029 aliqua
500 1978 629 2023 non,
654 1964 708 2013 in
737 1978 801 2012 ea
830 1967 970 2025 (quae
1002 1962 1087 2011 his
1139 1960 1317 2010 verbis
1375 1960 1775 2021 signiﬁcabatur

118 2038 445 2093 diﬂ'erentia,
479 2035 678 2099 quibus
708 2034 1003 2091 dicebatur,
1036 2048 1101 2082 ex
1149 2033 1358 2081 duabus
1406 2044 1514 2080 non
1560 2031 1615 2079 in
1646 2032 1774 2080 dua-

116 2111 245 2169 bus)
307 2122 407 2158 nec
459 2108 617 2156 etiam
675 2106 987 2169 quidquam,
1050 2104 1250 2154 nedum
1310 2103 1602 2165 plurimum
1660 2117 1775 2153 esse

118 2182 390 2244 caliginis,
422 2179 471 2228 id
499 2183 580 2229 est
639 2176 1003 2239 obscuritatis,
1038 2176 1394 2235 inconditum,
1449 2174 1592 2237 quod
1634 2175 1776 2225 nulla

119 2256 337 2305 ratione
392 2256 618 2316 pateret,
670 2250 1063 2313 confusumque
1120 2250 1264 2313 quod
1318 2248 1499 2311 aliqua
1570 2250 1776 2298 ratione

122 2342 265 2385 esse,
300 2324 484 2390 aliqua
513 2338 622 2374 non
655 2338 791 2382 esse,
824 2325 1117 2373 videretur.

186 2403 289 2451 Nec
318 2400 470 2461 ullus,
504 2398 629 2462 etc.]
687 2398 882 2456 Quasi:
933 2398 1191 2460 Apertam
1251 2411 1367 2447 esse
1421 2396 1775 2446 differentiam

122 2487 317 2524 omnes
342 2470 684 2531 clamabant;
732 2484 831 2518 nec
886 2469 1027 2518 ullus
1086 2470 1341 2517 inventus
1392 2474 1474 2517 est
1520 2470 1572 2517 in
1631 2474 1778 2518 tanto

124 2547 248 2595 sine
274 2544 482 2593 ratione
508 2540 860 2605 garrientium
896 2540 1145 2595 tumultu,
1204 2540 1296 2603 qui
1354 2540 1457 2595 vel,
1499 2541 1659 2589 etiam
1712 2540 1780 2588 le-

123 2620 284 2673 viter,
319 2614 548 2677 alicujus
578 2613 805 2662 rationis
860 2613 1243 2674 imaginatione
1304 2614 1587 2673 attingeret
1638 2625 1780 2671 qure-

128 2688 388 2746 stionem,
448 2684 648 2733 nedum
710 2683 799 2746 qui
850 2682 1115 2732 divisione
1172 2680 1542 2744 multiplicium
1619 2697 1782 2743 expe-

128 2758 301 2809 diret.
356 2756 676 2805 Assederam
741 2768 837 2817 ego
892 2753 948 2803 in
1018 2754 1108 2802 illo
1188 2759 1456 2802 conventu
1515 2752 1563 2802 ei
1621 2768 1781 2816 quem

123 2830 362 2881 maxime
401 2824 601 2877 intueri
652 2826 947 2889 cupiebam,
1006 2824 1346 2889 Symmacho,
1406 2824 1498 2873 sed
1548 2824 1780 2887 longius,

123 2904 176 2951 id
230 2906 315 2949 est
370 2899 595 2949 multum
651 2898 824 2961 longe,
884 2904 1043 2960 atque
1100 2897 1166 2946 ab
1216 2911 1279 2945 eo
1326 2911 1578 2946 aversus:
1638 2899 1781 2960 quod

125 2972 439 3032 intelligere
477 2975 648 3032 potes,
680 2969 722 3017 si
755 2968 1053 3017 recorderis
1100 2969 1259 3016 situm
1306 2967 1361 3015 in
1393 2966 1484 3017 illo
1514 2974 1780 3017 conventu

125 3044 459 3097 sedentium,
493 3041 847 3102 pluribusque
878 3038 1020 3089 inter
1050 3053 1133 3088 me
1166 3044 1220 3088 et
1266 3039 1414 3088 illum
1466 3039 1782 3088 sedentibus

1879 1824 1978 1885 ipsi
2008 1823 2301 1886 loquantur
2330 1824 2649 1886 intelligant.

1941 1895 2113 1955 Quasi,
2173 1894 2299 1957 etc.]
2356 1894 2503 1944 Sicut
2560 1895 2757 1945 dictum
2818 1902 2915 1950 est.
2977 1904 3416 1965 praesumptionis
3475 1908 3527 1955 et

1879 1965 2228 2027 impudentiae
2260 1966 2401 2014 nube
2432 1966 2619 2014 vitium
2680 1966 2905 2018 inscitia:
2960 1984 3071 2019 sure
3132 1979 3398 2023 conantur
3434 1976 3525 2025 ob-

1881 2038 2270 2097 ducere,quasi
2303 2052 2411 2087 non
2469 2037 2559 2086 ﬁat
2616 2038 2849 2089 deterior
2908 2055 3069 2090 causa
3119 2045 3362 2101 inscitiae,
3396 2047 3522 2097 dum

1881 2110 1997 2181 ipsa
2022 2109 2234 2181 inscitia
2270 2107 2488 2181 tegitur.
2522 2108 2753 2172 Simplex
2780 2113 2978 2160 etenim
3036 2127 3199 2163 causa
3243 2122 3322 2166 est
3351 2118 3527 2181 quod-

1881 2180 2011 2229 libet
2058 2179 2363 2242 ignorandi,
2419 2181 2621 2251 proprii
2683 2182 3010 2245 negligentia
3067 2186 3266 2235 studii:
3326 2179 3526 2251 duplex

1880 2265 2011 2300 vero
2038 2254 2119 2299 est
2148 2251 2373 2313 ideoque
2405 2250 2660 2323 deterior,
2720 2266 2839 2301 cum
2898 2256 3132 2318 propria
3182 2250 3524 2323 negligentia;

1884 2324 2098 2374 additur
2128 2322 2685 2397 con‘temptusialienas
2748 2324 3022 2377 doctrinm.
3082 2328 3182 2378 Sed
3240 2322 3530 2397 ab’impu-

1884 2397 2136 2446 dentibus
2165 2394 2269 2445 illis
2300 2396 2365 2445 ad
2394 2401 2443 2445 te
2474 2396 2729 2446 humilem
2763 2402 3003 2461 transeo,
3026 2401 3112 2450 cui
3146 2402 3249 2452 hoc
3294 2394 3531 2468 quan—tu-

1884 2471 2231 2530 lumcunque,
2265 2468 2408 2531 quod
2440 2472 2624 2516 contra
2651 2470 2964 2531 praedictum
2995 2473 3351 2537 Eutychen,et
3369 2478 3529 2527 etiam

1885 2543 2074 2589 contra
2121 2538 2423 2587 Nestorium
2484 2538 2692 2602 scripsi,
2755 2542 3063 2593 transmitto
3115 2548 3530 2597 examinandum

1886 2610 2455 2673 perpendendumque.
2481 2611 2620 2657 Ordo
2650 2624 3065 2676 conversus,pro
3087 2618 3531 2679 perpendendum

1888 2682 2325 2733 examinandum.
2386 2681 2829 2741 Perpendendum
2886 2684 3135 2735 videlicet
3195 2700 3377 2736 eorum
3410 2703 3531 2751 qua;

1888 2757 2082 2818 scripta
2119 2757 2246 2801 sunt
2275 2757 2481 2801 attento
2511 2753 2728 2808 intuitu,
2763 2756 3287 2821 examinandumque
3308 2759 3534 2810 rationis

1882 2825 2107 2892 judicio,
2144 2825 2457 2887 priusquam
2521 2824 2604 2872 vel
2659 2824 2981 2886 Symmacho
3036 2828 3408 2891 judicandum,
3446 2831 3534 2881 vel

1890 2899 2006 2947 aliis
2058 2894 2343 2959 legendum
2400 2908 2681 2955 exponam.
2743 2897 2893 2955 Quod
2942 2898 2984 2945 si
3012 2901 3447 2961 pronuntiaveris
3477 2916 3532 2952 se

1890 2968 2261 3027 haberejrecte
2315 2969 2367 3012 et
2423 2964 2611 3012 orandi
2671 2966 2853 3028 regula
2917 2972 2970 3016 et
3027 2970 3262 3019 veritatis
3317 2976 3533 3021 senten-

1890 3041 1982 3098 tia,
2020 3042 2144 3101 peto
2177 3041 2234 3084 ut
2261 3036 2362 3084 hoc
2388 3049 2599 3098 quoque
2630 3037 2768 3085 sicut
2798 3043 2988 3088 cmtera
3036 3053 3155 3103 quas
3202 3042 3296 3091 tibi
3353 3044 3529 3094 scribo

126 3116 268 3166 mihi
300 3112 579 3187 o_pposi_tis,
613 3125 711 3161 nec
740 3116 997 3175 poteram,
1039 3110 1304 3187 siquidem
1354 3112 1645 3173 aegerrime,
1679 3111 1779 3159 hoc
1810 3120 1853 3187 ρ
1892 3110 2098 3159 inseras
2126 3107 2345 3159 chartis.
2377 3107 2479 3155 hoc
2509 3112 2589 3155 est
2641 3107 2791 3156 libris
2841 3112 2945 3159 mei
3002 3113 3252 3161 nominis.
3310 3114 3363 3164 Si
3402 3129 3530 3166 vero

129 3192 211 3237 est
241 3185 412 3235 multo
439 3183 630 3233 aﬂ'ectu
660 3196 930 3245 cuperem,
994 3182 1199 3231 vultum
1256 3188 1555 3244 nutumque
1612 3183 1780 3244 ipsius

128 3258 397 3319 aspicere,
429 3268 492 3303 ex
533 3267 639 3315 quo
696 3253 879 3301 vultus
917 3257 1187 3314 nutusque
1244 3256 1464 3314 aspectu
1528 3252 1784 3300 darentur

128 3329 266 3378 mihi
301 3326 482 3389 aliqua
508 3324 663 3386 signa
686 3323 875 3387 judicii
936 3323 1068 3386 ejus,
1105 3323 1157 3371 id
1216 3327 1299 3371 est
1350 3322 1475 3370 mihi
1523 3322 1783 3385 signiﬁca-

128 3406 283 3450 retur
312 3398 437 3461 quid
476 3398 589 3459 ipse
622 3396 686 3444 de
719 3394 976 3457 prmdicta
1006 3392 1303 3443 differentia
1328 3393 1613 3455 judicaret.

192 3472 364 3534 Atque
418 3483 525 3529 ego,
586 3465 711 3531 etc.]
763 3465 963 3524 Quasi:
1017 3464 1204 3515 Cmteri
1261 3466 1611 3527 quaestionem
1676 3478 1783 3513 non

128 3540 497 3605 attingebant,
526 3543 577 3587 et
610 3542 788 3586 tamen
820 3542 1058 3598 apertam
1090 3535 1445 3584 differentiam
1501 3548 1616 3583 esse
1674 3535 1785 3584 cla-

130 3616 378 3664 mabant.
407 3614 577 3674 Atque
609 3624 706 3671 ego
738 3607 956 3671 quidem
991 3607 1123 3655 nihil
1181 3605 1413 3669 amplius
1471 3606 1676 3655 caeteris
1709 3607 1787 3655 af-

128 3685 397 3736 ferebam.
431 3681 543 3730 Imo
575 3694 700 3729 vero
759 3677 961 3741 aliquid
1025 3677 1185 3727 etiam
1244 3680 1438 3735 minus,
1496 3691 1619 3726 vere
1651 3676 1787 3725 nihil

131 3754 393 3819 amplius.
425 3752 554 3801 Nam
582 3751 647 3800 de
678 3765 733 3799 re
766 3750 1057 3813 proposita,
1089 3750 1141 3798 id
1199 3754 1279 3798 est
1333 3748 1399 3797 de
1456 3748 1787 3811 conjunctio-

130 3842 270 3878 num
308 3825 561 3889 praedicta
590 3822 905 3878 diﬂerentia,
940 3834 1091 3884 atque
1149 3821 1375 3877 cteteris,
1408 3820 1458 3869 id
1518 3824 1599 3869 est
1653 3822 1791 3869 sicut

133 3898 351 3957 caeteri,
383 3895 519 3946 nihil
553 3893 871 3943 sentiebam.
910 3892 1084 3942 Minus
1104 3906 1249 3947 vero,
1281 3892 1418 3940 sicut
1459 3891 1657 3941 dictum
1690 3897 1787 3948 est,

130 3984 305 4034 quam
339 3967 516 4017 cateri
548 3966 661 4028 ipse
695 3964 1018 4013 all'erebam:
1071 3968 1121 4013 et
1172 3963 1301 4026 quid
1358 3961 1488 4011 illud
1546 3964 1629 4022 sit,
1668 3976 1789 4034 sup-

130 4032 316 4104 ponit,
349 4037 561 4088 scilicet
606 4036 1080 4100 presumptionem
1138 4034 1287 4083 falsas
1344 4034 1599 4083 scientiis.
1658 4032 1793 4091 Quia

132 4123 254 4160 non
292 4107 685 4172 praesumebat!)
727 4118 848 4168 quas
906 4104 1213 4153 nesciebam
1273 4116 1529 4152 asserere.
1586 4104 1790 4164 Fateor,

132 4183 239 4232 tuli
274 4180 554 4236 egerrime
586 4177 724 4240 quod
757 4177 822 4225 de
851 4190 909 4225 re
956 4175 1231 4239 proposita
1287 4174 1422 4223 nihil
1474 4173 1792 4224 sentiebam.

130 4256 387 4315 Cumque
420 4249 549 4299 illud
581 4261 825 4313 quaerere
885 4247 953 4296 ab
1009 4245 1129 4295 aliis
1183 4245 1398 4301 vellem,
1444 4244 1793 4315 indoctorum

131 4326 229 4375 illa
275 4314 396 4386 qua
445 4320 699 4380 praedicta
751 4322 832 4367 est
891 4317 1225 4367 tumultuosa
1279 4314 1590 4377 garrulitate
1649 4329 1799 4364 com-

132 4407 385 4461 pressus,
418 4390 651 4441 conticui
679 4404 693 4438 :
725 4394 970 4439 metuens
1002 4402 1068 4437 ne
1102 4387 1225 4452 jure
1282 4386 1495 4435 viderer
1552 4386 1795 4442 insanus,

1892 3183 1973 3230 vel
1998 3179 2351 3228 minuendum
2387 3184 2483 3233 est,
2511 3180 2653 3241 quod
2700 3181 2873 3230 verbis
2926 3185 3021 3231 aut
3077 3198 3239 3233 sensu
3296 3185 3535 3238 abundet

1887 3251 2127 3315 aliquid;
2183 3250 2267 3298 vel
2318 3250 2645 3307 addendum,
2696 3252 2839 3313 quod
2894 3253 3141 3303 similiter
3212 3256 3385 3307 verbis
3445 3263 3537 3309 aut

1890 3337 2048 3372 sensu
2081 3324 2260 3370 minus
2290 3321 2372 3380 sit,
2408 3320 2487 3368 vel
2545 3322 2723 3383 aliqua
2773 3325 3069 3374 mutatione
3127 3325 3373 3377 similiter
3419 3342 3533 3379 ver-

1888 3397 2102 3451 borum,
2135 3398 2228 3441 aut
2275 3406 2465 3441 sensus
2527 3395 2882 3453 variandum;
2945 3397 3156 3458 postulo
3214 3399 3265 3447 id
3320 3414 3537 3463 quoque

1888 3467 2085 3516 remitti
2117 3464 2251 3513 meis
2283 3464 2698 3526 exemplaribus,
2729 3480 2759 3513 a
2815 3467 3012 3528 quibus
3069 3468 3190 3517 libri
3243 3469 3332 3519 alii
3390 3474 3539 3521 tran-

1889 3536 2156 3586 scribendi
2190 3540 2338 3583 sunt.
2372 3536 2446 3583 lta
2472 3533 2719 3585 videlicet
2752 3541 2807 3585 ut
2836 3551 2865 3583 a
2896 3542 2947 3586 te
2994 3544 3295 3590 revertatur
3335 3542 3537 3606 absque

1891 3608 2221 3658 correctione
2278 3607 2378 3654 alia
2432 3607 2919 3657 transcribendum.
2970 3612 3097 3670 Quae
3154 3611 3245 3661 ubi
3303 3613 3369 3662 ad
3426 3614 3538 3663 cal-

1892 3694 2029 3734 cem,
2062 3678 2163 3727 hoc
2220 3682 2300 3726 est
2359 3677 2425 3725 ad
2482 3676 2636 3749 ﬁdem
2698 3679 2896 3738 ducta;
2957 3695 3185 3732 sensus:
3244 3683 3535 3749 Postquam

1892 3750 2125 3813 perfecte
2157 3753 2409 3803 correcta,
2443 3754 2495 3796 et
2536 3748 2788 3812 deinceps
2844 3752 2991 3801 nulla
3048 3748 3399 3805 correctione?
3427 3771 3538 3805 mu-

1894 3822 2057 3870 tanda
2112 3818 2469 3876 constiterint,
2518 3823 2631 3868 tum
2689 3820 2904 3869 demum
2972 3827 3342 3880 transmittam.
3402 3842 3534 3877 cen-

1893 3893 2060 3942 senda
2090 3892 2223 3955 ejus,
2253 3891 2353 3939 hoc
2383 3896 2463 3939 est
2493 3891 2810 3953 Symmachi,
2846 3893 3068 3954 judicio,
3122 3897 3274 3958 cujus
3328 3897 3533 3959 judicio

1894 3964 2037 4013 soleo
2068 3977 2294 4027 (.1qu08
2326 3963 2591 4011 censenda
2623 3966 2999 4015 transmittere.
3030 3966 3096 4016 Et
3143 3970 3358 4030 quidem
3404 3971 3531 4019 dum

1894 4033 2073 4085 verbis
2105 4036 2169 4083 de
2195 4033 2524 4095 quibuslibet
2586 4033 2798 4095 agitur:
2852 4037 3040 4097 primo,
3100 4052 3219 4088 cum
3278 4053 3541 4101 qum-um-

1896 4107 2016 4156 dam
2051 4104 2528 4167 ampliﬁcationuin
2561 4105 3000 4165 adjunctionibus
3057 4113 3110 4157 et
3163 4112 3362 4158 crebris
3410 4125 3540 4173 pree-

1897 4183 1980 4228 ter
2011 4176 2256 4227 ordinem
2286 4190 2541 4225 sensuum
2584 4182 2744 4239 atque
2794 4179 3077 4227 verborum
3128 4180 3545 4242 repetitionibus

1898 4251 2170 4298 dicuntur.
2203 4247 2406 4296 Deinde
2439 4248 2482 4295 si
2513 4248 2586 4295 ita
2634 4247 2935 4310 contigerit,
2967 4255 3025 4298 ut
3083 4249 3327 4301 inveniat
3384 4252 3544 4301 finem

1898 4334 2055 4370 suum
2087 4320 2279 4374 oratio.
2311 4332 2375 4367 ea
2405 4332 2524 4379 qua:
2557 4316 2746 4366 diffuse
2780 4324 2940 4380 atque
2972 4320 3193 4369 confuse
3222 4322 3363 4371 dicta
3404 4328 3547 4380 sunt,

1902 4391 2097 4455 epilogi
2130 4388 2392 4437 brevitate
2422 4389 2474 4436 in
2507 4386 2750 4437 ordinem
2782 4390 3124 4453 rediguntur.
3157 4393 3257 4441 Sed
3295 4396 3551 4457 quoniam

136 4458 181 4517 si
216 4465 508 4552 veritatem
540 4460 914 4523 investigando
959 4459 1341 4552 contenderem
1389 4458 1575 4507 haberi
1634 4472 1798 4552 ‘s‘anus
1836 4488 1879 4552 υ
1908 4476 1993 4511 res
2026 4473 2365 4523 nequaquam
2394 4458 2555 4507 toties
2599 4459 2851 4509 scribitur
2908 4462 3118 4523 quoties
3175 4463 3390 4521 dicitur,
3448 4466 3555 4513 imo

138 4542 148 4551 .
201 4546 211 4552 .
272 4551 291 4552 κ
364 4536 549 4552 ,_2---_
608 4534 691 4552 _._:
728 4534 839 4552 Α..-
887 4530 1092 4552 _.s:-..-
1146 4544 1267 4552 ..υ-ρ..
1358 4542 1462 4552 ...ιη-
1520 4528 1628 4552 :..s..
1678 4542 1770 4552 ,ι-ι.
1914 4548 1932 4552 _
1975 4531 2328 4552 --II,.-..s:-.....
2362 4529 2525 4552 ..ιη-..Δὶ
2560 4529 2884 4552 ι--..-ι’,.-ι....
2921 4535 2981 4552 -..ι
3029 4533 3220 4552 -ι--ι--..
3304 4534 3396 4552 L__
3471 4541 3532 4552 ΔΑ.

138 4542 295 4589 inter
322 4535 571 4593 furiosos,
604 4534 694 4596 qui
726 4534 841 4581 sine
887 4530 1093 4580 ratione
1144 4530 1287 4593 quod
1358 4542 1467 4578 non
1520 4528 1804 4579 intellexe-

141 4612 295 4664 rant,
330 4606 436 4655 imo
464 4619 563 4654 nec
592 4603 893 4666 intelligere
923 4607 1192 4665 poterant,
1225 4602 1551 4650 asserebant.

208 4676 518 4729 Meditabar
544 4673 753 4741 igitur.]
810 4674 1009 4732 Quasi.
1064 4672 1329 4722 Conticui.
1390 4672 1593 4721 Dehinc
1642 4672 1807 4735 igitur

145 4750 457 4803 meditabar
492 4750 544 4797 in
576 4746 759 4796 animo
791 4759 996 4801 omnes,
1029 4749 1295 4808 quotquot
1335 4758 1393 4792 ex
1451 4745 1627 4793 verbis
1675 4745 1809 4793 reci-

147 4830 280 4874 tata:
315 4823 371 4870 in
406 4820 658 4884 praedicto
690 4822 961 4867 conventu
1021 4817 1278 4879 epistulae,
1339 4830 1431 4864 seu
1488 4816 1553 4865 de
1584 4816 1808 4872 naturis,

151 4900 267 4947 sive
303 4895 373 4943 de
406 4891 670 4957 personis,
704 4892 813 4940 sive
851 4889 915 4939 de
952 4890 1143 4939 horum
1198 4889 1277 4937 vel
1340 4888 1564 4951 unitate,
1594 4889 1677 4938 vel
1722 4889 1809 4937 di-

150 4965 436 5021 versitate,
487 4978 593 5014 non
657 4968 766 5012 tam
818 4962 1110 5026 saphistica
1166 4961 1453 5009 verborum
1508 4959 1815 5022 multiplici-

155 5045 292 5095 tate,
326 5036 407 5085 vel
440 5035 711 5085 rationum
770 5033 1067 5083 secundum
1122 5044 1319 5093 genera
1374 5045 1469 5079 sua
1507 5030 1815 5081 diversitate

156 5111 523 5163 emerserunt.
581 5120 739 5169 quam
819 5104 1159 5169 ingeniorum
1245 5102 1591 5166 corruptione
1656 5108 1816 5167 atque

159 5180 550 5243 desipientium
609 5175 892 5227 hominum
970 5175 1390 5237 prmsumptione
1464 5172 1820 5236 contigerant,

160 5248 518 5317 quaestiones.
580 5248 689 5298 Nec
744 5247 1106 5309 degluticbam
1164 5244 1478 5317 attentionis
1545 5258 1676 5295 mea
1734 5260 1823 5295 ne-

160 5315 354 5390 glectu
386 5322 528 5386 quod
587 5333 898 5383 acceperam
955 5333 1037 5370 eo.
1090 5318 1181 5390 qui
1246 5315 1635 5390 signiﬁcatione
1692 5317 1824 5390 solet

163 5387 506 5457 contingere,
540 5393 712 5455 primo
743 5403 927 5447 sensu,
962 5393 1030 5446 et,
1068 5394 1127 5437 ut
1154 5389 1226 5437 ita
1273 5388 1498 5444 dicatur,
1558 5387 1824 5447 imagina-

166 5469 255 5515 rio
284 5464 596 5522 intellectu;
632 5462 723 5512 sed
759 5461 807 5509 id
856 5460 1193 5510 ruminabam
1245 5457 1531 5508 iteratione
1572 5458 1827 5521 frequen-

168 5539 243 5587 tis
294 5536 525 5585 consilii.
587 5535 721 5583 llinc
769 5533 965 5582 etenim
1027 5532 1410 5581 catholicorum
1469 5530 1826 5588 confessione,

169 5606 309 5658 inde
343 5621 467 5656 vero
498 5604 985 5656 contradicentium
1017 5602 1361 5652 multitudine
1394 5606 1445 5651 et
1493 5603 1826 5660 auctoritate,

174 5683 245 5729 de
282 5693 338 5728 re
382 5680 668 5728 manifesta
729 5674 1142 5725 deliberandum
1201 5675 1407 5736 putavi,
1466 5677 1519 5723 et
1576 5674 1833 5725 consultis

175 5749 491 5802 rationibus
520 5747 922 5798 deliberationis
974 5747 1132 5797 ﬁnem
1193 5744 1439 5808 quaesivi.
1495 5744 1614 5795 Meo
1670 5745 1835 5810 igitur

182 5823 371 5875 animo
430 5822 511 5872 his
571 5821 870 5873 rationibus
935 5820 1121 5871 crebro
1178 5816 1416 5884 pulsanti
1473 5817 1687 5871 tandem
1743 5832 1836 5884 pe-

1911 4548 1939 4581 a
1971 4531 2329 4579 collocatione
2362 4529 2527 4577 semel
2560 4529 2884 4578 transfertur
2919 4535 2982 4579 ad
3028 4533 3243 4595 stylum,
3303 4534 3402 4583 hoc
3459 4541 3557 4595 est,

1913 4602 2279 4664 multipliciter
2330 4600 2489 4655 dicta.
2551 4601 2863 4663 simpliciter
2920 4604 3197 4665 scriptura:
3234 4606 3561 4655 mandatur:

1914 4690 1975 4723 ac
2032 4672 2074 4721 si
2130 4672 2286 4728 dicat,
2339 4671 2573 4719 breviter
2623 4681 2675 4720 et
2730 4672 3103 4723 ordinahiliter
3184 4676 3239 4725 in
3296 4678 3564 4741 scriptura

1915 4746 2150 4808 quidque
2183 4744 2461 4803 digeritur,
2485 4743 2604 4790 ideo
2658 4747 2709 4791 et
2766 4744 2820 4791 in
2883 4744 2983 4793 hoc
3040 4760 3199 4808 opere
3258 4746 3312 4796 in
3359 4762 3466 4812 quo
3498 4750 3564 4798 de

1916 4822 2106 4865 natura
2136 4819 2296 4877 atque
2329 4827 2561 4875 persona
2592 4819 2778 4863 contra
2824 4813 3127 4866 Nestorium
3181 4823 3234 4868 et
3285 4819 3563 4883 Eutychen

1919 4887 2238 4938 scribimus:
2298 4892 2356 4936 ut
2406 4887 2598 4936 ordine
2654 4902 2752 4937 suo
2806 4892 3229 4954 unumquodque
3285 4896 3569 4957 tractetur,

1919 4963 2072 5024 prius
2128 4960 2551 5009 submoveantur
2607 4972 2815 5008 errores
2865 4959 3097 5010 Nestorii
3179 4968 3341 5028 atque
3406 4965 3575 5029 Euty-

1924 5031 2057 5081 cbis.
2092 5031 2309 5079 Errores
2371 5029 2491 5077 dico
2551 5030 2792 5087 extremi,
2852 5032 2997 5094 quod
3053 5038 3150 5093 est,
3184 5034 3396 5099 sibique
3456 5049 3579 5085 con-

1926 5105 2092 5155 trarii.
2124 5105 2253 5153 Post
2286 5117 2432 5161 vero,
2465 5104 2756 5165 adjuvante
2779 5104 2908 5164 Deo,
2932 5108 3174 5157 omnium
3200 5109 3311 5158 solo
3336 5114 3575 5165 auctore,

1926 5178 2257 5241 temperabo,
2290 5177 2392 5225 hoc
2422 5182 2501 5225 est
2557 5176 2691 5225 nihil
2744 5178 2925 5227 minus
2981 5180 3064 5229 vel
3126 5182 3354 5245 amplius
3414 5193 3577 5243 quam

1928 5251 2056 5299 huic
2085 5252 2271 5298 nostro
2304 5250 2574 5311 proposito
2618 5250 2887 5311 convenit,
2944 5264 3173 5313 ponens,
3234 5250 3581 5300 mediocriter

1932 5320 2237 5385 explanabo
2295 5318 2638 5369 medietatem
2698 5320 3017 5371 Christianas
3070 5323 3210 5372 ﬁdei.
3267 5324 3341 5371 Ac
3398 5323 3440 5370 si
3499 5321 3580 5369 dl-

1934 5398 2050 5442 cat:
2084 5393 2199 5440 Non
2237 5394 2418 5454 utique
2450 5405 2638 5439 omnes
2666 5391 2785 5440 ﬁdei
2819 5399 3011 5455 partes,
3045 5394 3137 5442 sed
3169 5394 3309 5442 hanc
3351 5396 3588 5441 tantum-

1935 5465 2095 5514 modo
2153 5477 2272 5527 quze
2334 5465 2472 5511 inter
2529 5463 2813 5524 praedictos
2871 5478 3077 5513 errores
3138 5469 3403 5514 extremos
3464 5476 3589 5513 con-

1937 5536 2235 5598 trariosque
2267 5534 2443 5583 media
2494 5540 2603 5587 est:
2671 5535 2736 5584 de
2794 5548 3039 5596 personae
3093 5533 3338 5585 videlicet
3396 5535 3593 5585 Christi

1940 5606 2168 5667 unitate,
2203 5620 2321 5655 cum
2359 5605 2596 5669 Eutyche
2658 5610 2848 5654 contra
2898 5605 3224 5661 Nestorium,
3285 5611 3336 5656 et
3398 5607 3463 5655 de
3507 5619 3598 5655 na-

1942 5685 2183 5727 turarum
2216 5678 2271 5726 in
2304 5677 2510 5725 Christo
2541 5676 2869 5729 diversitate,
2926 5688 3047 5724 cum
3104 5677 3347 5727 Nestorio
3405 5682 3596 5727 contra

1944 5750 2241 5813 Eutychen.
2274 5746 2536 5806 Quoniam
2595 5762 2724 5797 vero
2777 5748 2831 5794 in
2886 5749 2998 5796 tota
3050 5747 3159 5807 illa,
3215 5750 3281 5799 de
3340 5763 3447 5812 qua
3508 5750 3593 5797 hic

1946 5821 2215 5888 agendum
2247 5824 2343 5883 est,
2403 5819 2701 5884 quastione
2754 5816 2983 5885 αἱρισὶων
3040 5820 3141 5872 hoc
3194 5826 3273 5871 est
3331 5821 3600 5873 basresum
