4046 6180
541 286 680 344 1359

1173 279 1246 333 ΙΝ
1286 275 1551 333 LIBRUM
1591 274 1681 328 DE
1726 270 2000 328 DUABUS
2041 266 2346 325 NATURIS
2386 268 2472 321 ET
2511 267 2656 323 UNA
2696 267 3020 325 PERSONA
3057 269 3334 327 CHRISTI

3738 281 3834 333 ιτςδο

537 414 751 464 sibimet
779 407 1191 461 contrariarum,
1223 402 1503 453 dubitatur
1559 401 1623 450 de
1677 399 1883 449 naturis
1932 401 2092 461 atque
2123 397 2189 445 de
2220 397 2273 464 Α
2302 398 2447 444 ctum
2478 398 2575 455 est)
2604 398 2857 445 naturam
2912 396 3017 446 dici
3083 396 3272 460 placet,
3330 400 3426 448 erit
3476 398 3733 463 hujusmodi
3772 418 3837 453 na-

536 484 800 549 personis.
859 482 985 530 Haec
1040 478 1239 526 scilicet
1291 479 1499 524 natura;
1557 477 1714 549 atque
1776 483 2021 533 personas
2079 469 2187 549 pri-

540 539 703 607 initus
732 551 1049 603 difﬁnienda
1111 550 1254 603 sunt,
1286 552 1341 596 et
1401 560 1433 595 a
1488 560 1543 594 se
1595 544 1825 591 invicem
1858 539 2196 601 segreganda

544 626 776 693 propriis
806 619 1142 693 differentiis,
1188 632 1298 693 per
1345 632 1506 693 quas__
1536 614 1760 677 intelligi
1818 613 1987 693 possit
2012 625 2033 691 ε.
2085 624 2195 693 non

542 681 845 760 tamquam
875 693 958 742 his
994 690 1313 760 nominibus
1333 688 1675 760 appellentur
1706 699 1768 734 ea
1799 685 1994 760 quibus
2022 681 2198 732 indita

544 755 888 829 suun-quam
922 778 987 812 ea
1024 762 1088 811 ad
1121 774 1240 823 quas
1268 757 1712 829 philosophorum
1734 769 1874 829 usus
1922 755 2039 815 ipsa
2068 767 2197 801 con-

545 826 805 886 traxerit:
846 832 1093 897 quamvis
1124 832 1284 895 hujus
1318 828 1573 883 nominis,
1605 826 1747 888 quod
1810 829 1889 873 est
1949 836 2196 886 persona,

542 908 602 958 in
638 904 988 972 sequentibus
1014 904 1252 966 quodam
1290 902 1449 949 modo
1485 912 1700 947 causam
1733 899 1960 960 apertat.

1160 1017 1252 1066 DE
1284 1014 1585 1066 NATURA.

606 1121 816 1170 Natura
852 1117 1038 1181 igitur,
1072 1114 1195 1181 etc.]
1226 1113 1380 1163 Prius
1436 1117 1703 1166 naturam,
1763 1108 1956 1158 deinde
2000 1122 2197 1181 perso-

544 1206 689 1253 nam,
752 1178 891 1254 ipso'
932 1178 1193 1249 tanquam
1244 1191 1370 1235 noto
1434 1184 1651 1232 nomine
1711 1186 1915 1229 natura:
1982 1178 2197 1254 difﬂuit.

546 1250 711 1314 Recte
773 1250 980 1323 utique,
1036 1257 1165 1322 quia
1243 1255 1572 1305 naturalium
1646 1254 1907 1305 omnium.
1971 1250 2199 1323 ideoque

548 1337 789 1385 omnium
826 1322 1197 1395 personarum,
1230 1342 1351 1390 qua:
1410 1341 1474 1375 ex
1528 1325 1734 1373 naturis
1796 1322 1998 1385 aliquid
2054 1325 2198 1378 sunt,

548 1405 845 1457 secundum
873 1402 1219 1467 philosophos
1251 1405 1457 1448 naturae
1508 1400 1635 1444 sunt
1678 1409 1812 1444 esse.
1867 1396 2035 1442 Omne
2074 1406 2200 1441 vero

553 1492 688 1538 esse,
720 1490 782 1525 eo
814 1466 961 1538 quod
999 1478 1096 1529 est,
1128 1470 1445 1520 naturaliter
1476 1467 1626 1531 prius
1655 1470 1754 1515 est.
1817 1466 1914 1514 Hic
1966 1478 2201 1538 comme-

555 1535 876 1600 morandum
934 1546 1146 1595 videtur
1217 1543 1358 1605 quod
1442 1542 1653 1590 Marcus
1715 1538 1927 1588 Tullius
1987 1536 2060 1585 ait
2117 1535 2201 1584 his

555 1620 769 1671 verbis:
806 1619 982 1681 Ipsam
1044 1620 1292 1664 naturam
1349 1612 1582 1661 difﬁnire
1640 1608 1855 1659 difﬁcile
1886 1612 1984 1657 est.
2016 1608 2203 1656 Partes

558 1697 738 1742 autem
768 1691 887 1753 ejus
916 1700 1234 1738 enumerare
1260 1699 1366 1743 eas,
1398 1696 1625 1748 quarum
1679 1683 1747 1731 ad
1800 1681 1939 1729 hanc
1994 1693 2200 1753 praece-

2303 471 2437 516 turaa
2469 466 2734 516 difﬁnitio.
2766 467 2973 517 Natura
3029 474 3110 518 est
3161 482 3341 519 earum
3397 484 3578 526 rerum,
3607 472 3649 519 id
3693 479 3754 522 est
3782 476 3835 525 hs

2305 552 2388 587 res
2419 543 2544 586 sunt
2592 542 2820 596 naturas,
2881 553 3003 603 qum
3061 554 3182 589 cum
3242 542 3365 599 sint,
3422 546 3744 605 quoquomodo
3787 547 3835 595 in~

2304 609 2520 658 tellectu
2573 608 2692 672 capi
2745 616 2998 672 possunt.
3058 612 3167 661 Hac
3224 612 3380 675 igitur
3443 612 3718 662 difﬁnitione
3762 631 3836 678 qua

2304 694 2389 729 res
2418 680 2529 728 sint
2559 686 2786 738 naturas,
2816 695 2925 730 non
2973 687 3154 731 tamen
3214 697 3303 731 eas
3369 697 3478 733 esse
3523 688 3718 739 naturas,
3746 699 3839 734 mun-

2305 757 2529 801 stratum
2562 757 2660 801 est.
2692 752 2811 801 Non
2844 752 3008 814 enim,
3038 754 3140 804 hoc
3174 760 3255 803 est
3309 768 3397 804 eas
3425 768 3531 804 esse
3585 760 3755 805 naturas
3786 758 3839 805 in-

2304 824 2522 873 tellectu
2555 823 2757 873 scilicet
2786 825 2905 887 capi
2937 839 3113 889 posse.
3176 828 3452 886 Quomodo
3505 839 3619 875 vero
3657 840 3723 876 res
3754 830 3841 877 mul-

2304 893 2468 956 tiplex
2528 908 2728 943 nomen
2782 902 2880 951 est.
2944 910 3078 959 quas
3134 897 3236 946 hac
3312 897 3614 946 difﬁnitione
3663 900 3841 947 contineri

2303 967 2419 1015 vult
2456 965 2707 1026 intelligi,
2766 968 2939 1028 aperit
2992 967 3217 1017 dicens:
3277 970 3335 1019 ln
3392 968 3486 1017 hac
3534 970 3673 1031 igitur
3716 972 3843 1019 dilﬁni~

2305 1040 2450 1086 tione
2482 1037 2823 1087 difﬁniuntur
2873 1043 2925 1088 et
2983 1040 3282 1089 accidentia
3336 1046 3389 1089 et
3443 1040 3748 1089 substantia:
3778 1055 3843 1089 non

2306 1111 2561 1172 quoniam
2622 1113 2781 1171 (sicut
2841 1112 3041 1160 dictum
3100 1116 3197 1172 est)
3278 1113 3392 1162 haec
3472 1126 3612 1175 posse
3661 1114 3845 1164 intellectu

2305 1181 2443 1243 capi,
2476 1182 2553 1230 sic
2587 1181 2702 1230 haec
2733 1196 2850 1231 esse
2892 1186 3149 1243 naturas;
3208 1184 3300 1233 sed
3351 1183 3594 1247 quoniam
3638 1184 3727 1233 haec
3770 1194 3847 1234 sunt
3938 1184 3939 1247 Ῐ

2306 1265 2427 1315 quae
2487 1251 2761 1301 intellectu
2822 1254 2940 1316 capi
3000 1259 3244 1317 possunt,
3309 1256 3452 1303 unde
3501 1258 3734 1317 supponit.
3771 1257 3845 1305 He:

2306 1322 2449 1371 enim
2497 1322 2698 1379 omnia,
2761 1322 2815 1371 id
2874 1329 2954 1373 est
3010 1324 3313 1373 accidentia
3368 1330 3422 1374 et
3476 1325 3742 1375 substantia:
3784 1334 3847 1374 tam

2306 1393 2679 1451 subsistentes,
2711 1395 2763 1442 in
2801 1395 2999 1457 quibus
3029 1396 3330 1445 accidentia
3361 1401 3503 1458 sunt,
3560 1410 3695 1459 quam
3738 1397 3849 1445 subsi-

2307 1468 2533 1523 stentim,
2565 1468 2763 1529 quibus
2793 1468 3009 1527 adsunt,
3046 1467 3319 1517 intellectu
3354 1470 3472 1531 capi
3518 1474 3724 1530 possunt.
3759 1470 3851 1517 Dein-

2307 1537 2372 1586 de
2404 1551 2498 1586 cur
2526 1538 2781 1601 adjecerit
2810 1540 3219 1603 quoquomodo,
3253 1545 3308 1590 et
3338 1552 3460 1603 quae
3514 1553 3623 1589 cum
3662 1542 3756 1601 sint,
3794 1554 3850 1587 ex-

2305 1609 2491 1671 planat
2513 1608 2698 1658 dicens
2721 1621 2734 1657 :

2371 1680 2627 1729 Additum
2682 1695 2800 1730 vero
2873 1685 2924 1731 et
3001 1681 3373 1747 quoquomodo,
3449 1682 3592 1748 etc.]
3656 1682 3850 1733 Sciendum

554 1752 806 1826 ptionem’
824 1760 1145 1822 indigemus,
1177 1756 1386 1806 facilius
1415 1759 1513 1805 est.
1571 1754 1743 1827 Quod
1782 1756 1926 1801 recte
1980 1752 2073 1827 ait.
2112 1752 2207 1800 Na-
2237 1763 2284 1827 Β
2313 1753 2457 1815 quod
2487 1753 2681 1827 _animi
2738 1757 2959 1827 motus,
2999 1755 3325 1827 quandoque
3398 1754 3455 1805 in
3535 1756 3582 1827 id
3647 1755 3755 1819 quod
3793 1762 3853 1809 est,
3938 1770 3939 1827 ᾖ

557 1822 680 1884 tura
725 1832 868 1881 enim
932 1830 1212 1892 multiplex
1269 1841 1467 1877 nomen
1521 1830 1618 1888 est,
1682 1823 1818 1873 adeo
1876 1822 2040 1886 quod,
2096 1834 2208 1871 non

560 1903 736 1954 solum
765 1900 1121 1959 multimodis,
1151 1912 1337 1948 verum
1402 1897 1565 1947 etiam
1625 1896 1809 1945 multis
1862 1892 2213 1958 signiﬁcatio-

559 1975 721 2025 nibus
750 1975 815 2024 de
846 1975 1009 2023 rebus
1068 1972 1403 2021 diversorum
1468 1971 1523 2019 in
1586 1969 1811 2017 diversis
1868 1965 2212 2016 facultatibus

562 2050 722 2097 etiam
785 2059 1045 2109 generum
1124 2043 1338 2093 dicitur.
1418 2041 1551 2090 Nam
1621 2045 1674 2089 et
1752 2037 2080 2103 philosophi,
2161 2042 2214 2087 et

565 2119 748 2177 ethici,
780 2125 833 2170 et
873 2119 1180 2179 theologici,
1240 2130 1339 2167 usu
1394 2115 1629 2175 plurimo
1692 2116 1905 2178 ponunt
1964 2112 2067 2160 hoc
2119 2123 2213 2159 no-

566 2205 709 2241 men.
747 2191 979 2253 Ideoque
1021 2195 1073 2238 et
1124 2190 1225 2238 hoc
1287 2188 1406 2236 loco
1454 2186 1667 2234 Boetius
1723 2197 1832 2233 non
1891 2185 2059 2245 ipsam
2120 2196 2213 2244 ge-

572 2264 828 2314 neraliter
860 2260 1058 2312 difﬁnit
1104 2264 1370 2316 naturam,
1428 2258 1521 2307 sed
1578 2256 1697 2321 ejus
1752 2270 1874 2318 qua:
1934 2254 1999 2303 ad
2058 2267 2213 2302 suum

568 2337 841 2399 pertinere
901 2334 1153 2385 videntur
1234 2329 1570 2394 propositum
1654 2332 1827 2390 partes
1914 2330 2212 2399 enumerat,

570 2397 786 2456 dicens:
823 2407 1024 2455 Natura
1079 2403 1242 2465 igitur
1299 2407 1390 2451 aut
1446 2402 1511 2450 de
1565 2401 1693 2449 solis
1750 2397 2066 2460 corporibus
2110 2397 2213 2445 dici

566 2482 764 2540 potest,
794 2481 888 2525 aut
918 2476 983 2525 de
1014 2476 1141 2524 solis
1197 2471 1529 2531 substantiis,
1562 2471 1614 2519 id
1661 2475 1739 2520 est
1795 2467 2068 2532 corporeis
2123 2473 2216 2518 aut

565 2547 920 2611 incorporeis,
953 2553 1046 2596 aut
1075 2546 1139 2595 de
1176 2545 1428 2594 omnibus
1485 2543 1646 2593 rebus
1708 2556 1827 2605 quas
1890 2555 2213 2604 quocunque

563 2621 725 2669 modo
752 2633 866 2669 esse
902 2618 1172 2666 dicuntur.
1208 2615 1545 2666 Substantias
1578 2613 1695 2662 vult
1730 2612 1956 2673 intelligi
2015 2612 2100 2660 hic
2154 2625 2215 2660 ea

561 2704 681 2754 quae
713 2691 1034 2747 subsistunt,
1071 2702 1182 2738 non
1245 2685 1574 2736 substantias
1631 2683 1828 2747 quibus
1894 2683 2212 2754 subsistunt.

558 2752 668 2811 Res
696 2764 876 2810 autem
939 2774 1059 2824 quas
1115 2771 1443 2823 quocunque
1500 2756 1660 2804 modo
1700 2769 1818 2803 esse
1854 2752 2127 2811 dicuntur,
2160 2755 2217 2802 et

561 2832 918 2882 subsistentes
976 2837 1031 2881 et
1112 2829 1507 2883 subsistentias,
1595 2831 1649 2877 et
1730 2826 1806 2875 eis
1891 2825 2212 2882 accidentes,

561 2904 728 2952 Deum
762 2918 995 2967 quoque,
1028 2907 1079 2953 et
1115 2901 1241 2961 ὕλην
1284 2899 1553 2963 intelligit,
1617 2902 1676 2947 ut
1736 2911 1802 2947 ex
1858 2896 2213 2960 sequentibus

559 2978 730 3037 patet.
761 2976 961 3024 Caetera
1018 2988 1145 3023 vero
1207 2986 1328 3036 quas
1380 2971 1466 3019 vel
1526 2968 1716 3019 ethicas
1752 2968 1837 3017 vel
1873 2968 2058 3031 logicm
2089 2971 2216 3015 sunt

558 3046 844 3103 facultatis,
901 3046 968 3095 ad
1027 3047 1167 3094 hanc
1240 3043 1561 3092 divisionem
1642 3040 1863 3089 minime
1944 3039 2213 3101 pertinere

2319 1824 2645 1888 quandoque
2666 1839 2794 1874 vero
2823 1825 2877 1874 in
2909 1824 2965 1874 id
2996 1826 3141 1890 quod
3171 1840 3281 1876 non
3338 1831 3437 1884 est,
3495 1826 3723 1876 offendit:
3758 1826 3853 1875 etin

2316 1895 2401 1945 vel
2430 1898 2573 1959 quod
2599 1900 2698 1953 est,
2726 1897 2813 1947 vel
2866 1899 3010 1961 quod
3065 1912 3176 1948 non
3235 1903 3332 1960 est,
3392 1900 3631 1963 concipit.
3677 1898 3753 1948 Sed
3785 1898 3854 1959 ejus

2315 1967 2593 2029 quodnon
2648 1972 2729 2017 est
2775 1969 3086 2032 quicunque
3144 1975 3441 2033 conceptus
3501 1971 3667 2033 opinio
3708 1970 3855 2017 dicitur:

2317 2042 2376 2086 ut
2424 2038 2724 2101 bicorporis
2787 2039 3062 2099 Centauri,
3134 2045 3186 2090 et
3269 2042 3577 2105 tricorporis
3650 2040 3856 2089 Chimerze.

2316 2110 2617 2174 Conceptus
2678 2112 2795 2177 ejus
2854 2127 2985 2162 vero
3049 2113 3193 2176 quod
3251 2117 3331 2163 est
3402 2119 3687 2178 conceptus,
3735 2126 3855 2162 secun-
3938 2142 3939 2178 ξ

2317 2185 2444 2233 dum
2499 2185 2573 2235 rei
2639 2200 2760 2249 quas
2812 2185 3117 2250 concipitur
3178 2201 3352 2251 genus
3426 2188 3696 2249 modosque
3743 2186 3857 2234 conci-

2316 2257 2499 2320 piendi
2536 2256 2810 2307 dividitur.
2876 2258 3065 2309 Nativa
3126 2273 3360 2323 namque
3429 2273 3521 2323 per
3581 2258 3768 2321 aliquam
3808 2254 3855 2303 sui

2317 2328 2401 2377 vel
2459 2328 2778 2378 efﬁcientem
2835 2329 2919 2378 vel
2981 2329 3252 2379 efﬁciendi
3334 2331 3697 2395 proprietatem
3748 2329 3857 2377 conci-

2318 2399 2558 2462 piuntur,
2619 2405 2677 2447 ut
2736 2399 2913 2449 album
2972 2414 3070 2463 per
3126 2401 3462 2466 alhedinem,
3522 2406 3571 2450 et
3625 2400 3774 2449 albedo
3804 2411 3858 2459 per

2318 2475 2565 2520 naturam
2598 2470 2827 2520 faciendi
2865 2472 3066 2521 album.
3088 2473 3233 2522 Nihil
3282 2474 3431 2523 enim
3494 2472 3768 2523 naturalium
3800 2469 3860 2518 nisi

2318 2555 2408 2604 per
2438 2556 2669 2596 causam,
2726 2548 2779 2592 et
2835 2542 2966 2593 nihil
3022 2544 3528 2594 mathematicorum
3583 2542 3671 2593 nisi
3719 2557 3785 2605 per
3823 2540 3861 2587 εἶ-

2316 2613 2527 2663 ficiendi
2579 2618 2894 2679 potestatem
2958 2616 3170 2679 concipi
3227 2623 3425 2679 potest.
3508 2616 3603 2667 Sed
3682 2616 3781 2663 sicut
3830 2612 3859 2657 in

2316 2686 2612 2735 sentiendis
2648 2685 3007 2736 exterioribus
3071 2690 3244 2751 primo
3300 2689 3517 2738 haesitat
3572 2684 3861 2740 sensus,deir-

2316 2756 2381 2804 de
2435 2755 2492 2805 in
2550 2757 2603 2806 id
2664 2758 2807 2820 quod
2865 2759 2965 2807 sibi
3024 2760 3321 2821 subjectum
3391 2764 3473 2809 est
3527 2764 3683 2808 certus
3724 2756 3863 2818 ﬁgitur:

2315 2829 2389 2877 ita
2448 2842 2666 2892 quoque
2722 2828 2937 2879 animus
3000 2830 3145 2879 illius
3189 2831 3243 2879 in
3300 2832 3451 2894 quod
3522 2830 3713 2893 proprio
3770 2832 3861 2874 motu

2316 2901 2615 2949 intenditur
2671 2906 2917 2950 naturam
2976 2903 3150 2965 primo
3226 2902 3442 2952 mixtim
3525 2908 3667 2963 atque
3716 2898 3861 2949 multis:

2315 2973 2548 3034 cogitat;
2606 2972 2806 3022 deinde
2864 2975 2929 3022 ab
2985 2973 3102 3022 aliis
3177 2975 3232 3023 in
3296 2988 3422 3037 quas
3498 2972 3644 3023 simul
3697 2984 3789 3020 cum
3827 2981 3862 3015 ea

2315 3044 2615 3093 oﬁ'enderat
2691 3045 2923 3109 quadam
3000 3047 3221 3109 propria
3299 3048 3526 3096 rationis
3602 3042 3861 3093 abstractione

557 3117 830 3166 videntur.
865 3117 962 3166 Hic
995 3116 1280 3179 diligenter
1308 3116 1395 3187 est
1430 3110 1817 3187 attendendum
1878 3110 2020 3187 quod
2078 3110 2209 3157 sub-
2242 3122 2285 3187 (ς
2324 3116 2469 3165 illam
2526 3123 2757 3178 separat,
2813 3122 2865 3166 et
2917 3118 3088 3181 ipsam
3147 3120 3285 3167 sicut
3342 3124 3429 3168 est
3484 3118 3580 3167 ﬁxa
3628 3118 3720 3165 acie
3753 3116 3860 3163 uotst.

559 3188 753 3237 sistens
782 3202 902 3237 cum
934 3186 1282 3237 subsistentia
1315 3185 1398 3233 vel
1447 3184 1815 3233 accidentibus
1870 3181 2014 3230 nullo
2056 3194 2209 3244 pror-

560 3273 652 3309 sus
682 3273 880 3322 genere
911 3273 1005 3308 seu
1054 3257 1262 3307 ratione
1315 3256 1588 3304 convenit.
1644 3253 1778 3302 Nam
1829 3258 1883 3302 et
1911 3252 2209 3301 subsistens

559 3336 611 3379 et
636 3331 979 3380 subsistentia
1011 3330 1267 3378 dicuntur
1297 3328 1629 3381 substantiae,
1667 3325 1750 3374 vel
1800 3325 2062 3387 subjecta,
2107 3324 2208 3373 alia

556 3405 737 3450 tamen
774 3407 934 3464 atque
968 3400 1072 3449 alia
1101 3400 1326 3448 ratione.
1384 3397 1549 3446 Multo
1609 3397 1778 3458 magis
1837 3409 1963 3457 ergo
2012 3395 2122 3450 Dei,
2156 3399 2207 3443 et

555 3474 918 3537 primordialis
946 3474 1200 3529 materiae,
1235 3486 1353 3521 cum
1391 3472 1759 3519 substantibus
1817 3472 1869 3517 et
1918 3468 2206 3516 subsisten-

554 3546 644 3596 tiis
674 3550 727 3595 et
778 3545 1148 3594 accidentibus
1211 3543 1358 3592 nulla
1414 3548 1493 3590 est
1548 3540 1763 3603 generis
1825 3544 1917 3587 aut
1982 3541 2205 3587 rationis

554 3618 880 3666 communio.
917 3617 1063 3665 Unde
1096 3616 1438 3663 manifestum
1477 3619 1558 3661 est
1585 3614 1729 3675 quod
1788 3625 1982 3660 nomen
2044 3616 2201 3660 natu-

553 3704 627 3739 rae
661 3703 1008 3753 nequaquam
1067 3688 1307 3737 omnium
1363 3687 1553 3735 horum
1600 3687 1863 3748 generalis
1926 3686 2117 3746 topica,
2149 3686 2203 3735 id

555 3766 634 3810 est
660 3762 826 3817 locus,
867 3765 1043 3819 potest
1074 3757 1316 3819 intelligi,
1349 3758 1577 3818 ideoque
1641 3771 1739 3805 nec
1796 3757 1977 3805 omnia
2034 3758 2204 3804 nomi-

556 3832 638 3879 nis
668 3831 830 3893 hujus
866 3845 976 3879 nna
1036 3828 1361 3878 difﬁnitioue
1429 3832 1658 3889 possunt
1712 3827 1993 3884 concludi;
2058 3828 2201 3876 unde

556 3901 667 3950 ait:
696 3903 827 3950 Cum
859 3900 1025 3962 igitur
1056 3904 1247 3948 natura
1278 3896 1445 3961 possit
1475 3896 1595 3956 dici,
1625 3900 1887 3958 quantum
1938 3897 2003 3944 ad
2064 3911 2204 3959 prae-

558 3987 682 4023 sens
712 3988 848 4037 opus
878 3985 1301 4023 commemorare
1360 3984 1504 4019 nunc
1562 3970 1833 4027 convenit,
1872 3969 2043 4017 tribus
2087 3984 2203 4019 mo-

557 4044 657 4102 dis,
688 4045 738 4093 id
772 4049 852 4094 est
880 4058 1000 4093 cum
1033 4044 1134 4092 tria
1162 4056 1282 4105 quas
1313 4039 1572 4104 praedicta
1600 4044 1729 4089 sunt
1758 4044 1963 4089 naturas
1986 4041 2203 4090 nomine

558 4116 729 4165 tribus
773 4115 1110 4178 appellentur
1165 4114 1356 4171 modis,
1418 4110 1590 4161 tribus
1650 4114 1765 4160 sine
1815 4110 1979 4160 dubio
2035 4111 2205 4161 modis

556 4185 877 4236 difﬁnienda
909 4190 1004 4235 est.

620 4258 753 4306 Nam
783 4257 830 4305 si
869 4257 931 4305 de
986 4256 1245 4313 omnibus,
1302 4254 1424 4321 etc.]
1483 4255 1756 4304 Converso
1804 4253 1995 4303 ordine
2056 4253 2200 4317 quod

554 4330 799 4381 ultimum
857 4329 911 4377 in
967 4327 1233 4378 divisione
1317 4331 1587 4391 posuerat,
1662 4325 1894 4387 primum
1972 4324 2198 4383 difﬂuit;

553 4402 626 4451 ait
655 4402 796 4451 enim
822 4414 835 4449 :
862 4400 917 4449 Si
943 4400 1008 4448 de
1066 4398 1319 4449 omnibus
1376 4398 1534 4447 rebus
1591 4402 1835 4446 naturam
1888 4395 1993 4445 dici
2026 4397 2203 4460 placet

2322 3192 2374 3237 et
2430 3188 2483 3236 in
2546 3187 2631 3236 his
2683 3188 2901 3251 quidem
2990 3203 3111 3252 quae
3179 3188 3496 3239 sentiuntur
3567 3190 3759 3238 exterius
3803 3185 3865 3232 hoc

2320 3259 2521 3308 clarum
2581 3264 2678 3308 est.
2742 3259 2901 3308 Nisus
2959 3260 3103 3309 enim
3156 3262 3246 3324 qui
3303 3262 3545 3311 colorum
3601 3256 3862 3311 adminiculis.

2320 3344 2413 3379 seu
2446 3330 2754 3388 ﬁgurarum,
2810 3332 2892 3380 bis
2944 3331 3183 3395 subjecta
3234 3346 3464 3395 corpora
3518 3334 3680 3387 sentit,
3713 3329 3860 3377 rulneum

2320 3407 2373 3450 et
2404 3403 2751 3458 subruhcnm,
2810 3404 2852 3451 si
2901 3409 3048 3453 motu
3113 3419 3209 3454 suo
3268 3405 3433 3453 simul
3489 3405 3541 3452 in
3590 3417 3670 3452 eos
3694 3398 3860 3449 otlendat.

2319 3475 2491 3536 primo
2543 3487 2896 3537 nequaquam,
2958 3476 3150 3525 deinde
3200 3476 3287 3523 vix
3379 3474 3646 3525 discernit.
3694 3472 3863 3521 Similiter

2320 3546 2493 3593 album
2523 3550 2574 3593 et
2603 3546 2911 3603 subalbum,
2940 3553 2991 3595 et
3020 3547 3329 3610 hujusmodi
3363 3548 3519 3597 alios.
3574 3547 3754 3608 Figures
3780 3553 3863 3602 quo-

2317 3631 2419 3679 quc
2451 3616 2617 3675 (verbi
2662 3619 2850 3681 gratia)
2913 3622 3036 3667 ante
3095 3620 3394 3681 longiorem
3454 3626 3506 3668 et
3556 3619 3689 3682 parie
3726 3612 3861 3675 longio-

2319 3702 2429 3737 rem
2464 3703 2593 3737 usus
2622 3694 2772 3738 tanto
2804 3693 2982 3738 minus
3010 3690 3285 3751 discernit,
3316 3697 3521 3753 quanto
3576 3691 3748 3738 minore
3772 3688 3862 3744 parte

2319 3760 2452 3809 alter
2499 3764 2723 3809 alterum
2790 3760 2976 3809 vincit.
3037 3763 3265 3812 Auditus
3320 3761 3485 3811 etiam
3542 3760 3737 3823 φθόῃ-ως
3778 3755 3861 3801 illis.

2318 3845 2546 3893 quorum
2608 3836 3011 3895 proportionem
3072 3835 3236 3896 partis
3290 3822 3602 3883 brevissime
3651 3822 3861 3879 differentia

2316 3902 2463 3960 facit,
2498 3910 2589 3953 aut
2620 3906 2925 3953 nullatenus
2986 3910 3078 3953 aut
3133 3906 3217 3954 vix
3274 3905 3486 3954 dividit.
3545 3904 3751 3954 Omnium
3772 3897 3859 3971 enim

2317 3976 2799 4036 proportionalium
2885 3976 3178 4024 similitudo
3262 3976 3563 4025 minoribus
3635 3968 3861 4021 differentiis

2315 4044 2658 4107 conjunctior
2714 4053 2809 4104 est,
2866 4047 3002 4096 sicut
3060 4046 3356 4111 majoribus
3440 4042 3767 4096 dissimilitudc
3811 4050 3860 4085 rc-

2316 4117 2529 4165 motior.
2582 4116 2639 4165 In
2699 4117 2781 4166 his
2841 4130 2970 4167 vero
3022 4131 3144 4180 quae
3201 4118 3432 4168 interius
3498 4115 3663 4171 sentit,
3706 4112 3859 4180 animus

2317 4201 2425 4236 non
2455 4190 2617 4238 modo
2648 4202 2827 4237 rerum
2860 4178 3175 4245 similitudo,
3231 4204 3420 4239 verum
3470 4191 3620 4239 etiam
3662 4178 3859 4234 multiludﬁ

2315 4257 2456 4314 facit,
2490 4264 2551 4308 ut
2581 4260 2751 4322 primo
2793 4258 2845 4308 id
2906 4262 2958 4308 in
3022 4260 3165 4324 quod
3216 4262 3325 4323 agit
3381 4265 3626 4323 tanquam
3674 4261 3857 4324 ρτεεεεῖε

2316 4321 2635 4393 Perpeudat,
2666 4331 2859 4380 deinde
2890 4321 3121 4395 quadam
3179 4321 3475 4383 attentione
3497 4321 3510 4323 “
3534 4329 3683 4392 magis
3726 4321 3854 4395 magis
3938 4352 3939 4363 η

2314 4414 2417 4464 que
2448 4402 2726 4466 percipiat,
2789 4403 3029 4452 nondum
3074 4409 3249 4452 tamen
3305 4409 3358 4452 et
3416 4402 3669 4453 assentiat.
3712 4394 3855 4465 Etim
3938 4400 3939 4466 ᾖ

550 4474 630 4532 (ut
664 4470 847 4521 multis
878 4471 1141 4533 placuisse
1199 4469 1537 4533 philosOphis
1592 4467 1855 4531 legimus),
1910 4468 2035 4517 talis
2097 4469 2202 4517 dif-
2235 4466 2278 4530 D
2312 4462 2551 4535 praesaga
2599 4462 2917 4536 per-pensio,
2973 4474 3055 4522 vel
3112 4475 3226 4522 sine
3285 4474 3592 4523 assensione
3651 4462 3853 4533 perceptio,

547 4544 720 4593 ﬁnitio
747 4544 980 4599 dabitur,
1013 4556 1133 4605 quae
1191 4556 1277 4591 res
1334 4554 1519 4589 omnes
1573 4553 1695 4604 quas
1750 4544 1878 4588 sunt
1931 4540 2100 4603 possit
2130 4541 2205 4587 in-

547 4616 787 4664 cludere.
825 4615 918 4662 ilic
962 4613 1248 4662 dicendum
1307 4618 1386 4662 est
1437 4612 1581 4675 quod
1643 4610 2029 4660 difﬁnitionum
2088 4611 2203 4660 alite

548 4692 675 4736 sunt
704 4687 901 4747 quibus
931 4686 1236 4735 ostenditur
1265 4699 1373 4733 non
1413 4684 1570 4732 modo
1631 4686 1771 4746 quod
1825 4698 1939 4732 esse
1982 4682 2203 4741 dicitur,

549 4759 903 4807 verumetiam
962 4772 1077 4806 esse
1136 4756 1279 4819 quod
1341 4756 1571 4813 dicitur;
1637 4756 1755 4804 alia».
1828 4770 1953 4804 vero
2011 4756 2205 4817 quibus

550 4832 760 4877 tantum
792 4828 933 4890 quod
965 4841 1079 4877 esse
1122 4828 1333 4884 dicitur,
1387 4831 1438 4877 et
1495 4840 1833 4889 nequaquam
1898 4840 2011 4876 esse
2060 4828 2203 4887 quod

552 4897 767 4948 dicitur.
824 4900 931 4948 Hac
956 4901 1097 4948 enim
1129 4898 1464 4955 difﬁnitione,
1524 4898 1686 4947 homo
1749 4903 1828 4948 est
1882 4898 2080 4947 animal
2122 4913 2205 4948 ra-

554 4971 915 5029 tionale,non
960 4972 1133 5021 solum
1189 4971 1333 5034 quod
1386 4985 1471 5021 res
1526 4972 1593 5020 sit
1644 4970 1824 5026 homo,
1885 4971 1977 5019 sed
2041 4973 2203 5021 etiam

556 5057 673 5094 esse
704 5043 866 5092 homo
901 5047 1249 5093 monstratur.
1281 5042 1403 5093 Non
1450 5043 1621 5092 solum
1684 5044 1823 5091 enim
1870 5042 1961 5105 qui
1998 5048 2077 5093 est
2106 5043 2205 5094 ho-

555 5129 665 5171 mo,
702 5117 784 5163 est
839 5112 1039 5163 animal
1094 5112 1373 5169 rationale,
1432 5114 1522 5162 sed
1580 5113 1741 5163 etiam
1799 5113 1901 5162 hoc
1959 5128 2075 5162 esse
2107 5113 2207 5163 ho-

555 5188 755 5236 minem
787 5190 884 5243 est,
918 5199 1034 5235 esse
1069 5185 1321 5234 videlicet
1351 5183 1552 5233 animal
1582 5183 1866 5233 rationale.
1923 5185 2019 5234 Illa
2074 5199 2203 5235 vero

555 5258 879 5309 difﬁuitione
913 5273 1022 5323 qua
1052 5257 1286 5309 dicitur:
1318 5256 1624 5307 differentia
1674 5262 1770 5314 est,
1812 5272 1919 5322 qua
1963 5259 2206 5311 abundat

549 5333 757 5394 species
787 5345 818 5380 a
845 5344 1060 5395 genere,
1095 5328 1398 5379 ostenditur
1441 5342 1563 5391 quae
1619 5342 1701 5377 res
1760 5328 1829 5378 sit
1877 5329 2202 5389 diﬁ'erentia,

550 5414 662 5453 non
721 5407 933 5451 tantum
997 5401 1298 5451 ostenditur
1353 5414 1470 5449 esse
1534 5398 1852 5449 differentia.
1917 5404 2017 5450 Res
2061 5405 2201 5453 enim

551 5485 660 5535 qua
686 5474 893 5535 species
922 5472 1162 5521 abundat
1185 5485 1215 5519 a
1246 5485 1462 5533 genere,
1512 5469 1627 5519 sine
1694 5471 1856 5520 dubio
1899 5473 2204 5525 diﬁ‘crentia

551 5549 665 5602 est;
725 5558 834 5594 non
893 5550 1103 5592 tantum
1158 5543 1261 5591 hoc
1323 5547 1419 5600 est,
1481 5556 1600 5591 eam
1661 5557 1779 5593 esse
1824 5544 2201 5605 differentiam,

553 5629 617 5664 ea
649 5616 897 5664 videlicet
925 5630 955 5663 a
1017 5628 1213 5676 genere
1262 5618 1490 5676 speciem
1546 5616 1840 5663 abundare.
1884 5616 2201 5677 Hujusmodi

553 5685 968 5734 difﬁnitionibus
999 5689 1243 5732 naturam
1276 5685 1489 5741 ditﬁnit,
1550 5684 1747 5747 quibus
1805 5687 2023 5747 scilicet,
2081 5702 2201 5750 qum

554 5769 640 5805 res
673 5756 782 5804 sint
828 5759 1052 5810 naturae,
1110 5767 1220 5803 non
1281 5758 1493 5803 tantum
1554 5770 1669 5805 esse
1721 5759 1929 5805 natura)
1985 5757 2202 5807 demon-

554 5827 817 5878 strautur.
842 5823 898 5877 Si
954 5838 1080 5888 ergo
1135 5824 1202 5876 de
1257 5825 1510 5877 omnibus
1565 5827 1728 5878 rebus
1793 5825 1957 5893 (sicut
2015 5829 2203 5891 praedi-

2313 4543 2440 4605 quia
2470 4558 2574 4592 non
2608 4551 2687 4592 est
2717 4546 2831 4607 ejus
2866 4548 3007 4608 quod
3045 4559 3151 4594 non
3184 4550 3283 4601 est,
3316 4560 3426 4594 non
3474 4548 3673 4594 vocatur
3707 4536 3854 4608 opinio:

2315 4616 2404 4662 sed
2442 4617 2695 4677 quoniam
2733 4622 2814 4665 est
2838 4607 2953 4679 ejus
2984 4618 3126 4681 quod
3189 4621 3285 4673 est,
3324 4620 3478 4680 cujus
3529 4621 3686 4664 tamen
3730 4607 3855 4681 veriu-

2314 4688 2418 4733 tem
2454 4689 2692 4734 nomium
2751 4693 2895 4736 tenet
2955 4689 3212 4742 assensio,
3274 4703 3367 4750 per
3397 4688 3662 4752 quamdam
3696 4685 3852 4729 ηοωῖηῖί

2313 4757 2725 4806 translationem
2785 4762 3010 4807 vocatur
3064 4758 3399 4821 imaginatio.
3473 4762 3637 4819 Imago
3698 4754 3850 4808 namque

2311 4841 2396 4875 res
2432 4833 2528 4888 est,
2563 4841 2669 4876 non
2723 4834 2901 4879 tamen
2959 4820 3361 4879 veritasiillius
3411 4833 3561 4893 cujus
3600 4828 3739 4887 imago
3777 4820 3848 4893 ἐξελ

2309 4898 2538 4962 ideoque
2570 4900 2645 4947 rei
2678 4903 2952 4962 perceptio
3003 4901 3119 4951 sine
3172 4901 3411 4950 veritatis
3461 4891 3593 4949 illius
3632 4891 3846 4962 assensiotli
3938 4944 3939 4955 γ

2309 4954 2467 5018 τιεοῑέ
2490 4954 2692 5018 dicitur
2718 4954 3051 5035 imaginatio.
3080 4972 3133 5021 Si
3164 4986 3293 5021 vero
3331 4971 3384 5021 id
3431 4970 3571 5035 quod
3613 4968 3726 5016 intra
3753 4954 3847 5007 simi-

2308 5040 2587 5091 litudinem
2645 5056 2826 5092 rerum
2882 5050 2974 5093 aut
3025 5044 3428 5093 multitudinem
3478 5042 3638 5107 primo
3693 5039 3845 5107 ρεφειξ·
3938 5066 3939 5069 η

2311 5112 2405 5169 dit,
2446 5113 2639 5161 deinde
2672 5114 2899 5176 percipit
2928 5114 2995 5164 ab
3024 5115 3155 5178 ipsis
3184 5114 3445 5165 similibus
3474 5094 3563 5163 aut
3600 5094 3725 5159 aliter
3748 5094 3842 5178 Pii"

2308 5183 2381 5233 tis
2411 5172 2689 5247 delegerit,
2718 5189 2770 5234 et
2815 5172 2919 5235 ﬁxa
2965 5172 3163 5235 mentis
3225 5185 3337 5236 acie
3398 5185 3562 5247 ipsius
3616 5172 3843 5245 proprietate

2310 5259 2499 5303 notata
2538 5246 2886 5318 perceptioni
2960 5258 3265 5318 assenserit,
3338 5246 3630 5306 intellectus
3685 5246 3841 5318 τοεᾷίεῇῧ
3938 5292 3939 5303 η

2308 5329 2468 5377 Recte
2498 5308 2885 5390 utique-Tunc
2941 5330 3085 5378 enim
3143 5308 3269 5379 vere
3328 5328 3383 5377 in
3440 5327 3607 5376 animo
3650 5320 3709 5371 rei
3733 5308 3840 5390 εἰωθέ-

2308 5396 2439 5446 tudo
2471 5378 2844 5448 esse'dicenda
2882 5403 2980 5460 est,
3012 5414 3131 5448 cum
3191 5378 3399 5449 deintra
3454 5403 3627 5447 caetera
3667 5401 3749 5440 rem
3785 5378 3837 5427 δά·

2308 5470 2562 5518 miniculo
2594 5484 2703 5518 sure
2735 5469 3080 5534 proprietatis
3112 5471 3375 5535 selegerit,
3400 5484 3459 5519 ac
3513 5481 3596 5531 per
3641 5465 3719 5511 hoc
3750 5462 3837 5535 pii:

2308 5540 2518 5590 cedenti
2576 5524 2908 5604 perceptioni
2967 5524 3311 5603 assenserit;
3364 5524 3417 5590 et
3487 5524 3653 5588 natura
3692 5524 3836 5604 quiti”?

2308 5627 2492 5665 eorum
2526 5598 2953 5677 quibus'aliquid
3010 5619 3156 5672 sunt,
3211 5598 3333 5663 ﬁcta
3385 5627 3507 5662 vero
3539 5619 3683 5659 eorum
3707 5598 3837 5677 quia”?

2309 5685 2509 5748 aliquid
2538 5663 2652 5734 esse
2685 5663 2963 5747 ﬁnguntur
3018 5663 3358 5735 adminiculis
3406 5680 3743 5744 concipiuntur.
3776 5663 3834 5741 Gf‘

2308 5762 2457 5810 mina
2486 5773 2612 5809 vero
2642 5772 2762 5819 qua
2794 5768 2921 5808 sunt
2948 5760 3251 5810 nativorum
3308 5754 3571 5823 principia,
3619 5752 3727 5801 Delli
3755 5750 3835 5823 ff:

2307 5808 2455 5894 licet,
2503 5834 2555 5882 et
2594 5808 3268 5895 primordialismmateria,
3310 5808 3498 5893 ‘longs
3560 5808 3703 5874 aliter.
3755 5808 3832 5859 δοῦ

3836 6000 3853 6063 ἐ
