4046 6180
184 198 293 254 1361

1213 191 1535 250 GILBERTI
1574 192 1917 249 ΡΟΒΒΕΤᾹΞ
1956 191 2490 250 COMMENTARIA.

3420 190 3570 250 1362¹

184 321 305 371 enim
334 321 453 370 sunt
482 317 685 383 aliquid
718 317 1028 383 hujnsmodi
1062 317 1444 381 subsistentiis,
1476 318 1562 369 vel
1618 332 1792 382 quan-
1822 319 1872 384 Α
1904 321 2097 382 ctoque
2155 318 2431 368 intellectu
2494 314 2719 379 intelligi
2778 327 2886 365 non
2935 316 3179 380 possunt,
3223 315 3316 366 sed
3370 317 3554 367 tamen

179 394 410 449 titatibus,
442 393 525 441 vel
550 391 901 455 qualitatibus
932 391 1130 455 quibus
1155 392 1239 440 vel
1288 390 1472 441 nativa
1511 405 1634 441 vere
1670 399 1797 442 sunt

183 466 389 527 aliquid;
427 464 507 513 vel
552 476 673 526 quas
728 476 901 526 neque
959 466 1087 512 sunt
1144 464 1363 526 aliquid,
1419 476 1593 525 neque
1651 469 1795 520 sunt.

175 541 400 599 tanquam
435 534 635 598 aliquid
702 535 810 582 sint
865 533 1163 597 finguntur.
1221 536 1361 583 Deus
1418 533 1560 582 enim
1606 539 1686 582 est
1715 548 1796 582 es-

174 606 340 663 sentia,
372 619 479 654 non
538 609 619 655 est
674 605 895 668 aliquid,
956 618 1055 653 nec
1108 619 1223 654 esse
1294 602 1497 668 aliquid
1575 603 1795 666 ﬁngitur

173 683 336 727 creata
363 677 744 736 subsistentia;
804 689 866 725 ac
925 690 1021 739 per
1078 676 1179 725 hoc
1237 675 1372 725 nihil
1430 689 1615 724 eorum
1674 688 1794 737 quas

170 748 521 798 subsistentias
580 749 910 797 comitantur
967 748 1021 796 in
1080 748 1170 796 illo
1225 761 1340 796 esse
1383 752 1575 809 potest.
1609 748 1792 809 Itaque

168 821 260 870 etsi
287 834 501 884 magnus
531 824 631 876 est,
663 832 772 867 non
811 822 989 867 tamen
1022 818 1127 868 hoc
1184 823 1264 867 est
1316 817 1648 881 quantitate;
1695 819 1793 867 etsi

165 892 325 955 qualis
350 895 444 948 est,
476 903 588 940 non
620 894 796 939 tamen
828 889 1086 953 qualitate
1113 904 1126 951 ;
1187 888 1287 940 etsi
1346 889 1521 947 durat,
1573 903 1681 938 non
1715 892 1792 939 ta-

164 977 280 1013 men
306 967 557 1026 tempore.
591 963 741 1012 Unde
773 962 999 1010 humani
1058 962 1223 1011 animi
1283 966 1461 1011 motus
1512 975 1679 1023 agens
1736 975 1792 1010 in

166 1036 325 1097 ipsum
352 1034 780 1099 concupiendum
824 1033 961 1083 nihil
1020 1034 1334 1097 hnjusmodi
1392 1035 1638 1084 invenire
1694 1049 1793 1097 po-

168 1110 264 1157 test
307 1108 440 1171 quod
498 1107 615 1171 ejus
675 1105 964 1170 conceptui
1027 1106 1444 1155 adminiculetur
1492 1123 1504 1165 ;
1564 1108 1791 1169 ideoque

161 1179 321 1242 ipsum
351 1177 807 1241 comprehendere
866 1191 960 1241 per
1009 1192 1071 1227 ea
1123 1177 1319 1240 quibus
1377 1178 1445 1225 sit
1491 1177 1711 1241 aliquid,
1740 1184 1794 1228 et

160 1248 345 1313 aliquid
375 1264 489 1300 esse
520 1250 773 1311 ﬁngatur,
825 1248 1141 1299 nullatenus
1196 1249 1357 1297 valet.
1415 1248 1632 1298 Deintra
1688 1264 1790 1299 caa-

154 1325 262 1370 tera
287 1324 473 1378 tamen,
506 1336 599 1383 per
633 1321 824 1370 horum
853 1321 1096 1369 omnium
1134 1319 1199 1369 ab
1260 1319 1352 1368 illo
1411 1319 1787 1378 remotionem,

154 1395 315 1458 ipsum
345 1395 603 1458 selegens,
649 1398 701 1443 et
752 1407 877 1442 eum
938 1407 1064 1443 vere
1124 1406 1240 1442 esse
1298 1405 1418 1441 cum
1472 1392 1787 1443 assensione

158 1468 458 1530 percipiens,
517 1464 969 1531 qualitercunque
1041 1464 1308 1527 intelligit.
1369 1465 1471 1515 Sed
1529 1468 1786 1526 quoniam

162 1540 297 1589 nulla
323 1541 432 1602 eius
464 1539 810 1601 proprietate,
849 1539 932 1587 vel
964 1539 1089 1601 quid
1130 1538 1198 1588 sit
1226 1551 1444 1601 genere,
1486 1538 1568 1586 vel
1622 1551 1787 1600 quan-

156 1615 239 1659 tus
270 1625 528 1672 mensura,
573 1610 656 1659 vel
711 1610 884 1673 qualis
944 1610 1117 1658 forma
1175 1614 1273 1665 est,
1332 1610 1417 1658 vel
1474 1609 1786 1673 hujusmodi

153 1682 381 1744 percipit,
414 1682 589 1744 ipsum
637 1681 856 1729 minimc
914 1680 1343 1744 comprehendit.
1394 1682 1527 1729 Nam
1584 1681 1782 1730 intelli-

148 1754 315 1815 gibilis
342 1752 553 1815 quidem
581 1755 679 1809 est,
709 1765 817 1800 non
882 1765 1008 1801 vero
1071 1752 1590 1815 comprehensibilis.
1622 1751 1782 1801 Simi-

147 1822 267 1874 liter
320 1824 909 1886 lncomprebensibilem
968 1827 1148 1873 tamen
1207 1821 1601 1885 intelligibilem
1663 1836 1779 1872 esse

140 1895 529 1958 primordialem
590 1893 890 1950 materiam,
949 1895 1003 1943 in
1063 1909 1169 1959 qua
1228 1900 1419 1944 natura
1471 1894 1653 1943 omnia
1710 1894 1777 1943 ab

143 1968 324 2031 Opiﬁce
356 1968 491 2018 facta
522 1972 665 2028 sunt,
700 1966 1031 2031 philosophis
1059 1968 1233 2016 vlsum
1266 1971 1381 2027 est;
1417 1970 1470 2016 et
1526 1967 1601 2015 sic
1657 1969 1775 2030 qui-

140 2040 259 2090 dem
290 2041 371 2089 illa
401 2054 521 2104 quas,
556 2053 665 2089 non
698 2043 844 2098 sunt,
905 2038 1197 2101 opinione;
1254 2052 1376 2101 quas
1434 2052 1560 2088 vero
1623 2043 1773 2096 sunt,

138 2112 507 2174 imaginatione
539 2111 618 2160 vel
665 2112 942 2160 intellectu
997 2109 1396 2174 concipiuntur.
1454 2109 1774 2173 Imagiuatio

138 2188 315 2232 tamen
357 2188 407 2232 et
462 2182 771 2232 intellectus
826 2180 883 2231 in
943 2182 1123 2231 multis
1180 2181 1458 2244 scripturis
1517 2182 1775 2230 dicuntur

135 2256 334 2318 opinio.
366 2255 621 2305 Similiter
672 2254 855 2318 opinio
912 2258 964 2303 et
1019 2252 1329 2317 imaginatio
1387 2255 1641 2303 dicuntur
1686 2255 1771 2302 in-

134 2329 388 2376 tellectus.
438 2326 595 2377 Unde
654 2330 705 2375 et
761 2324 817 2375 in
874 2325 974 2374 hac
1024 2326 1344 2375 difﬁnitione
1396 2331 1625 2382 natura,
1664 2339 1773 2388 qua

130 2398 299 2447 dixit:
331 2399 529 2448 Natura
559 2404 638 2448 est
668 2412 852 2447 earum
895 2411 1075 2447 rerum
1136 2411 1252 2461 qua:
1312 2398 1584 2446 intellectu
1652 2395 1770 2460 capi

128 2473 371 2533 possunt,
402 2476 659 2534 tanquam
694 2484 886 2519 natura
945 2468 1302 2519 universalius
1362 2468 1677 2531 praedicavit
1706 2468 1771 2517 de

130 2556 212 2597 ea,
256 2540 521 2592 intellectu
580 2545 699 2606 capi
757 2555 930 2606 posse.
990 2542 1117 2590 Nam
1176 2540 1476 2590 secundum
1532 2541 1771 2604 regulam

128 2613 545 2671 dialecticorum,
578 2615 621 2663 si
652 2628 776 2663 vere
843 2613 1161 2663 universalis
1213 2612 1528 2665 afﬁrmative
1578 2614 1632 2661 in
1682 2626 1771 2661 ea-

129 2685 254 2734 dem
288 2686 581 2749 quantitate
613 2699 875 2735 conversa
903 2685 1033 2734 falsa
1088 2688 1184 2742 est,
1243 2684 1593 2747 praedicatum
1636 2684 1772 2747 ejus-

126 2757 257 2806 dem
285 2771 403 2807 vere
430 2757 670 2807 abundat
697 2757 959 2821 subjecto.
1018 2756 1090 2807 Ut
1144 2754 1320 2806 omnis
1370 2755 1534 2806 homo
1591 2770 1771 2818 corpo-

120 2842 255 2877 reus
288 2837 400 2878 est:
432 2829 549 2879 haec
578 2829 898 2878 universalis
943 2827 1228 2877 afﬁrmatio
1289 2841 1418 2878 vera
1473 2832 1571 2876 est.
1602 2828 1769 2877 Omne

124 2914 442 2962 corporeum
474 2901 637 2950 homo
671 2905 770 2962 est,
801 2900 934 2949 falsa
965 2903 1063 2949 est.
1095 2898 1250 2948 Unde
1297 2899 1638 2948 manifestum
1689 2904 1771 2948 est

124 2972 276 3035 quod
308 2987 620 3036 corporeum
648 2972 866 3021 homine
902 2973 1021 3035 plus
1051 2976 1148 3029 est,
1189 2975 1241 3021 et
1295 2970 1550 3021 abundat.
1609 2970 1767 3020 Simi-

122 3044 257 3093 liter
283 3047 679 3126 omnisAnatura
735 3045 1011 3094 intellectu
1066 3044 1182 3126 capi
1234 3049 1433 3126 potest,
1474 3043 1766 3126 haec-Iuni-
1798 3060 1840 3126 ρ

119 3116 354 3166 versalis
393 3117 676 3167 afﬁrmatio
733 3131 857 3166 vera
910 3124 1006 3165 est.
1071 3116 1237 3165 Omne
1293 3116 1436 3178 quod
1494 3116 1766 3165 intellectu

119 3189 250 3250 capi
309 3193 483 3251 potest
542 3194 735 3238 natura
790 3192 888 3245 est,
947 3186 1082 3236 falsa
1138 3192 1235 3237 est.
1268 3186 1417 3236 Unde
1449 3191 1656 3236 certum
1688 3191 1769 3237 est

115 3259 269 3322 quod
302 3259 583 3310 intellectu
644 3262 759 3323 capi
822 3274 978 3323 posse
1033 3258 1394 3309 universalius
1451 3264 1548 3315 est,
1606 3273 1765 3322 quam

110 3336 337 3380 natura.
369 3331 517 3381 Sicut
546 3332 689 3382 enim
722 3345 867 3389 vere,
900 3332 976 3380 sic
1006 3335 1059 3380 et
1088 3330 1226 3391 ﬁcte,
1284 3331 1629 3394 proprietatis
1670 3333 1764 3379 ad-

108 3402 375 3451 minicula
431 3409 857 3466 ceterorumque
912 3404 1023 3450 sive
1075 3415 1195 3464 qum
1276 3408 1419 3457 sunt,
1478 3401 1587 3449 sive
1645 3414 1765 3464 quae

106 3473 252 3535 ﬁngi
309 3479 552 3535 possunt,
614 3475 908 3523 remotiane
969 3473 1210 3531 selegens
1275 3474 1504 3528 animus,
1563 3472 1764 3535 aliquid

103 3544 264 3606 quod
294 3558 400 3593 non
433 3550 513 3595 est
543 3544 704 3608 capit.
752 3545 989 3607 Ideoque
1050 3543 1192 3607 quod
1255 3544 1508 3606 opinatur
1564 3541 1767 3591 intelli-

99 3630 247 3678 gere
278 3616 492 3666 dicitur.
557 3617 711 3674 Quod
769 3616 1023 3680 quoniam
1086 3628 1263 3678 neque
1319 3618 1417 3675 est,
1450 3628 1627 3677 neque
1672 3614 1764 3662 ali—

97 3686 244 3749 quid
282 3692 381 3745 est,
416 3688 562 3737 nullo
616 3688 777 3737 modo
831 3692 1028 3735 natura
1079 3691 1177 3735 est.
1208 3684 1410 3734 Idcirco
1464 3700 1582 3734 cum
1628 3684 1763 3734 difﬁ-

94 3760 381 3808 nitionem
421 3764 625 3809 natura:
687 3757 998 3821 increpisset
1057 3758 1123 3806 ab
1183 3757 1487 3815 universali,
1545 3758 1762 3806 dicens:

94 3834 313 3879 natura
340 3836 420 3880 est
452 3845 635 3881 earum
665 3844 843 3880 rerum
871 3844 991 3893 quae
1022 3829 1291 3879 intellectu
1345 3830 1464 3892 capi
1520 3835 1767 3891 possunt,

94 3907 262 3951 recte
295 3907 485 3953 contra
512 3904 650 3960 ﬁcta,
703 3916 823 3965 quae
882 3903 1039 3952 etiam
1089 3904 1245 3962 (sicut
1295 3902 1490 3950 dictum
1550 3905 1649 3962 est)
1692 3903 1765 3950 in-

97 3974 345 4024 tellectu
379 3976 499 4038 capi
535 3979 777 4039 possunt,
833 3978 885 4023 et
943 3978 1136 4023 natura
1181 3987 1288 4022 non
1342 3977 1485 4030 sunt,
1540 3973 1764 4035 addidit,

96 4059 239 4108 quia
291 4060 417 4094 cum
478 4046 602 4095 sint.
666 4046 930 4104 Quoniam
993 4058 1119 4093 vero
1170 4045 1260 4093 illa
1300 4059 1419 4108 quas
1450 4050 1593 4099 sunt.
1625 4059 1766 4108 saepe

90 4116 510 4179 imaginatione
566 4116 810 4174 confusa,
868 4130 1009 4179 saape
1086 4121 1304 4179 propter
1375 4116 1767 4166 adminiculum

82 4187 466 4252 proprietatis
521 4187 600 4238 rei
653 4189 825 4251 ipsius
881 4188 937 4236 in
990 4202 1149 4250 quam
1204 4189 1502 4237 intenditur
1559 4189 1769 4237 animus

74 4260 369 4322 concipit,
404 4259 640 4322 qualiter
671 4260 829 4309 vellet
860 4260 1047 4322 accipi,
1081 4262 1222 4323 quod
1285 4260 1633 4322 praemiserat,
1679 4261 1768 4308 in-

76 4332 325 4382 tellectu
379 4332 499 4394 capi
547 4335 790 4396 possunt,
850 4332 1178 4394 explanavit,
1257 4332 1472 4380 dicens:
1531 4345 1769 4395 quoquo-

76 4404 291 4459 modo,
326 4404 383 4455 id
416 4407 497 4453 est
527 4405 636 4453 sive
668 4402 1056 4467 imaginatione
1090 4404 1201 4452 sive
1259 4416 1366 4483 per.
1410 4403 1575 4483 solam
1619 4410 1771 4453 caste-
1806 4423 1852 4486 D

76 4491 294 4528 torum
358 4476 715 4527 remotionem
772 4477 976 4540 absque
1054 4474 1399 4539 proprietatis
1472 4474 1548 4523 rei
1606 4475 1775 4539 ipsius

74 4564 225 4614 qua:
254 4551 532 4613 cogitatur
554 4553 840 4612 conceptu,
871 4549 982 4597 sive
1042 4549 1145 4597 ﬁxo
1205 4551 1256 4597 et
1314 4548 1470 4597 etiam
1530 4560 1625 4605 per
1654 4562 1774 4611 pro-

70 4623 360 4686 prietatis
418 4625 734 4683 conceptum
795 4621 1009 4683 integro
1069 4619 1412 4684 perfectoque
1475 4620 1774 4671 intellectu.

70 4693 260 4752 Quod
299 4697 353 4743 et
387 4694 504 4757 ipse
538 4706 839 4755 exponens,
869 4692 976 4741 ait:
1035 4691 1288 4741 Additum
1348 4705 1473 4741 vero
1534 4696 1614 4740 est
1643 4707 1771 4754 quo-

72 4765 414 4829 quomodo.
474 4764 691 4823 Quare?
742 4764 1007 4821 Quoniam
1066 4764 1207 4813 Deus
1288 4763 1595 4813 nativorum
1665 4780 1772 4814 om-

78 4839 263 4886 nium
324 4837 533 4900 Opifex.
595 4840 649 4885 et
702 4835 1065 4898 primordialis
1111 4834 1351 4892 materia,
1413 4849 1532 4899 quas
1588 4835 1769 4885 Graece

72 4908 319 4958 dicitur
350 4908 472 4966 ὕλη.
506 4908 687 4957 Latine
749 4908 906 4969 silva,
938 4909 991 4956 in
1023 4921 1128 4970 qua
1158 4908 1224 4955 ab
1265 4907 1452 4969 opiﬁce
1519 4909 1771 4957 universa

72 4985 296 5032 creata
332 4980 526 5029 dicunt
554 4980 884 5044 philosophi,
916 4994 1023 5029 non
1085 4984 1309 5043 possunt
1354 4979 1585 5042 intelligi
1641 4981 1771 5029 inte-

64 5068 194 5117 gro
234 5051 620 5115 perfectoque,
659 5052 760 5101 hoc
791 5056 873 5102 est
920 5053 1221 5113 integritate
1268 5052 1504 5112 perfecto
1550 5056 1601 5101 et
1647 5066 1767 5113 per-

60 5123 355 5177 factione
392 5125 600 5187 integro
658 5124 954 5173 intellectu.
1015 5125 1223 5186 Integer
1280 5128 1333 5173 et
1388 5123 1657 5185 perfectus
1689 5127 1770 5171 est

58 5197 450 5251 intellectus.
476 5196 568 5259 qui
600 5210 710 5245 rem
750 5210 856 5245 non
916 5195 1030 5245 sola
1081 5201 1393 5245 casterorum
1452 5196 1766 5253 remotione,

60 5270 188 5319 sed
230 5270 413 5318 etiam
446 5267 520 5317 rei
576 5269 744 5332 ipsius
800 5266 981 5332 aliqua
1031 5268 1360 5331 prOprietate
1412 5282 1531 5317 cum
1582 5281 1765 5316 assen-

62 5341 259 5391 sione
297 5340 563 5403 concipit.
625 5340 865 5397 Qualiter
914 5340 1056 5388 Deus
1117 5344 1168 5389 et
1217 5353 1337 5401 quae
1375 5339 1513 5387 dicta
1548 5344 1629 5387 est
1658 5341 1768 5401 pri-

60 5413 404 5463 mordialis
454 5412 680 5461 materia
727 5425 835 5461 non
904 5416 1131 5474 possunt
1213 5411 1454 5473 intelligi.
1514 5410 1770 5468 Quamvis

61 5484 248 5535 enim
278 5486 489 5533 borum
517 5483 927 5546 conceptionem
984 5485 1276 5533 constituat
1331 5488 1383 5533 et
1438 5483 1565 5546 ﬁgat
1622 5497 1769 5531 men-

48 5557 143 5607 tis
183 5554 483 5613 assensio,
533 5559 712 5605 tamen
771 5568 880 5605 non
938 5555 1041 5604 hoc
1093 5555 1365 5619 aliquibus
1421 5569 1606 5604 eorum
1665 5554 1765 5602 sibi

46 5627 241 5676 notis
278 5628 714 5690 proprietatibus
744 5625 886 5684 facit,
919 5626 1012 5675 sed
1052 5626 1163 5675 sola
1218 5627 1432 5675 illorum
1482 5638 1604 5688 quas
1661 5638 1767 5673 cai-

45 5698 225 5749 teris
260 5701 445 5755 rebus
498 5698 833 5750 conveniunt
882 5696 1201 5749 remotione.
1263 5698 1414 5748 Unde
1464 5696 1764 5761 supponit:

40 5768 187 5823 Sed
231 5770 463 5837 aliquo.
520 5769 723 5830 Quasi:
780 5771 923 5822 Deus
984 5773 1038 5821 et
1091 5770 1315 5821 materia
1355 5770 1565 5833 integro
1592 5768 1765 5832 perfe-

1904 391 2081 453 aliquo
2124 389 2282 438 modo
2318 388 2567 437 videlicet
2617 394 2930 436 caeterarum
2984 389 3224 436 omnium
3272 401 3468 447 rerum,
3502 390 3554 439 id

1902 467 1980 509 est
2011 463 2216 511 caeteris
2247 461 2685 511 convenientium
2744 460 3046 522 privatione
3103 461 3403 523 capiantur,
3449 460 3553 510 hoc

1902 538 2001 592 est,
2035 548 2153 582 cum
2185 535 2378 582 mentis
2435 531 2744 581 assensione
2801 531 3192 595 percipiuntur.
3226 533 3297 582 De
3354 530 3549 595 imagi-

1902 606 2136 663 natione,
2170 607 2263 668 qui
2295 610 2374 653 cst
2406 617 2545 653 unus
2576 604 2769 652 modus
2819 602 3181 665 intelligendi.
3238 617 3346 667 quo
3406 603 3549 654 scili-

1900 681 1984 725 cet
2013 690 2099 725 res
2130 680 2286 726 etiam
2316 690 2425 725 sum
2472 673 2815 738 proprietatis
2865 679 3012 733 nota,
3044 675 3135 722 sed
3199 676 3314 724 sine
3358 690 3546 726 assen-

1899 750 2046 798 sione
2078 750 2410 813 percipitur;
2442 753 2493 797 et
2522 749 2588 796 de
2618 746 2856 810 perfecto
2891 746 3185 803 intellectu.
3208 744 3303 810 qui
3333 751 3385 796 et
3414 762 3546 810 pro-

1897 821 2118 882 prietate
2178 825 2229 869 et
2288 820 2600 868 assensione
2657 816 3019 873 constituitur,
3071 821 3228 867 tacet.
3280 816 3543 876 Quoniam

1898 892 2203 953 explanatio
2235 906 2354 955 quae
2386 891 2445 940 ﬁt
2472 889 2719 953 exemplo
2747 903 2855 938 non
2886 902 3075 938 omnes
3106 894 3287 952 partes
3325 902 3542 938 enume-

1894 968 1998 1019 rat,
2031 965 2122 1013 sed
2158 965 2363 1028 paucis.
2395 969 2447 1013 et
2474 964 2557 1012 his
2587 963 2816 1012 maxime
2848 976 2942 1025 per
2976 975 3111 1024 quas
3140 965 3346 1012 caeteras
3376 962 3539 1011 intel-

1895 1032 2159 1097 liguntur,
2193 1035 2475 1098 exemplat.
2508 1035 2578 1084 Ut
2608 1034 2708 1083 hoc
2736 1034 2850 1083 loco
2881 1033 3009 1081 satis
3061 1037 3300 1096 apparet,
3331 1033 3539 1096 perfec-

1897 1110 2009 1155 tum
2041 1108 2372 1156 intellectum
2405 1106 2601 1155 debere
2626 1105 2808 1153 vocari
2838 1104 3191 1162 intellectum,
3223 1117 3346 1153 cum
3374 1104 3540 1154 etiam

1896 1176 2212 1240 imperfecto
2244 1179 2347 1227 hoc
2378 1191 2574 1227 nomen
2610 1176 2916 1226 conveniat.

1955 1249 2152 1299 Idcirco
2184 1264 2319 1310 vero,
2382 1251 2507 1313 etc.j
2562 1248 2671 1298 Cur
2728 1248 2781 1296 in
2840 1246 3160 1297 difﬁnitione
3203 1252 3412 1298 naturai
3440 1262 3539 1311 ap-

1891 1320 2151 1383 posuerit,
2210 1320 2612 1384 quoquomodo,
2689 1320 2955 1383 exposuit.
3030 1319 3185 1369 Nunc
3254 1334 3381 1369 vero
3438 1334 3533 1370 cur

1892 1391 2214 1455 adjunxerit,
2275 1406 2396 1454 quae
2445 1405 2565 1440 cum
2621 1391 2748 1446 sint,
2778 1390 3033 1449 ostendit,
3074 1394 3128 1439 et
3183 1391 3289 1441 ait:
3328 1390 3533 1441 Idcirco

1888 1476 2016 1511 vero
2052 1464 2413 1525 adjunximus,
2447 1476 2567 1526 quas
2595 1476 2713 1511 cum
2758 1465 2882 1518 sint,
2916 1466 2973 1511 ut
3032 1462 3391 1512 divideremns
3436 1476 3535 1513 na-

1890 1538 2062 1583 turam
2098 1537 2163 1583 ab
2197 1533 2280 1583 his
2311 1549 2430 1597 qua;
2462 1549 2570 1583 non
2604 1538 2763 1583 sunt:
2798 1548 2919 1596 quas
2971 1538 3149 1583 tamen
3203 1535 3258 1583 in
3284 1534 3386 1583 hoc
3409 1549 3531 1584 cum

1890 1609 2081 1655 natura
2140 1609 2487 1667 conveniunt,
2548 1607 2690 1669 quod
2754 1606 3029 1654 intellectu
3105 1607 3220 1669 capi
3289 1612 3531 1667 possunt.

1892 1676 2044 1735 Nam,
2077 1678 2215 1727 sicut
2250 1680 2565 1741 praedictum
2623 1681 2720 1734 est,
2756 1678 2847 1725 illa
2903 1678 3061 1725 etiam
3118 1690 3237 1739 quas
3269 1690 3377 1725 non
3408 1682 3536 1727 sunt

1893 1748 2166 1798 intellectu
2198 1752 2316 1812 capi
2348 1756 2606 1812 possunt:
2665 1747 2921 1812 quoniam
2982 1751 3140 1797 etiam
3198 1748 3300 1797 hoc
3355 1750 3532 1811 ipsum

1884 1833 2080 1869 nomen
2117 1820 2382 1870 inﬁnitum
2441 1821 2575 1869 nihil
2631 1835 2727 1883 pro
2790 1819 3094 1868 substantia
3138 1818 3403 1881 signiﬁcat
3428 1819 3528 1867 ali-

1884 1892 2032 1955 quid,
2066 1892 2156 1941 sed
2211 1906 2319 1940 non
2377 1899 2642 1941 naturam.
2709 1891 2811 1940 Pro
2889 1891 3191 1939 substantia
3263 1889 3531 1939 dicimus:

1884 1964 2141 2026 quoniam
2179 1977 2275 2025 pro
2307 1964 2561 2025 qualitate
2589 1961 2873 2025 signiﬁcat,
2906 1967 2960 2011 et
3015 1961 3160 2025 quod
3209 1966 3289 2011 est
3319 1966 3530 2020 natura,

1885 2039 1937 2084 et
1969 2034 2115 2098 quod
2165 2050 2271 2084 non
2332 2043 2411 2084 est
2472 2041 2681 2084 natura.
2753 2034 3027 2096 Signiﬁcat
3088 2034 3232 2082 enim
3287 2033 3531 2082 eamdem

1882 2107 2193 2168 qualitatem
2230 2121 2393 2169 quam
2447 2106 2550 2155 hoc
2605 2119 2800 2155 nomen
2846 2104 3112 2153 inﬁnitum
3163 2104 3386 2166 aliquid,
3443 2117 3532 2153 cu-

1875 2177 1967 2241 jus
1997 2179 2113 2227 sine
2144 2179 2307 2228 dubio
2338 2178 2572 2242 qualitas
2604 2182 2703 2234 est.
2736 2182 2788 2227 et
2824 2191 2941 2241 quin
2994 2182 3090 2233 est,
3124 2180 3178 2225 et
3231 2189 3351 2238 qua:
3419 2188 3531 2225 non

1883 2256 1980 2299 est.
2011 2249 2248 2301 Sensus:
2284 2249 2502 2315 Aliquid
2528 2255 2580 2299 et
2612 2250 2743 2299 nihil
2772 2250 2913 2310 apud
2953 2248 3327 2311 grammaticos
3381 2259 3529 2295 cam-

1881 2321 2004 2370 dem
2051 2322 2277 2372 omnino
2360 2320 2672 2383 qualitatem
2756 2319 3079 2383 signiﬁcant,
3162 2318 3522 2367 substantiam

1880 2406 2009 2442 vero
2040 2395 2259 2443 omnino
2290 2408 2401 2442 non
2463 2392 2722 2443 eamdem.
2778 2393 2868 2440 Est
2915 2392 3055 2440 enim
3093 2390 3375 2453 utriusque
3428 2402 3529 2439 no-

1879 2466 2041 2514 minis
2066 2465 2230 2529 hujus
2257 2465 2507 2530 qualitas,
2539 2463 2802 2528 quidquid
2839 2476 3027 2513 sorum
3078 2476 3199 2526 quas
3256 2466 3383 2511 sunt
3408 2465 3524 2523 est;

1881 2541 1933 2585 et
1962 2538 2226 2601 quidquid
2259 2551 2444 2587 eorum
2502 2531 2628 2600 quas
2679 2549 2789 2585 non
2842 2539 2969 2583 sunt
3025 2534 3245 2598 ﬁngitur
3275 2534 3527 2596 qualitas.

1878 2607 1980 2657 Sed
2012 2608 2175 2671 hujus
2207 2609 2440 2658 nominis
2501 2608 2645 2671 quod
2708 2611 2789 2656 est
2849 2605 3056 2669 aliquid
3096 2606 3399 2655 substantia
3426 2610 3527 2664 est,

1880 2682 1933 2728 et
1962 2679 2017 2727 id
2047 2681 2192 2742 quod
2224 2684 2322 2739 est,
2354 2684 2407 2729 et
2433 2680 2485 2729 id
2519 2679 2661 2743 quod
2692 2679 2931 2742 ﬁngitur,
2985 2677 3077 2727 sed
3128 2690 3237 2727 non
3287 2681 3385 2727 est.
3422 2677 3528 2726 Hu-

1874 2751 1965 2815 jus
2000 2764 2126 2799 vero
2159 2752 2301 2815 quod
2333 2755 2416 2800 est
2470 2750 2625 2808 nihil,
2657 2750 2709 2798 id
2768 2750 2940 2799 solum
2999 2748 3145 2811 quod
3198 2748 3435 2810 ﬁngitur,
3472 2750 3529 2796 et

1878 2838 2218 2888 nequaquam
2249 2824 2449 2887 aliquid
2510 2827 2606 2873 est.
2660 2822 2792 2871 Nam
2846 2822 2946 2871 etsi
3004 2821 3091 2883 sit,
3122 2821 3164 2870 si
3204 2826 3383 2870 tamen
3412 2833 3526 2871 non

1880 2901 1962 2945 est
1990 2895 2191 2959 aliquid
2224 2899 2538 2945 autnatura
2593 2897 2686 2943 aut
2742 2894 3043 2950 efﬁcientia,
3102 2890 3239 2941 nihil
3300 2895 3417 2943 est:
3459 2896 3520 2942 ut

1879 2967 1993 3026 ὕλη,
2042 2981 2163 3031 quas
2194 2968 2489 3016 secundum
2537 2966 2891 3029 philosophos
2933 2968 3029 3022 est,
3053 2963 3148 3013 sed
3179 2976 3526 3026 nequaquam

1878 3040 2080 3102 aliquid
2111 3044 2225 3087 est:
2283 3037 2538 3102 quoniam
2593 3051 2769 3100 neque
2828 3040 3021 3085 natura
3081 3032 3427 3097 estaliquid,
3462 3037 3520 3083 ut

1880 3111 2059 3159 album
2091 3116 2186 3167 est,
2238 3111 2395 3174 quale
2427 3110 2722 3174 qualitate;
2773 3122 2949 3169 neque
3003 3106 3311 3162 efﬁcientia,
3346 3108 3404 3155 ut
3447 3105 3517 3154 al-

1876 3182 2017 3231 bedo
2049 3187 2130 3232 est
2158 3184 2404 3246 qualitas.
2437 3198 2498 3231 eo
2524 3184 2665 3245 quod
2692 3182 2817 3230 facit
2845 3180 3020 3243 quale.
3070 3179 3129 3227 In
3169 3178 3329 3227 modo
3361 3178 3520 3226 etiam

1879 3251 2215 3316 signiﬁcandi
2249 3252 2557 3316 qualitatem
2617 3252 2858 3301 eamdem
2921 3251 3036 3299 hiec
3091 3248 3311 3298 nonima
3364 3246 3521 3297 dnﬁ‘e-

1877 3331 2021 3374 runt.
2056 3325 2188 3375 Nam
2221 3326 2418 3387 aliquid
2479 3339 2641 3373 unam
2695 3323 2922 3386 alicujus
2980 3336 3165 3372 eorum
3211 3334 3333 3384 quae
3390 3325 3520 3370 sunt

1878 3398 1960 3445 vel
1993 3396 2268 3457 finguntur
2297 3397 2604 3459 qualitatem
2662 3409 2838 3443 veram
2888 3393 2973 3442 vel
3024 3393 3199 3441 ﬁctam
3242 3391 3516 3441 dictionali

1877 3467 2270 3530 signiﬁcatione
2302 3481 2412 3516 suae
2444 3467 2684 3515 similiter
2711 3480 2852 3515 veras
2887 3465 2970 3514 vel
3007 3464 3143 3513 ﬁctas
3198 3464 3515 3513 substantias

1878 3542 2099 3588 confert.
2131 3539 2274 3587 Nihil
2304 3552 2434 3588 vero
2470 3540 2535 3587 ab
2593 3553 2655 3587 ea
2710 3552 2829 3601 qua:
2886 3550 2992 3585 non
3035 3542 3115 3585 est
3138 3549 3280 3590 vera,
3312 3534 3405 3583 sed
3439 3539 3518 3584 est

1876 3612 1997 3661 ﬁcta
2027 3612 2344 3673 substantia,
2405 3612 2701 3675 quamlibet
2757 3625 2933 3659 veram
2992 3609 3235 3659 ﬁctamve
3278 3612 3516 3657 removet

1878 3686 2210 3747 qualitatem.
2267 3683 2420 3742 Quod
2478 3682 2620 3733 enim
2680 3682 2816 3732 nihil
2871 3681 3085 3737 dicitur,
3137 3679 3288 3729 nulla
3346 3692 3525 3742 neque

1879 3770 2020 3805 verte
2052 3770 2222 3819 neque
2255 3756 2388 3805 ﬁcta:
2449 3755 2749 3804 efﬁcientia}
2807 3753 3065 3815 qualitate
3123 3751 3260 3800 afﬁci
3318 3748 3528 3813 signiﬁ-

1879 3834 2046 3877 catur.
2074 3828 2284 3876 Nullum
2315 3829 2456 3877 enim
2490 3826 2689 3886 ﬁctum,
2722 3827 2774 3875 id
2809 3826 2953 3888 quod
3015 3824 3252 3887 ﬁngitur,
3312 3828 3409 3870 est.
3443 3821 3530 3870 ld-

1880 3901 2020 3948 circo
2052 3902 2193 3949 recte
2221 3899 2322 3948 hoc
2381 3898 2651 3948 inﬁnitivo
2712 3898 3052 3959 abnegativo,
3110 3893 3256 3957 quod
3312 3896 3393 3942 est
3446 3892 3534 3941 ni-

1880 3970 1974 4026 hil,
2005 3970 2163 4020 etiam
2197 3971 2319 4019 ﬁcta
2375 3970 2607 4034 qualitas
2665 3970 2732 4020 ab
2785 3969 3024 4031 ejusdem
3069 3965 3307 4015 nominis
3347 3963 3533 4013 abesse

1880 4043 2182 4091 substantia
2204 4041 2577 4105 signiﬁcatur;
2609 4042 2753 4090 unde
2792 4041 3083 4103 supponit:
3144 4039 3327 4099 Neque
3390 4034 3533 4084 enim

1882 4113 2148 4177 signiﬁcat
2179 4114 2279 4162 hoc
2310 4127 2511 4163 nomen
2542 4113 2679 4162 nihil
2735 4113 2879 4175 quod
2929 4109 3151 4173 aliquid,
3183 4108 3236 4157 id
3292 4110 3373 4156 est
3402 4106 3533 4177 sub-

1883 4176 2083 4234 stantia
2113 4184 2365 4241 nominis,
2401 4186 2468 4232 sit
2520 4183 2717 4247 aliquid
2771 4182 3011 4246 ejusdem
3065 4177 3300 4229 nominis
3356 4176 3528 4239 quali-

1883 4263 2021 4315 tate;
2084 4256 2178 4306 sed
2231 4258 2409 4320 potius
2467 4255 2733 4320 signiﬁcat
2792 4255 3146 4303 substantiam
3204 4262 3367 4320 suam
3416 4261 3527 4320 non

1881 4341 1997 4377 esse
2030 4316 2248 4390 aliquid‘
2288 4341 2352 4377 ea
2410 4342 2441 4376 a
2497 4316 2603 4389 qua
2656 4338 2854 4374 nomen
2913 4328 2993 4374 est
3025 4321 3301 4386 qualitate.
3344 4316 3529 4367 Omnis

1882 4411 2026 4453 vero,
2073 4403 2172 4448 etc.
2216 4398 2411 4455 Quasi:
2470 4398 2583 4446 Hoc
2644 4410 2841 4445 nomen
2904 4394 3040 4443 nihil
3096 4392 3358 4456 signiﬁcat
3414 4402 3528 4438 non

1885 4483 2021 4526 esse,
2071 4471 2247 4519 omnis
2302 4483 2429 4519 vero
2486 4473 2682 4519 natura
2740 4472 2840 4518 est.
2921 4466 3149 4516 Deberet
3204 4460 3526 4514 concludere

1884 4541 2249 4604 syllogismum
2282 4543 2376 4590 ita.
2410 4540 2529 4590 Non
2563 4544 2643 4589 cst
2672 4554 2802 4603 ergo
2837 4541 3028 4588 natura
3058 4535 3205 4601 quod
3259 4547 3358 4598 pro
3401 4531 3527 4604 sub-

1882 4603 2076 4661 stantia
2105 4610 2371 4675 signiﬁcat
2431 4612 2581 4661 nihil.
2634 4611 2735 4661 Sed
2790 4610 3044 4673 quoniam
3104 4606 3191 4656 his
3237 4618 3356 4670 qua:
3386 4603 3530 4654 dicta

1881 4691 2008 4735 sunt
2037 4687 2347 4748 praemissis,
2400 4689 2481 4735 est
2538 4686 2651 4735 haec
2707 4688 2851 4734 certa
2909 4682 3202 4737 conclusio,
3261 4682 3415 4729 tacet.
3466 4677 3529 4726 Et

1880 4760 1956 4809 sic
1986 4760 2051 4808 de
2109 4760 2365 4809 omnibus
2414 4760 2632 4823 quidem
2688 4761 2867 4819 rebus,
2898 4758 2950 4806 id
3007 4760 3089 4805 est
3132 4752 3445 4804 substantiis
3476 4757 3529 4801 et

1880 4830 2267 4892 accidentibus,
2300 4834 2351 4880 et
2406 4829 2568 4880 etiam
2627 4831 2693 4880 de
2747 4831 2857 4880 Deo
2900 4832 2953 4878 et
2996 4827 3237 4884 materia,
3272 4828 3523 4873 naturam

1880 4902 1983 4952 dici
2024 4904 2209 4966 placet,
2242 4904 2354 4952 haec
2407 4904 2477 4952 sit
2533 4908 2739 4953 natura;
2797 4900 3051 4952 difﬁnitio
3089 4912 3247 4962 quam
3278 4895 3523 4945 videlicet

1880 4974 2127 5036 superius
2185 4976 2585 5037 proposuimus.
2639 4975 2730 5024 Sin
2786 4988 2916 5023 vero
2986 4976 3145 5036 prout
3200 4968 3520 5032 quibusdam

1877 5048 2052 5097 visum
2085 5052 2180 5104 est,
2214 5062 2321 5096 non
2355 5048 2420 5097 de
2447 5050 2696 5097 omnibus
2725 5049 2906 5107 rebus,
2940 5048 3032 5096 sed
3093 5045 3158 5093 de
3217 5043 3342 5092 solis
3400 5041 3523 5090 sub-

1879 5123 2085 5171 stantiis
2168 5120 2603 5177 subsistentibus,
2693 5119 2932 5183 intellige
3006 5123 3221 5175 natura,
3304 5115 3517 5174 dicitur,

1878 5196 2130 5257 quoniam
2163 5207 2350 5241 omnes
2381 5194 2692 5243 substantiae
2749 5192 3125 5253 subsistentes,
3181 5191 3274 5237 aut
3326 5198 3518 5245 corpo-

1877 5279 1981 5315 reae
2013 5270 2154 5321 sunt,
2190 5271 2282 5314 aut
2315 5267 2661 5328 incorporeas,
2712 5266 2955 5314 dabimus
2999 5259 3377 5309 difﬁnitionem
3423 5268 3520 5328 n_a_-

1876 5345 2007 5386 turre
2068 5338 2418 5399 signiﬁcantis
2471 5326 2817 5391 substantias,
2871 5336 2921 5382 id
2982 5339 3061 5382 est
3116 5326 3517 5403 secundum

1875 5409 1979 5457 lam
2033 5398 2475 5469 signiﬁcationem
2532 5408 2693 5471 hujus
2744 5407 2974 5455 nominis
3035 5418 3141 5467 qua
3208 5413 3291 5449 res
3349 5398 3518 5445 subsi-

1876 5485 2076 5529 stentes
2107 5480 2406 5543 signiﬁcare
2447 5480 2663 5530 dicitur.
2715 5480 2841 5539 Quae
2899 5477 3275 5546 difﬁnitiogest
3325 5471 3517 5546 hujus.-

1876 5551 2055 5603 modi:
2116 5552 2317 5601 Natura
2369 5557 2463 5607 est,
2523 5554 2606 5601 vel
2658 5554 2801 5615 quod
2864 5550 3038 5599 facere
3092 5544 3177 5595 vel
3208 5543 3369 5619 quod
3401 5543 3510 5619 pati

1872 5623 2056 5686 possit.
2090 5624 2215 5673 Haec
2246 5624 2573 5686 conjunctio,
2618 5624 2720 5680 vel,
2775 5623 2876 5671 hoc
2924 5621 3037 5670 loco
3086 5616 3515 5678 subdisjunctive

1872 5695 2043 5757 posita
2104 5698 2229 5746 est:
2293 5699 2583 5759 utrumque
2639 5695 2779 5744 enim
2825 5692 3126 5758 signiﬁcat;
3187 5688 3331 5739 unde
3386 5698 3514 5751 sup-

1870 5766 2029 5830 ponit
2047 5779 2062 5816 :
