4046 6180
482 197 618 253 i363

1105 195 1179 252 IN
1217 197 1482 256 LIBRUM
1522 197 1614 254 DE
1651 195 1931 255 DUABUS
1968 188 2271 251 NATURIS
2310 193 2398 251 ET
2436 192 2579 252 UNA
2616 194 2941 254 PERSONA
2981 196 3259 253 CHRISTI

3687 202 3793 259 1364

542 321 664 371 Pati
694 320 904 386 quidem
938 336 998 371 ac
1027 326 1222 387 facere,
1252 326 1373 389 etc.)
1430 325 1677 377 Perfecta
1726 340 1853 377 vero
1900 328 2040 375 esset
2065 320 2142 371 di-
2175 328 2220 391 Α
2255 322 2624 375 difﬂuiendam
2661 326 2904 376 eamdem
2941 330 3207 380 naturam,
3235 324 3509 375 secundum
3536 325 3667 375 aliam
3682 342 3799 391 quam

482 396 634 454 visio,
664 396 711 444 si
747 394 822 445 ita
847 394 1087 453 dixisset,
1120 395 1203 445 vel
1230 398 1373 460 quod
1410 399 1581 449 facere
1628 403 1680 449 et
1734 411 1845 448 non
1891 397 2023 459 pati,
2059 394 2146 443 vel

482 467 626 529 quod
660 467 768 529 pati
800 470 853 516 et
880 481 989 517 non
1024 468 1237 527 facere;
1270 468 1351 519 vel
1408 477 1461 518 et
1516 471 1657 533 quod
1719 470 1827 533 pati
1860 473 1911 517 et
1947 467 2151 526 facere,

483 538 569 587 vel
603 539 748 602 quod
780 552 880 588 nec
910 540 1087 590 facere
1123 553 1221 589 nec
1276 542 1384 604 pati
1446 548 1638 606 potest.
1700 543 1802 592 Sed
1862 539 2151 603 diligenter

489 611 880 660 attendendum
939 616 1019 661 est
1074 614 1215 676 quod
1276 614 1446 663 facere
1514 619 1566 664 et
1618 617 1727 679 pati
1779 613 2150 675 multipliciter

492 683 762 757 dicuntur.
793 682 927 757 liam
960 685 1317 757 quorumdam
1338 687 1808 757 philosophorum
1842 685 2156 757 usu.facere

496 751 624 827 solis
677 751 932 827 vitalibus
994 755 1265 827 convenit,
1300 755 1463 827 idest
1520 756 1630 805 Deo
1689 762 1741 805 et
1770 755 2068 819 spiritibus,
2107 755 2158 801 et

470 864 473 867 ν
500 820 848 877 animalibus,
879 826 934 870 et
960 836 1144 873 eorum
1176 826 1483 875 animabus.
1516 826 1632 875 Pati
1689 840 1837 886 vero,
1874 825 1999 873 solis
2046 835 2161 871 sen-

502 890 785 970 sibilibus:
820 898 877 942 ut
905 895 1246 970 animalibus,
1278 902 1332 970 et
1388 899 1702 947 eorumdem
1764 896 2067 951 animabus,
2110 900 2163 944 et

506 964 833 1035 quibusdam
874 966 1173 1029 spiritibus.
1233 968 1473 1019 Aliorum
1523 986 1653 1020 vero
1713 968 2161 1035 philosophorum

513 1048 634 1095 usu,
669 1034 844 1085 facere
873 1052 934 1087 ac
969 1041 1079 1102 pati
1115 1042 1368 1090 omnibus
1426 1044 1799 1106 corporalibus
1855 1046 1908 1089 et
1946 1039 2165 1087 sensibi-

510 1106 639 1156 lium
696 1111 949 1158 convenit
1002 1111 1307 1162 animabus.
1346 1114 1477 1163 Nam
1536 1120 1589 1163 et
1640 1112 1936 1177 corporalia
1965 1110 2161 1165 omnia,

516 1182 570 1227 et
598 1181 957 1241 corporalium
994 1184 1187 1231 animus
1221 1186 1594 1246 quorumdam,
1628 1199 1748 1247 quae
1798 1198 1893 1247 per
1940 1195 2166 1246 genera-

515 1250 716 1298 tionem
750 1251 833 1300 vel
864 1266 963 1314 per
985 1254 1394 1316 corruptionem
1426 1257 1584 1316 ﬁunt,
1617 1270 1787 1305 causas
1833 1260 1993 1312 sunt;
2029 1252 2169 1301 ideo-

514 1334 616 1382 que
645 1326 698 1369 et
730 1320 848 1383 ipsa
878 1324 1068 1385 facere,
1105 1330 1159 1375 et
1189 1340 1308 1389 quas
1342 1326 1586 1388 ipsorum
1642 1332 1794 1376 actus
1844 1326 2170 1387 suscipiunt.

515 1391 627 1453 pati
660 1392 933 1443 dicuntur.
967 1395 1081 1445 Hoc
1118 1398 1283 1459 igitur
1344 1398 1557 1446 Boetius
1614 1404 1847 1453 secutus,
1907 1398 2014 1444 ait:
2059 1394 2168 1443 Pati

516 1463 736 1524 quidem
770 1477 831 1513 ac
860 1464 1053 1523 facere,
1087 1468 1230 1530 quod
1292 1472 1391 1525 est,
1427 1474 1621 1517 natura
1668 1472 1863 1529 potest,
1896 1471 1955 1515 ut
1992 1464 2172 1515 omnia

521 1548 799 1596 corporea,
824 1541 984 1599 atque
1016 1552 1337 1600 corporeum
1395 1538 1595 1589 anima.
1655 1541 1720 1587 Et
1776 1539 1841 1587 de
1905 1536 2174 1600 corporeis

523 1606 739 1668 quidem
774 1608 873 1656 hoc
902 1613 1108 1658 certum
1140 1616 1238 1665 est,
1295 1611 1439 1673 quod
1499 1614 1552 1660 et
1607 1610 1828 1666 faciunt,
1862 1614 1914 1659 et
1960 1606 2175 1672 patiun-

2256 396 2501 463 superius
2532 396 2587 444 in
2618 395 2882 446 divisione
2937 398 3165 460 primam
3223 400 3467 459 posuerat
3508 394 3651 460 ipsius
3680 400 3801 463 signi-

2255 462 2579 523 ﬁcationem,
2629 466 2847 516 dicens:
2902 466 3067 517 habes
3122 466 3285 530 igitur
3336 466 3672 516 difﬁnitionem
3720 472 3801 531 ejus

2259 549 2474 599 quoque
2506 537 2931 600 signiﬁcationis,
2986 539 3037 588 id
3096 544 3178 588 est
3226 538 3506 587 secundum
3550 552 3646 587 eam
3695 541 3806 603 signi-

2260 610 2565 659 ficationem
2597 615 2802 660 naturas
2833 624 2952 674 quas
2984 615 3194 661 tantum
3227 610 3526 660 substantiis
3574 612 3809 675 applicatur.

2263 680 2377 736 Qua
2408 681 2463 729 in
2521 694 2575 730 re
2607 683 2733 745 quia
2758 682 2959 731 scilicet
3015 683 3158 745 quod
3211 697 3274 732 ea
3321 682 3617 731 difﬁnitions
3664 683 3715 731 de
3755 698 3812 732 na-

2264 757 2386 801 tura
2442 752 2641 802 dictum
2692 759 2789 811 est,
2855 755 3073 804 nonnisi
3139 756 3444 804 substantiis
3515 756 3740 813 convenit.
3777 759 3813 806 in

2264 824 2365 872 hac
2394 823 2719 874 dilﬂnitione
2750 830 2959 875 natura:
2990 827 3300 875 substantias
3331 840 3535 890 quoque
3573 832 3643 876 est
3665 829 3811 877 redditi

2268 893 2536 943 dil‘tinitio.
2574 895 2867 959 Diligenter
2911 897 3127 946 attende
3184 897 3327 960 quod
3373 897 3461 953 ait,
3512 902 3689 947 natura:
3725 898 3813 945 ditii-

2269 964 2477 1014 nitione
2535 965 2820 1016 difﬁnitam
2879 982 2994 1017 esse
3054 969 3422 1017 substantiam.
3477 967 3599 1017 Nam
3662 972 3703 1017 et
3743 970 3815 1031 ipse

2271 1050 2367 1085 cur
2396 1037 2497 1086 hoc
2524 1037 2739 1095 dixerit,
2771 1039 3025 1094 ostendit,
3056 1039 3275 1087 dicens:
3307 1040 3434 1088 Nam
3494 1039 3536 1087 si
3584 1052 3741 1087 nomen
3763 1054 3819 1087 na-

2271 1112 2403 1158 turas
2437 1108 2790 1159 substantiam
2823 1116 3100 1167 monstrat,
3150 1112 3297 1173 quod
3346 1114 3525 1174 utique
3553 1111 3818 1174 quorumdam

2275 1182 2430 1241 (sicut
2459 1183 2658 1230 dictum
2690 1186 2791 1243 est)
2824 1198 2953 1233 usus
2994 1185 3170 1241 habet,
3227 1198 3347 1233 cum
3408 1190 3637 1233 naturam
3686 1185 3822 1232 descri-

2274 1254 2497 1315 psimus,
2557 1255 2873 1304 substantiae
2931 1268 3145 1318 quoque
3210 1256 3417 1305 reddita
3470 1260 3546 1304 est
3594 1255 3823 1317 descriptio.

2275 1324 2426 1381 Quod
2454 1338 2577 1373 vere
2612 1329 2664 1374 et
2694 1326 2810 1375 sine
2842 1325 3025 1390 aliqua
3071 1325 3406 1376 dubitatione
3454 1326 3698 1375 fatendum
3722 1333 3825 1384 eiiel,

2278 1395 2321 1445 si
2354 1401 2559 1446 naturae
2592 1404 2754 1461 atque
2812 1398 3125 1449 substantias
3186 1401 3411 1449 nomina
3440 1401 3494 1448 in
3523 1399 3725 1463 ejusdem
3746 1400 3828 1446 snt-
3924 1400 3925 1421 ‘

2280 1468 2487 1515 stantius
2544 1470 2922 1531 appellatione,
2982 1475 3034 1519 et
3090 1470 3157 1519 ab
3215 1472 3405 1519 eadem
3459 1471 3685 1534 qualitate
3710 1474 3831 1517 essent

2280 1538 2587 1587 multivoca.
2620 1540 2769 1595 Quod
2802 1539 3023 1590 minime
3056 1545 3200 1589 sunt.
3259 1542 3390 1590 Nam
3453 1542 3547 1590 etsi
3600 1540 3749 1589 horum
3777 1553 3832 1587 no-

2282 1610 2486 1657 minum
2514 1611 2701 1660 eadem
2734 1612 3031 1661 secundum
3065 1612 3271 1675 aliquos
3300 1612 3617 1675 intelligatur
3662 1612 3832 1659 substin-

526 1678 742 1757 tur;‘de
768 1692 1169 1757 corporearum
1228 1695 1379 1757 vero_
1419 1684 1615 1734 anima.
1676 1696 1797 1745 quas
1860 1682 2178 1742 incorporea
2212 1692 2256 1757 Β
2286 1681 2374 1736 tia,
2407 1694 2688 1745 nunquam
2720 1687 2897 1731 tamen
2930 1683 3114 1731 eadem
3151 1684 3399 1746 qualitas.
3462 1682 3607 1733 Aliud
3647 1682 3754 1730 enim
3787 1686 3835 1728 ut

532 1749 837 1799 substantia
869 1756 967 1809 est,
1000 1753 1100 1801 etsi
1149 1766 1260 1802 non
1319 1754 1452 1803 adeo
1501 1758 1725 1811 certum,
1760 1759 1941 1803 tamen
1980 1764 2097 1800 eam
2129 1754 2183 1798 et

539 1822 715 1871 facere
746 1827 801 1873 et
827 1826 929 1887 pati
960 1839 1148 1875 verum
1185 1832 1281 1876 est.
1312 1829 1434 1877 Haec
1465 1828 1609 1878 enim
1642 1830 1697 1877 in
1734 1841 1956 1891 corpore
1989 1830 2184 1890 praeter

543 1894 785 1957 corporis
813 1909 1048 1955 causam,
1082 1903 1134 1947 et
1164 1900 1321 1948 etiam
1353 1914 1383 1948 a
1412 1914 1656 1962 corpore,
1691 1901 1791 1948 hoc
1820 1903 1901 1949 est
1947 1897 2186 1961 corporis

548 1978 729 2023 causa,
761 1970 813 2015 et
842 1966 968 2016 facit
998 1973 1052 2018 et
1079 1968 1297 2032 patitur.
1330 1973 1444 2021 Non
1476 1973 1646 2020 solum
1678 1972 1819 2021 enim
1877 1975 2027 2020 extra
2070 1982 2184 2016 cor-

550 2050 704 2099 pora,
734 2038 828 2087 sed
856 2040 1015 2088 etiam
1052 2042 1108 2089 in
1165 2043 1477 2105 corporibus
1533 2047 1815 2092 manentes
1867 2041 2060 2090 animas
2113 2052 2191 2087 ra-

554 2109 801 2167 tionales,
834 2124 941 2159 non
974 2113 1215 2175 corporis
1246 2114 1318 2169 vi,
1365 2113 1457 2162 sed
1515 2114 1740 2163 rationis
1796 2113 2011 2177 proprio
2069 2114 2190 2158 actu

554 2181 881 2247 intelligunt.
913 2183 973 2232 In
1003 2184 1303 2234 sentiendis
1357 2199 1483 2234 vero
1532 2186 1863 2247 corporibus,
1904 2197 1998 2232 seu
2051 2181 2190 2238 visu.

555 2273 651 2308 seu
684 2258 888 2314 auditu,
920 2270 1013 2305 seu
1044 2260 1223 2319 gustu,
1260 2271 1354 2306 seu
1397 2257 1519 2306 aliis
1575 2257 1883 2321 hujusmodi
1926 2255 2193 2310 sensibus,

555 2332 651 2379 etsi
682 2329 876 2379 animas
906 2328 1227 2377 sensibilitas
1284 2327 1385 2377 ista
1442 2327 1662 2392 propria
1718 2327 1807 2390 sit,
1846 2328 1970 2391 quia
2015 2330 2196 2373 tamen

554 2406 638 2454 his
673 2402 919 2451 sensibus
950 2413 1059 2449 non
1090 2400 1195 2449 nisi
1226 2414 1471 2464 corpora,
1506 2414 1607 2450 nec
1637 2400 1739 2450 nisi
1790 2398 2063 2462 corporeis
2110 2395 2198 2443 in-

554 2472 869 2526 strumentis
897 2476 1125 2536 possunt
1147 2472 1351 2529 sentiri,
1395 2486 1427 2520 a
1480 2486 1704 2535 corpore
1766 2472 1961 2520 dicitur
2021 2468 2200 2517 anima

555 2549 751 2598 habere
786 2546 928 2609 quod
959 2546 1138 2603 sentit,
1170 2549 1222 2594 et
1250 2545 1419 2594 multo
1451 2546 1832 2608 scripturarum
1867 2557 1964 2591 usu
2012 2552 2201 2589 sensus

554 2619 660 2684 ipsi
690 2619 945 2668 dicuntur
975 2618 1236 2680 corporei.
1269 2617 1528 2666 Similiter
1557 2630 1665 2665 non
1697 2616 1855 2665 modo
1886 2617 2034 2664 extra
2081 2624 2203 2684 cor-_

555 2678 704 2754 pora,
736 2702 921 2738 verum
953 2678 1113 2737 etiam
1145 2686 1200 2736 in
1230 2688 1564 2751 corporibus,
1616 2700 1725 2735 non
1772 2696 2076 2748 corporum,
2108 2678 2200 2728 sed

558 2752 657 2812 sua
684 2765 889 2810 tantum
920 2764 1115 2809 natura
1147 2760 1342 2808 animai
1373 2759 1788 2809 delectationum
1826 2760 1918 2805 aut
1964 2752 2204 2804 tristitia-

557 2847 675 2884 rum
702 2831 1048 2897 passionibus
1076 2832 1402 2881 afﬁciuntur.
1467 2831 1679 2880 Certum
1739 2834 1821 2879 est
1868 2828 2027 2877 etiam
2058 2822 2205 2888 quod

560 2920 625 2956 sx
677 2918 964 2968 corporum
1024 2902 1283 2968 qualitate
1350 2918 1445 2952 seu
1521 2902 1881 2965 inaequalitate
1960 2899 2205 2962 quaedam

564 2978 759 3026 animm
790 2976 1070 3038 passiones
1100 2976 1441 3037 contingunt,
1475 2977 1534 3022 ut
1590 2973 1897 3035 obripilatio
1958 2969 2207 3030 calorque

563 3048 783 3097 fabrilis.
816 3047 1048 3109 ideoque
1080 3047 1274 3095 animus
1305 3045 1536 3108 prOpriae
1588 3045 1865 3107 passiones
1894 3056 1923 3091 a
1978 3039 2210 3103 corpori-
2240 3048 2283 3115 ρ

562 3120 665 3169 bus
692 3120 740 3187 ei
774 3133 908 3175 esse,
940 3123 992 3167 et
1022 3118 1182 3167 etiam
1208 3117 1512 3179 corporales
1542 3118 1820 3165 vocantur.

626 3183 809 3240 Facere
835 3203 971 3249 vero,
1015 3188 1141 3255 etc.]
1201 3189 1315 3237 Pati
1371 3203 1432 3237 ac
1488 3187 1661 3236 facere
1721 3183 1901 3235 omnia
1959 3195 2216 3246 corporea

564 3266 814 3327 possunt,
843 3265 895 3309 et
925 3274 1305 3324 corporeorum
1338 3261 1553 3319 anima;
1584 3258 1759 3307 facere
1814 3270 1939 3305 vero
1986 3258 2212 3311 tantum,

566 3339 621 3384 et
649 3347 758 3384 non
789 3333 917 3396 pati,
951 3332 999 3380 id
1033 3332 1174 3394 quod
1208 3337 1305 3392 est,
1339 3336 1531 3380 natura
1562 3333 1770 3393 potest:
1810 3332 1868 3376 ut
1924 3328 2064 3375 Deus
2122 3337 2218 3373 cai-

564 3409 787 3467 teraque
818 3402 1023 3453 divina.
1056 3401 1248 3451 Divina
1280 3402 1381 3451 hoc
1412 3402 1527 3451 loco
1577 3401 1753 3449 dicere
1807 3398 2035 3459 videtur
2068 3408 2217 3460 quas-

565 3491 670 3540 que
701 3480 984 3539 perpetua,
1036 3488 1157 3537 quas
1215 3476 1378 3523 semel
1446 3478 1627 3524 creata
1683 3473 1939 3533 deinceps
1995 3484 2216 3533 genera-

566 3550 713 3597 tione
744 3561 839 3596 seu
866 3546 1209 3606 corruptione
1241 3546 1295 3593 in
1328 3546 1475 3595 nullo
1513 3548 1811 3600 mutantur,
1850 3542 1989 3591 sicut
2044 3546 2097 3591 et
2152 3542 2217 3591 de

566 3626 770 3669 εἰει-[ιο
822 3616 1112 3681 principio,
1163 3617 1366 3667 scilicet
1422 3618 1549 3677 Deo,
1607 3620 1811 3665 certum
1869 3618 1965 3667 est,
1998 3613 2089 3676 qui
2119 3626 2219 3662 nec

567 3705 663 3756 per
727 3691 1131 3755 generationem
1189 3687 1369 3751 cmpit,
1434 3702 1609 3752 neque
1668 3701 1763 3751 per
1818 3685 2216 3748 corruptionem

568 3764 767 3812 desinit
797 3762 995 3825 aliquid
1030 3775 1163 3811 esse.
1199 3762 1323 3810 Haec
1354 3760 1516 3823 igitur
1563 3760 1691 3822 quia
1747 3772 1856 3806 non
1920 3761 2216 3812 mutantur,

571 3850 913 3900 nequaquam
949 3835 1247 3899 patiuntur.
1280 3834 1429 3883 Facit
1461 3839 1632 3883 tamen
1660 3837 1720 3881 ut
1748 3836 1933 3880 auctor
1976 3830 2218 3879 omnium

570 3908 733 3965 Deus,
782 3913 1081 3969 ceteraque
1142 3906 1343 3962 divina,
1401 3906 1484 3955 vel
1541 3918 1719 3957 causa,
1782 3904 1862 3951 vel
1922 3902 2219 3951 ministerio

573 3980 806 4043 plurima
857 3978 1077 4027 faciunt.
1138 3977 1291 4026 Nulla
1352 3978 1492 4026 enim
1542 3980 1625 4024 est
1670 3974 1957 4038 cujuslibet
2012 3972 2221 4036 agentis

572 4065 668 4115 per
699 4050 967 4100 actionem
1003 4048 1269 4109 mutatio;
1302 4046 1533 4109 ideoque
1582 4045 1929 4095 immutabilis
1982 4046 2137 4101 Deus,
2170 4048 2223 4092 et

573 4136 694 4185 quas
728 4135 837 4171 non
870 4123 1149 4170 mutantur
1178 4124 1439 4183 perpetua
1473 4118 1678 4167 faciunt
1726 4121 1957 4177 tantum,
1994 4116 2220 4164 nullate-

572 4207 677 4244 nus
705 4194 1001 4257 patiuntur.

635 4266 800 4315 Habes
847 4264 1035 4329 igitur,
1091 4262 1214 4327 etc.]
1276 4261 1582 4311 Secundum
1630 4259 2073 4324 significationem
2132 4271 2220 4307 na-

572 4344 727 4395 tura,
764 4352 868 4401 qua
897 4336 963 4385 de
995 4334 1250 4385 omnibus
1282 4339 1333 4383 et
1363 4332 1492 4383 solis
1522 4332 1838 4381 substantiis
1888 4336 2095 4401 naturae
2126 4343 2224 4378 no-

572 4424 694 4461 men
744 4400 958 4465 dicitur,
1012 4410 1259 4456 naturam
1319 4406 1583 4454 divisione
1639 4404 1910 4458 difﬁnivit,
1968 4400 2155 4450 dicens
2204 4413 2218 4449 :

572 4483 830 4531 Naturam
862 4493 997 4539 esse,
1028 4479 1113 4527 vel
1146 4478 1290 4541 quod
1321 4477 1516 4533 facere,
1565 4475 1649 4525 vel
1696 4475 1838 4539 quod
1884 4474 1995 4537 pati
2026 4476 2217 4534 potest.

573 4555 733 4605 Ratio
765 4557 942 4602 autem
975 4551 1275 4610 divisionis,
1308 4548 1449 4598 sicut
1474 4549 1789 4611 praedictum
1850 4551 1944 4606 est,
1992 4548 2223 4608 quatuor

578 4626 746 4690 exigit
780 4628 979 4687 partes,
1010 4623 1116 4671 ita:
1148 4621 1351 4669 Natura
1386 4624 1465 4669 est
1509 4619 1591 4667 vel
1638 4618 1780 4682 quod
1831 4617 2002 4666 facere
2034 4621 2087 4664 et
2116 4627 2223 4690 non

577 4685 709 4762 pati,
744 4685 829 4744 vel
860 4693 999 4757 quod
1032 4693 1142 4756 pati
1173 4698 1224 4741 et
1253 4704 1359 4740 non
1396 4691 1593 4762 facere,
1631 4691 1716 4738 vel
1747 4690 1890 4752 quod
1941 4692 2004 4762 et_
2041 4685 2148 4762 pati
2181 4689 2235 4735 et

580 4756 778 4825 t‘acere,
806 4756 889 4813 vel
919 4763 1061 4826 quod
1096 4776 1196 4811 nec
1227 4762 1336 4824 pati
1367 4774 1466 4810 nec
1499 4761 1677 4809 facere
1736 4762 1927 4822 potest.
1979 4759 2050 4807 De
2108 4756 2234 4805 dua-

583 4839 685 4887 bus
718 4839 896 4885 autem
928 4832 1213 4881 divisionis
1271 4832 1433 4893 hujus
1482 4832 1743 4894 partibus,
1774 4830 2019 4878 videlicet
2074 4828 2137 4876 de
2168 4841 2231 4877 eo

584 4908 728 4973 quod
761 4912 813 4956 et
850 4907 1025 4954 facere
1060 4907 1114 4952 et
1146 4904 1277 4966 pati,
1310 4909 1362 4951 et
1391 4902 1531 4965 quod
1584 4907 1637 4950 et
1685 4901 1858 4950 facere
1908 4905 2095 4973 etnon
2124 4900 2233 4973 pati

583 4972 778 5043 potest,
813 4976 1057 5038 exempla
1088 4974 1283 5037 posuit.
1347 4975 1420 5022 De
1479 4988 1541 5023 eo
1595 4977 1772 5022 autem
1830 4972 1972 5034 quod
2032 4972 2233 5043 patiiet

582 5038 694 5100 non
724 5050 918 5106 facere,
950 5046 1035 5095 vel
1064 5044 1207 5107 quod
1240 5057 1338 5093 nec
1370 5044 1488 5106 pati
1522 5058 1621 5093 nec
1652 5046 1822 5092 facere
1874 5046 2062 5104 potest,
2098 5038 2231 5089 nihil

583 5122 727 5172 dicit.
765 5120 893 5169 Ideo
931 5116 1133 5180 utique,
1159 5116 1286 5179 quia
1343 5117 1549 5164 nullum
1612 5114 1909 5163 subsistens
1957 5117 2053 5172 est,
2085 5112 2231 5176 quod

578 5195 691 5259 pati
723 5195 931 5242 tantum
964 5194 1017 5238 et
1045 5203 1153 5237 non
1188 5189 1381 5244 facere,
1412 5187 1495 5236 vel
1532 5188 1674 5250 quod
1722 5200 1821 5235 nec
1870 5184 1978 5248 pati
2023 5198 2121 5233 nec
2151 5184 2231 5259 fa-

579 5256 700 5317 cere
731 5264 920 5329 possit.
954 5259 1122 5310 Omne
1177 5260 1373 5308 etenim
1433 5259 1734 5307 subsistens
1787 5263 1880 5306 aut
1935 5256 2231 5318 temporale

578 5344 676 5397 est,
711 5341 804 5386 aut
840 5336 1185 5398 perpetuum,
1216 5336 1306 5379 aut
1335 5335 1615 5379 aeternum.
1672 5330 1772 5379 Sed
1818 5343 1974 5378 omne
2029 5334 2229 5389 tenipo‘

579 5411 709 5465 rale,
741 5408 879 5455 sicut
915 5403 1115 5452 dictum
1149 5406 1246 5463 est,
1280 5405 1333 5451 et
1363 5401 1537 5451 facere
1603 5405 1655 5449 et
1700 5402 1843 5462 pati;
1891 5413 2049 5449 omne
2103 5411 2229 5447 vero

581 5482 904 5545 perpetuum
962 5478 1016 5524 et
1068 5476 1359 5545 aeternum,
1390 5472 1569 5522 facere
1629 5477 1682 5520 et
1738 5486 1845 5520 non
1896 5472 2003 5545 pati
2034 5474 2229 5545 potest.

580 5542 919 5613 Quapropter
974 5544 1187 5595 caeteris
1241 5544 1450 5593 duabus
1504 5545 1783 5592 divisionis
1825 5542 2081 5605 partibus,
2114 5542 2229 5590 nul-

582 5612 709 5675 lum'
756 5620 978 5671 omnino
1038 5617 1341 5665 subsistens
1396 5613 1736 5677 relinquitur.
1801 5612 2035 5662 Breviter
2103 5624 2228 5675 ergo

584 5688 1031 5745 commemoratis,
1062 5687 1359 5736 secundum
1420 5699 1584 5747 quam
1644 5690 1851 5733 natura:
1891 5682 2231 5746 significatio-

586 5780 708 5818 nem
740 5762 978 5824 ejusdem
1034 5771 1180 5806 nunc
1236 5754 1445 5805 dederit
1498 5755 1896 5814 dilﬁnitionem,
1924 5756 2116 5804 transit
2161 5754 2228 5804 ad

647 5853 667 5875 '
697 5848 1022 5904 Redundare
1047 5845 1299 5898 videntur
1330 5858 1449 5908 qua:
1478 5843 1619 5897 inter
1648 5845 1873 5896 uncinos
1900 5843 2195 5908 posuimus.

2292 1763 2407 1799 esse
2438 1757 2703 1809 naturam,
2737 1752 2881 1802 aliud
2912 1767 3027 1803 esse
3061 1754 3416 1803 substantiam
3444 1768 3457 1813 ;
3490 1752 3616 1802 sicut
3661 1752 3766 1800 aliud
3787 1756 3835 1799 est

2292 1836 2406 1871 esse
2438 1822 2729 1883 hominem,
2760 1823 2908 1873 aliud
2934 1838 3050 1874 esse
3105 1824 3365 1874 risibilem
3391 1839 3405 1874 :
3463 1822 3683 1887 quamvis
3714 1824 3835 1871 eadem

2294 1895 2596 1944 substantia
2624 1900 2679 1945 et
2711 1896 2873 1946 homo
2910 1898 2995 1952 sit,
3056 1900 3109 1946 et
3163 1897 3401 1945 risihilis.
3459 1896 3597 1945 Sicut
3642 1908 3737 1958 ergo
3772 1892 3836 1942 alii

2296 1968 2544 2019 dilﬂnitio
2575 1975 2656 2019 est
2690 1970 2926 2020 hominis
2983 1976 3143 2034 atque
3207 1970 3451 2029 risibilis,
3481 1972 3553 2019 sic
3604 1974 3763 2017 natura
3790 1974 3840 2013 st-

2298 2054 2403 2103 qne
2436 2042 2750 2091 substantias
2780 2043 2968 2092 eadem
3000 2041 3252 2092 difﬁnitio
3283 2057 3403 2092 esse
3436 2056 3539 2092 non
3578 2045 3737 2105 potest.
3757 2039 3840 2087 Cum

2300 2113 2462 2176 igitur
2488 2129 2519 2163 a
2547 2114 2772 2164 diversis
2802 2114 3148 2178 qualitatibus
3179 2115 3516 2165 diversivoca
3565 2115 3745 2164 nomina
3779 2112 3844 2158 iiut

2303 2190 2498 2234 natura
2527 2190 2685 2249 atque
2716 2185 3035 2244 substantia,
3068 2188 3426 2250 quaerendum
3458 2191 3535 2236 est
3570 2200 3665 2250 qua
3710 2184 3844 2231 ratione

2306 2258 2496 2306 horum
2529 2258 2773 2307 eamdem
2805 2258 3003 2307 dixerit
3032 2272 3146 2308 esse
3178 2257 3577 2309 difﬁnitionem.
3617 2257 3722 2305 Cum
3757 2253 3845 2301 enim

2305 2334 2535 2391 quatuor
2590 2330 2697 2378 sint
2749 2330 2953 2391 species
3015 2329 3333 2379 nominum:
3395 2330 3634 2378 videlicet
3684 2327 3847 2375 univou.

2307 2404 2598 2465 aequivoca,
2626 2404 2932 2459 multivoca,
2966 2409 3018 2453 et
3051 2404 3429 2459 diversivoca;
3480 2404 3688 2452 univoca
3711 2398 3851 2461 quidem

2309 2479 2361 2523 et
2387 2474 2677 2524 multivoca
2737 2488 2845 2523 una
2901 2474 3246 2530 diﬂinitione,
3307 2476 3581 2538 mquivoca
3628 2484 3727 2520 vero
3750 2468 3853 2517 etdi.

2310 2545 2603 2601 versivoca,
2684 2544 2907 2594 diversis
2998 2545 3420 2596 difﬁnitionibus
3506 2543 3853 2594 demonstrantur.

2310 2615 2412 2665 Sed
2445 2616 2557 2665 haec
2583 2629 2703 2677 quae
2744 2616 2796 2664 in
2837 2616 3187 2667 diversivocis
3237 2623 3290 2667 et
3343 2615 3701 2666 difﬁnitionum
3743 2610 3855 2659 diver-

2314 2691 2462 2745 sitas,
2495 2688 2805 2737 eorumdem
2844 2702 3005 2738 unam
3040 2690 3397 2753 eamdemque
3444 2688 3856 2739 difﬁnitionemcsse

2315 2772 2423 2807 non
2446 2758 2716 2822 prohibet.
2746 2758 2865 2808 Non
2927 2761 3072 2808 enim
3136 2752 3365 2809 diversis
3422 2764 3637 2809 tantum.
3663 2752 3855 2822 sedatius
3932 2760 3933 2765 ‘

2316 2844 2422 2878 una
2449 2818 2775 2878 difﬁnitione
2834 2831 3167 2880 diversivoca
3226 2831 3490 2880 declarari
3544 2829 3727 2878 minime
3756 2818 3860 2870 ambi-

2316 2904 2409 2965 git,
2442 2904 2686 2965 quisquis
2718 2916 2782 2951 ea
2809 2917 2930 2967 quas
2974 2905 3229 2967 praedicta
3258 2909 3387 2954 sunt
3436 2904 3501 2953 de
3552 2897 3861 2950 difﬁnitionibus

2319 2974 2527 3023 recolit.
2565 2973 2717 3032 Quod
2750 2972 2997 3025 videlicet
3042 2976 3157 3025 alite
3211 2980 3340 3024 sunt
3398 2974 3590 3039 quibus
3638 2967 3859 3039 ostenditur,

2325 3058 2433 3095 non
2468 3046 2625 3094 modo
2660 3046 2803 3109 quod
2835 3060 2952 3095 esse
2983 3046 3199 3105 dicitur,
3256 3033 3601 3096 verumetiam
3652 3053 3743 3091 esse
3773 3033 3859 3099 ψ]οά

2323 3117 2553 3175 dicitur;
2586 3116 2705 3166 alite
2736 3130 2864 3167 vero
2894 3120 3090 3181 quibus
3119 3123 3327 3168 tantum
3378 3118 3521 3181 quod
3576 3128 3675 3163 esse
3724 3111 3861 3181 dicitur»

2320 3192 2373 3237 et
2401 3201 2741 3251 nequaquam
2775 3180 3069 3253 essequod
3103 3192 3314 3239 dicitur.
3351 3180 3411 3238 Si
3442 3190 3579 3238 enim
3626 3180 3863 3253 diversitas:

2322 3248 2504 3323 primo
2530 3248 2917 3309 difﬁnitionum
2939 3248 3167 3325 'genere
3227 3258 3640 3310 demonstranda
3686 3256 3790 3309 sunt,
3819 3248 3862 3295 di-

2322 3331 2492 3379 versis
2520 3330 2622 3379 hoc
2652 3345 2871 3380 necesse
2929 3338 3010 3381 est
3066 3330 3488 3382 difﬁnitionibus
3540 3329 3659 3379 ﬁeri.
3705 3325 3747 3373 Si
3787 3331 3863 3366 vero

2320 3402 2511 3458 altero,
2571 3406 2798 3464 possunt
2857 3416 2966 3452 una
3043 3403 3372 3453 difﬁnitione
3451 3396 3724 3452 monstrari.
3767 3390 3863 3467 υἱιάέ

2322 3463 2790 3537 quamvisnatura
2820 3480 2981 3539 atque
3025 3474 3326 3525 substantia
3380 3490 3412 3525 a
3468 3470 3678 3524 diversis
3724 3463 3865 3539 rationi-

2322 3546 2423 3595 bus
2452 3547 2622 3595 indita
2651 3546 2759 3596 sint
2788 3538 3009 3596 nomina
3060 3547 3291 3603 diversa,
3342 3551 3487 3595 recte
3543 3549 3695 3593 tamen
3727 3538 3864 3584 illorum

2327 3634 2431 3669 una
2463 3634 2577 3668 esse
2609 3618 2900 3683 descriptio
2935 3619 3171 3670 dicitur:
3202 3618 3326 3683 quia
3387 3620 3582 3667 scilicet
3608 3615 3654 3663 id
3693 3608 3863 3683 quod

2324 3696 2517 3740 natura
2543 3696 2700 3754 atque
2735 3674 3057 3751 substantia,
3116 3674 3232 3741 non
3282 3704 3411 3740 vero
3470 3704 3581 3739 esse
3631 3674 3866 3754 naturate!

2326 3778 2442 3813 esse
2505 3748 2807 3813 substantia
2880 3748 3203 3812 declaratur.
3261 3761 3324 3809 Et
3403 3760 3669 3824 siquidem,
3716 3748 3867 3814 qua“!fr

2326 3834 2526 3883 dictum
2559 3838 2655 3890 est,
2689 3839 2884 3884 natura
2914 3833 3255 3889 describitur,
3282 3834 3325 3882 si
3358 3834 3446 3881 vel
3502 3832 3563 3879 de
3609 3825 3801 3878 omnibus
3819 3829 3867 3890 ηις

2332 3906 2453 3967 bus,
2486 3906 2567 3954 vel
2598 3885 2663 3955 de
2694 3906 2820 3955 solis
2848 3905 3165 3955 substantiis
3194 3885 3295 3955 hoc
3324 3918 3523 3955 nomen
3560 3902 3747 3950 dicatur.
3768 3885 3862 3947 Οοθδ

2326 3978 2368 4025 si
2404 3974 2603 4026 relictis
2638 3976 2973 4040 incorporeis
3002 3976 3318 4026 substantiis
3374 3981 3579 4025 natura:
3632 3971 3863 4040 nomen‘UF'

2326 4062 2429 4113 que
2474 4049 2539 4097 ad
2604 4038 2910 4111 corporales
2972 4050 3329 4108 contrahitur,
3389 4053 3450 4097 ut
3504 4044 3683 4096 scilicet
3724 4038 3863 4113 tantum

2327 4104 2601 4182 corporeze
2631 4104 2946 4169 substantias
3006 4126 3251 4169 naturam
3311 4104 3510 4169 habere
3558 4104 3863 4182 videamus}t

2328 4174 2534 4240 natura:
2566 4193 2784 4242 nomine
2816 4192 3178 4255 appellentur,
3210 4192 3348 4240 sicut
3411 4193 3593 4254 putant
3644 4174 3862 4255 Aristotelt'

2328 4264 2611 4325 cmterique
2646 4267 2699 4311 et
2732 4246 3020 4326 ejusmodi,
3057 4263 3115 4311 in
3151 4246 3232 4314 est
3288 4246 3629 4313 Aristotelian
3677 4259 3717 4305 et
3748 4246 3864 4326 m0]?

2326 4335 2499 4384 modus
2524 4322 2902 4397 philosophiae
2959 4341 3294 4386 sectatores:
3354 4336 3662 4385 difﬁniemus
3700 4337 3783 4375 eam
3821 4322 3863 4363 ἓιι

2252 4410 2295 4475 D
2327 4406 2485 4455 etiam
2518 4410 2574 4455 ut
2605 4404 2659 4453 hi
2689 4406 3027 4457 difﬁnierunt
3056 4408 3145 4470 qui
3178 4412 3447 4464 naturam,
3472 4407 3521 4454 id
3551 4408 3621 4454 est
3647 4402 3862 4475 naturalia:

2330 4491 2450 4525 mea
2485 4482 2537 4525 et
2566 4476 3031 4539 signiﬁcationem,
3066 4478 3282 4527 nonnisi
3309 4480 3364 4526 in
3397 4476 3687 4538 corporibus
3710 4470 3862 4537 esset“

2334 4546 2593 4609 Opinione
2625 4552 2786 4611 atque
2819 4550 3085 4597 sententia
3119 4553 3435 4611 posuerunt.
3484 4547 3569 4596 Est
3618 4547 3759 4611 autem
3792 4539 3861 4611 €le

2338 4618 2637 4666 secundum
2670 4603 2810 4669 h-anc
2830 4603 3574 4683 corporum-signiﬁcationem
3594 4603 3863 4683 difﬁnitiomf

2343 4689 2537 4739 modo:
2573 4691 2772 4739 Natura
2799 4694 2880 4739 est
2910 4680 3087 4740 motus
3145 4680 3468 4754 principium
3524 4702 3610 4753 per
3655 4698 3700 4732 se
3741 4680 3859 4754 ειυθξι

2336 4773 2429 4819 per
2491 4758 2758 4809 accidens.
2810 4763 2906 4811 Hic
2962 4737 3493 4812 commemorahdum
3526 4737 3733 4807 Ividetur
3766 4737 3855 4819 φοΫ

2336 4813 2656 4880 Aristoteles
2686 4833 2795 4881 ait:
2824 4848 2914 4883 sex
2975 4848 3090 4883 esse
3139 4832 3343 4897 species
3397 4838 3586 4885 motus.
3615 4831 3630 4850 ‘
3655 4829 3761 4897 [ηυξ
3782 4813 3857 4897 ενι

2336 4903 2545 4963 8Pecies
2576 4903 2794 4968 motus],
2847 4919 2966 4967 qua:
3023 4894 3183 4965 sunt;
3220 4906 3510 4969 generatio,
3556 4894 3859 4969 corruptioﬂf'

2334 4978 2636 5034 gmentum.
2667 4966 2972 5032 diminutio,
3006 4966 3268 5033 alteratio,
3295 4978 3579 5025 secundum
3627 4972 3759 5018 locum
3787 4966 3857 5034 ηυξ·

2336 5044 2484 5092 latio.
2516 5046 2715 5095 Harum
2747 5046 3005 5110 quinque,
3038 5061 3146 5097 non
3178 5028 3351 5096 solum
3408 5049 3736 5109 corporeorum
3767 5028 3853 5110 full“

2334 5114 2425 5163 sed
2455 5117 2614 5165 etiam
2648 5106 3112 5181 incorporeorum.
3177 5120 3456 5167 Generatio
3500 5106 3710 5175 namque
3732 5106 3785 5152 est
3812 5106 3856 5181 ηδ’

2333 5201 2547 5249 gressus
2577 5188 2632 5238 in
2667 5178 3049 5240 substantiam.
3090 5191 3322 5255 Ideoque
3378 5186 3619 5254 quidquid
3659 5178 3853 5255 petiti?

2334 5246 2534 5309 tionem
2567 5262 2758 5327 incipit
2788 5263 3016 5326 alicujus
3046 5246 3259 5327 generis
3312 5246 3441 5320 esse,
3472 5246 3534 5311 id
3574 5261 3691 5307 recte
3731 5246 3852 5327 dif‘l‘ff

2333 5334 2619 5393 generari:
2652 5319 2796 5397 q-uod
2839 5319 3022 5397 utique
3046 5319 3329 5384 Vomnibus
3389 5328 3721 5395 temporalibus
3754 5319 3849 5397 ειξῖῖξθ

2334 5403 2609 5465 Perpetuis
2638 5393 2908 5456 convenit.
2937 5393 3064 5456 time
3093 5407 3234 5456 enim
3266 5407 3441 5456 omnia
3470 5393 3567 5454 non
3594 5404 3759 5458 semper
3786 5393 3849 5465 ίυές

2333 5461 2500 5534 runt;
2533 5476 2765 5541 ideoque
2797 5476 3062 5541 quidquid
3121 5479 3416 5527 secundum
3468 5472 3706 5541 quodlibet

2334 5552 2476 5610 sunt,
2513 5564 2605 5611 per
2633 5535 3034 5615 generationem
3066 5551 3167 5600 hoc
3199 5565 3315 5601 esse
3357 5535 3629 5614 coeperunt.
3672 5535 3847 5615 0009f}?

2333 5606 2473 5669 vero
2507 5606 2710 5671 interna
2768 5621 2999 5685 positum
3057 5623 3173 5687 lege
3229 5627 3309 5672 est
3366 5606 3643 5671 ut'coustet
3676 5606 3847 5687 βεηίξίξῗ

2336 5690 2489 5768 nihil,
2523 5676 2889 5768 corruptionis
2919 5694 3078 5744 etiam
3111 5676 3309 5768 “motus
3363 5693 3539 5744 creatis
3568 5676 3847 5768 omnibus-if:

2333 5750 2770 5828 iucorporalibus
2799 5780 2957 5831 quam
2986 5764 3353 5830 corporalibus
3403 5759 3677 5817 naturaliter
3713 5750 3846 5800 τουτί·
