4046 6180
210 182 352 236 1365

1293 175 1617 233 GILBERTI
1655 175 1998 233 ΡΟΒΒΕΤᾸΞ
2039 172 2572 233 COMMENTARIA.

3490 176 3631 230 1865

203 313 307 362 nit.
336 309 487 361 Sicut
544 308 690 359 enim
742 320 903 357 omne
965 306 1266 369 genuinum
1325 306 1753 369 incorruptibile,
1788 307 1862 355 sic
1890 308 1944 374 Α
1970 305 2220 355 deorsum
2252 304 2439 353 cadere
2470 302 2682 363 dicitur,
2715 313 2827 350 non
2883 299 3142 364 quoniam
3198 312 3319 351 eum
3377 314 3494 352 esse
3532 302 3616 353 le-

204 396 371 432 omne
402 381 643 430 nativum
671 383 752 429 est
795 379 1160 441 corruptibile.
1224 378 1588 441 Augmentum
1646 391 1860 441 quoque

206 459 265 504 et
319 452 630 509 diminutio,
686 451 1058 513 corporalibus
1137 453 1192 499 et

206 595 580 645 accidentibus
609 595 882 644 convenit.
913 593 1051 643 Sunt
1084 590 1231 641 enim
1291 596 1640 654 augmentum
1700 597 1753 640 et
1782 592 1865 639 di-

204 666 461 725 minutio,
494 670 547 715 et
578 666 874 715 secundum
939 665 1095 728 spatii
1158 662 1534 727 quantitatem,
1566 667 1619 712 et
1675 676 1864 711 secuno

210 738 342 787 dum
374 739 655 799 temporis,
684 743 736 786 et
768 738 1066 786 secundum
1102 736 1331 785 numeri.
1389 734 1517 793 Quae
1565 735 1862 784 secundum

208 810 372 871 spatii
407 813 763 873 quantitatem
794 813 937 864 sunt.
970 809 1019 857 id
1073 814 1152 857 est
1190 807 1485 857 secundum
1527 806 1741 863 lineam,
1775 807 1863 854 vel

206 879 571 944 superﬁciem,
605 881 692 929 vel
748 880 1086 940 soliditatem,
1121 880 1205 929 vel
1265 879 1461 937 locum,
1492 877 1860 941 corporalibus

208 958 392 1002 tamen
424 953 774 1001 conveniunt.
805 950 932 1009 Quae
963 965 1089 999 vero
1120 951 1417 1000 secundum
1472 950 1727 1013 temporis
1767 954 1861 999 aut

204 1026 423 1074 numeri
456 1026 831 1087 quantitatem,
863 1025 1198 1072 conveniunt
1255 1022 1508 1072 omnibus
1566 1023 1667 1070 illis
1723 1036 1858 1083 quc-

202 1109 326 1143 rum
386 1101 512 1144 sunt
570 1098 621 1144 et
677 1100 889 1157 tempus
942 1099 994 1143 et
1050 1107 1476 1157 numerumque:
1546 1107 1671 1141 vere
1734 1097 1858 1141 sunt

203 1169 449 1217 omnium
484 1174 588 1217 tam
620 1165 1037 1230 incorporalium
1095 1180 1256 1230 quam
1315 1166 1670 1227 corporalium
1712 1168 1854 1213 nali-

199 1254 417 1289 vorum.
449 1239 549 1288 Sed
582 1244 634 1288 et
663 1239 909 1288 alteratio
952 1253 1059 1287 non
1110 1239 1282 1287 solum
1342 1237 1729 1298 corporalibus,
1763 1237 1853 1285 sed

199 1314 365 1361 etiam
422 1310 857 1373 incorporalibus
936 1310 1254 1360 substantiis
1338 1311 1608 1361 convenit.
1694 1310 1852 1358 Fiunt

199 1384 349 1431 enim
380 1382 539 1431 etiam
573 1383 626 1431 in
659 1384 837 1431 anima
867 1382 1113 1445 quaedam
1172 1382 1481 1444 qualitates,
1538 1394 1673 1443 quas
1730 1378 1849 1427 Ari-

194 1453 422 1503 stoteles
453 1455 610 1502 vocat
641 1452 875 1515 habitus,
906 1458 960 1503 et
1006 1451 1407 1515 dispositiones,
1457 1456 1617 1515 atque
1677 1451 1849 1513 passi-

195 1525 344 1574 biles
390 1524 696 1588 qualitates,
756 1528 807 1574 et
858 1523 1154 1588 passiones.
1208 1523 1383 1571 Motus
1438 1536 1564 1571 vero
1621 1522 1712 1585 qui
1770 1526 1851 1570 est

198 1597 503 1645 secundum
592 1597 769 1645 locum
838 1596 1055 1644 nonnisi
1115 1607 1494 1656 corporeorum
1555 1598 1652 1642 est.
1716 1593 1849 1651 Quia

1261 448 1697 512 incorporalibus
1758 463 1868 498 non

208 524 376 573 modo
432 523 871 581 subsistentibus,
932 523 1023 569 sed
1077 521 1236 570 etiam
1290 518 1652 569 subsistentiis
1709 524 1762 568 et
1792 520 1867 568 eis

1975 383 2133 433 ctum,
2167 378 2256 427 sed
2290 376 2544 439 quoniam
2606 388 2728 423 eum
2781 388 2895 422 esse
2954 377 3152 423 terram
3195 386 3357 423 causa
3388 374 3617 424 cadendi

1972 448 2047 497 ﬁt.
2076 449 2141 498 Et
2169 450 2212 497 si
2248 448 2369 511 quis
2398 451 2621 510 quaerat.
2653 445 2761 495 Cur
2789 459 2914 507 ergo
2947 458 3121 494 causa;
3180 444 3342 508 hujus
3398 444 3617 495 nomine

1974 522 2152 575 tacito,
2184 520 2327 583 quod
2359 526 2438 567 est
2467 522 2608 566 terra
2664 517 2746 565 vel
2804 516 3024 580 lignum,
3061 514 3257 565 dicitur
3319 517 3488 565 lectus
3536 530 3628 567 ca-

1971 594 2092 642 dit?
2122 594 2303 642 Potest
2330 589 2681 653 responderi:
2720 588 2853 648 Quia
2911 590 3070 639 etiam
3136 603 3253 638 esse
3312 590 3508 639 lectum
3542 588 3622 639 ei-

1969 664 2088 714 dem
2122 662 2375 713 convenit
2404 676 2597 720 causm,
2631 662 2684 710 id
2714 666 2793 711 est
2821 662 2948 724 quia
2978 666 3134 710 terrae
3165 660 3249 709 vel
3279 660 3427 722 ligno
3478 661 3620 711 acci-

1968 736 2255 785 dentaliter
2282 735 2523 795 contigit,
2554 737 2613 783 ut
2647 733 2818 783 lectus
2847 737 3006 782 esset.
3060 732 3179 781 Non
3227 746 3357 782 vero
3406 747 3621 797 semper

1966 821 2144 856 rerum
2181 806 2565 867 consequentia
2626 804 2803 854 verbis
2858 802 3167 865 exponitur,
3200 808 3262 853 ut
3312 804 3516 853 scilicet
3560 806 3619 854 in

1967 879 2428 941 propositionibus
2456 877 2569 925 suis
2596 877 2769 925 causis
2814 876 3230 939 praedicamenta
3288 875 3617 925 reddantur:

1966 953 2072 1000 imo
2105 965 2232 1001 vero
2262 964 2403 1011 saepe
2435 949 2491 999 fit
2520 949 2807 998 verborum
2842 962 2905 997 ea
2950 962 3069 1011 quae
3126 961 3158 996 a
3214 945 3511 997 dialecticis
3540 948 3617 997 di-

1966 1024 2104 1071 citur
2158 1021 2505 1071 accidentalis
2570 1024 2624 1069 et
2685 1024 2893 1068 tantum
2970 1033 3096 1067 vera
3151 1020 3435 1075 connexio,
3494 1032 3617 1068 cum

1964 1096 2166 1143 scilicet
2221 1107 2503 1142 causarum
2574 1091 3034 1154 consequentibus
3121 1091 3500 1154 praedicandis,
3558 1090 3619 1140 ﬁt

1964 1166 2486 1230 suppositiorerum,
2519 1168 2631 1213 sive
2679 1166 2988 1213 earumdem
3052 1164 3169 1211 aliis
3224 1162 3611 1227 consequenti-

1961 1239 2097 1288 bus:
2153 1243 2228 1296 ut,
2289 1238 2483 1285 durum
2547 1242 2628 1285 est
2687 1238 2907 1299 album;
2964 1237 3077 1285 sive
3121 1235 3309 1285 alienis
3335 1237 3612 1287 contrario

1961 1314 2136 1361 causis
2166 1312 2231 1360 ab
2263 1312 2347 1359 his
2392 1324 2514 1373 quas
2572 1311 2959 1372 praedicantur,
3010 1316 3071 1360 ut
3127 1311 3397 1374 quoddam
3446 1313 3611 1361 ratio-

1961 1384 2083 1431 nale
2114 1390 2194 1431 est
2244 1384 2443 1441 album,
2503 1382 2841 1430 rationalitas
2901 1380 3068 1437 enim,
3125 1384 3372 1446 quamvis
3420 1382 3613 1434 multo-

1959 1468 2074 1503 rum
2109 1468 2268 1502 causa
2300 1454 2387 1507 sit.
2419 1466 2760 1515 nequaquam
2792 1457 2970 1501 tamen
3002 1453 3242 1502 colorum
3273 1458 3354 1504 est
3410 1468 3605 1516 causa;

1958 1528 2070 1575 sive
2104 1526 2400 1575 alienarum
2432 1525 2890 1587 consequentibus
2915 1540 3217 1588 causarum,
3251 1530 3310 1575 ut
3339 1528 3610 1590 quoddam

1957 1600 2219 1648 musicum
2251 1604 2331 1647 est
2360 1598 2557 1648 album.
2591 1598 2722 1647 Nam
2754 1596 2981 1647 scientia
3011 1597 3249 1656 musica,
3303 1612 3406 1649 nec
3458 1600 3611 1651 albe-

197 1681 440 1731 namque
471 1668 640 1731 locus,
671 1666 762 1730 qui
794 1680 989 1739 genere
1048 1666 1348 1739 quantitas
1374 1664 1688 1739 appellatur,
1725 1664 1849 1713 solis
1881 1674 1927 1739 Β
1957 1670 2100 1719 diuis
2131 1685 2294 1719 causa
2317 1675 2413 1726 est,
2473 1683 2574 1718 nec
2628 1668 2745 1732 ejus
2795 1670 3036 1733 sequitur
3081 1683 3313 1729 causam,
3346 1684 3506 1734 quam
3549 1672 3607 1723 in

201 1740 579 1802 corporalibus
611 1739 882 1800 convenit,
911 1737 1085 1787 eidem
1140 1737 1455 1786 coaccidens
1506 1735 1654 1785 locus
1710 1748 1850 1785 non-

198 1812 307 1859 nisi
339 1811 701 1874 corporalium
734 1824 850 1860 esse
911 1814 1105 1873 potest.
1161 1808 1349 1872 Itaque
1407 1812 1597 1857 natura
1661 1821 1849 1857 secun-

196 1882 329 1931 dum
361 1882 480 1931 illos
512 1883 605 1945 qui
638 1882 741 1931 hoc
771 1895 967 1930 nomen
1001 1894 1109 1929 non
1154 1882 1258 1929 nisi
1315 1880 1369 1927 in
1418 1879 1731 1941 corporibus
1760 1892 1850 1941 po-

194 1959 445 2010 suerunt,
481 1968 574 2015 per
608 1958 809 2003 motum
843 1953 1134 2011 difﬁniens,
1168 1951 1313 2000 illum
1376 1954 1583 2000 tantum
1631 1951 1720 2013 qui
1760 1964 1845 1999 so-

192 2024 264 2074 lis
296 2024 618 2089 corporibus
676 2025 948 2081 convenit,
1000 2023 1221 2073 localem
1274 2021 1538 2077 videlicet,
1601 2021 1843 2083 intelligi,

193 2109 319 2144 cum
351 2097 463 2145 ait:
496 2096 694 2145 Natura
751 2100 832 2144 est
881 2098 1063 2143 motus
1119 2093 1463 2156 principium.
1520 2093 1670 2151 Nam,
1710 2095 1848 2141 sicut

191 2167 398 2216 dictum
432 2172 532 2222 est,
570 2166 663 2216 ille
697 2167 842 2216 solus
873 2179 1157 2227 corporum
1192 2164 1443 2227 proprius
1475 2169 1590 2214 est:
1643 2168 1695 2213 et
1747 2178 1846 2227 ge-

191 2239 454 2288 neraliter
507 2238 722 2301 quidem
788 2242 965 2287 motus
1023 2235 1211 2286 loculis
1285 2234 1673 2298 corporalibus,
1730 2235 1846 2299 ejus

188 2323 322 2358 vero
359 2310 561 2372 species
593 2323 877 2372 corporum
930 2308 1229 2370 speciebus,
1286 2306 1543 2368 praedicta
1603 2308 1842 2369 proprie-

186 2384 301 2430 tate
358 2382 679 2430 redduntur.
748 2380 902 2431 Unde
960 2382 1120 2428 etiam
1180 2378 1473 2429 ostendens
1508 2377 1841 2440 singulorum

188 2465 314 2515 quae
343 2450 399 2500 in
433 2450 761 2501 difﬂuitione
794 2450 976 2513 posuit
1022 2464 1229 2506 causas,
1295 2449 1401 2497 ait:
1461 2450 1612 2507 Quod
1667 2456 1843 2499 motus

188 2523 516 2586 principium
544 2523 675 2572 dixi.
714 2522 913 2581 Quasi:
971 2522 1117 2580 Quod
1184 2534 1279 2583 per
1332 2528 1534 2569 motum
1597 2527 1840 2570 naturam

189 2595 470 2658 descripsi,
501 2594 605 2644 hoc
635 2598 733 2652 est,
773 2596 895 2644 ideo
927 2594 1126 2643 scilicet
1154 2592 1271 2648 feci.
1335 2594 1589 2655 quoniam
1648 2607 1842 2655 corpus

189 2680 353 2714 omne
385 2667 683 2716 secundum
720 2666 947 2728 speciem
1006 2666 1089 2714 sui
1146 2665 1301 2727 cujus
1356 2669 1438 2713 est
1466 2664 1713 2713 elementi
1756 2665 1843 2713 ba-

188 2736 285 2786 bet
314 2739 591 2799 proprium
623 2743 865 2798 motum;
905 2742 1065 2800 atque
1118 2735 1221 2784 hoc
1275 2735 1532 2797 exemplis
1589 2735 1836 2793 declarat,

185 2809 413 2857 dicens:
447 2810 514 2858 Ut
560 2810 718 2872 ignis,
777 2810 995 2871 proprio
1052 2808 1217 2870 hujus
1273 2805 1487 2870 generis
1539 2808 1835 2857 secundum

184 2881 425 2941 speciem
459 2886 625 2937 motu,
660 2886 908 2929 movetur
937 2893 1170 2936 sursum,
1204 2883 1344 2927 terra
1395 2892 1520 2927 vero
1566 2878 1835 2927 deorsum.

181 2951 322 3000 Nam
355 2952 409 2999 in
443 2952 655 3013 sphera
682 2950 982 3011 mundana,
1016 2951 1153 3010 ignis
1182 2962 1464 3013 supremus
1487 2953 1584 3006 est,
1617 2953 1669 2999 et
1699 2955 1839 2999 terra

184 3026 445 3072 extrema.
476 3022 704 3084 Propter
733 3022 873 3085 quod
908 3023 950 3069 si
984 3021 1066 3070 vel
1113 3019 1254 3085 ignis
1310 3020 1449 3069 infra
1502 3034 1830 3082 supremum,

183 3094 272 3143 vel
303 3097 443 3143 terra
494 3108 657 3157 supra
715 3099 1013 3142 extremum
1066 3093 1260 3149 locum,
1314 3092 1492 3152 aliqua
1547 3106 1704 3141 causa
1751 3096 1836 3142 est

184 3170 469 3227 cogantur,
503 3165 604 3214 sibi
636 3165 858 3214 dimissa
905 3164 1175 3213 elementa
1233 3162 1466 3226 propriis
1520 3162 1839 3223 ponderosi-

180 3236 387 3285 tatibus
418 3239 625 3299 petunt,
671 3236 813 3298 ignis
869 3233 1086 3297 quidem
1146 3232 1454 3296 superiora.
1510 3237 1651 3281 terra
1708 3247 1835 3282 vero

173 3306 454 3357 inferiora.
486 3307 618 3357 Item
646 3307 790 3370 quod
848 3306 1109 3367 proposui
1174 3311 1421 3353 naturam
1478 3317 1594 3353 esse
1633 3307 1836 3366 princi-

174 3381 329 3443 pium
361 3382 557 3433 motus,
591 3393 688 3442 per
717 3392 773 3428 se
805 3383 857 3427 et
889 3391 998 3426 non
1057 3390 1154 3438 per
1208 3377 1475 3432 accidens,
1523 3376 1666 3438 quod
1702 3376 1839 3425 scili-

176 3456 267 3502 cet
308 3451 364 3498 in
423 3450 744 3499 difﬁnitione
810 3453 1017 3498 naturas
1073 3449 1354 3510 praemisso
1384 3447 1524 3511 quod
1583 3448 1701 3509 ipsa
1766 3450 1834 3500 sit

175 3521 508 3586 principium
547 3527 742 3575 motus.
771 3521 976 3579 addidi,
1006 3534 1098 3583 per
1133 3534 1188 3569 se
1223 3524 1276 3568 et
1306 3532 1413 3568 non
1446 3533 1544 3582 per
1564 3520 1832 3572 accidens.

177 3594 287 3644 tale
319 3598 416 3642 est.
448 3593 651 3650 Quasi:
700 3593 809 3641 Hoc
866 3592 991 3654 quid
1055 3592 1301 3655 sequitur
1363 3591 1610 3652 exemplo
1667 3592 1833 3643 intel-

174 3666 274 3729 ligi
304 3665 516 3727 poterit.
554 3663 817 3722 Quoniam
881 3665 1078 3711 lectum
1136 3675 1353 3725 quoque
1409 3662 1664 3723 ligneum,
1697 3662 1836 3714 sicut

176 3742 229 3786 et
267 3738 331 3787 de
363 3740 507 3784 terra
536 3734 739 3783 dictum
776 3739 873 3790 est,
906 3735 949 3782 si
982 3734 1162 3797 aliqua
1192 3732 1243 3779 vi
1300 3734 1355 3781 in
1404 3746 1528 3781 aere
1584 3734 1669 3790 sit,
1729 3734 1831 3783 sibi

175 3805 461 3857 dimissum
494 3805 744 3855 deorsum
778 3806 906 3854 ferri
938 3818 1153 3853 necesse
1213 3808 1310 3852 est.
1367 3803 1467 3851 Sed
1500 3817 1619 3853 cum
1677 3806 1747 3853 sit
1779 3810 1833 3855 et

173 3879 352 3928 lectus
382 3883 435 3927 et
461 3876 711 3940 ligneus:
739 3875 953 3940 ligneus
986 3876 1204 3939 quidem
1256 3889 1353 3937 per
1407 3875 1829 3939 subsistentiam,

175 3951 351 4000 lectus
380 3963 510 3999 vero
542 3963 637 4011 per
664 3950 915 3998 accidens
970 3949 1353 4004 subsistentiis,
1408 3961 1515 3996 non
1571 3962 1665 4010 per
1698 3950 1832 3998 acci-

178 4023 337 4077 dens,
368 4035 477 4084 quo
504 4019 702 4070 dicitur
731 4021 919 4077 lectus,
952 4020 1124 4067 fertur
1154 4019 1405 4068 deorsum
1432 4033 1445 4081 ;
1508 4019 1667 4078 Quasi
1693 4033 1704 4069 :
1738 4021 1825 4070 sed

175 4108 279 4158 per
307 4107 415 4142 eam
446 4091 532 4141 cui
566 4093 715 4142 adest
740 4092 1166 4142 subsistentiam.

248 4165 449 4213 Idcirco
473 4165 615 4213 enim
646 4167 768 4229 quia
824 4164 1025 4226 lignum
1085 4166 1184 4224 est,
1208 4162 1348 4226 quod
1401 4166 1481 4211 est
1512 4166 1669 4219 terra,
1702 4163 1825 4227 etc.]

179 4237 349 4285 Recte
378 4250 496 4286 cum
531 4237 754 4285 dixisset
796 4234 923 4299 quia
980 4237 1183 4299 lignum
1237 4240 1335 4294 est,
1396 4236 1622 4295 addidit,
1681 4238 1824 4298 quod

182 4314 271 4358 est
300 4314 476 4357 terra:
504 4310 758 4373 quoniam
793 4322 913 4371 quae
959 4308 1283 4369 specialibus
1335 4307 1695 4355 subsistentiis
1752 4308 1827 4356 di-

176 4386 380 4429 cuntur
408 4380 672 4440 accidere,
715 4394 819 4429 non
850 4384 956 4429 tam
988 4380 1118 4441 ipsis
1149 4392 1308 4440 quam
1364 4378 1601 4456 ipsarum
1644 4378 1829 4440 aliqui-
1859 4396 1904 4460 Β

171 4454 282 4501 bus
310 4452 570 4514 partibus,
606 4451 713 4500 imo
745 4451 866 4500 ideo
897 4450 1032 4512 ipsis
1063 4451 1318 4513 quoniam
1378 4448 1611 4511 ipsarum
1666 4451 1828 4511 parti-

171 4525 283 4573 bus
311 4524 654 4573 addicuntur.
715 4522 784 4573 Ut
841 4538 963 4573 cum
1019 4523 1236 4586 speciali
1298 4522 1682 4586 subsistentiis,
1731 4535 1839 4585 qua

184 4596 423 4645 hominis
454 4609 639 4645 sumus
668 4597 854 4645 adesse
898 4596 1151 4644 dicuntur
1207 4595 1258 4643 in
1314 4593 1470 4642 nobis
1526 4595 1689 4656 color,
1752 4608 1837 4643 sa-

179 4671 346 4723 nitas,
380 4672 537 4730 atque
570 4668 828 4718 scientia:
866 4667 986 4716 ideo
1016 4667 1199 4727 utique
1231 4668 1346 4714 haec
1388 4666 1659 4726 dicuntur,
1710 4679 1839 4729 quo-

179 4740 329 4789 niam
364 4753 480 4800 ejus
516 4739 761 4804 partibus
816 4738 1161 4803 proprietatis
1216 4740 1440 4795 ratione,
1500 4739 1646 4788 color
1698 4740 1834 4788 scili-

180 4816 275 4861 cet
302 4813 691 4875 corporalitati,
746 4810 951 4861 sanatis
999 4810 1354 4868 sensibilitaii,
1400 4812 1625 4861 scientia
1683 4812 1839 4861 ratio-

176 4882 394 4932 nalitati
455 4884 808 4934 conveniunt.
872 4884 1127 4933 Similiter
1183 4897 1309 4945 ergo
1368 4883 1530 4946 hujus
1594 4884 1837 4947 specialis

174 4952 567 5014 subsistentia,
623 4970 730 5020 qua
778 4958 948 5005 lectus
1005 4959 1086 5004 est
1140 4954 1364 5015 lignum,
1420 4954 1493 5003 illi
1550 4956 1688 5019 parti
1730 4969 1837 5018 qua

171 5026 321 5075 idem
353 5030 434 5076 est
470 5032 610 5077 terra
643 5026 900 5077 convenit
932 5027 1059 5076 ferri
1098 5026 1371 5075 deorsum.
1429 5026 1554 5076 Ideo
1599 5040 1833 5090 namque

174 5098 308 5161 quia
338 5097 503 5148 lectus
537 5100 739 5161 lignum
786 5103 883 5155 est,
942 5099 1050 5147 imo
1106 5097 1359 5160 quoniam
1418 5098 1579 5160 hujus
1636 5098 1831 5161 speciei

173 5174 331 5234 parte
363 5174 507 5221 terra
536 5179 632 5232 est,
665 5171 905 5234 pondere
945 5175 1000 5220 et
1056 5171 1335 5233 gravitate,
1368 5170 1420 5219 id
1482 5176 1563 5219 est
1594 5170 1832 5234 pondere

176 5242 461 5305 gravitatis
486 5243 773 5293 diducitur.
808 5242 962 5293 Unde
996 5242 1337 5290 manifestum
1400 5246 1479 5291 est
1535 5242 1678 5305 quod
1723 5255 1831 5289 non

172 5325 281 5376 per
310 5314 557 5363 accidens
591 5315 841 5364 deorsum
872 5315 1060 5363 fertur.
1110 5313 1226 5361 Non
1280 5314 1421 5362 enim
1478 5326 1603 5375 quia
1662 5313 1833 5361 lectus

171 5387 277 5434 est.
309 5384 559 5435 deorsum
593 5385 757 5443 cadit,
788 5386 881 5434 sed
912 5387 1071 5446 (sicut
1102 5384 1353 5445 diximus)
1393 5388 1517 5448 quia
1574 5386 1637 5433 de
1690 5390 1832 5433 terra

170 5458 278 5505 est.
309 5456 456 5506 Sicut
485 5456 629 5507 enim
662 5457 860 5506 dicitur
889 5457 1069 5506 album
1119 5458 1367 5513 multum,
1422 5471 1484 5505 eo
1535 5457 1677 5519 quod
1737 5471 1831 5504 su-

166 5525 418 5590 perﬁcies
448 5534 616 5577 multa
647 5531 752 5587 sit;
812 5532 865 5577 et
920 5527 1059 5577 actio
1123 5527 1299 5591 longa,
1333 5543 1395 5578 eo
1442 5528 1583 5591 quod
1616 5534 1830 5588 tempus

172 5602 395 5663 longum
424 5602 507 5660 sit,
544 5601 593 5650 id
626 5608 728 5662 est,
764 5615 871 5650 non
916 5602 1170 5665 quoniam
1216 5602 1478 5651 albedinis
1526 5606 1618 5649 aut
1670 5597 1831 5648 actio-

174 5669 287 5729 nis,
320 5672 411 5721 sed
438 5674 614 5735 potius
643 5672 901 5737 quoniam
936 5674 1230 5735 superﬁciei
1262 5674 1344 5722 vel
1399 5672 1654 5735 temporis
1701 5685 1826 5721 cau-

172 5756 293 5796 sam
351 5744 639 5797 multitudo
693 5744 778 5795 vel
831 5744 1113 5811 longitudo
1166 5748 1460 5810 sequatur;
1518 5744 1592 5795 ita
1660 5741 1829 5794 lectus

1958 1743 2072 1791 solo
2104 1756 2324 1803 corpore
2356 1756 2472 1791 esse
2531 1745 2733 1789 certum
2791 1744 2888 1791 est.
2942 1741 3148 1791 Albedo
3203 1742 3347 1791 enim
3396 1747 3605 1794 tantum

1957 1815 2199 1875 corporis
2235 1813 2444 1861 aﬂ'ectio
2476 1816 2573 1869 est,
2611 1812 2716 1860 imo
2753 1810 2811 1860 ﬁt
2861 1811 2918 1860 in
2975 1810 3167 1875 spiritu
3223 1812 3451 1863 scientia
3481 1827 3606 1864 mu-

1956 1886 2097 1943 sicae,
2130 1890 2182 1933 et
2214 1884 2592 1933 rationalitatis
2622 1884 2674 1931 in
2712 1896 2774 1931 eo
2807 1880 3062 1945 sequitur
3108 1897 3344 1934 causam.
3401 1885 3606 1935 Simili-

1956 1959 2035 2003 ter
2064 1970 2210 2017 ergo.
2243 1970 2363 2004 cum
2395 1955 2592 2003 dicitur
2623 1954 2794 2003 lectus
2829 1954 3079 2003 deorsum
3111 1955 3300 2016 fertur,
3352 1957 3602 2006 acciden-

1955 2026 2077 2075 talis
2105 2027 2370 2075 connexio
2402 2030 2503 2079 est,
2532 2024 2588 2073 in
2643 2038 2708 2074 eo
2766 2027 2947 2087 utique
3009 2025 3407 2076 connexionum
3460 2029 3603 2077 acci-

1954 2097 2248 2146 dentalium
2285 2110 2498 2159 genere.
2553 2095 2696 2159 quod
2754 2100 2810 2144 et
2860 2096 2911 2143 id
2970 2096 3109 2159 quod
3168 2096 3510 2158 praedicatur,
3548 2103 3603 2148 et

1952 2182 2058 2230 quo
2088 2169 2388 2232 suppositio
2411 2169 2484 2225 ﬁt,
2513 2167 2752 2231 ejusdem
2784 2181 2958 2217 causis
3018 2167 3285 2231 principio
3333 2170 3597 2229 redditur,

1951 2240 2004 2288 id
2042 2246 2120 2289 est
2148 2240 2345 2301 speciei
2377 2253 2485 2302 qua
2515 2238 2683 2287 lectus
2713 2238 2916 2300 lignum
2961 2244 3058 2295 est,
3110 2239 3192 2287 vel
3249 2240 3437 2301 generi
3490 2254 3599 2304 quo

1953 2314 2094 2360 terra
2124 2317 2218 2360 est.
2252 2312 2439 2374 Itaque
2475 2310 2722 2373 quamvis
2784 2310 2952 2358 lectus
3008 2310 3256 2358 deorsum
3290 2311 3416 2359 ferri
3467 2325 3591 2361 vere

1951 2383 2174 2440 dicatur,
2208 2396 2316 2431 non
2348 2390 2526 2431 tamen
2581 2382 2743 2443 hujus
2789 2385 2969 2429 motus
3030 2380 3375 2444 principium,
3407 2383 3457 2431 id
3517 2388 3598 2433 est

1950 2468 2109 2503 causa
2136 2460 2217 2503 est
2245 2468 2362 2503 esse
2396 2454 2613 2506 lectum.
2647 2452 2742 2501 sed
2801 2453 2980 2514 potius
3033 2466 3148 2501 esse
3206 2460 3403 2502 terram
3434 2468 3597 2515 gene-

1948 2539 2022 2581 re,
2055 2527 2139 2575 vel
2169 2541 2283 2575 esse
2313 2527 2515 2589 lignum
2549 2525 2712 2588 hujus
2767 2523 2980 2585 generis
3030 2524 3228 2588 specie.
3289 2526 3458 2576 Habet
3496 2542 3595 2577 au-

1948 2602 2052 2646 tem
2084 2611 2165 2653 ea,
2196 2611 2357 2660 quam
2391 2609 2536 2645 nunc
2566 2594 3005 2657 exemplavimus,
3065 2601 3270 2645 naturas
3320 2597 3590 2656 difﬁnitio.

1946 2669 1997 2716 id
2030 2670 2170 2731 quod
2209 2674 2386 2717 motus
2436 2667 2759 2730 principium
2822 2674 2902 2715 est
2959 2680 3075 2715 esse
3126 2673 3393 2717 naturam.
3431 2668 3589 2719 Unde

1946 2740 2002 2788 ﬁt
2034 2745 2091 2788 ut
2148 2740 2363 2797 lectum,
2421 2742 2512 2802 qui
2574 2740 2825 2787 deorsum
2883 2737 3010 2786 ferri
3070 2739 3283 2799 dicitur,
3347 2740 3588 2790 dicamus

1945 2825 2061 2860 esse
2096 2810 2447 2868 naturaliter;
2480 2811 2682 2869 lignum
2715 2822 2843 2857 vero
2906 2809 3100 2857 lectum
3158 2823 3295 2868 esse,
3329 2823 3438 2860 non
3501 2824 3591 2860 na-

1946 2883 2210 2936 turaliter.
2244 2882 2335 2931 sed
2370 2882 2546 2945 potius
2575 2879 2939 2929 artiﬁcialiter.

2008 2955 2096 3001 Esi
2128 2952 2311 3009 etiam,
2344 2950 2467 3017 etc.]
2501 2953 2787 3014 Hucusque
2822 2957 3066 3000 naturam
3099 2951 3367 3009 difﬂuivit,
3395 2958 3447 3003 et
3504 2969 3591 3005 ae-

1947 3025 2182 3073 cundum
2217 3025 2364 3073 illum
2403 3023 2564 3085 hujus
2588 3023 2820 3071 nominis
2851 3036 3006 3071 usum
3033 3036 3137 3085 quo
3185 3023 3250 3071 de
3306 3024 3434 3073 solis
3470 3039 3590 3075 cor-

1948 3095 2184 3158 poribus,
2218 3103 2269 3145 et
2298 3096 2596 3144 secundum
2632 3094 2781 3142 illum
2838 3108 2945 3156 quo
3002 3094 3067 3142 de
3124 3094 3375 3143 omnibus
3414 3096 3593 3146 subsi-

1947 3170 2230 3224 stentibus,
2263 3172 2315 3217 et
2344 3167 2640 3216 secundum
2698 3166 2852 3215 illum
2910 3179 3016 3229 quo
3076 3166 3141 3216 de
3184 3167 3437 3217 omnibus
3471 3170 3592 3219 sub-

1944 3240 2154 3288 stantiis
2187 3245 2240 3289 et
2279 3237 2647 3287 accidentibus
2704 3245 2758 3287 et
2817 3238 2975 3287 etiam
3034 3237 3225 3287 borum
3283 3238 3581 3303 principiis,

1944 3310 2159 3361 dicitur.
2216 3312 2319 3360 Sed
2378 3310 2762 3359 attendendum
2820 3309 2963 3372 quod
3022 3323 3053 3358 a
3128 3308 3403 3373 principiis
3460 3326 3582 3375 quin

1945 3384 2089 3432 nulla
2112 3381 2396 3433 creationis
2440 3382 2717 3430 nativitate
2760 3380 3062 3443 procedunt
3118 3380 3185 3429 ab
3247 3382 3449 3445 aliquo,
3478 3384 3585 3433 hu-

1938 3454 2028 3517 jus
2067 3454 2303 3504 nominis
2353 3454 2638 3517 appellatio
2692 3456 2772 3501 est
2827 3452 3047 3500 omnino
3105 3458 3323 3502 remota.
3383 3455 3587 3505 Nativis

1942 3530 2141 3583 autem,
2174 3525 2469 3575 secundum
2529 3523 2891 3583 grammaticis
2947 3522 3405 3573 denominationis
3459 3540 3587 3589 pro-

1941 3597 2239 3659 prietatem,
2274 3610 2381 3658 qua
2413 3608 2609 3643 nomen
2667 3594 2732 3642 ab
2791 3594 2971 3655 aliqua
3033 3594 3285 3651 dictione,
3319 3609 3427 3645 non
3463 3596 3581 3647 sine

1938 3670 2015 3716 rei
2046 3667 2358 3731 signiﬁcatus
2391 3664 2799 3728 participatione
2856 3666 3167 3722 assumitur,
3211 3668 3382 3730 magis
3439 3682 3583 3719 acce-

1938 3739 2033 3800 dit,
2066 3745 2117 3788 et
2152 3755 2182 3788 a
2212 3741 2395 3787 nativo
2428 3747 2621 3786 natura
2676 3741 2914 3792 vocatur,
2970 3738 3215 3799 quamvis
3266 3752 3374 3788 non
3417 3741 3589 3789 omni-

1936 3811 2037 3860 bus
2068 3812 2264 3860 nativis
2295 3812 2395 3859 hoc
2434 3823 2632 3858 nomen
2689 3813 2833 3857 recte
2888 3810 3175 3858 convenire
3238 3810 3586 3875 intelligatur.

1935 3881 2160 3931 Videtur
2190 3884 2330 3930 enim
2362 3880 2415 3929 id
2480 3880 2625 3943 quod
2683 3885 2876 3929 natura
2931 3880 3129 3929 dicitur
3185 3881 3413 3946 alicujus
3461 3896 3578 3934 esse

1936 3956 2149 4002 natura.
2182 3953 2336 4002 Unde
2366 3952 2453 4001 illa
2483 3966 2603 4015 quas
2633 3965 2761 4000 vere
2791 3956 2917 4001 sunt
2946 3952 3145 4015 aliqua.
3178 3952 3280 4003 hoc
3325 3958 3405 4003 est
3434 3968 3587 4018 quas.

1935 4024 2057 4074 aliis
2086 4038 2397 4089 quanquam
2429 4026 2544 4087 ipsa
2570 4028 2694 4085 sint,
2725 4037 2852 4073 vere
2910 4025 3245 4075 subsistunt:
3305 4039 3412 4075 non
3457 4032 3585 4077 sunt

1933 4098 2232 4161 aliquorum
2267 4102 2492 4152 naturae,
2523 4097 2613 4146 sed
2648 4110 2831 4145 eorum
2862 4098 3044 4158 potius
3100 4097 3282 4159 aliqua
3342 4101 3467 4146 sunt
3495 4112 3586 4147 na-

1934 4174 2088 4218 turae.
2119 4169 2235 4217 Non
2268 4171 2410 4218 enim
2444 4183 2641 4230 corpus
2698 4173 2791 4215 aut
2845 4168 3081 4229 spiritus,
3113 4169 3430 4230 aliquorum,
3488 4171 3581 4217 sed

1933 4242 2103 4303 magis
2131 4243 2372 4303 corporis
2403 4246 2496 4289 aut
2554 4238 2792 4301 spiritus,
2851 4240 3033 4301 aliqua
3084 4244 3210 4287 sunt
3251 4242 3495 4297 naturm;
3528 4245 3583 4289 et

1934 4318 2065 4373 puto
2124 4313 2265 4374 quod
2324 4312 2427 4359 hoc
2481 4324 2681 4360 nomen
2739 4324 2925 4358 eorum
2980 4308 3360 4365 subsistentiis,
3414 4324 3573 4372 quam

1936 4382 2407 4430 subsistentiarum
2468 4380 2836 4429 accidentibus
2886 4379 3333 4429 accommodatius
3392 4394 3589 4431 conve-

1939 4454 2033 4500 nit.
2068 4453 2321 4511 Quamvis
2377 4453 2519 4500 enim
2572 4452 2865 4499 accidentia
2917 4456 2969 4499 et
3022 4451 3199 4500 nativa
3255 4452 3379 4505 sint,
3411 4456 3463 4500 et
3493 4452 3583 4501 ali-

1941 4537 2166 4587 quorum
2191 4525 2315 4577 sint.
2348 4537 2534 4572 eorum
2571 4523 2815 4570 videlicet
2870 4522 3066 4585 quibus
3104 4520 3291 4570 insunt
3344 4523 3431 4571 vel
3487 4524 3585 4573 ad-

1941 4600 2085 4656 sunt,
2117 4597 2197 4643 vel
2223 4596 2462 4657 quolibet
2492 4595 2649 4644 modo
2685 4595 3017 4643 extrinsecus
3051 4592 3397 4655 afﬂiguntur;
3454 4595 3582 4656 quia

1941 4672 2117 4716 tamen
2146 4680 2254 4715 non
2287 4672 2413 4715 sunt
2465 4664 2871 4714 subsistentium
2923 4679 3056 4724 esse,
3090 4668 3143 4713 et
3198 4665 3318 4714 ideo
3362 4665 3576 4716 illorum

1942 4752 2044 4786 nec
2092 4752 2305 4787 accessu
2357 4737 2653 4800 generatio,
2722 4749 2823 4784 nec
2877 4749 3094 4785 accessu
3148 4738 3419 4800 corruptio
3474 4738 3589 4787 fieri

1941 4812 2134 4872 potest,
2167 4822 2288 4857 raro
2315 4822 2414 4857 usu
2457 4808 2645 4870 logica:
2697 4806 2991 4856 subtilioris
3044 4810 3307 4858 vocantur
3354 4813 3579 4860 naturas.

1940 4883 2068 4941 Quae
2096 4896 2221 4930 vero
2246 4882 2299 4929 in
2358 4895 2417 4930 ea
2476 4883 2687 4930 ratione
2743 4878 2929 4928 nativa
2986 4885 3130 4937 sunt,
3180 4880 3325 4943 quod
3379 4884 3583 4931 nativo-

1938 4968 2055 5003 rum
2116 4952 2523 5002 subsistentium
2579 4965 2697 5001 esse
2748 4956 2892 5010 sunt,
2967 4956 3021 5001 et
3081 4954 3158 5001 eis
3211 4952 3346 5001 adeo
3399 4952 3585 5013 insita,

1938 5029 2110 5074 utaut
2144 5027 2197 5073 in
2237 5023 2314 5073 eis
2370 5026 2630 5086 perpetuo
2684 5027 2953 5079 maneant,
3018 5028 3112 5072 aut
3167 5037 3265 5073 suo
3324 5024 3577 5075 abscessu

1936 5095 2026 5145 illa
2059 5100 2422 5157 corrumpant,
2466 5094 2714 5157 proprius
2767 5098 2821 5142 et
2877 5108 2976 5142 usu
3034 5094 3266 5157 plurimo
3322 5095 3577 5144 dicuntur

1936 5170 2163 5216 naturm.
2215 5166 2417 5215 Horum
2480 5167 2662 5225 etiam,
2720 5167 2973 5228 quoniam
3048 5164 3261 5215 ratione
3318 5166 3570 5229 quaedam

1936 5240 2267 5299 praecedunt,
2314 5237 2556 5300 quaedam
2604 5251 2733 5285 vero
2795 5242 3111 5300 sequuntur,
3172 5242 3227 5285 et
3280 5238 3576 5299 proprieta-

1936 5312 2002 5358 tis
2032 5311 2237 5358 ratione
2268 5312 2503 5371 priorum
2539 5309 2749 5357 addicta
2805 5313 2932 5356 sunt
2988 5309 3256 5370 potestati.
3309 5322 3415 5357 non
3474 5314 3582 5359 tam

1936 5380 2116 5443 priora
2147 5384 2522 5443 posteriorum,
2550 5394 2709 5443 quam
2755 5379 3049 5441 posteriora
3100 5383 3337 5443 priorum
3390 5381 3581 5444 appel-

1938 5455 2114 5502 lantur
2139 5459 2366 5508 natura,
2401 5458 2459 5500 ut
2489 5451 2802 5502 diﬂ‘erentiie
2831 5467 3108 5511 generum.
3164 5452 3329 5501 Recte
3369 5458 3576 5517 utique,

1934 5526 2192 5585 quoniam
2224 5529 2276 5573 et
2304 5525 2497 5573 nativm
2529 5530 2673 5581 sunt,
2700 5530 2751 5572 et
2782 5525 3079 5587 aliquorum
3112 5531 3253 5581 sunt,
3302 5529 3356 5574 et
3384 5540 3571 5576 eorum

1934 5597 1987 5644 in
2020 5599 2218 5658 quibus
2259 5600 2388 5645 sunt
2443 5610 2659 5645 accessu
2719 5597 2954 5659 ipsarum
3014 5597 3290 5659 generatio
3350 5610 3579 5660 semper,

1934 5669 2208 5733 corruptio
2240 5683 2383 5732 saepe
2435 5669 2734 5732 contingit;
2792 5674 2847 5719 et
2901 5671 2956 5718 in
3004 5671 3422 5721 subsistentibus
3469 5673 3584 5736 qui-

1933 5741 2033 5796 bus
2067 5741 2270 5807 insunt,
2292 5754 2552 5807 generum
2596 5742 2792 5807 quibus
2843 5742 3060 5806 adsunt,
3119 5744 3258 5796 sicut
3299 5743 3411 5810 jam
3470 5745 3582 5798 dic-
