4030 6186
1233 105 1256 121 ,_

477 167 627 234 ηδτ

1103 175 1179 232 ΙΝ
1217 176 1481 233 LIBRUM
1521 174 1614 232 DE
1653 174 1929 232 DUABUS
1970 173 2274 232 NATURIS
2313 173 2403 231 ET
2442 175 2586 231 UNA
2624 172 2949 232 PERSONA
2989 175 3267 232 CHRISTI

3691 185 3797 240 l368

471 309 589 356 tum
622 308 721 364 est,
740 301 1082 368 potestatem'
1115 309 1438 369 sequuntur.
1502 306 1669 363 Quam
1731 304 1896 368 hujus
1952 304 2128 354 nomi-
2160 311 2211 374 Α
2243 304 2324 353 vel
2356 308 2565 354 tantum
2632 304 3006 361 subsistentes,
3039 304 3121 353 vel
3174 306 3376 353 tantum
3433 318 3667 369 corporea:
3691 310 3802 361 ditii-

475 380 579 439 nis,
612 379 755 442 quod
813 383 894 428 est
951 384 1160 435 natura,
1221 379 1602 440 proprietatem
1663 383 1844 427 unctor
1892 379 2130 426 con-side-

477 463 606 498 rans
668 451 778 499 ait:
832 449 925 498 Est
976 456 1150 499 autem
1210 452 1312 498 alia
1385 450 1706 511 signiﬁcatio
1789 455 2012 503 naturm,
2071 463 2131 496 ea

481 521 728 570 videlicet
757 536 850 584 per
880 537 1040 584 quam
1092 536 1190 570 usu
1242 522 1534 570 multorum
1586 524 1812 570 dicimus
1866 520 2130 568 eivvrsnm

483 607 599 642 esse
633 599 881 641 naturam
913 594 1030 641 auri
1059 599 1219 655 atque
1251 593 1496 653 argenti:
1542 595 1594 640 in
1651 593 1750 640 hoc
1807 607 1910 640 non
1958 593 2135 640 subsi-

482 670 630 714 stens
660 679 998 728 corporeum,
1033 666 1082 712 id
1118 671 1198 713 est
1231 679 1338 713 non
1399 666 1572 727 ipsum
1629 665 1769 727 quod
1831 669 1911 712 est
1941 679 2130 711 aurum

483 738 565 787 vel
591 742 908 799 argentum;
941 750 1048 784 non
1084 737 1252 796 ipsam
1285 750 1403 797 quin
1441 751 1500 783 ex
1542 750 1736 797 genere
1782 740 1834 783 ct
1883 736 2134 782 diﬁ'eren-

483 809 558 856 tia
588 812 815 862 constat,
850 808 1252 856 subsistentiam
1300 809 1602 869 specialem.
1661 822 1764 868 qua
1827 813 1902 856 est
1945 820 2132 854 aurum

483 879 570 927 vel
598 884 918 939 argentum;
980 892 1089 927 non
1147 880 1470 939 generalem,
1505 893 1621 940 quae
1685 879 1916 940 quodam
1977 881 2135 925 modo

485 949 810 1014 principium
842 955 921 1000 est
945 948 1263 1012 specierum,
1324 964 1431 1013 qua
1488 957 1774 1011 utrumque
1831 949 2020 998 horum
2055 952 2136 996 est

483 1021 569 1070 vel
600 1022 896 1077 metallum,
930 1023 1016 1069 vel
1074 1027 1232 1077 terra,
1279 1025 1359 1069 vel
1423 1036 1637 1083 corpus,
1689 1021 1772 1068 vel
1830 1019 2133 1080 huiusmodi

487 1091 625 1151 alia;
658 1105 766 1141 non
801 1093 1017 1154 aliquod
1054 1106 1239 1140 eorum
1272 1106 1392 1154 quas
1433 1092 1790 1140 subsistentiis
1836 1091 2050 1146 adsunt,
2087 1095 2139 1138 et.

483 1162 672 1211 insunt
709 1162 1129 1212 subsistentibus
1156 1164 1556 1223 accidentium;
1606 1177 1714 1212 non
1771 1163 2003 1224 denique
2047 1161 2136 1208 ho-

485 1248 602 1284 rum
635 1235 852 1297 aliquod
911 1240 1174 1284 aeternum
1223 1236 1544 1296 principium
1601 1236 1838 1284 volentes
1893 1233 2136 1294 intelligi,

486 1309 580 1355 sed
640 1307 820 1369 potius
871 1313 1077 1354 naturas,
1153 1306 1369 1354 nemine
1452 1312 1753 1355 monstrare
1839 1306 2137 1366 cupientes,

489 1392 668 1427 rerum
707 1392 826 1440 qua:
861 1378 1148 1441 generibus
1180 1383 1233 1425 et
1263 1377 1545 1440 speciebus
1598 1377 1710 1425 suis
1757 1382 1884 1425 sunt
1914 1375 2136 1437 aliquid,

489 1450 571 1499 vel
594 1465 855 1512 generum
888 1452 1130 1513 ipsorum
1155 1455 1313 1512 atque
1371 1452 1666 1513 specierum
1728 1447 2135 1498 substantialem

489 1522 890 1583 proprietatem.
937 1521 1118 1578 Qualis
1168 1526 1249 1569 est
1305 1521 1476 1582 (verbi
1534 1523 1725 1585 gratia)
1781 1520 2134 1575 rationalitas,

493 1593 618 1641 llaec
651 1591 794 1640 enim
830 1605 1005 1654 neque
1037 1592 1336 1641 subsistens
1367 1597 1465 1648 est,
1498 1606 1670 1655 neque
1728 1605 1919 1655 genus,
1961 1603 2137 1652 neque

492 1663 713 1726 species,
747 1677 926 1726 neque
957 1661 1209 1711 accidens
1263 1662 1624 1721 subsistentia,
1684 1677 1856 1726 neque
1914 1661 2139 1724 cujusli-
2170 1688 2218 1754 Β

493 1735 507 1754 1
537 1741 577 1754 ..ι
639 1735 737 1754 LA-
760 1749 827 1754 -..Α
892 1739 1145 1754 ...ΔΑ----μ
1210 1736 1525 1754 .__:_._:_!__.__
1588 1736 1673 1754 --Δ
1727 1736 1904 1754 __a:._..
1939 1734 2109 1754 --..--:-

493 1735 584 1784 bet
637 1735 832 1784 hor-1m
889 1739 1148 1783 aeternum
1210 1736 1551 1798 principium,
1585 1736 1677 1785 sed
1727 1736 1907 1798 potius
1937 1734 2144 1797 specie-

492 1821 630 1868 rum,
661 1821 795 1869 quas
823 1821 941 1855 cum
999 1820 1195 1869 genere
1252 1808 1371 1871 ipsa
1431 1807 1728 1863 constituit,
1787 1808 1871 1856 vel
1930 1806 2143 1868 generis

490 1879 643 1942 cujus
668 1879 721 1926 in
755 1879 1079 1928 subsistente
1141 1879 1221 1928 vel
1281 1879 1632 1929 subsistentia
1682 1878 1860 1942 specie
1902 1878 2143 1941 sequitur

488 1954 820 2013 potestatem,
874 1949 1344 1998 consubstantialis
1405 1953 1730 2014 proprietas.
1795 1952 1920 1999 Haec
1976 1948 2144 2010 igitur

488 2025 570 2068 est
623 2024 835 2082 propria
883 2025 1090 2069 natura
1146 2020 1494 2084 signiﬁcatio,
1551 2037 1671 2084 quae
1727 2020 2038 2076 difﬁuietur,
2089 2019 2143 2068 id

486 2096 568 2140 est
597 2091 896 2140 secundum
926 2105 1088 2154 quam
1147 2093 1595 2152 signiﬁcationem
1659 2098 1856 2142 natura
1906 2091 2141 2140 dittinie-

488 2167 590 2214 tur.
624 2162 725 2210 hoc
755 2162 950 2212 modo:
982 2161 1188 2211 Natura
1217 2174 1298 2213 est
1329 2178 1767 2228 unamquamque
1801 2179 1910 2213 rem
1973 2163 2144 2212 infor-

487 2247 639 2282 mans
695 2231 944 2295 specitica
1001 2232 1325 2283 diﬁ'erentia.
1386 2235 1696 2284 Secundum
1767 2235 1905 2283 hanc
1951 2232 2146 2282 difﬁni-

487 2303 710 2359 tionem,
741 2305 947 2352 nullum
990 2303 1330 2367 principium,
1393 2308 1600 2356 nullum
1663 2307 1968 2356 subsistens
2025 2319 2145 2353 cor-

490 2388 714 2438 porcum
747 2377 830 2423 vel
862 2376 1263 2436 incorporeum,
1325 2376 1534 2424 nullum
1597 2389 1770 2438 genus
1799 2376 1883 2424 vel
1938 2377 2146 2435 species

491 2444 850 2505 subsistentia,
915 2447 1122 2494 nullum
1201 2448 1422 2496 omnino
1509 2446 1760 2496 accidens
1849 2448 2146 2509 appellatur

494 2521 704 2566 natura.
767 2517 901 2566 Nam
965 2519 1261 2567 secundum
1316 2519 1668 2581 philosOphos
1700 2519 1812 2577 ὕλη.
1845 2533 1965 2582 quae
2005 2519 2146 2567 silva

495 2588 708 2642 dicitur,
758 2587 1123 2649 primordialis
1158 2589 1356 2638 scilicet
1387 2591 1612 2639 materia
1641 2589 1880 2638 omnium
1929 2590 2145 2651 quidem

494 2659 794 2708 secundum
867 2659 985 2708 illos
1041 2660 1335 2709 formarum
1394 2664 1789 2723 receptaculum
1853 2666 1953 2717 est,
2013 2660 2146 2708 nihil

498 2745 626 2779 vero
667 2731 782 2793 ipsa
812 2732 1077 2780 informat.
1113 2735 1311 2780 Auctor
1356 2747 1570 2796 quoque
1619 2735 1858 2782 omnium
1902 2733 2063 2792 Deus,
2097 2735 2150 2779 et

496 2802 538 2850 si
573 2816 606 2851 a
641 2801 954 2865 theologicis
987 2803 1284 2852 secundum
1329 2806 1485 2853 aliam
1551 2806 1809 2853 rationem
1871 2807 2148 2854 universo-

498 2886 615 2921 rum
651 2887 682 2920 a
717 2888 772 2921 se
804 2879 1105 2922 creatorum
1141 2881 1351 2931 natura,
1386 2880 1437 2923 et
1498 2875 1742 2936 degentis
1804 2884 1946 2924 recte
1993 2888 2144 2922 crea-

490 2947 630 2993 turas
681 2945 957 2994 rationalis
1013 2946 1185 2994 forma
1239 2949 1484 2995 dicatur:
1561 2962 1902 3010 nequaquam
1965 2951 2144 2994 tamen

495 3015 792 3063 secundum
825 3014 969 3064 illam
1000 3020 1264 3065 rationem
1317 3031 1424 3080 qua
1472 3018 1879 3066 subsistentium
1942 3017 2143 3066 formas

497 3083 653 3146 logici
688 3091 893 3143 vocant,
926 3085 1071 3148 ipsas
1096 3101 1282 3136 eorum
1316 3088 1512 3150 quibus
1543 3088 1747 3150 aliquid
1808 3094 1935 3136 sunt
1983 3101 2141 3150 gene-

496 3155 652 3214 rales,
686 3162 778 3206 aut
820 3158 1092 3218 speciales,
1155 3163 1249 3206 aut
1309 3159 1696 3208 ditferentiales
1747 3159 2140 3215 subsistentias,

497 3233 590 3276 aut
619 3230 914 3278 secundum
946 3235 1199 3292 quartum
1231 3244 1405 3294 genus
1435 3231 1729 3294 qualitatis,
1770 3233 1926 3281 etiam
1985 3245 2144 3295 quas-

497 3299 619 3348 dam
649 3300 1022 3357 accidentales,
1055 3301 1172 3362 ipsa
1208 3305 1290 3350 est
1319 3301 1508 3352 forma.
1538 3303 1846 3352 Subsistens
1876 3318 2002 3353 vero
2034 3318 2146 3352 cor-

497 3383 724 3432 poreum
758 3370 870 3420 sive
901 3371 1280 3434 incorporeum
1313 3372 1597 3434 piasdictas
1653 3376 1888 3437 quidem,
1947 3375 2146 3436 quibus

501 3445 584 3488 est
613 3439 837 3502 aliquid,
869 3441 924 3489 in
959 3456 1013 3490 se
1045 3442 1246 3491 formas
1277 3443 1474 3492 habet:
1534 3444 1709 3508 ipsum
1770 3452 1943 3494 autem
2010 3445 2146 3494 nihil

501 3511 771 3560 informat.
799 3511 1016 3574 Species
1045 3527 1173 3562 vero
1204 3515 1293 3563 illa
1323 3529 1442 3578 quae
1500 3518 1886 3580 specialissima
1927 3517 2142 3574 dicitur,

502 3583 601 3630 etsi
633 3581 1037 3633 individuorum
1069 3586 1156 3642 sit,
1223 3595 1315 3634 aut
1370 3589 1528 3636 etiam
1590 3591 1804 3652 generis
1861 3590 2050 3644 forma,
2088 3591 2142 3638 in

499 3652 870 3702 describendis
896 3661 1072 3706 tamen
1103 3656 1396 3706 individuis
1458 3659 1626 3708 vicem
1681 3665 1830 3710 tenet
1887 3661 2142 3719 materiae,

503 3729 554 3774 et
583 3724 789 3776 nullius
845 3733 1022 3792 potest
1076 3744 1192 3780 esse
1251 3731 1518 3794 specitica.
1598 3733 1874 3783 Generalis
1931 3749 2143 3798 quoque

498 3798 847 3869 subsistentia
903 3803 1147 3863 quamvis
1203 3804 1610 3855 subsistentium
1677 3808 1732 3854 in
1803 3806 2001 3869 quibus
2063 3811 2144 3856 est

495 3868 668 3918 forma
719 3872 808 3932 sit,
855 3876 909 3921 et
960 3874 1186 3924 minoris
1233 3889 1391 3938 quam
1475 3878 1589 3939 ipsa
1651 3880 1719 3928 sit
1776 3868 2142 3927 similitudinis

495 3942 698 3992 formas
727 3945 1022 3998 constituit.
1054 3951 1236 3996 tamen
1267 3951 1323 3996 in
1380 3949 1794 4000 difﬁnitionihus
1841 3953 2138 4012 specierum

497 4013 833 4064 substantive
890 4017 1281 4078 signiﬁcatione
1364 4023 1671 4083 prmposita,
1732 4022 2136 4073 similitudinem

495 4087 780 4148 quamdam
814 4088 1051 4138 materia:
1113 4090 1288 4150 habet,
1344 4106 1443 4142 nec
1501 4095 1656 4142 alicui
1713 4109 1820 4156 pra:
1869 4110 1924 4144 se
1959 4097 2138 4158 generi

495 4171 525 4205 a
555 4170 661 4219 quo
693 4161 804 4208 tota
833 4161 1135 4211 substantia
1166 4165 1246 4211 sui
1279 4164 1492 4212 diversa
1523 4164 1606 4221 sit,
1641 4166 1692 4214 in
1726 4166 2140 4217 diftinitiouibus

495 4227 610 4277 sine
666 4231 982 4280 occidentali
1037 4234 1373 4283 connexione
1433 4236 1604 4284 addici
1690 4243 1900 4298 potest:
1991 4238 2138 4288 ideo-

494 4312 598 4374 que
630 4301 835 4374 nullum
865 4310 1007 4352 recte
1039 4318 1212 4366 genus
1243 4307 1306 4354 ad
1338 4307 1744 4370 intelligendam
1793 4310 1962 4372 ipsius
2014 4325 2134 4374 spe-

495 4370 631 4444 ciem
662 4371 876 4423 format.
898 4375 1092 4424 Forma
1128 4390 1254 4425 vero
1285 4379 1372 4426 illa
1404 4391 1522 4441 quae
1571 4395 1766 4442 genere
1812 4370 2134 4444 qualitasab

2245 376 2470 424 niuutur
2519 390 2636 424 esse
2696 381 2940 435 naturae;
2999 377 3092 424 sed
3153 376 3439 425 secundum
3470 378 3677 428 ultimam
3703 383 3805 431 difﬁ-

2239 449 2519 504 nitiouem,
2578 461 2685 509 qua
2740 447 2866 494 solis
2949 446 3208 508 speeiﬁcis
3293 447 3576 497 dill'erentiis
3645 458 3805 504 natura:

2241 518 2494 566 eoum-nit
2526 533 2738 566 muneri.
2794 517 3087 581 Diligenter
3139 523 3320 567 tamen
3381 521 3720 570 attendendum
3749 531 3809 573 est

2242 592 2403 651 quod,
2437 589 2692 652 quoniam
2729 591 2974 650 specib‘ea
3007 590 3309 638 ditl‘erentia
3363 605 3475 638 cum
3517 606 3685 653 genere
3711 609 3807 644 cou-

2244 661 2415 710 stituit
2446 661 2700 723 Spt‘clt‘m,
2733 662 3018 724 cujuslibet
3067 662 3314 724 specialis
3367 664 3679 713 subsistentia
3714 668 3808 714 sim-

2243 735 2361 794 plex
2399 748 2513 781 esse
2545 748 2649 780 non
2685 739 2888 795 potest:
2920 736 3010 781 Dei
3040 747 3166 782 vero
3199 735 3427 782 essentia
3488 737 3685 783 omnino
3723 741 3808 786 sim-

2245 807 2486 866 1»lexc~t.
2521 805 2673 853 Nulla
2729 808 2870 853 enim
2922 806 3128 853 ratione
3180 804 3519 866 intelligenda
3574 813 3642 855 est
3688 822 3735 856 cx
3759 811 3810 857 di-

2246 876 2414 924 versis
2445 891 2560 925 csse
2591 878 2904 938 composita.
2936 875 3089 924 Unde
3146 879 3200 924 et
3251 877 3302 924 in
3363 876 3524 938 primo
3565 877 3681 926 liliro
3705 887 3810 928 recto

2247 947 2361 1007 ipse
2393 947 2445 995 id
2480 950 2623 1010 quod
2687 953 2769 996 est
2823 962 2937 996 esse
2999 947 3212 996 dicitur.
3272 947 3388 995 Non
3443 954 3520 997 est
3570 963 3676 1011 ergo
3709 950 3810 1000 Deus

2247 1018 2444 1080 aliquid
2483 1020 2564 1067 vel
2597 1019 2829 1081 speciali,
2873 1017 2953 1066 vel
3011 1019 3254 1080 speciﬁca
3309 1020 3652 1068 subsistentia.
3700 1021 3811 1070 Ideo-

2247 1103 2350 1153 que
2381 1088 2480 1137 etsi
2515 1089 2605 1137 Dei
2640 1089 2706 1137 ab
2752 1089 2968 1137 homine
3029 1088 3200 1136 altera
3254 1088 3448 1138 dicitur
3503 1104 3610 1138 esse
3653 1096 3814 1144 natura.

2249 1162 2394 1211 nullo
2425 1163 2583 1209 modo
2615 1168 2796 1210 tamen
2827 1160 3176 1222 intelligenda
3217 1166 3299 1210 est
3351 1160 3562 1223 generis
3605 1162 3758 1220 forma,
3780 1172 3815 1212 et

2248 1248 2367 1296 quae
2404 1234 2503 1295 ipsi
2536 1236 2714 1295 generi
2748 1233 2940 1288 forma,
2972 1238 3165 1295 etquae
3192 1230 3295 1294 ipsi
3353 1234 3534 1293 generi
3587 1235 3633 1282 in
3674 1235 3818 1283 consti-

2249 1307 2457 1354 tutione
2490 1305 2689 1366 speciei
2711 1305 2904 1367 juncta
2934 1304 3020 1361 sit,
3070 1305 3316 1366 speciﬁca
3375 1303 3676 1353 dilIereutia.
3709 1306 3814 1363 Quod

2249 1377 2410 1438 igitur
2477 1381 2662 1424 auctor
2720 1377 2812 1432 ait,
2866 1381 2972 1424 tam
3026 1376 3316 1425 catholicos
3379 1390 3536 1438 quam
3578 1375 3816 1426 Nestorium

2250 1448 2546 1497 secundum
2631 1446 2873 1496 ultimam
2942 1449 3150 1496 natura
3212 1448 3583 1497 difﬁnitionem
3631 1448 3740 1496 duas
3779 1451 3818 1497 in

2249 1519 2458 1568 Christo
2491 1520 2814 1568 constituere
2847 1523 3086 1576 naturas,
3145 1519 3221 1567 sic
3282 1519 3667 1581 intelligendum
3712 1520 3819 1568 vide-

2251 1595 2370 1639 tur:
2403 1590 2546 1652 quod
2580 1588 2828 1652 quamvis
2879 1603 2989 1639 non
3047 1591 3115 1638 sit
3171 1590 3341 1638 altera
3371 1588 3487 1646 Dei,
3517 1593 3668 1638 altera
3692 1590 3818 1639 homi-

2252 1660 2336 1708 nis
2366 1661 2611 1722 speciﬁea
2645 1659 2982 1718 differentia;
3040 1660 3134 1708 sed
3195 1659 3298 1710 hoc
3355 1665 3529 1708 tamen
3577 1660 3740 1709 dicitur
3773 1661 3820 1709 al-

2249 1735 2383 1792 tera,
2414 1731 2558 1794 quod
2589 1745 2709 1793 quae
2741 1736 2823 1780 est
2881 1731 3117 1780 hominis
3169 1731 3437 1793 speciﬁca,
3495 1745 3596 1780 non
3639 1736 3705 1780 est
3725 1730 3817 1788 Dei;

2247 1806 2301 1851 et
2328 1817 2450 1866 qua;
2481 1807 2563 1851 est
2611 1803 2705 1851 Dei
2766 1816 2874 1852 non
2932 1801 3196 1865 speciﬁca,
3229 1816 3339 1852 non
3402 1808 3482 1851 est
3510 1802 3729 1852 hominis.
3752 1804 3819 1861 Qui

2245 1873 2536 1923 locutionis
2559 1887 2686 1922 usus
2716 1887 2859 1935 saepe
2891 1872 2944 1922 in
2979 1874 3218 1924 humana
3269 1874 3432 1923 etiam
3488 1875 3666 1936 pagina
3713 1875 3821 1922 inve-

2248 1945 2413 1996 nitur.
2445 1943 2580 1994 Nam
2612 1945 2933 1994 Aristoteles
2964 1961 3084 1995 cum
3117 1945 3172 1996 in
3233 1945 3632 2008 Prolegomenis
3657 1945 3824 2009 Cetego-

2246 2018 2445 2066 riarum
2478 2016 2738 2064 dixisset:
2795 2017 3136 2066 Diversorum
3196 2031 3457 2081 generum
3517 2022 3566 2066 et
3614 2031 3706 2065 non
3733 2018 3824 2064 sub-

2246 2089 2548 2137 alternatim
2580 2086 2879 2151 positorum
2935 2089 3160 2138 diversae
3215 2094 3344 2138 sunt
3398 2087 3598 2150 species
3648 2092 3692 2136 et
3718 2086 3825 2135 dilic-

2246 2162 2454 2215 rentius,
2486 2159 2585 2207 hoc
2617 2158 2946 2222 exemplavit
2975 2161 3177 2216 dicens,
3210 2165 3269 2208 ut
3299 2159 3562 2216 animalis,
3604 2164 3652 2208 et
3697 2162 3826 2208 scien-

2247 2233 2354 2280 tiae.
2386 2231 2594 2280 Etcum
2627 2235 2995 2280 enumerasset
3050 2233 3307 2294 quasdam
3370 2231 3702 2287 diﬂ'erenlias,
3740 2243 3824 2292 quae

2249 2317 2371 2352 vere
2393 2308 2520 2352 sunt
2551 2301 2818 2359 animalis,
2881 2303 3057 2351 nullas
3113 2303 3458 2351 enumeravit
3509 2304 3825 2352 scientienec

2249 2375 2442 2437 potuit,
2478 2375 2732 2438 quoniam
2789 2389 2975 2423 eorum
3033 2389 3154 2438 qua:
3210 2376 3561 2429 inabstracta,
3603 2375 3822 2438 separatim

2249 2451 2426 2495 tamen
2462 2449 2526 2493 ab
2559 2445 2715 2493 eisin
2748 2446 2943 2507 quibus
2973 2450 3118 2501 sunt,
3155 2446 3467 2508 speculatur
3523 2447 3826 2494 mathematica

2251 2515 2554 2579 disciplina,
2588 2517 2788 2564 nullum
2822 2530 2992 2579 genus
3021 2522 3101 2566 est
3129 2518 3266 2579 quod
3304 2517 3536 2573 dividat,
3569 2518 3695 2566 nulla
3741 2529 3826 2577 spc-

2249 2591 2356 2637 cies
2387 2603 2544 2650 quam
2581 2589 2876 2636 constituat
2903 2587 3152 2650 speciﬁca
3183 2588 3375 2637 forma.
3405 2589 3523 2638 Non
3575 2589 3700 2637 enim
3739 2592 3828 2635 sunt

2252 2659 2452 2723 aliquid
2501 2659 2861 2708 subsistentiis
2918 2660 3294 2708 mathematica
3363 2661 3686 2709 inabstracta.
3734 2659 3825 2706 Cum

2251 2731 2413 2794 igitur
2476 2733 2627 2791 (sicut
2686 2731 2885 2780 dictum
2945 2734 3040 2792 est)
3120 2737 3495 2781 enumerasset
3571 2731 3829 2781 differentias

2252 2804 2516 2859 animalis,
2576 2817 2684 2851 non
2742 2802 3054 2864 subjunxit:
3113 2801 3205 2851 Hae
3258 2817 3390 2851 vero
3447 2807 3569 2851 sunt
3617 2799 3827 2856 scientiis;

2253 2875 2344 2922 sed
2375 2876 2445 2922 ait
2474 2889 2487 2922 :
2515 2873 2761 2922 Scientim
2823 2888 2947 2922 vero
2993 2873 3148 2922 nulla
3204 2877 3285 2922 est
3348 2873 3558 2928 harum,
3585 2872 3664 2936 qui
3698 2878 3828 2920 tamen

2252 2947 2461 2995 dixerat
2513 2948 2844 2996 diversorum
2899 2961 3156 3008 generum
3243 2961 3364 2996 esse
3453 2947 3690 2999 diversas,
3757 2949 3829 2991 etc.

2255 3018 2506 3066 Similiter
2556 3019 2640 3067 hic
2707 3033 2825 3067 cum
2889 3023 3075 3067 auctor
3145 3017 3390 3079 dixisset,
3455 3019 3592 3081 quod
3648 3013 3831 3064 catholici

2259 3096 2417 3153 atque
2447 3090 2724 3140 Nestorius
2749 3090 2881 3140 duas
2942 3090 2999 3139 in
3057 3089 3268 3139 Christo
3327 3090 3620 3140 secundum
3653 3088 3830 3136 ultimam

2255 3161 2633 3210 dit'tiuitionem
2667 3167 2885 3210 naturas
2917 3162 3267 3218 constituunt,
3290 3175 3404 3210 non
3429 3163 3536 3210 ait:
3567 3162 3648 3209 Hae
3689 3159 3832 3207 etenim

2252 3238 2381 3282 sunt
2409 3233 2663 3289 hominis,
2724 3233 2806 3282 has
2862 3247 2991 3282 vero
3049 3233 3181 3291 Dei;
3231 3233 3324 3281 sed
3377 3234 3557 3296 potius
3585 3230 3831 3289 aitzNeqne

2252 3307 2396 3355 enim
2423 3306 2636 3355 easdem
2687 3305 2743 3354 in
2799 3305 2967 3354 Deum
3017 3309 3178 3368 atque
3233 3305 3514 3354 hominem
3571 3300 3833 3352 diﬂ'erentias

2252 3378 2541 3426 convenire
2573 3378 2835 3437 (subaudi)
2856 3376 3104 3425 catholici
3129 3375 3518 3440 Nestorideque
3547 3375 3831 3424 constituunt.

2253 3447 2404 3506 Quod
2439 3449 2625 3497 dicens
2656 3450 2770 3498 vult
2800 3449 3057 3510 intelligi:
3088 3447 3207 3496 Non
3241 3449 3390 3511 quod
3450 3449 3568 3497 alite
3617 3450 3722 3495 sunt
3766 3445 3830 3490 bo-

2253 3518 2432 3576 minis,
2465 3520 2577 3568 alia:
2613 3522 2702 3568 Dei
2727 3525 2933 3569 naturas
2963 3519 3243 3583 speciﬁcaa,
3277 3521 3371 3568 sed
3405 3519 3548 3584 quod
3594 3532 3698 3582 quae
3743 3520 3830 3563 sunt

2253 3590 2504 3646 hominis,
2540 3605 2880 3654 nequaquam
2913 3596 3040 3640 sunt
3065 3593 3193 3649 Dei;
3251 3592 3348 3654 qui
3403 3598 3579 3641 tamen
3633 3591 3742 3638 duas
3765 3599 3830 3633 na-

2251 3665 2400 3711 turas
2431 3677 2545 3712 esse
2576 3665 2629 3711 in
2661 3663 2894 3720 Christo,
2933 3667 2988 3712 et
3035 3661 3336 3712 secundum
3393 3663 3624 3712 ultimam
3678 3664 3829 3708 natura:

2252 3734 2628 3783 dilﬁnitionem
2662 3735 2889 3783 dixerat.

2849 3850 2934 3898 DE
2964 3848 3290 3900 PERSONA.

2296 3948 2415 3997 Sed
2461 3949 2524 3997 de
2576 3963 2816 4012 persona,
2892 3949 3018 4014 etc.]
3079 3951 3366 4013 Hucusque
3427 3947 3652 3998 nominis
3697 3943 3825 4006 huius.

2251 4021 2393 4082 quod
2427 4026 2509 4069 est
2538 4028 2748 4077 natura,
2807 4027 3062 4085 quantum
3117 4021 3184 4070 ad
3241 4023 3346 4070 hoc
3402 4035 3540 4084 opus
3577 4016 3827 4081 pertinebat.

2249 4092 2669 4154 signiﬁcationes
2725 4093 2924 4151 divisit,
2988 4099 3041 4142 et
3101 4093 3401 4142 secundum
3467 4099 3827 4160 unamqulqu‘?

2248 4164 2375 4225 quid
2409 4166 2475 4211 sit
2505 4170 2692 4213 natura
2748 4163 3023 4220 difﬁnivit,
3081 4169 3134 4213 et
3183 4179 3248 4213 ex
3303 4179 3414 4227 quo
3456 4178 3612 4212 sensu
3640 4157 3824 4209 catholici

2248 4241 2408 4296 atque
2429 4237 2701 4284 Nestorius
2727 4241 2970 4284 naturam
2997 4237 3164 4285 velint
3193 4235 3440 4299 intelligi,
3497 4233 3680 4284 docuit.
3717 4228 3827 4276 Nunc

2246 4304 2441 4368 quibus
2473 4308 2631 4356 rebus
2663 4321 2859 4356 nomen
2892 4321 3134 4369 personas
3161 4312 3472 4367 conveniat,
3497 4307 3657 4370 primo
3698 4311 3826 4375 mittil

2245 4377 2484 4440 ipsarum
2516 4379 2778 4428 divisione
2811 4382 3070 4440 vestigat;
3103 4381 3297 4429 deinde
3322 4379 3537 4429 ratione
3559 4374 3824 4426 ditﬁnitionis

493 4442 791 4495 Aristotelea
823 4446 1036 4503 dicitur,
1095 4451 1350 4509 quoniam
1408 4435 1615 4501 ratione
1669 4435 2012 4502 occidentalis
2037 4459 2133 4512 est,
2166 4435 2211 4498 D
2245 4435 2296 4497 et
2330 4465 2449 4504 usu,
2482 4455 2533 4499 et
2561 4453 2718 4499 etiam
2749 4435 3174 4513 nominisipsius
3218 4452 3658 4516 interpretatione
3697 4443 3822 4516 decla-

498 4516 743 4587 specitica
775 4531 890 4566 esse
914 4532 1019 4567 non
1055 4526 1249 4580 potest.
1281 4519 1485 4570 Idcirco
1518 4525 1723 4572 nullum
1786 4525 1977 4574 borum
2018 4540 2136 4587 qua}

492 4585 636 4634 dicta
667 4592 794 4638 sunt
824 4591 1122 4638 secundum
1157 4593 1467 4653 praedictam
1527 4595 1903 4644 difliuitionem
1945 4585 2138 4646 natura

491 4661 587 4705 est.
621 4657 962 4730 Ilelinquitur
992 4675 1118 4723 ergo
1181 4669 1388 4713 natura;
1447 4680 1643 4715 nomen
1681 4667 1946 4730 speciﬁcis
1992 4668 2135 4717 ditfe-

491 4727 701 4800 rentiis,
733 4743 851 4791 quae
880 4735 934 4780 et
963 4738 1168 4782 natura:
1200 4739 1342 4793 sunt,
1380 4741 1433 4784 et
1468 4727 1772 4800 aliquorum
1831 4744 1975 4793 sunt,
2007 4741 2137 4788 sub-

492 4797 798 4848 sistentium
832 4802 1096 4860 videlicet,
1135 4806 1188 4852 in
1227 4808 1422 4868 quibus
1452 4797 1578 4858 sunt
1607 4815 1658 4858 et
1689 4824 1914 4872 quorum
1952 4811 2136 4861 formas

491 4873 544 4917 et
573 4883 687 4918 esse
720 4874 865 4928 sunt,
899 4879 951 4921 et
981 4877 1278 4936 specierum
1310 4892 1536 4941 quarum
1566 4886 1741 4942 partes
1773 4882 2134 4932 constitutivas

491 4943 636 5017 sunt,
670 4946 1014 5017 et‘geuerum
1047 4961 1276 5009 quorum
1337 4955 1587 5013 potestati
1646 4955 1852 5002 ratione
1891 4954 2133 5017 proprie-

493 5012 619 5085 tatis
651 5013 897 5085 addiclae,
930 5030 1112 5066 eorum
1145 5012 1359 5083 quoque
1400 5021 1454 5070 in
1518 5025 1815 5085 specierum
1857 5012 2136 5075 difﬂuitio-

489 5083 650 5131 nibus
680 5082 866 5134 forma:
902 5093 1044 5136 sunt.

556 5155 683 5202 Cum
730 5157 910 5218 igitur,
971 5159 1098 5222 etc]
1157 5162 1354 5219 Quasi:
1412 5163 1614 5213 Nomen
1672 5172 1878 5217 natura?
1925 5173 2017 5217 aut
2071 5168 2134 5217 de

489 5226 648 5274 rebus
679 5228 948 5286 omnibus,
1011 5238 1104 5280 aut
1164 5233 1228 5280 de
1290 5235 1417 5282 solis
1449 5235 1887 5296 subsistentibus,
1923 5245 2015 5289 aut
2070 5241 2134 5289 de

488 5296 616 5344 solis
665 5300 1003 5358 corporibus.
1063 5306 1155 5351 aut
1213 5305 1278 5353 de
1328 5306 1452 5354 solis
1510 5309 1768 5368 speciticis
1822 5312 2136 5360 diﬁ‘ereutiis

489 5369 705 5427 dicitur.
735 5373 870 5420 Cum
902 5373 1067 5433 igitur
1099 5380 1292 5424 natura
1320 5382 1399 5426 tot
1430 5380 1620 5432 modis.
1661 5385 1745 5430 vel
1802 5383 2133 5432 diversorum

488 5440 831 5515 usuudivt-rso
890 5447 1119 5502 dicatur,
1152 5449 1238 5496 vel
1301 5450 1458 5498 etiam
1513 5453 1828 5515 dilﬁuiatur,
1882 5462 1984 5504 tam
2047 5472 2135 5505 ca-

491 5511 676 5589 tholici
704 5529 862 5577 quam
895 5517 1170 5567 Nestorius
1203 5527 1345 5570 recte
1409 5524 1764 5584 constituunt,
1794 5511 1843 5575 id
1900 5534 1980 5576 est
2019 5532 2133 5578 sine

491 5584 673 5646 aliqua
729 5600 840 5636 sum
901 5589 1264 5652 perceptionis
1323 5595 1666 5646 haesitatione
1745 5600 1933 5646 dicunt
2002 5601 2135 5650 duas

491 5661 712 5731 naturas
743 5671 858 5707 esse
884 5659 1200 5731 inthristo,
1239 5678 1348 5714 non
1380 5670 1675 5718 secundum
1706 5669 1943 5731 aliquam
1972 5670 2133 5719 trium

488 5728 885 5790 prazmissarum
934 5729 1335 5797 difﬁnitionum,
1394 5739 1594 5804 quibus
1650 5739 1733 5790 vel
1784 5728 1868 5789 res
1927 5753 2132 5804 omnes,

2243 4527 2344 4569 Nll-
2379 4521 2578 4579 Quasit
2613 4523 2893 4580 Quomodo
2925 4528 3116 4572 natura
3171 4513 3490 4578 difﬁniatur,
3537 4524 3730 4583 propter
3767 4513 3822 4560 di-

2240 4606 2520 4643 versorum
2555 4609 2682 4643 usus
2715 4595 2956 4644 diversos
2987 4595 3209 4645 dubium
3267 4600 3364 4644 est.
3411 4595 3513 4644 Sed
3556 4595 3616 4641 de
3649 4595 3821 4661 persoua

2243 4668 2469 4714 maxime
2501 4668 2731 4716 dubitari
2769 4670 2962 4730 potest,
2995 4682 3244 4732 quaenam
3293 4669 3544 4717 videlicet
3594 4671 3640 4715 et
3675 4661 3821 4710 dilani-

2240 4740 2315 4788 tio
2380 4737 2428 4788 ei
2485 4741 2654 4802 possit
2708 4738 2917 4802 aptari;
2949 4744 3002 4789 et
3057 4754 3178 4803 qua:
3227 4739 3582 4789 dubitationis
3611 4735 3818 4784 sitcsassi

2243 4811 2518 4873 supponit.

2303 4885 2557 4946 Siem‘m,
2620 4885 2744 4950 etc.]
2796 4888 3015 4943 Natura,
3081 4885 3220 4935 sicut
3276 4886 3480 4936 dictum
3543 4888 3630 4940 est,
3665 4883 3738 4930 aut
3771 4874 3814 4922 de

2243 4956 2370 5004 solis
2407 4958 2668 5019 speciﬁcis
2704 4957 3042 5012 diﬂ‘ezentiis,
3087 4961 3182 5007 aut
3243 4958 3308 5007 de
3370 4961 3501 5008 solis
3550 4952 3814 5016 corporibus.

2243 5033 2336 5077 aut
2370 5031 2433 5077 de
2502 5032 2754 5080 omnibus
2813 5032 3147 5090 substantiis,
3184 5035 3278 5080 aut
3340 5036 3408 5080 de
3450 5028 3682 5079 omnibus
3703 5023 3815 5099 rt‘hil9

2243 5099 2456 5149 dicitur.
2493 5101 2732 5151 Persona
2790 5117 2938 5163 vero,
2976 5113 3068 5151 aut
3133 5103 3199 5151 de
3247 5103 3331 5151 his
3378 5103 3570 5165 quibus
3608 5096 3812 5147 convenit.

2241 5177 2330 5220 aut
2365 5174 2429 5222 de
2454 5174 2536 5221 his
2571 5174 2769 5236 quibus
2803 5188 2912 5222 non
2964 5173 3238 5232 convenit,
3293 5188 3489 5223 nomen
3522 5177 3702 5220 natura
3725 5173 3815 5227 pri?-

2241 5243 2466 5293 dicatur.
2552 5235 2653 5294 sed
2712 5246 2777 5294 de
2840 5245 2922 5293 his
2983 5247 3182 5307 quibus
3237 5248 3535 5294 secundum
3591 5235 3811 5309 quamlibet

2241 5315 2623 5378 praedictarum
2683 5304 3134 5377 signiﬁcationum
3195 5331 3392 5365 nomen
3455 5321 3642 5364 natura;
3680 5304 3813 5380 praedi:

2241 5392 2395 5435 catur
2420 5401 2668 5449 persona.
2700 5393 2793 5436 aut
2821 5390 2887 5436 de
2925 5390 3177 5437 omnibus
3231 5393 3322 5437 aut
3377 5387 3646 5451 aliquibus.
3681 5380 3756 5451 Sed
3781 5387 3808 5420 εί

2241 5460 2418 5507 omnis
2450 5464 2643 5507 natura
2674 5459 2835 5508 habet
2865 5473 3170 5523 personam.
3221 5461 3271 5508 id
3305 5466 3384 5508 est
3433 5449 3479 5507 si
3522 5460 3582 5506 de
3624 5449 3808 5503 omnibus

2242 5543 2361 5591 quae
2409 5533 2704 5578 secundum
2759 5532 3052 5593 quamlibet
3112 5532 3505 5594 praedictarum,
3563 5532 3613 5576 ut
3661 5523 3806 5570 dictum

2243 5607 2340 5658 est,
2391 5601 2843 5664 signiﬁcationum
2904 5601 3162 5652 dicuntur
3235 5607 3446 5658 natura,
3506 5598 3804 5668 praedictarum

2240 5685 2494 5735 persona.
2526 5675 2762 5724 Sensus:
2790 5673 2844 5725 Si
2876 5674 3050 5724 omnis
3107 5678 3300 5724 natura
3359 5678 3442 5724 est
3495 5680 3708 5736 persona,
3748 5672 3806 5737 ἓν·

2242 5744 2574 5796 dissolubilis
2604 5747 2779 5797 nodus
2808 5749 2908 5808 est,
2938 5745 2991 5796 id
3021 5750 3104 5797 est
3163 5747 3246 5796 vix
3302 5749 3397 5796 aut
3433 5748 3730 5808 nequaquam
3750 5742 3803 5778 ιιι·
