4046 6180
250 188 395 244 1369

1313 185 1636 248 GILBERTI
1672 185 2018 246 ΡΟΒΒΕΤᾹΞ
2059 178 2594 243 COMMENTARIA.

3525 187 3664 268 1:370

247 313 421 374 telligi
481 312 680 375 poterit
735 326 982 378 quasnam
1041 313 1290 365 discretio
1364 319 1536 381 possit
1591 332 1707 368 esse
1763 313 2080 384 interAlis
2140 312 2476 368 substantiae,
2533 311 2637 360 hoc
2696 311 3145 384 estprincipalis
3209 313 3476 371 essentia,
3540 328 3660 378 qua;

247 393 502 436 naturam
531 391 584 435 et
615 401 918 448 personam.
953 387 1088 436 Nam
1149 391 1244 437 etsi
1295 390 1588 439 secundum
1622 389 1904 454 qualitates

249 459 494 506 diversas
531 456 866 507 civersivoea
899 460 1121 508 nomina
1181 464 1310 509 sunt
1368 467 1558 510 natura
1598 468 1757 522 atque
1790 475 1908 523 per-

250 543 407 584 soua,
447 534 498 577 et
547 531 841 577 secundum
904 529 1004 578 hoc
1059 532 1126 578 sit
1185 537 1392 580 natura:
1452 541 1610 595 atque
1671 545 1910 594 personae

257 600 432 648 multa
463 600 734 655 discretio,
769 605 821 648 et
869 599 975 649 illas
1035 601 1386 650 dil‘ﬁnitiunes
1435 604 1660 651 diversa:
1716 602 1913 664 quibus

253 670 595 722 ostendatur.
632 685 738 718 nou
799 673 958 719 modo
1018 672 1158 732 quod
1214 673 1408 722 dicitur
1466 688 1578 721 esse
1612 677 1801 721 natura
1825 673 1909 719 vel

255 756 508 806 persona,
548 757 734 789 verum
775 743 933 790 etiam
972 758 1086 791 esse
1118 745 1258 806 quod
1294 745 1519 793 dicitur:
1561 745 1698 793 idem
1733 749 1908 792 tamen

254 812 358 860 erit
411 812 552 872 quod
618 816 844 871 utroque
905 809 1122 858 nomine
1182 812 1561 873 appellabitur,
1596 817 1648 859 et
1682 812 1729 858 id
1765 812 1911 858 nulla

251 881 507 930 difﬁnitio
535 881 824 929 ostendere
885 883 1082 944 poterit
1137 895 1254 931 esse
1318 883 1608 941 diversum,
1666 883 1804 931 sicut
1854 883 1907 930 id

249 953 398 1016 quod
431 956 532 1007 est,
566 952 728 1001 homo
785 956 868 1002 est
919 951 1140 1010 risibile,
1196 959 1248 1002 et
1305 967 1619 1010 econverso,
1650 967 1770 1002 cum
1827 957 1910 1002 ta-

248 1037 377 1072 men
408 1023 549 1072 aliud
608 1024 682 1071 ait
739 1037 854 1072 esse
914 1023 1208 1086 hominem,
1255 1024 1397 1074 aliud
1457 1039 1572 1074 esse
1629 1023 1906 1074 risibilem.

249 1093 361 1141 Aut
387 1094 428 1140 si
464 1105 571 1141 non
622 1097 870 1155 aequatur
928 1107 1160 1156 persona
1219 1099 1444 1149 naturae,
1483 1099 1541 1142 ut
1595 1094 1660 1142 de
1717 1096 1905 1143 eodem

248 1163 369 1212 baac
406 1164 513 1213 duo
546 1165 767 1212 nomina
797 1163 1099 1213 conversim
1150 1164 1414 1226 dicantur,
1447 1165 1538 1213 sed
1602 1163 1743 1213 intra
1800 1169 1908 1214 ter-

252 1237 463 1284 minum
491 1234 835 1298 spatiumque
868 1240 1074 1284 natura
1133 1249 1363 1298 persona
1421 1234 1682 1292 subsistit,
1719 1236 1771 1284 id
1805 1240 1904 1290 est.

249 1308 294 1354 si
321 1320 428 1354 non
461 1306 524 1355 de
558 1307 831 1361 omnibus,
864 1307 955 1354 sed
991 1306 1054 1355 de
1084 1306 1358 1369 aliquibus
1417 1307 1624 1356 naturis
1679 1321 1908 1370 persona

249 1377 472 1435 dicitur,
506 1378 726 1426 difﬁcile
759 1377 902 1427 dictu
936 1383 1034 1435 est,
1097 1383 1319 1442 propter
1375 1379 1710 1429 diversorum
1775 1394 1907 1429 usus

251 1451 514 1507 diversos,
555 1464 721 1512 usque
752 1450 816 1498 ad
850 1464 982 1512 quas
1024 1455 1242 1499 naturas
1299 1464 1529 1514 persona
1589 1452 1904 1515 perveniat;

249 1528 307 1570 et
335 1536 439 1584 quo
466 1521 741 1571 intellectu
774 1521 874 1570 hoc
905 1522 971 1569 sit
1029 1520 1402 1583 accipiendum
1467 1522 1706 1585 exponit,
1743 1523 1793 1571 id
1826 1527 1905 1572 est

249 1606 387 1656 quas
439 1598 661 1641 naturas
719 1593 1006 1641 conveniat
1056 1592 1254 1640 habere
1323 1607 1628 1654 personam,
1687 1607 1822 1657 quas
1875 1607 1906 1642 a

2017 389 2157 435 Deus
2184 389 2281 444 est,
2308 385 2371 432 ad
2401 381 2849 445 impassibilitatis
2876 383 3257 433 ﬁrmitudinem
3289 390 3661 446 permutetur),

2018 462 2077 504 ut
2106 458 2438 517 angelorum,
2476 455 2575 503 hoc
2639 459 2720 502 est
2771 455 3064 503 cmlestium
3120 455 3406 516 spirituum
3445 465 3655 514 natura,

2017 534 2176 591 atque
2211 533 2399 576 natura
2433 528 2681 575 humana:
2714 529 2922 576 auimze.
2958 528 3096 576 Deus
3127 527 3269 577 enim
3320 530 3467 579 nullo
3500 532 3659 580 modo

2016 600 2208 647 mutari
2249 603 2441 661 potest,
2473 612 2571 645 nec
2596 598 2700 646 ullo
2722 598 2967 645 animalis
2999 600 3263 659 passionis
3293 601 3430 650 afﬁci
3481 615 3662 651 sensu.

2013 671 2262 719 leestes
2289 685 2414 718 veru
2448 669 2667 730 spiritus
2703 670 2792 732 qui
2830 672 2875 716 ei
2911 669 3187 724 assistunt,
3246 685 3351 719 non
3399 679 3525 722 sunt
3554 679 3662 723 sta-

2012 741 2164 802 biles,
2199 743 2289 788 sed
2326 741 2644 789 naturaliter
2675 740 3068 803 corruptibilcs,
3094 745 3147 790 et
3177 743 3421 791 similiter
3470 746 3665 793 huma-

2014 825 2097 860 nae
2124 812 2334 860 anima).
2370 813 2632 875 Quidquid
2665 811 2831 875 enim,
2868 825 2984 859 cum
3022 826 3127 860 non
3178 823 3337 873 esset,
3391 828 3483 875 per
3520 815 3658 863 divi-

2013 896 2139 931 nam
2169 885 2466 945 potentiam
2505 897 2621 931 esse
2681 887 2904 944 poterat,
2964 882 3104 932 idem
3154 887 3312 934 etiam
3373 898 3468 947 per
3518 898 3662 934 eam-

2014 953 2135 1003 dem
2167 956 2481 1018 potentiam,
2515 957 2640 1003 dum
2674 959 2789 1014 est,
2824 967 2924 1004 non
2958 969 3074 1004 esse
3127 962 3320 1019 potest.
3367 957 3481 1006 Non
3515 955 3660 1007 enim

2013 1024 2359 1074 immutabilis
2417 1030 2557 1074 esset
2629 1025 2812 1074 divina
2869 1028 3132 1089 potentia,
3183 1028 3226 1076 si
3285 1027 3427 1090 quod
3498 1030 3663 1090 (εαξρῆ

2013 1110 2147 1152 esse,
2181 1110 2289 1146 non
2321 1111 2434 1146 esse
2469 1111 2575 1145 non
2609 1102 2823 1160 posset:
2879 1097 3317 1162 quandoquidem
3367 1114 3488 1149 cum
3548 1114 3657 1150 non

2012 1172 2184 1224 erant,
2213 1183 2318 1216 non
2355 1182 2468 1216 esse
2501 1173 2723 1229 poterat.
2759 1169 2882 1228 Sed,
2917 1169 3057 1217 sicut
3087 1168 3290 1219 dictum
3342 1175 3442 1228 est,
3475 1170 3659 1235 aliqua

2011 1237 2346 1287 mutabilium
2381 1240 2432 1287 in
2463 1253 2525 1287 eo
2557 1240 2696 1301 quod
2730 1254 2825 1301 per
2855 1241 3178 1290 creationem
3228 1241 3368 1291 facta
3417 1247 3544 1291 sunt
3582 1244 3658 1292 ita

2010 1309 2192 1358 divina
2223 1311 2395 1371 gratia
2426 1310 2599 1358 firmat
2632 1315 2689 1358 ut
2746 1311 3000 1372 deinceps
3047 1326 3387 1376 nequaquam
3443 1319 3656 1363 muten-

2011 1384 2114 1444 tur,
2147 1397 2206 1431 ac
2237 1397 2330 1445 per
2359 1383 2460 1432 hoc
2516 1381 2946 1444 incorruptibilia
2997 1385 3424 1450 immortaliaque
3472 1387 3658 1437 dicun-

2013 1454 2117 1500 tur.

2071 1525 2151 1573 Ex
2202 1524 2392 1588 quibus
2449 1523 2702 1585 omnibus,
2761 1523 2886 1588 etc.]
2941 1526 3140 1584 Quasi:
3204 1528 3421 1578 Natura:
3477 1533 3658 1592 partes

2005 1595 2279 1657 praedictis
2307 1595 2662 1645 divisionibus
2692 1598 3046 1645 ostendimus.
3105 1597 3179 1646 Ex
3241 1601 3436 1662 quibus
3473 1601 3657 1650 omni-

249 1679 497 1728 personte
531 1665 794 1713 vocabulo
825 1667 1129 1728 segregari;
1163 1664 1398 1714 Sensus:
1433 1666 1496 1715 de
1553 1667 1749 1728 quibus
1796 1665 1901 1714 sei-
1934 1690 1978 1754 Β
2009 1666 2109 1714 bus
2135 1666 2492 1716 divisionibus
2551 1668 2891 1716 manifestum
2951 1672 3048 1727 est,
3111 1684 3282 1733 neque
3344 1670 3398 1720 in
3433 1685 3542 1720 non
3584 1673 3658 1721 vi-

249 1737 279 1754 I'
334 1741 370 1754 ,1
403 1742 601 1754 .__a_-__-
637 1738 956 1754 _____j!__.___
1013 1750 1203 1754 _‘_‘m_
1272 1751 1506 1754 ,-A.A_-_A-
1571 1741 1614 1754 ξι
1683 1739 1727 1754 J,
1783 1740 1863 1754 NH:
2009 1736 2256 1754 _.,_1?l.___
2325 1751 2424 1754 -_,,.
2459 1737 2629 1754 __!L_-_
2708 1752 2728 1754 ,γ
2755 1752 2766 1754 -
2815 1753 2857 1754 κγ
2939 1739 3023 1754 39,9
3464 1741 3509 1754 ἰ’
3554 1743 3585 1754 η

243 1737 374 1786 licet
403 1742 606 1785 naturis
636 1738 958 1800 praedicetur
1013 1750 1210 1785 nomen
1271 1751 1530 1800 personae,
1564 1741 1617 1786 et
1671 1739 1735 1787 de
1776 1740 1893 1802 qui-

243 1807 349 1856 bus
382 1822 487 1857 non
519 1809 862 1871 praedicetur.
898 1807 1031 1856 Nam
1063 1809 1192 1856 illud
1229 1807 1358 1871 quid
1391 1810 1534 1871 quod
1593 1809 1727 1858 forte
1776 1810 1898 1872 quis

245 1881 463 1942 cogitet,
527 1880 779 1928 videlicet
836 1880 977 1941 quod
1036 1893 1230 1927 nomen
1309 1894 1552 1942 personas
1632 1881 1696 1929 de
1751 1881 1896 1930 nullo

245 1966 469 2015 prorsus
498 1953 582 2000 cui
645 1952 939 2000 secundum
1005 1952 1236 2013 aliquam
1295 1949 1745 2013 signiﬁcationem
1797 1966 1897 2000 no-

240 2037 366 2072 men
405 2025 610 2071 natura:
652 2023 941 2071 conveniat
999 2023 1335 2084 praedicetur,
1387 2022 1520 2070 nihil
1573 2029 1669 2071 est.
1723 2023 1897 2071 Mani-

239 2096 438 2143 festum
468 2099 548 2143 est
603 2094 746 2142 enim
809 2099 1056 2142 naturam
1109 2092 1401 2156 subjectam
1457 2107 1572 2141 esse
1633 2107 1893 2156 personae,

239 2166 294 2214 id
332 2171 411 2214 est
447 2179 546 2214 nec
582 2178 865 2228 personam
898 2164 1002 2213 ullo
1035 2166 1196 2212 modo
1229 2178 1383 2226 posse
1420 2164 1719 2226 praedicari,
1752 2179 1894 2227 prae-

240 2243 328 2285 ter
359 2243 626 2292 naturam,
659 2236 762 2285 hoc
799 2240 878 2285 est
913 2237 1015 2284 nisi
1047 2235 1110 2283 de
1142 2249 1204 2284 eo
1260 2235 1403 2298 quod
1464 2236 1759 2285 secundum
1796 2237 1894 2285 ali-

239 2323 405 2372 quam
439 2308 885 2372 siguiﬁcationem
920 2311 1126 2356 naturae
1158 2308 1386 2355 dicatur.
1420 2306 1679 2365 Quoniam
1733 2309 1895 2371 igitur

234 2393 417 2442 neque
449 2381 514 2428 de
549 2379 730 2437 nullis,
766 2393 942 2440 neque
993 2379 1058 2426 de
1122 2378 1374 2427 omnibus
1436 2381 1645 2427 naturis
1699 2380 1892 2442 prsidi-

237 2457 393 2500 catur
452 2466 702 2513 persona,
765 2451 858 2499 sed
918 2451 1213 2499 secundum
1274 2451 1507 2513 aliquam
1559 2451 1892 2513 supradicta-

236 2537 356 2571 rum
417 2527 623 2572 naturae
685 2521 1142 2585 signiﬁcationum
1206 2523 1271 2570 de
1327 2523 1594 2585 aliquibus
1642 2527 1888 2572 tantum:

234 2593 356 2642 haec
388 2594 563 2657 aliqua
595 2595 662 2643 ab
695 2593 1089 2655 inquirentibus
1119 2607 1239 2656 quae
1273 2594 1361 2642 illa
1413 2595 1520 2643 sint
1578 2596 1890 2657 vestigauda

236 2671 368 2713 sunt
402 2667 501 2714 hoc
531 2667 722 2714 modo:
757 2679 850 2723 per
884 2665 1203 2714 divisionem
1253 2666 1496 2714 videlicet
1541 2667 1887 2716 naturalium.

242 2739 398 2794 Nam,
457 2740 593 2786 sicut
652 2737 854 2786 dictum
909 2743 1006 2792 est.
1066 2751 1299 2798 persona
1378 2743 1572 2800 praeter
1647 2744 1887 2787 naturam

240 2823 362 2857 esse
397 2823 500 2857 non
540 2814 731 2872 potest,
763 2809 871 2858 imo
929 2807 1193 2871 quidquid
1259 2813 1338 2857 est
1388 2823 1635 2870 persona,
1669 2823 1886 2858 necesse

235 2885 324 2929 est
357 2885 412 2928 ut
443 2882 736 2929 secundum
772 2881 1004 2943 aliquam
1038 2885 1244 2928 natura;
1308 2879 1754 2942 significationem
1805 2879 1887 2928 di-

236 2957 326 3000 Cat
359 2958 568 3001 natura.
624 2952 724 3001 Sed
781 2957 986 3001 natura;
1039 2951 1359 3012 (secundum
1409 2951 1551 2999 illam
1609 2951 1887 3001 difﬁnitio-

231 3038 362 3072 nem
397 3038 500 3085 qua
531 3024 725 3073 dicitur
759 3037 873 3072 esse
910 3029 1101 3072 natura
1131 3037 1314 3071 earum
1371 3037 1549 3071 rerum
1594 3037 1731 3086 quas,
1765 3037 1881 3072 cum

233 3096 364 3149 sint,
397 3097 778 3158 quoquomodo
805 3095 1077 3143 intellectu
1133 3093 1251 3156 capi
1311 3096 1552 3157 possunt)
1595 3094 1713 3144 alia:
1761 3101 1888 3144 sunt

234 3165 579 3227 substantiae,
614 3167 732 3216 alia;
789 3165 1134 3228 accidentes;
1193 3171 1246 3215 et
1304 3166 1546 3214 videmus
1601 3181 1886 3228 personam

229 3236 291 3285 iu
326 3237 695 3286 accidentibus
754 3252 863 3287 non
922 3251 1079 3301 posse
1137 3237 1408 3295 constitui,
1471 3237 1521 3286 id
1557 3243 1638 3287 est
1682 3239 1888 3287 nullum

229 3309 597 3358 accidentium
652 3325 766 3359 esse
823 3324 1130 3374 personam.
1195 3309 1322 3369 Quis
1381 3311 1522 3359 enim
1571 3310 1710 3359 dicat
1774 3325 1890 3358 esse

230 3382 393 3428 υΗιιυι
431 3395 715 3444 personam
749 3381 1037 3438 albedinis,
1070 3381 1152 3430 vel
1177 3382 1494 3444 nigredinis,
1553 3381 1636 3430 vel
1679 3386 1892 3443 magni-

229 3450 484 3500 tudinis?
533 3452 645 3500 Hoc
682 3456 778 3507 est,
844 3453 964 3515 quis
1025 3458 1200 3515 potest
1259 3451 1435 3501 dicere
1483 3452 1626 3515 quod
1677 3452 1887 3508 albedo,

230 3524 322 3569 Vel
359 3523 599 3584 uigredo,
632 3523 713 3571 vel
747 3522 1060 3586 magnitudo
1092 3523 1159 3570 sit
1191 3537 1422 3585 persona
1445 3525 1470 3570 ‘2
1513 3523 1588 3571 Ac
1646 3521 1690 3570 si
1730 3523 1887 3582 dicat,

228 3595 441 3641 nullus.
478 3595 600 3642 llaec
632 3596 772 3642 enim
804 3594 1128 3657 quandoque
1163 3598 1289 3642 sunt
1337 3607 1708 3656 personarum,
1742 3594 1889 3643 ideo-

236 3679 348 3726 que
381 3679 656 3728 nunquam
685 3679 947 3726 personae.
981 3665 1248 3728 Quidquid
1281 3669 1425 3714 enim
1458 3669 1554 3719 est,
1585 3663 1696 3714 sive
1747 3680 1888 3728 pars,

239 3736 359 3785 sive
393 3741 599 3793 natura,
634 3738 745 3786 sive
802 3740 856 3786 in
920 3751 1246 3801 quocunque
1304 3751 1497 3798 genere
1544 3737 1624 3786 vel
1680 3737 1888 3787 ratione

239 3808 545 3870 proprietas
603 3808 830 3872 alicujus
889 3822 1154 3871 personte,
1213 3822 1491 3872 nunquam
1544 3813 1722 3871 potest
1774 3823 1888 3858 esse

235 3894 494 3942 persona.

304 3949 632 4014 ΙῖεἸίηᾳιιὶἰιιν
665 3949 830 4016 erga]
856 3949 1037 4009 Quasi,
1097 3956 1290 4014 praeter
1346 3955 1591 4001 naturam
1650 3966 1759 4002 non
1790 3967 1890 4016 po-

236 4027 348 4072 test
383 4037 498 4072 esse
534 4037 790 4085 persona;
852 4026 1164 4072 naturarum
1217 4029 1394 4071 autem
1445 4025 1564 4073 alita
1604 4030 1730 4074 sunt
1758 4028 1889 4075 sub-

239 4093 476 4148 staulim,
508 4094 622 4142 alia;
653 4098 780 4142 sunt
824 4092 1148 4143 accidentes.
1209 4093 1526 4144 Accidentcs
1588 4109 1716 4145 vero
1779 4111 1888 4147 non

235 4173 467 4228 possunt
499 4179 614 4213 esse
647 4179 910 4228 personae.
941 4165 1090 4224 Quod
1125 4165 1384 4227 quoniam
1446 4168 1520 4215 ita
1577 4171 1674 4223 est,
1723 4169 1889 4216 relin-

236 4235 424 4298 quitur
455 4251 581 4299 ergo
613 4240 672 4285 ut
727 4251 1010 4300 personam
1067 4237 1121 4285 in
1179 4239 1494 4286 substantiis
1546 4237 1650 4286 dici
1692 4252 1891 4290 conve-

232 4306 373 4363 niat,
432 4308 532 4356 hoc
591 4313 672 4356 est
730 4308 870 4356 solas
928 4309 1256 4357 substantias
1319 4323 1435 4358 esse
1467 4313 1887 4372 personas;sed

233 4395 344 4428 non
379 4394 584 4428 omnes.
639 4379 872 4442 Ideoque
933 4380 1109 4428 adhuc
1165 4378 1430 4429 divisione
1486 4381 1731 4441 vestigat,
1765 4395 1885 4443 quae

230 4453 552 4499 substantia:
587 4452 694 4499 sint
724 4465 987 4514 personae.
1019 4451 1082 4499 Et
1114 4451 1333 4499 attende
1366 4450 1510 4513 quod
1557 4450 1886 4501 substantias

227 4523 346 4568 vult
379 4523 476 4570 hoc
536 4523 652 4570 loco
711 4521 956 4585 intelligi,
1016 4535 1127 4570 non
1179 4520 1576 4577 subsistentias,
1609 4523 1702 4569 sed
1765 4535 1884 4583 quae

228 4589 560 4640 subsistunt.
593 4593 744 4649 Quod
782 4606 844 4640 ex
876 4594 951 4639 eis
980 4605 1099 4654 quae
1159 4594 1465 4653 sequuntur
1519 4594 1774 4654 apparet;
1815 4593 1888 4640 ait

232 4662 882 4712 cnim:Substantiarum
944 4664 1060 4713 alias
1123 4669 1250 4711 sunt
1311 4661 1751 4726 corporeaa,aliaa
1813 4664 1888 4712 in-

230 4747 527 4795 corporeas.
586 4734 976 4796 Corporearum
1033 4748 1179 4794 vero,
1239 4734 1353 4782 alia:
1427 4737 1552 4782 sunt
1620 4731 1882 4792 viventes,

227 4809 352 4854 aliis
385 4808 621 4856 minime.
654 4807 965 4858 Viventium
996 4822 1395 4871 corporearum,
1430 4808 1531 4857 hoc
1580 4809 1655 4857 ita
1692 4808 1884 4858 debere

228 4879 458 4942 intelligi
492 4879 746 4943 exempiis
778 4895 898 4944 quae
956 4886 1257 4944 sequuntur
1307 4879 1527 4943 patebit,
1587 4881 1882 4930 viventium

221 4953 492 5015 (inquam)
528 4951 647 5001 alia:
680 4957 808 5001 sunt
832 4951 1132 5007 sensibiles,
1167 4951 1284 5000 alia:
1335 4951 1592 5012 minime;
1652 4950 1883 5000 sensibi-

217 5024 363 5070 lium
399 5024 513 5072 alim
545 5029 674 5073 sunt
706 5025 1012 5083 rationales,
1046 5025 1160 5073 alia)
1192 5024 1551 5072 irrationales.

296 5093 642 5144 Ratione/ium
706 5111 842 5151 vero,
904 5095 1028 5158 etc.]
1085 5095 1336 5150 Attende,
1393 5090 1619 5156 quodin
1681 5107 1881 5155 praece-

225 5167 487 5214 dentibus
511 5166 972 5216 subdivisionibus
1004 5168 1240 5230 priorum
1274 5164 1602 5214 divisionum
1638 5166 1879 5214 omnium

220 5251 430 5299 genera
467 5237 799 5300 subintelligi
830 5237 1034 5301 voluit;
1069 5239 1120 5286 in
1151 5238 1251 5285 hac
1280 5241 1455 5285 autem
1487 5250 1594 5299 qua
1638 5239 1884 5300 sequitur

220 5309 512 5363 divisione,
545 5323 651 5357 non
679 5311 840 5359 modo
872 5308 965 5358 illa
994 5324 1111 5372 quae
1146 5322 1405 5371 corporea
1437 5313 1692 5369 sunt,nec
1718 5309 1878 5356 etiam

217 5381 313 5428 illa
371 5385 579 5428 tantum
641 5379 990 5430 subsistentia
1047 5395 1164 5444 quae
1224 5379 1592 5429 accidentibus
1637 5380 1880 5442 subjecta

214 5455 367 5504 sunt,
404 5465 590 5501 verum
625 5453 782 5502 etiam
817 5454 1135 5514 incorporea
1183 5450 1552 5506 subsistentia,
1585 5455 1639 5499 et
1685 5452 1876 5500 horum

214 5522 574 5586 omniumque
636 5523 1004 5587 principium;
1088 5523 1163 5572 ait
1245 5523 1424 5573 enim:
1509 5522 1872 5572 Rationalium

212 5609 349 5643 vero
408 5594 508 5644 alia
566 5602 646 5644 est
697 5596 1045 5645 immutabilis
1131 5600 1292 5659 atque
1363 5594 1710 5656 impassibilis
1781 5608 1877 5656 per

220 5669 500 5724 naturam,
567 5673 625 5717 ut
682 5667 869 5730 Deus;
929 5668 1032 5716 alia
1089 5681 1184 5730 per
1249 5669 1577 5717 creationem
1657 5665 1873 5728 quidem

213 5738 495 5788 mutabilis
552 5742 711 5802 atque
769 5736 1038 5803 passibilis
1106 5736 1230 5800 (nisi
1314 5738 1482 5802 gratia
1567 5737 1872 5801 impassibi-

2009 1736 2262 1786 ventibus
2318 1737 2634 1799 corporibus
2707 1752 2864 1800 posse
2922 1739 3024 1788 dici
3101 1755 3402 1803 personam.
3464 1741 3656 1792 Nullus

2009 1808 2152 1857 enim
2183 1808 2311 1858 dicit
2343 1823 2458 1857 esse
2493 1810 2653 1857 ullam
2707 1823 2995 1872 personam
3054 1811 3268 1874 lapidis,
3331 1827 3505 1876 neque
3535 1828 3658 1862 rur-

2008 1893 2099 1929 sus
2134 1895 2318 1929 eorum
2351 1880 2648 1929 viventium
2680 1895 2800 1944 qum
2833 1895 2994 1931 sensu
3052 1888 3254 1932 carent.
3301 1884 3455 1933 Nulla
3513 1886 3655 1934 enim

2007 1967 2238 2016 persona
2268 1958 2348 2002 est
2379 1954 2600 2011 arboris,
2635 1967 2810 2016 neque
2840 1969 2968 2004 vero
3028 1956 3144 2019 ejus
3195 1956 3269 2006 rei
3326 1956 3558 2008 viventis
3584 1961 3656 2007 at-

2007 2039 2110 2087 que
2141 2024 2410 2074 sensibilis
2467 2039 2587 2088 qua:
2646 2025 2920 2074 intellectu
2979 2041 3041 2075 ac
3096 2027 3306 2078 ratione
3369 2029 3653 2078 deseritur.

2005 2096 2164 2144 Nulla
2199 2102 2276 2144 est
2308 2098 2449 2144 enim
2481 2110 2710 2158 persona
2742 2097 2865 2159 equi
2898 2097 2981 2146 vel
3015 2097 3187 2154 bovis,
3224 2106 3653 2162 caeterorumque

2007 2165 2317 2215 animalium
2350 2180 2468 2230 quas
2501 2167 2816 2216 naturaliter
2859 2171 3007 2216 muta
3054 2183 3116 2218 ac
3164 2170 3279 2218 sine
3329 2171 3537 2220 ratione
3569 2169 3652 2217 vi-

2005 2243 2115 2288 tam
2149 2238 2274 2287 solis
2306 2239 2554 2287 sensibus
2611 2240 2834 2302 degunt.
2876 2239 3172 2303 Diligenter
3222 2242 3440 2291 attende
3505 2241 3650 2305 quod

2007 2311 2096 2366 ait,
2131 2310 2332 2358 nullam
2365 2310 2558 2373 lapidis
2611 2312 2694 2360 vel
2751 2309 2959 2360 arboris
3012 2327 3129 2362 esse
3179 2327 3486 2376 personam,
3536 2326 3646 2362 non

2005 2383 2165 2429 modo
2197 2382 2492 2430 secundum
2526 2381 2971 2445 philosophorum
3023 2397 3197 2441 usum,
3249 2398 3434 2433 verum
3491 2385 3651 2433 etiam

2004 2453 2302 2500 secundum
2362 2451 2457 2508 rei,
2515 2466 2623 2515 qua
2687 2459 2828 2503 recte
2887 2468 3117 2517 persona
3173 2459 3254 2504 est
3308 2455 3653 2518 appellanda,

2004 2521 2408 2584 proprietatem,
2443 2523 2544 2572 hoc
2575 2537 2694 2572 eum
2727 2523 2947 2574 dixisse.
2976 2525 3138 2576 Nulla
3166 2540 3397 2590 namque
3442 2526 3649 2575 ratione

2003 2598 2181 2656 potest
2212 2609 2326 2644 esse
2385 2609 2612 2658 persona
2671 2610 2735 2644 ex
2795 2611 2899 2659 quo
2954 2601 3123 2646 totum
3185 2604 3502 2647 continuum
3565 2596 3650 2646 vel

2006 2670 2123 2713 actu
2160 2667 2238 2714 vel
2268 2667 2508 2727 potentia
2537 2672 2763 2716 constat.
2794 2668 2962 2731 Cujus
2993 2668 3067 2717 rei
3101 2670 3236 2718 ratio
3266 2671 3320 2718 in
3371 2667 3650 2732 sequenti-

2003 2735 2104 2784 bus
2135 2737 2357 2785 dicetur.
2391 2738 2538 2794 Quod
2573 2752 2698 2786 vero
2728 2742 2802 2786 ait
2834 2739 3034 2787 nullam
3066 2739 3190 2802 equi
3243 2740 3326 2788 vel
3375 2740 3531 2788 bovis
3565 2739 3650 2790 vel

2003 2810 2367 2871 quorumlibet
2401 2810 2790 2858 irrationalium
2827 2810 3136 2860 animalium
3170 2825 3288 2860 esse
3337 2826 3644 2874 personam,

2003 2892 2110 2928 non
2143 2882 2436 2928 secundum
2471 2880 2697 2929 rationis
2727 2881 2887 2944 hujus
2917 2895 3023 2944 qua
3053 2885 3278 2945 quilibet
3306 2887 3388 2932 est
3418 2897 3648 2944 persona

2004 2953 2402 3014 proprietatem,
2436 2953 2525 3002 sed
2590 2957 2766 3002 tamen
2831 2957 3127 3003 secundum
3192 2969 3346 3004 usum
3400 2953 3644 3018 philoso-

2003 3022 2252 3085 phorum.
2289 3025 2379 3086 qui
2407 3025 2536 3086 bzec,
2569 3039 2687 3074 cum
2747 3030 2885 3075 recte
2944 3031 3180 3088 possent,
3211 3029 3508 3076 noluerunt
3555 3031 3641 3076 ta-

1997 3107 2116 3142 men
2151 3096 2417 3158 appellare
2475 3109 2749 3158 personas.
2808 3097 2958 3144 dixit.
3017 3098 3168 3156 Quod
3226 3101 3279 3147 et
3333 3100 3444 3161 ipse
3477 3098 3531 3146 in
3563 3112 3641 3147 se-

1996 3164 2284 3227 quentibus
2315 3171 2494 3227 aperte
2526 3167 2764 3215 dicturus
2790 3171 2890 3215 est.

2057 3238 2122 3284 At
2155 3236 2392 3296 hominis,
2426 3239 2549 3300 etc.]
2578 3238 2733 3295 Quasi
2763 3253 2776 3286 :
2834 3238 3103 3289 Malorum
3163 3236 3481 3288 animalium
3514 3239 3640 3290 nul-

1997 3305 2100 3355 lam
2134 3321 2232 3356 usu
2295 3309 2740 3371 philosophorum
2796 3309 3024 3359 dicimus
3087 3324 3201 3360 esse
3237 3324 3543 3373 personam.
3576 3313 3642 3360 At

1996 3376 2231 3426 hominis
2257 3381 2484 3427 dicimus
2514 3393 2627 3428 esse
2659 3393 2980 3443 personam:
3039 3381 3270 3430 dicimus
3323 3382 3481 3431 etiam
3527 3382 3642 3440 Dei,

1997 3449 2223 3497 dicimus
2254 3451 2449 3511 angeli.
2484 3451 2592 3500 Hoc
2616 3457 2714 3513 est,
2770 3452 3055 3515 cujuslibet
3111 3453 3344 3503 caelestis
3402 3455 3640 3518 spiritus,

1997 3525 2049 3569 et
2096 3523 2430 3581 naturaliter,
2482 3527 2536 3572 et
2590 3537 2690 3572 usu
2746 3523 3190 3589 philosophorum
3243 3526 3472 3574 dicimus
3526 3538 3641 3575 esse

1997 3607 2303 3656 personam.

2067 3665 2255 3712 Rursus
2282 3665 2713 3724 substantiarum,
2746 3668 2871 3735 etc.]
2905 3668 3038 3728 Quia
3090 3683 3199 3718 non
3243 3669 3515 3727 omnibus,
3547 3668 3640 3718 sed

2000 3740 2209 3785 tantum
2241 3739 2561 3799 quibusdam
2597 3739 2822 3797 naturis,
2872 3740 2981 3789 illis
3042 3739 3290 3790 videlicet
3344 3754 3465 3802 quae
3514 3741 3644 3790 sub-

1999 3809 2208 3858 stantia:
2240 3815 2401 3871 sunt;
2436 3811 2524 3859 sed
2561 3825 2736 3875 neque
2768 3812 2852 3860 his
2899 3813 3168 3869 omnibus,
3227 3812 3317 3861 sed
3371 3811 3646 3876 aliquibus

1998 3879 2254 3930 convenit
2313 3883 2414 3931 dici
2472 3897 2771 3946 personas:
2830 3885 3009 3934 divisit
3064 3890 3284 3934 naturas
3335 3889 3497 3949 atque
3523 3886 3648 3934 sub-

1998 3955 2220 4003 stantias
2252 3955 2496 4018 pluribus
2526 3956 2867 4015 differentiis,
2892 3963 2944 4007 et
2969 3957 3168 4022 quibus
3215 3959 3511 4008 secundum
3559 3957 3644 4006 di-

1996 4027 2232 4075 visiones
2289 4028 2404 4076 illas
2460 4031 2763 4086 conveniat,
2828 4030 3133 4092 quibusque
3190 4043 3300 4079 non
3362 4029 3648 4079 conveniat

1998 4097 2100 4145 diei
2135 4111 2411 4159 personas,
2446 4099 2607 4148 etiam
2641 4100 2899 4162 exemplis
2938 4099 3194 4149 ostendit.
3251 4102 3404 4150 Nunc
3458 4112 3647 4148 rursus

1998 4169 2326 4218 substantias
2351 4177 2570 4232 propter
2601 4171 2740 4220 idem
2799 4170 3005 4220 dividit.
3067 4171 3169 4220 Sed
3227 4172 3441 4220 attende
3498 4169 3645 4232 quod

1997 4255 2116 4289 cum
2149 4243 2398 4303 superius
2435 4243 2790 4291 subsistentes
2841 4247 3049 4292 tantum
3107 4247 3160 4291 et
3205 4242 3333 4291 solis
3380 4241 3646 4290 naturali-

1996 4311 2115 4373 bus,
2153 4327 2297 4361 nunc
2328 4318 2380 4361 et
2413 4312 2769 4362 subsistentes
2830 4319 2880 4362 et
2928 4312 3335 4362 subsistentiam
3361 4311 3644 4361 rationali-

1996 4383 2097 4431 bus
2129 4386 2288 4446 atque
2323 4382 2514 4445 topicis
2572 4383 2890 4434 differentiis
2951 4385 3156 4442 dividit,
3189 4389 3241 4434 et
3295 4385 3402 4433 ait:
3435 4383 3644 4432 Rursus

1995 4454 2414 4503 substantiarum
2472 4455 2586 4505 aliae
2646 4460 2774 4504 sunt
2842 4455 3198 4517 universales,
3274 4454 3646 4504 substantialis

1993 4523 2179 4573 forma:
2227 4525 2611 4581 similitudine:
2668 4525 2787 4576 alia;
2844 4531 2972 4576 sunt
3025 4526 3394 4589 particulares,
3453 4525 3506 4575 id
3564 4528 3645 4575 est

1994 4594 2290 4646 individuis
2347 4597 2627 4660 plenarum
2718 4596 3106 4661 proprietatum
3185 4595 3642 4648 dissimilitudine.

1993 4667 2121 4725 Quae
2178 4682 2307 4717 vero
2365 4673 2492 4718 sunt
2568 4667 2921 4727 universales,
3009 4685 3195 4734 quaeve
3277 4669 3640 4734 particulares,

1992 4737 2443 4801 descriptionibus
2513 4745 2564 4789 et
2639 4740 2898 4804 exemplis
2977 4741 3330 4800 demonstrat,
3420 4741 3640 4790 dicens:

1993 4809 2332 4859 Universales
2405 4816 2531 4859 sunt
2592 4826 2712 4876 quae
2774 4813 2955 4876 plures
3012 4815 3307 4863 secundum
3368 4827 3423 4862 se
3483 4816 3640 4870 totas,

1991 4879 2132 4928 inter
2191 4895 2244 4930 se
2303 4883 2413 4930 suis
2470 4881 2748 4932 effectibus
2800 4885 3022 4942 similes,
3072 4886 3138 4935 de
3212 4883 3460 4948 pluribus
3536 4883 3642 4932 sin-

1991 4951 2148 5014 gulis,
2176 4953 2598 5003 subsistentibus
2655 4957 2796 5004 inter
2853 4971 2908 5006 se
2963 4971 3089 5007 vere
3140 4957 3423 5017 similibus,
3454 4953 3647 5019 prendi-

1991 5029 2215 5072 cantur:
2252 5029 2327 5080 ut,
2366 5025 2544 5087 homo,
2587 5026 2805 5088 animal,
2853 5027 3008 5091 lapis,
3068 5027 3290 5091 lignum,
3340 5033 3644 5089 ceteraque

1991 5093 2320 5158 hujusmodi.
2351 5095 2477 5152 Quae
2508 5105 2770 5159 quantum
2821 5101 2885 5147 ad
2940 5099 3333 5154 subsistentias,
3371 5111 3490 5161 qua:
3542 5097 3642 5145 ho-

1987 5178 2106 5213 rum
2138 5168 2415 5215 nominum
2475 5173 2601 5216 sunt
2657 5170 2960 5232 qualitates,
3013 5170 3098 5220 vel
3150 5183 3346 5233 genera
3407 5171 3550 5227 sunt,
3583 5170 3641 5214 ut

1988 5238 2198 5298 animal,
2234 5238 2387 5299 lapis,
2423 5238 2668 5301 lignum;
2706 5242 2790 5290 vel
2822 5243 3045 5304 species,
3104 5247 3162 5290 ut
3209 5241 3385 5288 homo.
3417 5237 3549 5286 Nam
3583 5240 3636 5285 et

1988 5307 2169 5364 homo,
2202 5308 2451 5360 videlicet
2477 5311 2830 5361 subsistentia
2879 5312 3147 5378 specialis,
3196 5324 3313 5374 quae
3344 5315 3423 5360 est
3467 5308 3634 5372 hujus

1987 5380 2222 5430 nominis
2253 5385 2482 5445 qualitas
2518 5399 2623 5434 uua
2644 5387 2859 5450 quidem
2918 5385 3311 5441 eonformitate,
3365 5383 3457 5432 sed
3519 5384 3633 5446 plu-

1986 5466 2072 5501 res
2107 5456 2351 5504 essentiae
2382 5457 2764 5515 singularitate.
2798 5459 2862 5508 de
2919 5457 3145 5520 singulis
3206 5456 3534 5511 hominibus,
3577 5458 3632 5504 et

1985 5525 2181 5573 animal
2209 5527 2274 5574 de
2306 5526 2534 5590 singulis
2566 5529 2908 5587 animalibus,
2955 5529 3196 5592 lupisque
3245 5542 3306 5577 ac
3330 5527 3534 5588 lignum
3567 5525 3634 5576 de

1985 5595 2206 5658 singulis
2267 5598 2535 5661 lapidibus
2588 5615 2650 5648 ac
2713 5601 2894 5663 lignis,
2969 5600 3293 5663 generaliter
3355 5598 3630 5648 dicuntur.

1981 5665 2333 5718 Particularia
2361 5683 2507 5726 vero,
2536 5670 2589 5719 id
2614 5676 2695 5720 est
2724 5671 3020 5728 individua,
3054 5685 3174 5734 qua:
3241 5685 3337 5720 sua
3397 5669 3629 5719 dissimi-

1980 5735 2210 5790 litudine
2241 5753 2304 5790 ea
2333 5754 2454 5805 qum
2484 5742 2779 5792 similitudo
2829 5741 3196 5794 substantialis
3245 5742 3370 5793 facit
3407 5739 3630 5794 dividua
