4030 6186
449 195 579 251 1371

1072 194 1143 253 ΙΝ
1183 196 1447 254 LIBRUM
1487 189 1577 253 DE
1617 193 1895 253 DUABUS
1936 186 2237 252 NATURIS
2277 190 2365 249 ET
2403 192 2548 250 UNA
2586 184 2911 250 PERSONA
2950 190 3227 249 CHRISTI

3668 197 3776 255 i372

452 325 776 387 partiuntur,
810 330 937 376 sunt
965 326 1055 377 illa
1086 342 1205 391 qua
1238 329 1311 379 ita
1369 330 1434 379 de
1476 345 1585 381 uno
1630 329 1899 384 dicuntur,
1952 326 2095 391 quod
2129 328 2180 394 Α
2213 326 2315 375 hoc
2351 324 2691 382 intelligitur,
2721 323 2865 387 quod
2898 324 3045 373 nulla
3078 337 3309 389 persona
3350 338 3468 388 pars
3507 328 3659 388 potest
3688 340 3780 376 esse

455 398 520 447 de
555 397 671 447 aliis
703 415 928 450 numero
958 402 1023 449 ab
1055 400 1144 449 illo
1190 415 1297 451 uno
1340 404 1559 453 minime
1616 404 2009 467 pradicautur:
2043 405 2100 449 ut

454 468 663 527 Cicero,
696 470 865 527 Plato.
898 477 953 521 et
998 471 1137 533 lapis
1185 472 1273 522 hic
1321 474 1464 523 unde
1514 476 1627 525 hac
1676 474 1895 523 Achillis
1925 478 2104 522 statua

459 539 600 589 facta
630 545 731 600 est,
761 548 814 589 et
843 543 1041 603 lignum
1076 542 1175 591 hoc
1208 544 1349 593 unde
1409 545 1521 595 hac
1580 560 1759 594 mensa
1807 545 2102 607 composita

458 617 554 660 est.
587 612 813 660 Attende
859 613 1007 675 quod
1060 615 1376 677 quibusdam
1435 617 1846 681 particularibus
1902 633 1931 665 ιι
1988 631 2104 680 pro-

460 684 573 745 pria
599 683 854 746 qualitate
887 698 985 732 sua
1016 687 1232 748 propria
1289 688 1508 737 nomina
1571 689 1742 751 posita
1788 693 1932 743 sunt,
1982 704 2103 752 qua

456 753 635 801 omnia
666 757 781 801 vult
810 753 1061 817 intelligi,
1093 770 1211 805 cum
1244 756 1350 806 ait:
1413 762 1469 807 ut
1523 759 1721 814 Cicero,
1772 758 1941 809 Plato.
1973 758 2104 817 Qui-

454 823 679 872 busdam
714 838 841 874 vero
890 840 1000 875 non
1059 832 1185 876 sunt
1232 827 1422 890 posita,
1482 829 1575 879 sed
1631 844 1727 892 per
1776 831 2106 880 demonstra-

453 895 621 943 tivum
656 910 973 959 pronomen,
1005 902 1057 946 et
1098 912 1295 947 nomen
1354 900 1735 963 appellativum
1794 902 2102 966 intelligun-

454 970 562 1021 tur,
594 982 713 1017 cum
773 970 971 1017 dicitur
1027 968 1115 1018 hic
1170 971 1326 1033 lapis,
1378 971 1478 1020 hoc
1529 972 1755 1036 lignum.
1809 978 1861 1023 et
1913 974 2105 1038 hujus-

456 1038 622 1086 modi.

518 1108 624 1156 Sed
678 1109 732 1158 in
766 1109 1018 1174 his,etc.]
1071 1114 1270 1171 Quasi:
1327 1114 1753 1163 Substantiarum
1818 1116 1934 1165 alia
1979 1121 2106 1166 sunt

456 1182 805 1239 universales,
861 1184 977 1231 alia
1037 1184 1405 1246 particulares.
1455 1186 1553 1235 Sed
1606 1188 1661 1235 in
1718 1186 1803 1235 his
1852 1188 2105 1237 omnibus

454 1253 853 1302 universalibus
884 1256 1086 1304 scilicet
1116 1260 1169 1305 et
1202 1256 1629 1317 particularibus,
1664 1259 1869 1321 supple,
1904 1260 1945 1307 si
1983 1260 2104 1323 quis

453 1330 657 1384 quarat
728 1325 928 1387 quibus
1009 1341 1201 1376 nomen
1277 1343 1520 1389 persona
1595 1330 1898 1378 conveniat.
1977 1333 2103 1381 Dico

454 1394 599 1456 quod
636 1409 903 1459 nusquam
934 1396 988 1445 in
1025 1398 1441 1455 universalibus,
1474 1399 1573 1448 hoc
1605 1405 1685 1448 est
1715 1400 1769 1448 in
1801 1402 1951 1451 nullo
1986 1404 2103 1451 uni-

454 1467 741 1515 versalium
801 1483 1031 1530 persona
1077 1468 1180 1517 dici
1231 1474 1426 1531 potest,
1482 1470 1574 1519 sed
1635 1470 1690 1519 in
1741 1470 2105 1535 singularibus

453 1540 701 1596 tantum;
734 1543 894 1601 atque
928 1542 978 1588 in
1014 1540 1097 1588 his
1126 1554 1230 1589 non
1283 1540 1385 1590 nisi
1434 1547 1552 1591 actu
1584 1547 1637 1591 et
1680 1548 1872 1591 natura
1906 1543 2105 1593 indivi-

463 1607 600 1656 duis.
627 1608 921 1672 Diligenter
949 1611 1163 1659 attende
1196 1612 1359 1674 quod,
1404 1626 1523 1661 cum
1578 1613 1770 1662 dixerit
1813 1629 2101 1676 personam

457 1678 511 1725 in
559 1679 921 1738 singularibus
978 1680 1101 1737 dici,
1151 1682 1346 1744 adjecit
1412 1688 1573 1747 atque
1649 1684 1957 1743 individuis,
2020 1686 2106 1734 in-

458 1762 633 1797 nuens
664 1750 846 1813 utique
874 1764 983 1800 non
1019 1766 1234 1801 omnem
1266 1753 1534 1813 singulare
1576 1752 1915 1804 individuum
1964 1769 2100 1806 esse.

456 1818 606 1868 Sicut
647 1822 787 1869 enim
836 1823 1013 1871 omnis
1062 1823 1276 1885 quidem
1333 1838 1565 1887 persona
1621 1825 1957 1876 individuum
2004 1833 2101 1885 est,

457 1904 567 1939 non
597 1905 727 1940 vero
763 1907 921 1942 omne
955 1895 1292 1944 individuum
1324 1900 1403 1944 est
1453 1910 1715 1959 persona:
1770 1900 1841 1947 ita
1890 1912 2103 1961 quoque

460 1975 617 2010 omne
669 1963 1002 2014 individuum
1053 1970 1133 2015 est
1188 1966 1481 2030 singulare,
1538 1982 1646 2018 non
1707 1975 1884 2020 autem
1943 1986 2103 2021 omne

460 2035 730 2109 singulare
752 2042 834 2109 est
866 2038 1223 2088 individuum.
1255 2040 1532 2105 Quidquid
1592 2042 1734 2091 enim
1780 2048 1876 2101 est,
1927 2045 2105 2109 singu-

462 2106 572 2155 lare
601 2110 681 2155 est
706 2123 717 2166 ;
744 2107 833 2156 sed
866 2121 972 2158 non
1021 2108 1281 2173 quidquid
1337 2117 1433 2166 est.
1484 2112 1823 2162 individuum
1856 2118 1951 2163 est.
1983 2106 2105 2164 Sin—

464 2178 725 2237 gularium
758 2194 989 2243 namque
1038 2182 1141 2230 alia
1195 2182 1311 2231 aliis
1351 2189 1476 2233 sunt
1521 2189 1631 2233 tota
1664 2186 1984 2247 prOprictate
2009 2202 2106 2236 sua

459 2255 601 2299 inter
628 2266 683 2300 se
714 2250 927 2307 similia,
960 2266 1078 2315 qua
1108 2255 1263 2303 simul
1292 2256 1471 2304 omnia
1502 2256 1896 2306 conformitatis
1945 2259 2106 2322 hujus

467 2323 676 2370 ratione
709 2322 965 2373 dicuntur
996 2339 1161 2373 unum
1194 2324 1494 2387 dividuum,
1528 2332 1585 2377 ut
1623 2332 1956 2378 diversorum
1998 2346 2107 2380 cor-

465 2405 657 2454 porum
706 2395 931 2444 diversa
980 2396 1266 2458 qualitates
1315 2402 1424 2447 tota
1473 2412 1569 2449 sua
1618 2398 1791 2461 specie
1832 2403 2104 2464 aequales;

461 2464 567 2512 alia
594 2479 720 2514 vero
762 2467 827 2515 ab
884 2468 1004 2515 aliis
1068 2469 1320 2519 omnibus
1376 2470 1554 2533 aliqua
1612 2486 1721 2520 sua
1768 2475 2106 2535 proprietatis

464 2543 613 2606 parte
645 2536 943 2595 dissimilia,
978 2551 1095 2601 qua
1130 2540 1242 2588 sola
1263 2543 1315 2589 et
1347 2543 1527 2590 omnia
1559 2545 1687 2590 sunt
1742 2544 1905 2606 hujus
1956 2545 2106 2593 dissi-

462 2604 778 2657 militudinis
828 2612 1034 2659 ratione
1088 2610 1385 2671 individua,
1446 2623 1503 2663 ut
1560 2612 1647 2663 hic
1695 2604 1849 2677 lapis,
1892 2616 1993 2665 hoc
2044 2618 2106 2665 li-

463 2692 649 2750 gnum,
678 2678 765 2728 hic
794 2694 982 2744 equus,
1014 2681 1100 2731 hic
1152 2682 1328 2732 homo.
1370 2684 1607 2741 Quorum
1653 2686 1935 2750 aliquibus,
1966 2686 2108 2736 sicut

465 2749 667 2800 dictum
691 2756 787 2813 est,
822 2768 1063 2817 persona
1099 2757 1351 2805 convenit
1379 2771 1614 2819 nomen;
1649 2761 1776 2808 nulli
1825 2773 1952 2811 vero
1984 2760 2109 2811 uni-

461 2822 767 2873 versalium.

529 2896 803 2944 Generalis
831 2897 966 2946 enim
996 2898 1259 2956 animalis,
1292 2900 1378 2949 vel
1407 2901 1666 2965 generalis
1694 2901 1936 2961 hominis,
1960 2905 2105 2955 nulla

463 2979 679 3039 persona
709 2970 821 3039 cst,-
849 2968 942 3017 sed
968 2969 1053 3018 vel
1078 2970 1357 3029 Ciceronis,
1417 2972 1501 3021 vel
1544 2972 1793 3031 Platonis,
1842 2976 1965 3039 etc.]
2022 2980 2106 3027 At-

466 3038 623 3086 tende
654 3038 1057 3089 individuorum
1121 3056 1241 3105 qua
1294 3046 1447 3106 ponit
1502 3045 1757 3107 exempla.
1798 3046 1915 3095 Non
1946 3038 2102 3097 enim

464 3109 553 3165 ait,
586 3108 677 3157 sed
714 3110 795 3158 vel
826 3111 987 3172 hujus
1018 3112 1231 3175 lapidis,
1263 3116 1347 3164 vel
1382 3114 1543 3179 hujus
1576 3116 1722 3178 ligni,
1769 3132 1889 3167 cum
1926 3124 2102 3168 tamen

464 3196 627 3243 supra
658 3185 1081 3247 particularium,
1110 3201 1230 3251 qua
1282 3187 1562 3237 individua
1606 3190 1820 3240 volebat
1865 3191 2106 3254 intelligi,

462 3267 670 3315 poueus
700 3256 965 3317 exempla,
999 3257 1237 3313 dixisset,
1303 3265 1359 3307 ut
1419 3260 1504 3309 hic
1562 3261 1713 3323 lapis,
1746 3262 1829 3311 hic
1883 3264 2105 3323 lignum.

464 3324 785 3383 Huiusmodi
850 3340 1083 3390 namque
1142 3328 1426 3379 individua
1478 3345 1820 3391 nequaquam
1884 3341 2110 3398 possunt

466 3409 582 3444 esse
616 3410 898 3458 persona;
931 3405 982 3448 et
1015 3415 1179 3463 quare
1213 3415 1318 3450 non
1345 3408 1585 3464 possunt,
1642 3406 1803 3465 paulo
1864 3412 1983 3469 post
2034 3409 2108 3456 di-

468 3469 665 3541 cetur_;
728 3469 819 3518 sed
881 3469 1172 3527 Ciceronis,
1226 3472 1311 3522 vel
1370 3472 1620 3535 Platonis,
1662 3475 1749 3526 vel
1798 3478 2109 3541 hujusmodi

468 3538 801 3601 singulorum
858 3541 1279 3601 individuorum,
1325 3559 1569 3607 persona
1622 3538 2111 3612 singula—nuncu-

466 3615 681 3671 pautur.

531 3680 799 3740 Quocirca,
836 3683 960 3749 etc.]
993 3685 1197 3744 Quibus
1229 3688 1387 3737 rebus
1444 3703 1641 3740 nomen
1692 3707 1935 3756 persona
1981 3710 2111 3744 con-

468 3754 978 3828 veniat,_bucusque
1011 3772 1187 3807 rerum
1218 3759 1452 3822 ipsarum
1502 3754 1766 3812 divisione
1807 3766 2107 3828 vestigavit.

467 3821 622 3897 Nunc
652 3823 976 3897 difﬁnitione
1007 3821 1261 3886 declarat,
1294 3832 1347 3879 in
1380 3846 1487 3895 qua
1515 3834 1799 3897 diligenter
1828 3841 1911 3885 est
1934 3821 2112 3887 atten-

470 3894 734 3968 dendum,
760 3896 887 3959 quid
920 3900 1218 3949 secundum
1284 3894 1572 3964 rationem,
1618 3894 1755 3968 iquid
1815 3910 2110 3958 secundum

472 3965 916 4029 philosophorum
949 3984 1102 4019 usum
1135 3971 1363 4021 dicatur.
1410 3965 1661 4024 Breviter-
1706 3990 1831 4039 ergo
1880 3993 2113 4029 comme-

473 4055 709 4097 morans,
742 4040 937 4104 quibus
968 4043 1305 4106 superiorum
1348 4045 1671 4096 divisionum
1734 4050 1972 4110 partibus
2025 4066 2116 4101 no-

474 4129 595 4165 men
622 4128 865 4179 persona
896 4116 1079 4164 dixerit
1139 4119 1448 4176 convenire,
1493 4119 1558 4167 ad
1618 4118 1785 4179 ipsam
1844 4121 2115 4171 dilﬁnien-

474 4188 595 4236 dam
625 4188 833 4243 transit,
870 4190 925 4235 et
955 4188 1062 4237 ait:
1120 4188 1379 4247 Quocirra
1437 4191 1479 4239 sl
1534 4191 1734 4241 scilicet
1791 4206 2016 4257 persona
2059 4196 2113 4244 in

472 4258 599 4308 solis
635 4257 968 4316 substantiis,
1007 4260 1055 4307 id
1094 4265 1177 4309 est
1225 4263 1637 4311 subsistentibus
1685 4268 1780 4320 est,
1829 4269 1885 4312 ut
1934 4267 2116 4328 utique

469 4345 594 4383 vera
626 4329 840 4389 ratione
867 4334 965 4386 est,
995 4334 1156 4394 atque
1202 4331 1257 4380 in
1306 4333 1405 4386 his,
1456 4347 1564 4382 non
1606 4335 1707 4383 nisi
1742 4336 2115 4388 rationalibus.

468 4405 528 4451 ut
560 4401 849 4450 multorum
884 4415 981 4450 usu
1015 4400 1227 4456 dicitur.
1283 4403 1586 4452 substantia
1631 4419 1757 4454 vero
1794 4404 1971 4454 omnis
2003 4413 2108 4456 tam

470 4475 767 4524 subsistens
798 4488 956 4537 quam
994 4475 1339 4523 subsistentia
1370 4478 1724 4539 quorumdam
1768 4492 1867 4527 usu
1916 4486 2111 4529 natura
2139 4444 2185 4507 D

472 4550 569 4603 est,
604 4560 702 4595 nec
734 4549 945 4595 constat
975 4546 1153 4609 aliqua
1188 4547 1392 4596 ratione
1424 4548 1507 4597 vel
1544 4563 1640 4598 usu
1694 4550 1746 4597 in
1798 4552 2111 4600 universali-

470 4617 589 4678 bus,
622 4618 712 4667 sed
749 4622 957 4667 tantum
991 4623 1072 4668 est
1106 4617 1159 4667 in
1194 4618 1509 4682 individuis,
1558 4622 1849 4683 pramissis
1895 4623 2113 4672 divisio-

472 4689 635 4739 nibus
666 4697 876 4751 reperta
904 4693 985 4738 est
1015 4705 1256 4753 persona
1288 4691 1537 4740 difﬁnitio
1573 4693 1706 4742 hac.
1756 4693 1993 4744 Persona
2035 4698 2117 4744 est

472 4766 679 4809 natura
735 4759 1016 4811 rationalis
1076 4762 1357 4812 individua
1431 4764 1749 4814 substantia.
1808 4766 2112 4815 Secundum

469 4831 1040 4894 hanc,difﬁuitionem,
1073 4834 1312 4884 humana
1348 4836 1527 4886 anima
1577 4835 1793 4886 videtur
1839 4851 1954 4886 esse
1994 4851 2115 4899 per-

468 4918 619 4953 sona.
652 4902 770 4953 Non
822 4905 985 4965 enim,
1039 4906 1178 4955 sicut
1237 4906 1456 4970 quidam
1508 4908 1778 4965 dixerunt,
1808 4912 1889 4958 est
1918 4906 2114 4956 ἐντελέ-

467 4991 598 5039 χεια.
647 4975 752 5024 hoc
812 4980 891 5025 est
938 4976 1128 5033 forma,
1179 4981 1270 5027 sed
1330 4980 1509 5041 potius
1558 4980 1879 5041 substantia,
1930 4980 1982 5029 id
2036 4984 2115 5029 est

472 5048 787 5104 subsistens,
821 5047 1026 5097 habens
1083 5051 1134 5098 in
1194 5064 1250 5100 se
1298 5052 1512 5107 formas,
1545 5055 1599 5100 et
1647 5052 1983 5101 diversorum
2019 5066 2116 5116 ge-

469 5134 659 5169 nerum
692 5119 1007 5181 accidentia,
1039 5125 1135 5179 est,
1170 5129 1221 5172 et
1260 5128 1468 5172 natura
1517 5124 1815 5173 rationalis.
1865 5124 2115 5186 Intelligit

470 5192 614 5241 enim
649 5197 808 5255 atque
838 5192 1095 5243 discernit
1124 5198 1177 5243 et
1208 5201 1450 5257 separata
1477 5209 1508 5243 a
1537 5209 1757 5257 corpore
1804 5200 1855 5245 et
1902 5197 1953 5243 in
1996 5210 2114 5245 cor-

472 5278 600 5326 pore
632 5267 840 5327 posita:
875 5281 1045 5329 usque
1078 5267 1210 5315 adeo
1250 5268 1391 5330 quod
1451 5267 1629 5323 homo,
1667 5269 1757 5330 qui
1810 5282 1873 5317 ex
1931 5268 2115 5318 anima

476 5340 685 5385 constat
720 5342 772 5386 et
800 5351 1041 5401 corpore,
1074 5338 1210 5386 sicut
1240 5336 1459 5401 proprio
1509 5338 1748 5401 corporis
1801 5340 1975 5403 spatio
2005 5340 2114 5387 dis-

469 5406 730 5470 tenditur,
763 5410 836 5458 ita
868 5410 1081 5475 propria
1138 5408 1332 5459 anima
1396 5413 1635 5473 potentia
1690 5411 1961 5461 discernit.
2022 5411 2116 5459 Est

469 5480 625 5528 etiam
658 5481 950 5544 cujuslibet
980 5483 1215 5532 hominis
1247 5483 1427 5532 anima
1472 5483 1571 5533 sub
1630 5499 1826 5545 genere
1874 5485 2111 5548 spiritus,

468 5555 523 5599 et
549 5552 744 5602 anima
775 5556 947 5617 specie
979 5570 1093 5612 sua,
1127 5569 1233 5618 qua
1264 5555 1330 5603 ab
1379 5556 1631 5604 omnibus
1675 5570 1794 5618 qua
1844 5570 1950 5605 non
1988 5560 2115 5605 sunt

468 5619 556 5670 illa
589 5624 788 5686 anima,
825 5624 1082 5675 dividitur
1116 5627 1440 5690 proprietate
1471 5626 1771 5676 individua.
1817 5625 1901 5675 Sic
1948 5625 2115 5688 igitur

473 5694 673 5752 anima,
703 5709 823 5758 qua
886 5696 1122 5747 hominis
1176 5703 1257 5748 est
1317 5713 1439 5762 pars
1495 5698 1858 5755 constitutiva,
1903 5698 2113 5746 videtur

475 5768 620 5815 recte
646 5779 761 5815 esse
787 5780 1035 5830 persona.
1073 5768 1189 5820 Hoc
1234 5774 1415 5824 tamen
1463 5766 1790 5834 impossibile
1834 5781 1971 5833 οῦκ)
2018 5781 2115 5831 Ρθτ

2212 410 2474 460 persona.
2508 396 2693 444 Omnis
2751 396 2895 444 enim
2944 409 3175 458 persona
3222 394 3355 443 adeo
3405 400 3479 444 est
3507 410 3589 458 per
3614 410 3660 445 se
3685 412 3784 454 una,

2208 468 2349 531 quod
2386 466 2668 529 cujuslibet
2698 467 2855 528 plena
2886 472 2940 515 et
2986 481 3049 515 ex
3090 466 3341 515 omnibus
3385 480 3499 529 qua
3541 467 3608 515 illi
3635 482 3787 517 cours-

2210 541 2368 589 niunt
2398 540 2621 587 collecta
2658 539 2974 601 proprietas,
3027 553 3145 588 cum
3208 538 3423 587 alterius
3474 552 3686 600 persona
3730 538 3789 588 si-

2206 609 2409 659 militer
2441 610 2616 673 plena,
2647 614 2697 658 et
2750 624 2812 658 ex
2863 610 3115 659 omnibus
3159 610 3383 658 collecta
3428 611 3713 671 proiirietate
3739 612 3787 659 de

2209 696 2318 730 uno
2350 695 2474 731 vere
2504 681 2780 730 individuo
2817 680 3099 743 pradicari
3131 694 3239 729 non
3273 686 3460 743 potest.
3508 681 3567 730 Ut
3606 681 3789 730 Platonis

2209 761 2260 805 et
2290 755 2561 805 Ciceronis
2596 756 2902 819 personales
2954 755 3331 818 proprietates,
3377 754 3439 803 de
3500 766 3598 803 uno
3640 756 3792 803 indivi-

2209 825 2317 875 duo
2350 826 2453 875 dici
2487 840 2596 875 non
2628 830 2871 889 possunt.
2900 825 3037 876 Tota
3066 839 3196 875 vero
3226 828 3418 874 anima
3456 823 3674 873 Platonis
3698 840 3791 885 pro-

2207 897 2427 960 prietas,
2461 897 2514 946 id
2552 901 2633 946 est
2662 896 2922 960 quidquid
2960 897 3024 945 de
3058 895 3179 957 ipsa
3209 896 3521 945 naturaliter
3536 896 3792 953 afﬁrmatur,

2210 969 2275 1017 de
2329 970 2446 1031 ipso
2502 967 2726 1018 Platone
2784 968 3131 1030 pradicatur.
3196 966 3523 1015 Naturaliter
3600 968 3793 1027 dicimus,

2208 1041 2464 1102 quoniam
2493 1040 2637 1104 quod
2671 1053 2779 1090 non
2816 1040 3132 1088 naturaliter
3163 1038 3228 1086 de
3277 1041 3453 1086 anima
3497 1038 3687 1092 dicitur,
3714 1051 3792 1086 non

2209 1124 2429 1160 necesse
2463 1115 2543 1161 est
2604 1112 2670 1161 de
2722 1111 2946 1160 Platone
3011 1107 3310 1173 pradicari.
3344 1107 3413 1158 Ut
3468 1110 3629 1170 topica
3674 1108 3791 1165 ratio.

2208 1195 2313 1244 qua
2343 1182 2577 1232 Platonis
2611 1184 2790 1231 anima
2820 1196 2944 1243 pars
2975 1182 3092 1245 ejus
3124 1185 3364 1236 vocatur,
3390 1181 3454 1227 de
3484 1181 3593 1242 ipso
3618 1178 3793 1227 Platone

2208 1254 2431 1301 minime
2464 1254 2677 1303 dicitur.
2713 1253 2949 1302 Dicimus
2978 1258 3138 1301 etiam
3174 1251 3488 1307 afﬁrmatur,
3534 1251 3645 1313 quia
3687 1250 3793 1313 quod

2209 1325 2275 1371 ab
2308 1327 2488 1374 anima
2520 1326 2752 1374 Platonis
2782 1329 3029 1389 negatur,
3080 1336 3187 1372 non
3236 1335 3459 1373 necesse
3507 1328 3583 1372 est
3624 1322 3681 1370 ab
3709 1321 3794 1383 ipso

2210 1395 2416 1456 negari.
2448 1396 2519 1446 Ut
2547 1398 2589 1445 si
2622 1397 2832 1445 dicatur
2859 1397 3038 1444 anima
3070 1409 3184 1443 esse
3234 1394 3563 1457 incorporea,
3597 1407 3688 1456 quo
3722 1394 3797 1454 pri-

2209 1469 2417 1517 vatorio
2448 1467 2667 1517 nomine
2695 1481 2977 1530 corporum
3030 1467 3401 1526 subsistentia,
3451 1479 3566 1527 qua
3613 1471 3681 1513 est
3716 1478 3797 1512 cor.

2208 1538 2483 1600 poralitas,
2518 1543 2827 1589 removetur
2851 1539 2917 1588 ab
2954 1552 3037 1595 ea,
3079 1551 3188 1587 non
3244 1536 3368 1586 ideo
3413 1535 3557 1584 Plato
3602 1536 3798 1597 incorpo-

2211 1626 2335 1662 reus
2365 1627 2480 1663 esse
2513 1614 2725 1662 dicitur.
2754 1614 2818 1662 Et
2865 1614 2941 1661 sic
2986 1611 3205 1675 quidem
3255 1610 3496 1659 humana
3552 1608 3707 1658 anima
3740 1622 3799 1657 se-

2136 1689 2180 1754 B
2211 1685 2446 1734 cundum
2479 1685 2790 1748 pradictam
2823 1683 3199 1733 difﬁnitionem
3233 1683 3449 1731 videtur
3475 1695 3584 1731 esse
3604 1693 3799 1754 persons.

2213 1756 2279 1805 Ut
2331 1770 2459 1818 ergo
2514 1770 2719 1819 pugnas
2779 1756 3063 1805 verborum
3151 1767 3410 1803 sensuum
3485 1753 3801 1801 convenientis

2213 1826 2444 1885 dirimat,
2482 1826 2768 1877 dicendum
2838 1831 2921 1875 est
2975 1826 3120 1888 quod
3183 1823 3688 1898 sicutnindividuum
3718 1835 3797 1898 non

2211 1898 2372 1948 modo
2404 1898 2620 1955 actuali,
2670 1912 2857 1947 verum
2906 1898 3065 1947 etiam
3129 1895 3367 1945 naturali
3420 1893 3799 1953 similitude;its

2212 1983 2427 2033 quoque
2478 1969 2821 2019 individuum
2875 1982 2983 2018 non
3031 1968 3192 2017 modo
3237 1967 3453 2021 actuali,
3486 1980 3654 2015 verum
3676 1966 3796 2014 etiam

2215 2040 2448 2089 naturali
2479 2039 2915 2088 dissimilitudine
2965 2038 3176 2087 dicitur.
3224 2036 3496 2099 Quidquid
3549 2036 3675 2084 enim
3711 2048 3800 2081 cou-

2213 2109 2317 2159 fert
2346 2110 2576 2167 habitus,
2628 2111 2766 2161 tollit
2821 2112 3067 2172 privatio.
3122 2109 3231 2158 Hoc
3270 2114 3455 2157 autem
3512 2106 3689 2155 clarius
3728 2106 3801 2155 erit

2213 2184 2489 2245 exemplis.
2524 2183 2695 2231 Homo
2727 2187 2779 2231 et
2806 2182 2885 2230 sul
2945 2196 2975 2230 a
3021 2179 3389 2244 grammaticis
3420 2178 3715 2243 appellativa
3737 2191 3801 2225 no-

2213 2255 2379 2310 mina,
2413 2268 2443 2303 a
2473 2252 2766 2303 dialecticis
2796 2267 2921 2302 vero
2952 2253 3173 2302 dividua
3223 2257 3507 2300 vocantur.
3556 2251 3684 2298 Plato
3709 2261 3799 2296 vero

2214 2330 2267 2374 et
2308 2325 2425 2387 ejus
2475 2325 2758 2388 singularis
2804 2324 3013 2380 albedo,
3081 2325 3147 2372 ab
3207 2322 3455 2385 ejusdem
3503 2320 3801 2384 grammaticis

2215 2395 2449 2458 propria,
2496 2410 2526 2445 a
2583 2394 2878 2445 dialecticis
2937 2408 3066 2444 vero
3139 2394 3443 2467 individua.
3502 2391 3598 2441 Sed
3652 2391 3796 2467 horum

2215 2466 2375 2515 homo
2407 2473 2515 2516 tam
2548 2472 2666 2516 actu
2701 2481 2859 2530 quam
2925 2471 3120 2515 natura
3168 2464 3557 2528 appellativum
3600 2463 3673 2511 vel
3696 2462 3800 2509 divi-

2217 2537 2380 2586 duum
2409 2546 2524 2597 est;
2562 2538 2793 2587 solvero
2852 2542 3046 2586 natura
3093 2540 3324 2594 tantum,
3358 2549 3467 2583 non
3520 2539 3648 2583 actu.
3693 2532 3805 2580 Multi

2216 2621 2447 2671 namque
2479 2624 2584 2658 non
2617 2609 2775 2658 modo
2810 2614 3017 2668 natura,
3051 2621 3233 2657 verum
3266 2605 3435 2656 etiam
3470 2613 3601 2663 actu,
3640 2608 3685 2653 et
3722 2604 3805 2651 fue-

2215 2685 2343 2728 runt
2373 2685 2424 2729 et
2454 2685 2600 2737 sunt,
2633 2684 2687 2729 et
2717 2680 2879 2729 futuri
2914 2685 3070 2751 sunt,
3127 2677 3475 2727 substantiali
3518 2674 3803 2751 similitudine

2216 2749 2458 2800 similiter
2489 2752 2751 2801 homines.
2780 2748 2928 2800 Multi
2982 2763 3195 2813 quoque
3246 2763 3525 2812 nunquam
3575 2753 3696 2803 actu,
3726 2748 3803 2793 sci-

2214 2820 2356 2880 licet,
2393 2836 2603 2886 semper
2633 2827 2819 2872 natura
2857 2820 3102 2870 similiter
3132 2821 3291 2869 soles.
3326 2818 3478 2868 Sicut
3510 2818 3642 2868 enim
3683 2817 3801 2865 homo

2218 2907 2327 2942 non
2359 2909 2389 2943 a
2418 2900 2529 2945 tota
2560 2895 2720 2944 unius
2750 2893 3003 2955 hominis,
3037 2894 3112 2942 sic
3142 2906 3323 2956 neque
3362 2895 3444 2942 sol
3492 2907 3522 2941 a
3551 2896 3651 2941 tota
3680 2890 3802 2952 hujus

2215 2980 2335 3028 qua
2370 2968 2615 3017 videmus
2644 2968 2773 3016 solis
2801 2966 3131 3031 proprietate
3163 2979 3366 3014 nomen
3414 2970 3512 3014 est.
3561 2965 3652 3014 Sed
3681 2964 3800 3011 homo

2216 3040 2434 3102 quidem
2466 3042 2531 3091 ah
2564 3042 2832 3103 aliquibus
2855 3041 3130 3089 hominum
3163 3038 3535 3089 subsistentiis
3580 3044 3673 3087 tam
3713 3041 3802 3084 actu

2215 3125 2376 3174 quam
2410 3118 2633 3169 natura;
2662 3114 2741 3162 sol
2770 3127 2897 3161 vero
2930 3112 2995 3160 ab
3027 3111 3300 3175 aliquibus
3334 3125 3444 3183 non
3470 3116 3602 3183 actu.
3630 3112 3705 3158 sed
3720 3108 3803 3183 sola

2216 3194 2412 3233 natura
2442 3185 2581 3233 inter
2615 3200 2671 3233 se
2699 3184 2929 3233 invicem
2974 3189 3084 3233 tota
3125 3182 3435 3231 substantia
3480 3182 3651 3231 forma
3696 3179 3804 3227 simi-

2216 3254 2359 3304 libus
2390 3256 2611 3305 nomina
2641 3261 2783 3305 sunt.
2817 3256 3057 3304 Fuerunt
3087 3252 3229 3304 enim
3270 3255 3365 3317 qui
3404 3255 3514 3317 jam
3562 3267 3657 3303 non
3698 3254 3804 3303 sunt.

2217 3330 2271 3374 et
2301 3332 2458 3375 erunt
2488 3329 2577 3391 qui
2609 3328 2849 3376 nondum
2884 3330 3025 3383 sunt,
3060 3325 3146 3373 vel
3180 3325 3428 3381 fuerunt,
3464 3330 3517 3374 et
3546 3338 3676 3373 nunc
3713 3326 3805 3369 sunt

2217 3402 2323 3447 tam
2356 3404 2475 3448 actu
2508 3414 2665 3460 quam
2701 3403 2891 3448 natura
2920 3396 3168 3446 homines
3200 3396 3402 3445 inﬁniti
3428 3414 3441 3456 ;
3466 3398 3675 3459 ideoque
3700 3396 3805 3457 ipso-

2217 3484 2333 3519 rum
2366 3470 2551 3521 forma
2582 3472 2759 3521 multa
2792 3469 3038 3519 similiter
3080 3474 3290 3525 natura,
3360 3474 3415 3519 et
3464 3475 3597 3523 actu.
3642 3474 3687 3518 et
3724 3468 3805 3515 iue-

2219 3546 2365 3599 runt,
2400 3548 2451 3591 et
2482 3547 2658 3601 erunt,
2691 3548 2743 3592 et
2772 3546 2915 3600 sunt,
2939 3555 2969 3590 a
3021 3541 3221 3604 quibus
3267 3541 3357 3589 hic
3419 3541 3643 3603 ipsarum
3690 3540 3806 3611 plent

2218 3613 2359 3663 inter
2391 3629 2445 3664 se
2476 3616 2867 3675 conformitate,
2898 3628 3025 3663 vere
3056 3612 3340 3662 dividuum
3393 3627 3583 3677 nomen
3624 3610 3805 3661 homini-

2218 3687 2318 3735 bus
2354 3686 2485 3749 ipsis
2515 3688 2746 3737 inditum
2778 3693 2875 3736 est.
2909 3688 3056 3737 Unus
3091 3700 3219 3759 vero
3248 3690 3373 3759 actu
3433 3688 3574 3736 solus
3624 3689 3693 3759 est
3732 3680 3803 3759 sol.

2220 3764 2415 3821 prater
2443 3774 2601 3823 quem
2652 3760 2834 3808 nullus
2886 3763 3024 3817 actu,
3075 3758 3159 3807 vel
3203 3758 3323 3815 fuit,
3360 3762 3447 3807 vel
3493 3763 3586 3813 est,
3613 3756 3683 3804 vel
3718 3756 3803 3802 erit.

2218 3832 2469 3888 Quamvis
2526 3839 2720 3881 natura
2777 3836 2829 3881 et
2887 3831 3127 3887 fuerunt,
3160 3834 3214 3879 et
3272 3835 3420 3888 sunt,
3456 3836 3509 3880 et
3543 3826 3805 3879 futurisunt

2220 3902 2439 3961 inﬁniti,
2497 3904 2725 3966 ideoque
2783 3902 2990 3952 inﬁnite
3049 3903 3165 3951 sola
3218 3906 3417 3951 natura
3482 3900 3801 3951 subsistentia.

2220 3972 2362 4023 inter
2392 3990 2446 4024 se
2477 3975 2589 4024 sola
2642 3979 2833 4023 natura
2895 3974 3216 4029 conformes,
3256 3988 3286 4021 a
3350 3973 3547 4037 quibus
3604 3969 3678 4045 hic
3715 3979 3801 4045 vent

2220 4047 2503 4097 dividuum
2537 4054 2589 4097 et
2620 4046 2918 4096 universale
2967 4060 3164 4095 nomen
3222 4054 3321 4094 est.
3370 4046 3524 4095 Sicut
3564 4043 3687 4094 enim
3723 4043 3801 4088 veri

2221 4118 2487 4169 individui
2520 4120 2678 4182 plena
2736 4121 3058 4182 proprietate
3118 4117 3264 4167 nulla
3330 4132 3456 4181 pars
3518 4130 3671 4179 neque
3713 4118 3800 4160 actu

2223 4206 2399 4255 neque
2447 4198 2639 4239 natura
2690 4190 2982 4239 conformis
3029 4203 3143 4237 esse
3196 4193 3395 4250 potest,
3444 4188 3518 4236 ita
3566 4183 3799 4235 secundum

2225 4264 2392 4326 plena
2422 4262 2762 4326 proprietatis
2791 4260 3089 4335 quamlibet
3109 4263 3328 4335 partem
3381 4260 3632 4308 naturalis
3663 4255 3799 4335 saltent

2223 4325 2533 4385 similitudo
2565 4342 2662 4385 est.
2710 4334 2865 4383 Unde
2908 4333 3149 4383 Platonis
3196 4347 3259 4381 ex
3319 4335 3573 4381 omnibus
3616 4342 3713 4393 qua:
3748 4325 3801 4373 illi

2225 4408 2557 4456 couVeuiuut
2606 4407 2833 4456 collecta
2905 4405 3205 4468 prOprietas
3286 4405 3422 4452 nulli
3498 4418 3655 4465 neque
3715 4403 3801 4446 acili

2228 4493 2399 4541 neque
2431 4484 2624 4528 natura
2675 4477 2967 4527 conformis
3030 4481 3128 4532 est,
3186 4490 3288 4525 nec
3346 4475 3500 4524 Plato
3555 4489 3639 4537 per
3670 4472 3799 4550 illaut;

2224 4551 2416 4600 albedo
2448 4565 2579 4600 vero
2606 4552 2791 4613 ipsius,
2836 4554 2891 4598 et
2945 4561 3284 4612 quacunque
3342 4562 3468 4608 pars
3523 4549 3797 4622 proprietatis

2223 4624 2359 4685 ejus,
2392 4628 2484 4672 aut
2516 4630 2726 4682 natura,
2760 4626 2812 4671 et
2847 4627 2988 4677 actu,
3026 4624 3119 4669 aut
3148 4623 3333 4667 saltem
3389 4625 3578 4668 natura
3611 4615 3799 4689 intelligi-

2222 4702 2309 4745 tur
2339 4710 2457 4745 esse
2518 4695 2828 4744 conformis.
2877 4694 3110 4757 Ideoque
3156 4693 3305 4741 nulla
3355 4707 3479 4755 pars
3524 4690 3797 4754 proprietatis

2222 4769 2513 4833 cujuslibet
2542 4774 2800 4818 creatura
2854 4768 3167 4817 naturaliter
3211 4770 3292 4815 est
3330 4766 3633 4815 individua:
3660 4770 3794 4833 quati}-

2223 4828 2305 4889 vis
2338 4841 2546 4889 ratione
2579 4838 2970 4902 singularitatis
3001 4837 3285 4887 individua
3315 4852 3462 4900 sape
3504 4828 3794 4907 voceturtjlllt

2220 4925 2347 4961 vero
2380 4901 2679 4974 cujuslibet
2711 4911 3031 4973 proprietas,
3080 4922 3200 4972 qua
3248 4908 3485 4957 naturali
3526 4901 3793 4974 dissimilituj

2219 4982 2344 5031 dine
2377 4965 2726 5031 ab'omnibus
2755 4965 2874 5044 qua
2906 4985 3028 5029 actu
3077 4965 3161 5030 vel
3207 4984 3475 5042 potestate
3516 4976 3715 5046 fuerunt,
3734 4965 3790 5046 viil

2219 5058 2363 5111 sunt,
2405 5054 2483 5103 vel
2533 5054 2715 5103 futura
2773 5043 2916 5109 sunt,
2971 5051 3169 5112 diﬂ'ert,
3216 5066 3325 5101 non
3377 5050 3533 5100 modo
3576 5043 3793 5109 singulm!

2219 5128 2315 5175 aut
2348 5125 2710 5190 particularis,
2744 5125 2839 5174 sed
2872 5126 3032 5173 etiam
3066 5123 3345 5172 individua
3376 5136 3497 5171 vere
3546 5125 3594 5169 et
3630 5117 3793 5194 vocatur

2218 5203 2271 5246 et
2300 5202 2399 5246 est.
2422 5196 2555 5246 Nam
2587 5195 2873 5245 individua
2916 5196 3172 5245 dicuntur
3228 5194 3550 5257 hujusmodi,
3604 5194 3793 5266 quoniam

2219 5271 2646 5332 unumquodque
2681 5282 2868 5317 eorum
2903 5282 2964 5317 ex
3005 5268 3198 5316 talibus
3228 5266 3473 5315 consistit
3507 5264 3793 5341 proprielﬂ‘

2218 5341 2338 5401 bus,
2367 5355 2594 5404 quorum
2626 5342 2863 5389 omnium
2898 5339 3222 5411 cogitatione
3255 5338 3394 5386 facta
3440 5337 3792 5411 collectioﬂnﬂllf

2219 5398 2463 5475 quam-in
2499 5412 2606 5460 alio
2656 5412 2898 5474 quolibet
2947 5408 3257 5459 alterutrius
3312 5398 3791 5479 numeronpartic‘u‘la:

2218 5473 2355 5531 rium
2405 5483 2635 5532 naturali
2674 5473 3070 5530 iconformitate
3126 5481 3312 5529 eadem
3379 5480 3495 5527 erit.
3538 5478 3631 5524 Hae
3677 5473 3789 5531 igitur

2219 5556 2423 5603 ratione
2454 5554 2692 5603 Platonis
2716 5559 2827 5603 tota
2860 5552 3051 5609 forma,
3097 5553 3235 5601 nulli
3284 5564 3459 5614 neque
3507 5554 3670 5598 natura
3700 5548 3786 5620 ςοη·

2218 5626 2421 5679 formis,
2454 5640 2577 5675 vere
2639 5629 2723 5674 est
2778 5624 3075 5673 individua.
3136 5621 3318 5672 Omnis
3376 5636 3499 5671 vero
3546 5630 3651 5695 palf
3681 5620 3782 5695 ﬁll?

2219 5697 2513 5761 singularis
2567 5695 2788 5760 quidem
2838 5700 2934 5767 est,
2990 5707 3099 5745 non
3160 5700 3334 5744 autem
3394 5706 3513 5767 vere
3554 5683 3779 5767 individui.-

2219 5753 2476 5833 quovniam
2509 5753 2697 5821 multis
2726 5770 2809 5818 est
2849 5765 3034 5818 saltem
3084 5768 3276 5817 natura
3318 5758 3609 5814 conformis.
3642 5753 3778 5815 ltsqus
