4046 6180
236 220 375 277 1373

1303 218 1624 281 GILBERTI
1662 218 2007 281 POHRET/E
2046 224 2583 285 COMMENTARIA.

3512 226 3645 285 1374

238 348 423 397 anima
453 344 589 409 ejus,
624 347 780 411 cujus
811 351 925 399 tota
958 350 1128 400 forma
1162 364 1285 413 pars
1335 355 1430 408 cst.
1478 353 1663 401 forma
1718 352 1887 401 Plato-
1920 353 1973 418 Α
2005 350 2103 401 Sed
2133 355 2407 417 quoniam,
2440 360 2498 405 ut
2559 355 2759 405 dictum
2818 358 2915 415 est,
2952 354 3186 405 inductis
3212 368 3344 404 voce
3397 358 3449 404 et
3478 355 3648 404 forma

240 420 344 476 nis.
408 430 520 467 non
576 432 705 469 vero
768 423 989 471 nomine
1050 420 1247 471 dicitur
1302 422 1603 472 individua.
1659 422 1892 486 Ideoque

242 491 489 555 quamuis
519 490 635 553 ipsa
696 492 767 541 sit
824 494 1101 543 rationalis
1156 500 1363 543 natura
1428 495 1746 551 substantia.
1797 508 1893 543 ne-

242 577 514 628 quaquam
546 568 717 615 tamen
754 572 934 630 potest
962 581 1076 617 esse
1134 581 1398 630 persona;
1460 573 1514 617 et
1556 569 1891 631 generaliter.

246 636 388 685 sicut
420 635 622 684 dictum
656 641 755 697 est,
790 638 938 687 nulla
1000 638 1287 702 cujuslibet
1344 654 1585 702 persona
1642 654 1763 702 pars
1815 642 1896 687 est

244 720 517 771 persona;
580 709 835 770 quoniam
880 710 1049 772 partis
1091 709 1211 773 ejus
1256 724 1319 760 ex
1368 711 1619 759 omnibus
1647 724 1765 773 qua
1795 709 1893 772 ipsi

243 778 535 828 convenire
588 780 965 842 intelliguntur
1020 782 1248 830 collecta
1303 781 1623 845 proprietas.
1680 785 1894 830 natura-

241 850 367 899 liter
391 854 470 898 est
498 851 795 900 individua.
832 852 907 901 Ex
954 852 1038 900 his
1084 866 1210 915 ergo
1259 853 1577 915 intelligitur
1622 852 1749 916 quia
1780 866 1896 915 per-

244 935 381 971 sona
408 921 545 970 adeo
577 926 657 970 est
692 936 787 984 per
830 937 885 972 se
938 936 1063 978 una,
1093 924 1238 985 quod
1285 923 1404 986 ejus
1461 927 1571 972 tota
1600 924 1896 986 proprietas

244 992 379 1042 nulli
415 1006 633 1055 prorsus
671 995 968 1042 secundum
1003 1008 1059 1043 se
1110 999 1220 1043 tota
1270 993 1624 1043 similitudine
1662 991 1895 1043 conferri

244 1072 441 1128 potest,
476 1065 609 1113 nulli
672 1066 737 1114 ad
786 1066 1223 1116 constituendam
1275 1067 1611 1130 personalem
1658 1067 1896 1129 preprie-

247 1142 409 1186 tatem
442 1135 715 1199 conjungi.

310 1208 526 1256 Sedno:
566 1208 659 1258 hac
705 1208 1050 1275 (ii/ﬁnitione.
1084 1214 1189 1259 etc.
1255 1211 1545 1273 Hucusque
1582 1214 1633 1259 et
1682 1210 1896 1258 divisio-

250 1281 409 1329 nibus
439 1281 739 1343 vestigavit,
794 1286 846 1330 et
906 1281 1247 1341 difﬁnitione,
1300 1282 1497 1343 parzim
1557 1296 1619 1331 ex
1682 1288 1894 1339 natura,

248 1351 441 1414 partim
474 1366 534 1401 ex
564 1366 663 1401 usu
695 1359 927 1416 sumpta.
991 1354 1173 1402 docuit
1231 1353 1432 1417 quibus
1479 1354 1637 1402 rebus
1699 1366 1896 1402 nomen

248 1436 495 1485 persona
554 1426 864 1473 conveniat.
938 1424 1095 1473 Nunc
1153 1424 1316 1487 hujus
1374 1424 1609 1473 nominis
1664 1437 1895 1484 causam,

251 1507 416 1557 quare
444 1494 696 1545 videlicet
752 1497 823 1552 id,
857 1498 942 1545 cui
998 1495 1257 1559 pradicta
1320 1496 1570 1545 dilﬁnitio
1626 1496 1897 1552 convenit,

252 1566 561 1615 nominetur
615 1581 863 1629 perone.
922 1567 1176 1617 ostendit.
1234 1569 1394 1626 Quasi
1444 1582 1456 1615 :
1520 1567 1755 1617 Persona
1815 1571 1896 1615 est

253 1642 460 1687 natura
492 1638 774 1687 rationalis
807 1638 1091 1688 individua
1121 1641 1438 1689 substantia.
1471 1640 1574 1688 Sed
1616 1638 1902 1699 diligenter

256 1713 337 1760 est
365 1710 756 1760 attendendum
789 1714 934 1775 quod
966 1711 1065 1760 bac
1114 1710 1437 1761 difﬁnitione
1477 1708 1900 1767 terminavimus,

259 1794 370 1831 non
402 1794 517 1830 eam
549 1796 707 1845 quam
740 1783 910 1831 Graci
941 1780 1256 1849 πρόσωπον,
1282 1782 1372 1831 sed
1397 1796 1509 1831 eam
1542 1782 1721 1844 potius
1742 1794 1904 1843 quam

257 1866 356 1902 usu
392 1850 679 1906 ὑπόστασιν
709 1854 914 1902 dicunt.
962 1850 1166 1903 Nomen
1217 1855 1358 1903 enim
1411 1867 1654 1916 persona
1693 1852 1907 1900 videtur

259 1923 324 1972 ad
358 1924 501 1974 unde
530 1926 763 1988 quadam
818 1924 1168 1974 translatione
1218 1926 1550 1981 traductum,
1586 1922 1788 1973 scilicet
1842 1936 1906 1972 ex

260 1994 347 2043 his
376 1996 618 2058 personis
646 2010 765 2058 quas
822 1996 874 2043 in
933 1997 1222 2045 recitandis
1280 1994 1559 2045 comoediis
1614 1993 1909 2057 tragoediis-

261 2081 366 2129 qne
395 2070 853 2129 reprasentabant
881 2082 976 2117 eos
1005 2068 1115 2131 qui,
1169 2070 1269 2117 hoc
1319 2074 1398 2117 est
1428 2069 1675 2130 qualiter,
1712 2081 1907 2117 secun-

266 2140 392 2187 dum
424 2139 614 2200 atatis,
642 2146 734 2190 aut
760 2155 937 2199 sexus,
969 2147 1062 2189 aut
1091 2142 1415 2189 conditionis
1462 2140 1816 2189 differentiam
1858 2142 1911 2187 et

262 2210 647 2273 praprietatem
706 2210 946 2268 interest,
1001 2212 1179 2261 tristes
1233 2216 1326 2260 aut
1387 2212 1554 2268 latos,
1588 2212 1779 2260 divites
1817 2214 1911 2259 aut

263 2295 545 2344 pauperes,
584 2282 791 2332 nobiles
853 2288 946 2332 aut
1008 2282 1289 2345 ignobiles,
1351 2288 1403 2332 et
1456 2282 1764 2347 hujusmodi
1819 2282 1910 2329 ho-

261 2353 450 2402 mines.
499 2352 557 2402 In
607 2354 883 2403 comadiis
938 2368 1067 2403 vero
1122 2359 1175 2403 et
1222 2354 1498 2417 tragadiis
1527 2351 1913 2403 convenienter

260 2429 314 2473 et
342 2426 558 2487 proprie
590 2426 731 2475 dicta
760 2431 841 2475 est
888 2440 1120 2489 persona
1181 2441 1211 2474 a
1264 2426 1631 2483 personando.
1681 2425 1912 2473 circum-

259 2498 397 2547 ﬂexa
426 2502 605 2547 tamen
637 2497 954 2563 penultima.
988 2500 1286 2548 secundum
1346 2499 1492 2547 illam
1546 2511 1665 2560 qua
1719 2501 1799 2546 est
1830 2496 1912 2545 di-

262 2570 505 2617 ctionum
538 2568 849 2619 accentibus
904 2571 1145 2629 regulam
1200 2585 1305 2634 qua
1357 2569 1594 2619 dicitur:
1642 2568 1791 2626 Quod
1857 2569 1911 2616 in

262 2641 559 2702 trisyllabis
590 2645 644 2691 et
676 2642 1054 2705 tetrasyllahis,
1087 2646 1140 2691 et
1167 2642 1441 2706 deinceps.
1488 2640 1533 2690 si
1580 2640 1771 2690 ultima
1801 2654 1915 2689 cor-

263 2717 415 2773 repta
446 2712 626 2775 fuerit,
657 2714 955 2776 penultima
1012 2727 1140 2763 vero
1195 2713 1355 2773 longa
1404 2718 1614 2773 natura,
1655 2714 1772 2775 ipsa
1829 2724 1914 2773 pe-

264 2783 492 2831 nultima
550 2784 1013 2841 circumﬂectetur,
1083 2790 1288 2834 catera
1337 2799 1463 2834 vero
1526 2784 1911 2845 gravabuntur.

265 2853 417 2902 Unde
452 2853 554 2902 hoc
585 2867 779 2903 nomen
812 2854 954 2917 quod
1007 2859 1085 2903 est
1134 2868 1382 2917 persona.
1415 2855 1632 2903 minime
1661 2868 1691 2901 a
1730 2865 1915 2915 perso-

266 2925 449 2973 nando
481 2923 682 2974 dictum
713 2924 946 2973 videtur.
979 2925 1152 2987 Hujus
1198 2926 1341 2974 enim
1394 2926 1626 2975 nominis
1665 2924 1805 2986 quod
1835 2926 1915 2971 est

265 3010 453 3057 sonus,
491 2998 659 3059 prima
715 2997 924 3061 syllaba
968 2998 1286 3047 naturaliter
1338 3002 1418 3048 est
1468 3001 1729 3061 correpta,
1773 2996 1914 3044 ideo-

262 3081 372 3130 que
400 3073 557 3159 qcuto
586 3070 971 3132 pronuntiatur
1023 3077 1265 3131 accentu,
1321 3070 1617 3119 secundum
1672 3069 1911 3128 regulam
1948 3093 1990 3159 α

268 3153 367 3159 ----
444 3138 635 3159 ;-Ξι----
680 3141 816 3159 ξ---)
869 3141 919 3159 2..
977 3140 1247 3159 )2_-_II_L',
1310 3144 1344 3159 ,9
1406 3140 1553 3159 _m!‘-
1603 3139 1918 3159 __L-_.__I:a-_

261 3153 373 3202 qua
404 3138 636 3189 dicitur:
674 3141 817 3204 quod
868 3141 924 3190 in
969 3140 1271 3203 disyllabis,
1303 3144 1346 3191 si
1406 3140 1555 3204 prior
1602 3139 1918 3190 naturaliter

263 3217 513 3274 correpta
568 3212 745 3269 fuerit,
794 3214 909 3275 ipsa
972 3218 1213 3273 acuetur,
1272 3216 1439 3263 altera
1493 3227 1622 3262 vero
1678 3212 1921 3275 gravabi-

266 3287 376 3333 tur.

334 3354 480 3415 Quod
504 3355 590 3419 sil]
622 3354 821 3414 Quasi:
856 3358 964 3406 Hoc
1017 3370 1213 3406 nomen
1265 3360 1345 3406 est
1393 3369 1625 3419 persona
1676 3369 1707 3404 a
1738 3368 1921 3418 perso-

265 3426 451 3477 nando
486 3427 700 3489 dicitur,
732 3429 874 3492 quod
923 3434 1105 3478 tamen
1152 3427 1375 3477 minime
1417 3440 1604 3476 verum
1636 3440 1750 3476 esse
1780 3426 1922 3474 vide-

260 3502 377 3555 tur,
404 3512 467 3548 eo
496 3499 639 3562 quod
698 3500 996 3563 penultima
1045 3500 1251 3564 syllaba
1300 3504 1554 3562 tanquam
1604 3496 1921 3547 naturaliter

258 3569 443 3629 longa,
475 3574 599 3619 aute
649 3576 947 3632 correptam
1001 3570 1459 3619 circumﬂectitur.
1519 3569 1669 3628 Quod
1723 3568 1764 3616 si
1825 3582 1919 3615 au-

264 3642 618 3704 tepenultima
650 3650 891 3697 acuatur,
923 3643 1219 3691 secundum
1254 3642 1499 3705 regulum
1531 3654 1637 3704 qua
1686 3638 1916 3688 dicitur:

262 3711 328 3759 In
360 3710 654 3775 trisyllabis
676 3716 730 3760 et
760 3712 1140 3776 tetrasyllabis,
1196 3717 1249 3761 et
1304 3710 1578 3774 deinceps,
1625 3711 1668 3759 si
1729 3708 1921 3773 penul-

266 3784 401 3833 tima
428 3788 675 3847 correpta
704 3786 883 3847 fuerit,
934 3786 1366 3847 antepenultima
1418 3789 1657 3838 acuetur,
1714 3788 1920 3831 catera

266 3870 400 3906 vero
431 3858 815 3919 gravabuntur,
873 3857 1209 3920 apertissime
1267 3870 1298 3905 a
1354 3869 1488 3904 sono
1519 3868 1751 3917 persona
1780 3854 1921 3903 dicta

266 3941 385 3977 esse
441 3926 731 3977 videbitur.
784 3927 992 3977 Idcirco
1035 3932 1231 3984 autem,
1296 3940 1417 3990 qua
1498 3925 1554 3975 in
1644 3925 1922 3975 comoediis

268 4001 657 4063 tragadiisque
706 3998 999 4049 recitandis
1048 4000 1580 4061 reprasenlationem
1629 3996 1923 4061 quamlibet

268 4070 521 4130 faciebat,
549 4085 780 4133 persona
813 4085 843 4119 a
873 4084 1009 4119 sono
1056 4070 1200 4119 dicta
1242 4069 1531 4128 videbitur,
1580 4070 1705 4132 quia
1736 4082 1923 4118 conca-

268 4143 436 4192 vitate
468 4145 585 4206 ipsa
614 4142 770 4191 larva
800 4142 865 4191 ad
923 4143 1417 4205 reprasentandam
1468 4154 1751 4203 personam
1799 4144 1921 4188 ante

265 4212 459 4265 faciem
513 4212 721 4277 posita,
780 4212 954 4275 major
1014 4227 1232 4263 necesse
1292 4219 1372 4262 est
1421 4226 1589 4261 sonus
1634 4211 1919 4260 volvatur:

263 4286 412 4348 quod
435 4284 621 4348 utique
653 4284 1030 4341 conveniebat,
1064 4289 1283 4347 promer
1337 4297 1429 4333 eos
1480 4285 1571 4345 qui
1622 4282 1676 4330 in
1716 4282 1922 4345 amphi-

260 4356 481 4406 theatro
511 4357 594 4405 his
618 4369 740 4419 qua
771 4355 1090 4404 dicebantur
1119 4361 1272 4404 erant
1328 4354 1536 4403 attenti.
1567 4351 1733 4400 Graci
1783 4366 1918 4413 quo-

261 4442 373 4491 que
404 4428 499 4476 has
537 4427 926 4477 comadiarum
974 4427 1463 4489 tragadiarumque
1519 4422 1918 4472 recitandarum

2006 424 2233 474 diversis
2264 429 2530 488 personis,
2569 428 2856 477 histriones
2905 428 2957 475 in
3006 427 3267 491 tragoedia
3320 426 3403 475 vel
3450 440 3646 476 comoe-

2004 495 2094 544 dia
2156 497 2462 547 individuos
2510 498 2774 556 homines,
2830 513 3060 562 quorum
3116 501 3393 554 intererat,
3452 511 3651 559 repra-

2004 569 2305 629 sentabant,
2334 569 2387 619 id
2438 576 2534 632 est,
2598 572 2825 633 exempli
2892 573 3083 632 gratia.
3116 570 3170 619 in
3228 569 3489 631 tragadia
3526 568 3649 632 qui-

2004 638 2123 688 dem
2156 640 2451 699 Hecubam,
2501 643 2583 692 vel
2632 642 2895 703 Medeam,
2951 642 3007 691 in
3066 642 3331 691 comoedia
3388 654 3515 691 vero
3572 639 3653 690 vel

2005 710 2313 773 Symonem,
2341 714 2425 763 vel
2484 715 2858 765 Chremetem:
2920 715 3118 764 idcirco
3167 719 3388 763 cateros
3433 724 3651 775 quoque

2005 781 2266 840 homines,
2340 798 2567 847 quorum
2625 792 2781 842 esset,
2840 786 2889 834 id
2959 790 3042 835 est
3099 799 3215 834 esse
3272 790 3453 846 posset
3508 788 3651 832 certa

2006 852 2230 916 agnitio,
2291 870 2388 917 pro
2446 856 2529 905 sui
2586 858 2849 919 cujusque
2906 857 3133 905 naturali
3192 852 3651 910 dissimilitudine,

2005 940 2131 976 vere
2187 928 2467 979 individua
2528 932 2698 980 forma
2750 934 3222 994 nuncupaverunt.
3283 927 3337 977 id
3395 931 3494 985 est,
3540 939 3651 975 non

2008 999 2240 1047 naturali
2276 1014 2449 1063 neque
2498 1003 2735 1064 propria,
2795 1003 2886 1051 sed
2945 999 3313 1062 nuncupativa
3352 1003 3405 1048 et
3452 999 3653 1060 impro-

2006 1071 2124 1131 pria
2153 1072 2512 1135 appellatione
2545 1076 2975 1135 nominaverunt,
3026 1079 3077 1123 et
3119 1070 3291 1121 Latini
3343 1084 3650 1135 personam.

2010 1141 2261 1217 et-Graci
2292 1142 2576 1217 πρόσωπα,
2604 1146 2779 1209 Longe
2805 1160 2959 1217 Averor
3009 1144 3227 1217 melius.
3253 1148 3305 1193 et
3354 1142 3652 1217 secundum

2009 1214 2082 1261 rei
2116 1213 2392 1264 veritatem
2425 1218 2742 1277 siguautius.
2802 1215 2890 1273 illi,
2949 1216 3001 1264 id
3062 1222 3143 1265 est
3198 1213 3389 1270 Graci.
3444 1219 3653 1262 natura

2010 1285 2340 1335 rationabilis
2390 1288 2719 1337 individuam
2756 1289 3106 1336 substantiam
3158 1288 3376 1335 nomine
3426 1282 3655 1337 ὑποστά-

2012 1374 2165 1418 σεως,
2201 1362 2475 1407 contracta
2507 1364 2683 1407 tamen
2716 1360 2779 1407 ab
2812 1358 2932 1407 aliis
2998 1357 3245 1419 pluribus
3301 1358 3497 1421 quibus
3551 1357 3653 1404 hoc

2011 1440 2207 1477 nomen
2240 1431 2555 1478 naturaliter
2585 1432 2837 1479 convenit
2880 1428 3256 1493 appellatione,
3308 1432 3654 1477 vocaverunt-

2009 1498 2119 1548 Nos
2150 1514 2276 1549 vero
2312 1503 2475 1550 Latini
2507 1517 2601 1565 per
2630 1502 2864 1563 inopiam
2902 1515 3091 1551 vocum
3124 1502 3334 1564 proprie
3379 1514 3462 1550 res
3510 1500 3654 1562 ipsas

2012 1569 2431 1631 signiﬁcantium
2495 1574 2854 1622 translativam
2914 1573 3232 1622 retinuimus
3288 1572 3654 1633 nuncupatio-

2012 1655 2153 1695 nem.
2188 1658 2304 1693 eam
2340 1645 2591 1695 videlicet
2621 1659 2781 1708 quam
2813 1645 2912 1703 illi,
2950 1646 3002 1694 id
3060 1651 3141 1694 est
3179 1643 3359 1693 Graec
3407 1648 3549 1693 recte
3579 1643 3654 1691 die

1935 1726 1982 1791 Β
2013 1720 2144 1763 cunt
2182 1713 2494 1784 ὑπόστασιν,
2531 1718 2749 1766 nomine
2807 1716 2949 1781 quod
3012 1720 3091 1765 est
3138 1730 3166 1764 a
3205 1729 3338 1764 sono
3370 1726 3653 1778 personam

2014 1792 2284 1835 vocantes.

2077 1856 2181 1906 Sed
2210 1858 2447 1919 peritior.
2481 1860 2605 1923 etc.]
2635 1861 2831 1918 Quasi:
2876 1860 3045 1918 Quam
3100 1873 3197 1909 nos
3245 1871 3407 1921 supra
3446 1854 3659 1905 difﬁni-

2014 1926 2211 1988 vimus,
2242 1944 2528 1990 personam
2561 1938 2767 1981 natura
2824 1930 3107 1981 rationalis
3152 1929 3483 1979 individuam
3537 1941 3656 1977 esse

2014 1998 2389 2057 substantiam,
2453 2002 2669 2065 quidam
2716 2004 3024 2051 Gracorum
3083 2005 3278 2051 vocant
3336 1998 3655 2054 ὑπόστασιν.

2014 2069 2115 2119 Sed
2146 2071 2231 2119 illa
2293 2086 2413 2134 qua
2471 2078 2550 2121 est
2606 2086 2912 2122 sermonum
2971 2074 3193 2137 peritior
3234 2072 3460 2129 Gracia,
3502 2075 3659 2120 vocat

2020 2140 2329 2210 ὑπόστασιν,
2380 2158 2487 2192 non
2544 2144 2704 2193 modo
2756 2144 3091 2202 rationalem,
3123 2157 3309 2193 verum
3354 2144 3511 2192 etiam
3545 2154 3656 2191 non

2016 2213 2335 2264 rationalem
2392 2216 2683 2279 quamlibet
2738 2221 2793 2265 et
2873 2216 3206 2264 individuam
3276 2214 3655 2263 substantiam.

2016 2286 2191 2349 Atque
2223 2288 2297 2336 uti
2321 2289 2500 2336 Graca
2534 2286 2777 2337 oratione
2839 2290 2959 2336 utar
3005 2287 3058 2335 in
3116 2286 3297 2347 rebus,
3325 2289 3378 2334 in
3437 2285 3519 2332 his
3572 2284 3657 2333 vi-

2017 2357 2213 2407 delicet
2245 2372 2364 2420 qua
2395 2373 2425 2407 a
2454 2358 2648 2407 Gracis
2704 2360 2793 2407 diu
2852 2356 3069 2421 agitata.
3129 2362 3316 2421 postea
3358 2356 3545 2405 Latina
3584 2356 3660 2403 in-

2017 2432 2399 2500 terpretatione
2458 2431 2719 2500 translata
2776 2434 2937 2500 sunt:
2997 2428 3066 2483 Αἱ
3120 2427 3295 2481 οὐσίαι
3326 2426 3377 2483 ἐν
3414 2426 3661 2500 μὶν-τοῖς

2017 2501 2135 2562 καθ’
2167 2498 2301 2554 ’ὀλου
2335 2503 2471 2555 εἶναι
2506 2498 2770 2568 δύνανται,
2794 2500 2845 2553 ἐν
2877 2496 2932 2572 δὲ
2960 2504 3077 2561 τοῖς
3107 2500 3242 2553 κατά
3271 2496 3432 2572 μὲροέ
3473 2497 3661 2571 μόνοις

2022 2572 2327 2648 ὑφίστανται
2357 2590 2371 2629 :
2402 2572 2458 2648 Id
2491 2574 2876 2648 est,‘l§ssentia
2907 2571 2960 2648 in
3002 2571 3400 2648 universalibus
3446 2572 3663 2648 quidem

2019 2641 2135 2693 esse
2162 2649 2406 2707 possunt.
2441 2647 2496 2693 in
2529 2645 2656 2693 solis
2688 2658 2816 2693 vero
2846 2641 3141 2692 individuis
3170 2649 3221 2692 et
3254 2643 3662 2706 particularibus

2019 2716 2281 2765 substant.
2313 2717 2440 2775 Qua
2494 2714 2745 2763 nimirum
2806 2715 3089 2763 translatio
3136 2716 3285 2763 verbi
3334 2714 3397 2763 ad
3440 2712 3660 2760 verbum

2020 2787 2158 2837 facta
2188 2793 2283 2837 est.
2318 2790 2444 2837 Nam
2477 2786 2529 2839 αἱ
2562 2788 2815 2836 articulus
2841 2790 2938 2840 est.
2977 2784 3153 2838 οὐσίαι
3186 2786 3448 2841 essentia.
3482 2782 3534 2837 ἐν
3585 2785 3660 2840 in,

2026 2858 2118 2931 μὲν
2153 2858 2390 2922 quidem.
2424 2862 2539 2917 τοῖς
2569 2858 2868 2931 articulus,
2898 2858 3018 2931 καθ’
3066 2855 3201 2931 ὅλου
3250 2857 3547 2907 secundum
3584 2860 3666 2931 to-

2024 2927 2134 2979 tum
2162 2946 2172 2979 :
2207 2945 2301 2991 pro
2333 2944 2456 2992 quo.
2490 2928 2616 2993 quia
2649 2942 2807 2977 omne
2844 2930 3143 2978 universale
3174 2932 3343 2978 totum
3385 2933 3485 2987 est,
3510 2927 3665 2993 ponit

2025 3001 2440 3060 universalibus,
2475 2992 2604 3053 εἶναι
2655 3013 2793 3058 esse,
2828 2994 3075 3052 δύνανται
3126 3003 3370 3061 possunt,
3398 2997 3453 3051 ἒν
3497 2998 3570 3053 in.
3606 2992 3665 3049 δὲ

2026 3080 2222 3130 autem,
2260 3076 2377 3132 τοῖς
2411 3071 2686 3127 articulus,
2718 3069 2853 3124 κατᾶ
2884 3070 3047 3143 μέρος
3090 3070 3386 3143 secundum
3422 3073 3662 3143 partem:

2026 3157 2120 3203 pro
2151 3158 2275 3207 quo,
2330 3146 2454 3207 quia
2511 3157 2669 3191 omne
2727 3140 3051 3205 particul'are
3108 3147 3269 3205 atque
3326 3140 3668 3190 individuum

2024 3214 2219 3263 dicitur
2252 3230 2386 3271 pars,
2421 3217 2573 3277 ponit
2602 3214 2891 3262 individuis
2927 3217 2980 3262 et
3011 3214 3441 3277 particularibus,
3478 3210 3671 3283 μόνοις

2024 3287 2171 3362 solis,
2204 3284 2517 3362 ὑφίστανται
2568 3286 2833 3362 substant:
2866 3286 2939 3362 Ea
2978 3286 3066 3362 his
3094 3285 3274 3347 itaque
3301 3284 3483 3362 verbis
3526 3285 3666 3331 Gra-

2024 3358 2115 3413 cis.
2152 3364 2204 3407 et
2233 3356 2297 3407 ea
2320 3372 2439 3421 qua
2472 3363 2652 3405 secuta
2686 3360 2765 3405 est
2810 3356 3001 3405 Latina
3055 3356 3517 3419 interpretatione.
3562 3368 3670 3402 ma-

2024 3428 2277 3478 nifestum
2307 3434 2525 3478 estnon
2570 3429 2731 3477 modo
2776 3428 3058 3483 rationale.
3106 3442 3293 3476 verum
3341 3428 3499 3476 etiam
3558 3439 3667 3474 non

2023 3501 2285 3549 rationale
2318 3506 2526 3549 natura
2575 3498 2908 3548 individuam
2961 3500 3339 3557 substantiam,
3376 3498 3664 3552 ὑπόστασιν

2023 3570 2146 3619 dici.
2180 3572 2292 3621 Non
2358 3573 2530 3620 solum
2591 3572 2735 3620 enim
2794 3571 3156 3629 rationalium,
3211 3571 3302 3619 sed
3352 3572 3509 3619 etiam
3558 3581 3669 3617 non

2022 3645 2367 3695 rationalium
2414 3645 2834 3694 substantiarum
2893 3643 3293 3693 individuorum
3346 3642 3672 3692 universalia

2024 3717 2267 3779 quadam
2301 3721 2447 3773 sunt,
2479 3729 2599 3779 qua
2648 3716 2712 3763 ab
2758 3713 2885 3777 ipsis
2933 3714 3231 3763 individuis
3269 3715 3506 3763 humana
3534 3714 3669 3761 ratio

2024 3787 2420 3848 quodammodo
2473 3786 2752 3843 abstrahit,
2814 3789 2872 3833 ut
2927 3798 3111 3833 eorum
3171 3789 3417 3833 naturam
3473 3783 3674 3847 perspi-

2024 3871 2142 3906 cere
2200 3864 2255 3907 et
2307 3858 2683 3921 proprietatem
2761 3856 3216 3918 comprehendere
3292 3854 3479 3920 possit.
3535 3853 3675 3903 Vera

2024 3931 2183 3978 etiam
2242 3928 2450 3979 ratione
2512 3929 2816 3977 intellectus
2892 3928 3277 3977 universalium
3349 3940 3530 3977 rerum
3608 3939 3675 3975 ex

2025 3999 2373 4063 quibuslibet.
2407 4002 2457 4050 id
2486 4006 2583 4056 est,
2614 4013 2723 4049 non
2782 4005 2889 4048 tam
2949 4001 3299 4049 rationalibus
3346 4013 3508 4063 quam
3539 3999 3675 4046 irra-

2025 4073 2318 4121 tionalibus
2350 4071 2759 4136 particularibus
2790 4076 3037 4133 sumptus
3072 4077 3168 4130 est,
3201 4072 3253 4120 id
3315 4075 3395 4119 est
3433 4084 3516 4119 res
3560 4069 3677 4117 uni-

2026 4145 2261 4193 versales
2291 4144 2593 4192 intellectus
2623 4155 2687 4191 ex
2738 4142 3073 4205 quibuslibet
3128 4140 3543 4204 particularibus
3578 4152 3667 4186 su-

2024 4213 2140 4262 mit.

2090 4285 2334 4346 Quocirca
2366 4282 2601 4332 videlicet
2662 4296 2773 4331 cum
2838 4282 2962 4344 ipse
3020 4280 3321 4330 ευὸειαηεὶε
3370 4280 3428 4329 in
3458 4278 3670 4327 univer-

2024 4356 2222 4405 salibus
2259 4355 2473 4420 quidem
2519 4354 2681 4415 (sicut
2715 4367 2777 4402 ex
2822 4354 3092 4416 pradictis
3135 4354 3444 4401 Gracorum
3494 4350 3671 4399 verbis

2026 4435 2079 4478 et
2108 4430 2295 4479 Latina
2330 4428 2771 4489 interpretatione
2803 4425 3135 4487 intelligitur)
3169 4426 3291 4484 sint,
3349 4425 3405 4473 in
3433 4424 3668 4487 particu—

264 4468 528 4564 Bersonas
553 4499 819 4548 vocabant
861 4468 1129 4569 irpéowrota
1156 4514 1168 4551 :
1229 4510 1338 4546 non
1363 4468 1611 4569 1quidem
1674 4508 1704 4542 a
1762 4507 1915 4555 sono,
1952 4468 1994 4533 θ
2026 4499 2226 4548 laribus
2248 4513 2367 4546 vero
2383 4468 2625 4545 nonrdi'co
2644 4496 2795 4557 sint;
2823 4496 2913 4544 sed
2933 4468 3052 4544 αῖσο
3071 4468 3291 4558 eripiant,
3307 4468 3671 4552 substravitiam,

262 4584 360 4634 qui
392 4584 518 4620 vere
547 4570 719 4634 major
750 4565 914 4618 ﬁebat
969 4568 1130 4618 larva
1188 4582 1307 4632 qua
1366 4571 1489 4616 ante
1532 4565 1720 4614 faciem
1753 4577 1917 4626 pone-

262 4643 426 4690 batur
460 4642 831 4699 concavitate;
868 4639 963 4688 sed
1017 4640 1082 4688 ab
1141 4654 1203 4687 eo
1261 4638 1402 4702 quod
1456 4637 1614 4686 larva
1652 4635 1756 4684 illa
1788 4649 1918 4683 con-

263 4727 413 4763 cava
444 4712 509 4761 ad
542 4712 800 4776 majorem
837 4724 1029 4759 sonum
1063 4710 1366 4760 faciendum
1401 4712 1670 4773 ponantur
1700 4709 1753 4755 in
1786 4706 1919 4755 facie

260 4789 430 4847 atque
464 4788 588 4833 ante
620 4783 809 4833 oculos
846 4781 1171 4831 intuentium
1234 4796 1343 4835 eas.
1400 4782 1658 4843 obtegant
1710 4778 1918 4826 vultum

272 4854 611 4918 loquentium
642 4856 784 4903 inter
840 4852 1001 4917 ipsas.
1058 4852 1210 4910 Quod
1277 4858 1330 4901 et
1384 4852 1578 4900 Grauis
1621 4850 1815 4906 verbis,
1847 4851 1921 4897 ait

262 4927 372 4975 ita:
407 4923 557 4996 Παρὰ
609 4926 707 4978 τοῦ
750 4922 889 4996 πρὸς
916 4920 1041 4982 τούς
1072 4920 1224 4983 ὦπας
1252 4921 1513 4983 τίθεσθαι.
1545 4920 1709 4996 quod
1740 4924 1821 4968 est
1852 4919 1918 4996 ab

266 5002 395 5046 ante
420 4990 609 5046 faciem
667 4990 938 5065 ponéndq.
1001 4997 1139 5058 Παρᾶ
1202 5008 1434 5057 namque
1468 4998 1624 5065 sonat
1653 4992 1750 5053 ab;
1780 4990 1917 5065 πρός

264 5068 510 5117 sonatin
558 5068 642 5117 vel
692 5069 851 5127 ante;
892 5062 1043 5125 ὦπας
1102 5062 1778 5127 δοηαιίαςίεηητίθισοαι
1824 5062 1920 5127 ’ρο-

260 5138 457 5188 nenda.
492 5136 597 5193 Τοΰ
642 5152 767 5187 vero
794 5143 846 5185 et
877 5138 1091 5187 interim
1122 5134 1248 5196 τούς
1308 5135 1515 5183 articuli
1573 5140 1718 5184 sunt.
1776 5136 1921 5195 Quo-

266 5210 417 5283 niam
454 5225 582 5274 ergo
612 5209 751 5283 πρὸς
811 5212 987 5283 sonat_
1012 5209 1179 5283 inrvel
1209 5211 1352 5265 ante,
1382 5210 1531 5283 ὦπας
1594 5220 1718 5283 vero
1753 5205 1921 5283 sonat

254 5282 492 5345 faciem:
518 5279 787 5356 πρόσωπα
813 5282 927 5356 sine
958 5280 1121 5330 dubio
1179 5285 1335 5331 sonat
1389 5282 1446 5330 in
1501 5280 1641 5342 facie
1686 5279 1767 5327 vel
1800 5288 1921 5327 ante

256 5355 478 5418 faciem.
510 5351 694 5416 Itaque
730 5354 846 5402 hac
892 5351 1000 5402 duo
1047 5354 1265 5402 nomina
1320 5353 1563 5401 videlicet
1609 5364 1836 5415 persona
1867 5355 1919 5400 et

258 5424 557 5499 πρόσωπα,
583 5430 727 5476 recte
758 5423 968 5473 illorum
996 5425 1085 5487 qui
1116 5424 1170 5474 in
1225 5424 1638 5499 amphitheatris
1680 5422 1919 5472 dlversos

262 5494 518 5548 homines
549 5499 816 5548 larvarum
848 5500 1008 5560 atque
1057 5512 1311 5548 sonorum
1366 5494 1675 5546 diversitate
1722 5508 1919 5556 repra-

262 5570 562 5621 sentahant
622 5576 748 5619 sunt
798 5567 1038 5618 nomina.
1099 5568 1274 5619 Unum
1340 5570 1554 5633 quidem
1606 5580 1797 5616 asono
1827 5566 1919 5629 qui

266 5642 436 5692 ﬁebat
492 5642 825 5692 concavitate
868 5640 1033 5689 larva
1093 5646 1216 5691 ante
1266 5640 1456 5690 faciem
1504 5638 1713 5701 posita,
1746 5635 1797 5684 id
1838 5640 1920 5687 est

266 5727 542 5777 persona;
577 5714 802 5763 alterum
849 5725 981 5760 vero
1029 5712 1095 5761 ab
1145 5718 1267 5763 ante
1316 5713 1504 5761 faciem
1546 5706 1724 5773 posita
1751 5706 1918 5768 larva,

266 5776 306 5837 ι
336 5784 492 5851 cujus
538 5786 875 5836 concavitate
930 5795 1097 5835 sonus
1152 5784 1330 5844 ﬂebat,
1382 5782 1436 5833 id
1491 5785 1572 5830 est
1626 5776 1918 5855 πρόσωπα,

2022 4573 2159 4631 iure,
2186 4569 2309 4635 etc.]
2339 4568 2586 4617 Attendit
2616 4568 2759 4631 quod
2798 4581 2916 4616 cum
2957 4568 3206 4630 superius
3258 4566 3451 4615 dixerit
3498 4577 3675 4614 essen-

2027 4643 2146 4701 tias,
2195 4655 2341 4691 nunc
2388 4640 2521 4688 dicit
2572 4640 2898 4687 substantias
2950 4640 3003 4687 in
3061 4636 3479 4701 particularibus
3535 4650 3672 4685 esse.

2028 4715 2163 4775 Quia
2192 4727 2422 4777 namque
2453 4725 2506 4761 et
2535 4726 2670 4771 esse,
2704 4717 2755 4760 et
2784 4708 2837 4760 id
2887 4711 3031 4773 quod
3080 4715 3177 4767 est,
3222 4710 3499 4773 cujusdam
3549 4721 3675 4757 con-

2027 4789 2173 4838 sortii
2201 4788 2408 4836 ratione
2452 4784 2567 4834 sine
2622 4797 2677 4832 se
2732 4797 2847 4832 esse
2906 4797 3013 4833 non
3068 4791 3311 4845 possunt,
3371 4785 3430 4831 ut
3483 4794 3675 4843 corpo-

2026 4861 2210 4910 ralitas
2266 4865 2317 4907 et
2373 4870 2582 4921 corpus.
2633 4855 2768 4903 Actu
2826 4868 3059 4917 namque
3128 4854 3479 4918 corporalitas
3534 4851 3672 4902 nihil

2027 4937 2127 4992 est,
2154 4930 2255 4980 nisi
2288 4932 2359 4979 sit
2392 4931 2443 4978 in
2479 4941 2719 4990 corpore.
2754 4931 2806 4975 et
2834 4941 3026 4990 corpus
3056 4940 3164 4976 non
3205 4933 3285 4976 est
3334 4926 3477 4989 quod
3508 4939 3672 4973 voca-

2027 5010 2132 5061 tur,
2165 5004 2266 5051 nisi
2300 5003 2352 5051 in
2387 5003 2503 5063 ipso
2536 5001 2602 5047 sit
2633 4998 3000 5060 corporalitas,
3055 5012 3175 5061 qua
3234 5002 3313 5046 est
3367 4998 3482 5060 ejus
3520 5010 3670 5046 esse:

2026 5080 2169 5124 recte
2206 5074 2485 5137 supposito
2529 5068 2809 5133 quodlibet
2855 5069 3045 5118 horum
3091 5072 3320 5118 duorum
3370 5073 3670 5122 nominum,

2026 5148 2113 5195 hic
2139 5152 2219 5195 est
2250 5146 2484 5195 essentia
2514 5142 2595 5191 vel
2624 5141 2942 5189 substantia.
2992 5155 3183 5189 sensus
3232 5141 3371 5189 illius
3424 5151 3542 5201 qua
3587 5152 3672 5186 se-

2025 5216 2211 5281 quitur
2240 5216 2489 5265 dictionis
2527 5213 2591 5261 ad
2637 5226 2821 5261 eorum
2868 5211 3151 5275 quodlibet
3198 5216 3293 5261 aut
3340 5222 3674 5281 consequen-

2027 5279 2241 5345 ter.sut
2294 5285 2692 5337 accidentaliter
2742 5283 2999 5331 redditur.
3049 5283 3209 5332 Recte
3262 5296 3388 5344 ergo
3432 5293 3552 5328 cum
3586 5279 3670 5327 di-

2023 5361 2191 5409 xisset
2240 5356 2488 5409 essentia
2538 5356 2592 5403 in
2644 5354 3035 5403 universalibus
3080 5359 3227 5415 sunt,
3267 5354 3322 5401 in
3379 5350 3673 5415 particula-

2026 5433 2174 5482 ribus
2204 5435 2475 5486 substant,
2512 5428 2641 5476 dicit
2689 5426 2847 5475 etiam
2905 5426 3219 5475 substantia
3252 5426 3307 5473 in
3337 5421 3663 5473 universali-

2027 5504 2127 5553 bus
2153 5510 2280 5552 sunt
2327 5502 2379 5550 in
2445 5498 2855 5564 particularibus
2913 5499 3133 5559 capiunt
3182 5495 3554 5547 substantiam,
3611 5493 3667 5542 id

2028 5579 2109 5624 est
2141 5576 2426 5624 substant:
2459 5576 2511 5621 et
2557 5574 2638 5619 est
2684 5582 2908 5618 sensus:
2951 5567 3293 5617 Universalia
3340 5579 3459 5630 qua
3509 5564 3669 5613 intel-

2026 5647 2197 5696 lectus
2222 5660 2281 5695 ex
2325 5640 2746 5709 particularibus
2794 5640 3012 5704 colligit,
3062 5644 3204 5698 sunt.
3252 5639 3505 5703 quoniam
3544 5649 3675 5709 Apar-

2025 5707 2341 5769 ticulariumi
2374 5714 2504 5765 illud
2552 5726 2667 5762 esse
2711 5712 2967 5761 dicuntur
3010 5725 3117 5774 quo
3160 5713 3278 5775 ipsa
3332 5707 3671 5774 particularia

2030 5790 2232 5855 aliquid
2258 5792 2402 5840 sunt.
2431 5784 2783 5836 Particularia
2828 5797 2954 5835 vero
3011 5796 3121 5835 non
3160 5783 3320 5835 modo
3350 5784 3495 5845 sunt,
3525 5779 3667 5845 quod
