  <div class='ocr_page' id='page_1' title='image "/cluster/home/n/w/nwhite01/storage/ocr_20150623/64/hvd.32044073505125/693.png"; bbox 0 0 4046 6180; ppageno 0'>
   <div class='ocr_carea' id='block_1_1' title="bbox 446 161 580 217">
    <p class='ocr_par' dir='ltr' id='par_1_1' title="bbox 446 161 580 217">
     <span class='ocr_line' id='line_1_1' title="bbox 446 161 580 217; baseline -0.007 0"><span class='ocrx_word' id='word_1_1' title='bbox 446 161 580 217; x_wconf 81' lang='grc'><strong>1375</strong></span> 
     </span>
    </p>
   </div>
   <div class='ocr_carea' id='block_1_2' title="bbox 1070 144 3223 219">
    <p class='ocr_par' dir='ltr' id='par_1_2' title="bbox 1070 144 3223 219">
     <span class='ocr_line' id='line_1_2' title="bbox 1070 144 3223 219; baseline 0 -3"><span class='ocrx_word' id='word_1_2' title='bbox 1070 153 1143 216; x_wconf 87' lang='grc' dir='ltr'><strong>ΙΝ</strong></span> <span class='ocrx_word' id='word_1_3' title='bbox 1183 152 1447 216; x_wconf 83' lang='lat' dir='ltr'><strong>LIBRUM</strong></span> <span class='ocrx_word' id='word_1_4' title='bbox 1486 158 1576 214; x_wconf 91' lang='lat' dir='ltr'><strong>DE</strong></span> <span class='ocrx_word' id='word_1_5' title='bbox 1616 154 1895 215; x_wconf 81' lang='lat' dir='ltr'><strong>DUABUS</strong></span> <span class='ocrx_word' id='word_1_6' title='bbox 1932 144 2238 214; x_wconf 82' lang='lat' dir='ltr'><strong>NATURIS</strong></span> <span class='ocrx_word' id='word_1_7' title='bbox 2274 156 2363 216; x_wconf 84' lang='lat' dir='ltr'><strong>ET</strong></span> <span class='ocrx_word' id='word_1_8' title='bbox 2399 158 2543 218; x_wconf 81' lang='lat' dir='ltr'><strong>UNA</strong></span> <span class='ocrx_word' id='word_1_9' title='bbox 2583 154 2910 219; x_wconf 81' lang='lat' dir='ltr'><strong>PERSONA</strong></span> <span class='ocrx_word' id='word_1_10' title='bbox 2949 157 3223 217; x_wconf 81' lang='lat' dir='ltr'><strong>CHRISTI</strong></span> 
     </span>
    </p>
   </div>
   <div class='ocr_carea' id='block_1_3' title="bbox 3660 160 3764 223">
    <p class='ocr_par' dir='ltr' id='par_1_3' title="bbox 3660 160 3764 223">
     <span class='ocr_line' id='line_1_3' title="bbox 3660 160 3764 223; baseline -0.038 0"><span class='ocrx_word' id='word_1_11' title='bbox 3660 160 3764 223; x_wconf 59' lang='lat'><strong>£376</strong></span> 
     </span>
    </p>
   </div>
   <div class='ocr_carea' id='block_1_4' title="bbox 444 282 3775 354">
    <p class='ocr_par' dir='ltr' id='par_1_4' title="bbox 444 282 3775 354">
     <span class='ocr_line' id='line_1_4' title="bbox 444 282 3775 354; baseline 0.001 -19"><span class='ocrx_word' id='word_1_12' title='bbox 444 285 631 349; x_wconf 81' lang='lat' dir='ltr'><strong>utique</strong></span> <span class='ocrx_word' id='word_1_13' title='bbox 660 298 725 333; x_wconf 85' lang='lat' dir='ltr'><strong>ex</strong></span> <span class='ocrx_word' id='word_1_14' title='bbox 783 284 1093 349; x_wconf 85' lang='lat' dir='ltr'><strong>hujusmodi</strong></span> <span class='ocrx_word' id='word_1_15' title='bbox 1144 298 1243 335; x_wconf 89' lang='lat' dir='ltr'><strong>suo</strong></span> <span class='ocrx_word' id='word_1_16' title='bbox 1306 299 1423 335; x_wconf 87' lang='lat' dir='ltr'><strong>esse</strong></span> <span class='ocrx_word' id='word_1_17' title='bbox 1478 289 1622 343; x_wconf 91' lang='lat' dir='ltr'><strong>sunt,</strong></span> <span class='ocrx_word' id='word_1_18' title='bbox 1682 298 1867 335; x_wconf 84' lang='lat' dir='ltr'><strong>verum</strong></span> <span class='ocrx_word' id='word_1_19' title='bbox 1926 283 2086 334; x_wconf 90' lang='lat' dir='ltr'><strong>etiam</strong></span> <span class='ocrx_word' id='word_1_20' title='bbox 2123 286 2173 351; x_wconf 77' lang='grc' dir='ltr'><strong>Α</strong></span> <span class='ocrx_word' id='word_1_21' title='bbox 2204 287 2526 351; x_wconf 86' lang='lat' dir='ltr'><strong>suppositas,</strong></span> <span class='ocrx_word' id='word_1_22' title='bbox 2556 288 2664 338; x_wconf 89' lang='lat' dir='ltr'><strong>imo</strong></span> <span class='ocrx_word' id='word_1_23' title='bbox 2694 288 2844 351; x_wconf 90' lang='lat' dir='ltr'><strong>quasi</strong></span> <span class='ocrx_word' id='word_1_24' title='bbox 2877 285 3217 354; x_wconf 81' lang='grc' dir='ltr'>ὑποστάσεις,</span> <span class='ocrx_word' id='word_1_25' title='bbox 3248 284 3344 334; x_wconf 86' lang='lat' dir='ltr'><strong>hoc</strong></span> <span class='ocrx_word' id='word_1_26' title='bbox 3381 286 3459 334; x_wconf 69' lang='lat' dir='ltr'><strong>est</strong></span> <span class='ocrx_word' id='word_1_27' title='bbox 3506 282 3775 335; x_wconf 73' lang='lat' dir='ltr'><strong>sUbslantes.</strong></span> 
     </span>
    </p>
   </div>
   <div class='ocr_carea' id='block_1_5' title="bbox 446 356 2102 421">
    <p class='ocr_par' dir='ltr' id='par_1_5' title="bbox 446 356 2102 421">
     <span class='ocr_line' id='line_1_5' title="bbox 446 356 2102 421; baseline 0.001 -15"><span class='ocrx_word' id='word_1_28' title='bbox 446 358 717 416; x_wconf 66' lang='lat' dir='ltr'><strong>substant,</strong></span> <span class='ocrx_word' id='word_1_29' title='bbox 752 358 1010 420; x_wconf 87' lang='lat' dir='ltr'><strong>quoniam</strong></span> <span class='ocrx_word' id='word_1_30' title='bbox 1043 370 1228 405; x_wconf 90' lang='lat' dir='ltr'><strong>eorum</strong></span> <span class='ocrx_word' id='word_1_31' title='bbox 1281 372 1400 421; x_wconf 73' lang='lat' dir='ltr'><strong>quae</strong></span> <span class='ocrx_word' id='word_1_32' title='bbox 1453 356 1850 406; x_wconf 84' lang='lat' dir='ltr'><strong>universalibus</strong></span> <span class='ocrx_word' id='word_1_33' title='bbox 1901 356 2102 420; x_wconf 67' lang='lat' dir='ltr'><strong>adsunt</strong></span> 
     </span>
    </p>
   </div>
   <div class='ocr_carea' id='block_1_6' title="bbox 446 428 2101 489">
    <p class='ocr_par' dir='ltr' id='par_1_6' title="bbox 446 428 2101 489">
     <span class='ocr_line' id='line_1_6' title="bbox 446 428 2101 489; baseline 0.005 -11"><span class='ocrx_word' id='word_1_34' title='bbox 446 428 827 489; x_wconf 88' lang='lat' dir='ltr'><strong>accidentium,</strong></span> <span class='ocrx_word' id='word_1_35' title='bbox 866 432 1050 477; x_wconf 89' lang='lat' dir='ltr'><strong>eadem</strong></span> <span class='ocrx_word' id='word_1_36' title='bbox 1083 429 1137 477; x_wconf 91' lang='lat' dir='ltr'><strong>in</strong></span> <span class='ocrx_word' id='word_1_37' title='bbox 1171 444 1225 478; x_wconf 89' lang='lat' dir='ltr'><strong>se</strong></span> <span class='ocrx_word' id='word_1_38' title='bbox 1288 430 1375 478; x_wconf 91' lang='lat' dir='ltr'><strong>vel</strong></span> <span class='ocrx_word' id='word_1_39' title='bbox 1426 429 1760 479; x_wconf 78' lang='lat' dir='ltr'><strong>extrinsecus</strong></span> <span class='ocrx_word' id='word_1_40' title='bbox 1808 432 1907 480; x_wconf 86' lang='lat' dir='ltr'><strong>sibi</strong></span> <span class='ocrx_word' id='word_1_41' title='bbox 1939 435 2101 489; x_wconf 85' lang='lat' dir='ltr'><strong>afﬁxa</strong></span> 
     </span>
    </p>
   </div>
   <div class='ocr_carea' id='block_1_7' title="bbox 448 500 2103 564">
    <p class='ocr_par' dir='ltr' id='par_1_7' title="bbox 448 500 2103 564">
     <span class='ocr_line' id='line_1_7' title="bbox 448 500 2103 564; baseline 0.005 -15"><span class='ocrx_word' id='word_1_42' title='bbox 448 500 776 564; x_wconf 80' lang='lat' dir='ltr'><strong>recipiendo,</strong></span> <span class='ocrx_word' id='word_1_43' title='bbox 838 500 1081 563; x_wconf 77' lang='lat' dir='ltr'><strong>subjecta</strong></span> <span class='ocrx_word' id='word_1_44' title='bbox 1143 505 1286 549; x_wconf 87' lang='lat' dir='ltr'><strong>sunt.</strong></span> <span class='ocrx_word' id='word_1_45' title='bbox 1336 501 1463 549; x_wconf 86' lang='lat' dir='ltr'><strong>Jure</strong></span> <span class='ocrx_word' id='word_1_46' title='bbox 1542 500 1706 564; x_wconf 82' lang='lat' dir='ltr'><strong>igitur</strong></span> <span class='ocrx_word' id='word_1_47' title='bbox 1776 505 2103 557; x_wconf 87' lang='lat' dir='ltr'><strong>substantias</strong></span> 
     </span>
    </p>
   </div>
   <div class='ocr_carea' id='block_1_8' title="bbox 448 570 2103 636">
    <p class='ocr_par' dir='ltr' id='par_1_8' title="bbox 448 570 2103 636">
     <span class='ocr_line' id='line_1_8' title="bbox 448 570 2103 636; baseline 0.002 -16"><span class='ocrx_word' id='word_1_48' title='bbox 448 573 844 633; x_wconf 78' lang='lat' dir='ltr'><strong>particulariter</strong></span> <span class='ocrx_word' id='word_1_49' title='bbox 902 574 1227 626; x_wconf 75' lang='lat' dir='ltr'><strong>substantes,</strong></span> <span class='ocrx_word' id='word_1_50' title='bbox 1296 570 1611 632; x_wconf 70' lang='grc' dir='ltr'><strong>ὑποστάσεις</strong></span> <span class='ocrx_word' id='word_1_51' title='bbox 1669 574 2103 636; x_wconf 81' lang='lat' dir='ltr'><strong>appellaverunt.</strong></span> 
     </span>
    </p>
   </div>
   <div class='ocr_carea' id='block_1_9' title="bbox 449 644 2105 713">
    <p class='ocr_par' dir='ltr' id='par_1_9' title="bbox 449 644 2105 713">
     <span class='ocr_line' id='line_1_9' title="bbox 449 644 2105 713; baseline 0.005 -21"><span class='ocrx_word' id='word_1_52' title='bbox 449 645 523 693; x_wconf 91' lang='lat' dir='ltr'><strong>De</strong></span> <span class='ocrx_word' id='word_1_53' title='bbox 555 658 876 707; x_wconf 86' lang='lat' dir='ltr'><strong>quocunque</strong></span> <span class='ocrx_word' id='word_1_54' title='bbox 910 646 1051 693; x_wconf 90' lang='lat' dir='ltr'><strong>enim</strong></span> <span class='ocrx_word' id='word_1_55' title='bbox 1086 644 1282 693; x_wconf 84' lang='lat' dir='ltr'><strong>dicitur</strong></span> <span class='ocrx_word' id='word_1_56' title='bbox 1312 650 1413 702; x_wconf 80' lang='lat' dir='ltr'><strong>est,</strong></span> <span class='ocrx_word' id='word_1_57' title='bbox 1444 650 1535 693; x_wconf 89' lang='lat' dir='ltr'><strong>aut</strong></span> <span class='ocrx_word' id='word_1_58' title='bbox 1593 650 1673 693; x_wconf 83' lang='lat' dir='ltr'><strong>est</strong></span> <span class='ocrx_word' id='word_1_59' title='bbox 1724 644 1843 707; x_wconf 89' lang='lat' dir='ltr'><strong>ipsa</strong></span> <span class='ocrx_word' id='word_1_60' title='bbox 1888 649 2105 713; x_wconf 88' lang='lat' dir='ltr'><strong>aliquo-</strong></span> 
     </span>
    </p>
   </div>
   <div class='ocr_carea' id='block_1_10' title="bbox 447 714 2101 786">
    <p class='ocr_par' dir='ltr' id='par_1_10' title="bbox 447 714 2101 786">
     <span class='ocr_line' id='line_1_10' title="bbox 447 714 2101 786; baseline 0.004 -21"><span class='ocrx_word' id='word_1_61' title='bbox 447 731 565 766; x_wconf 98' lang='lat' dir='ltr'><strong>rum</strong></span> <span class='ocrx_word' id='word_1_62' title='bbox 601 718 850 774; x_wconf 77' lang='lat' dir='ltr'><strong>essentia,</strong></span> <span class='ocrx_word' id='word_1_63' title='bbox 910 722 1003 766; x_wconf 89' lang='lat' dir='ltr'><strong>aut</strong></span> <span class='ocrx_word' id='word_1_64' title='bbox 1058 732 1121 766; x_wconf 89' lang='lat' dir='ltr'><strong>ex</strong></span> <span class='ocrx_word' id='word_1_65' title='bbox 1181 714 1433 766; x_wconf 79' lang='lat' dir='ltr'><strong>essentia.</strong></span> <span class='ocrx_word' id='word_1_66' title='bbox 1492 716 1643 775; x_wconf 87' lang='lat' dir='ltr'><strong>Quod</strong></span> <span class='ocrx_word' id='word_1_67' title='bbox 1706 732 1835 769; x_wconf 88' lang='lat' dir='ltr'><strong>vero</strong></span> <span class='ocrx_word' id='word_1_68' title='bbox 1898 722 2101 786; x_wconf 90' lang='lat' dir='ltr'><strong>aliquid</strong></span> 
     </span>
    </p>
   </div>
   <div class='ocr_carea' id='block_1_11' title="bbox 447 787 2102 858">
    <p class='ocr_par' dir='ltr' id='par_1_11' title="bbox 447 787 2102 858">
     <span class='ocr_line' id='line_1_11' title="bbox 447 787 2102 858; baseline 0.005 -21"><span class='ocrx_word' id='word_1_69' title='bbox 447 788 693 837; x_wconf 88' lang='lat' dir='ltr'><strong>substare</strong></span> <span class='ocrx_word' id='word_1_70' title='bbox 730 787 944 850; x_wconf 89' lang='lat' dir='ltr'><strong>dicitur,</strong></span> <span class='ocrx_word' id='word_1_71' title='bbox 975 787 1348 837; x_wconf 84' lang='lat' dir='ltr'><strong>accidentibus</strong></span> <span class='ocrx_word' id='word_1_72' title='bbox 1404 788 1584 837; x_wconf 84' lang='lat' dir='ltr'><strong>debet.</strong></span> <span class='ocrx_word' id='word_1_73' title='bbox 1641 790 1696 838; x_wconf 91' lang='lat' dir='ltr'><strong>ln</strong></span> <span class='ocrx_word' id='word_1_74' title='bbox 1760 804 1815 840; x_wconf 89' lang='lat' dir='ltr'><strong>se</strong></span> <span class='ocrx_word' id='word_1_75' title='bbox 1866 805 2102 858; x_wconf 78' lang='lat' dir='ltr'><strong>namque</strong></span> 
     </span>
    </p>
   </div>
   <div class='ocr_carea' id='block_1_12' title="bbox 447 858 2102 922">
    <p class='ocr_par' dir='ltr' id='par_1_12' title="bbox 447 858 2102 922">
     <span class='ocr_line' id='line_1_12' title="bbox 447 858 2102 922; baseline 0.005 -14"><span class='ocrx_word' id='word_1_76' title='bbox 447 860 528 909; x_wconf 85' lang='lat' dir='ltr'><strong>vel</strong></span> <span class='ocrx_word' id='word_1_77' title='bbox 560 858 721 908; x_wconf 82' lang='lat' dir='ltr'><strong>afﬁxa</strong></span> <span class='ocrx_word' id='word_1_78' title='bbox 766 860 866 909; x_wconf 89' lang='lat' dir='ltr'><strong>sibi</strong></span> <span class='ocrx_word' id='word_1_79' title='bbox 915 862 1250 909; x_wconf 83' lang='lat' dir='ltr'><strong>extrinsecus</strong></span> <span class='ocrx_word' id='word_1_80' title='bbox 1308 859 1555 909; x_wconf 91' lang='lat' dir='ltr'><strong>habendo</strong></span> <span class='ocrx_word' id='word_1_81' title='bbox 1602 860 1921 922; x_wconf 88' lang='lat' dir='ltr'><strong>accidentia,</strong></span> <span class='ocrx_word' id='word_1_82' title='bbox 1972 866 2102 916; x_wconf 92' lang='lat' dir='ltr'><strong>illud</strong></span> 
     </span>
    </p>
   </div>
   <div class='ocr_carea' id='block_1_13' title="bbox 448 930 2102 995">
    <p class='ocr_par' dir='ltr' id='par_1_13' title="bbox 448 930 2102 995">
     <span class='ocr_line' id='line_1_13' title="bbox 448 930 2102 995; baseline 0.005 -16"><span class='ocrx_word' id='word_1_83' title='bbox 448 932 675 980; x_wconf 80' lang='lat' dir='ltr'><strong>substet.</strong></span> <span class='ocrx_word' id='word_1_84' title='bbox 708 930 941 981; x_wconf 85' lang='lat' dir='ltr'><strong>Attende</strong></span> <span class='ocrx_word' id='word_1_85' title='bbox 974 934 1117 995; x_wconf 91' lang='lat' dir='ltr'><strong>quod</strong></span> <span class='ocrx_word' id='word_1_86' title='bbox 1149 945 1268 980; x_wconf 91' lang='lat' dir='ltr'><strong>cum</strong></span> <span class='ocrx_word' id='word_1_87' title='bbox 1320 932 1468 992; x_wconf 89' lang='lat' dir='ltr'><strong>prius</strong></span> <span class='ocrx_word' id='word_1_88' title='bbox 1523 930 1737 994; x_wconf 82' lang='lat' dir='ltr'><strong>dixerit,</strong></span> <span class='ocrx_word' id='word_1_89' title='bbox 1769 937 2014 986; x_wconf 69' lang='lat' dir='ltr'><strong>essentia:</strong></span> <span class='ocrx_word' id='word_1_90' title='bbox 2046 938 2102 987; x_wconf 90' lang='lat' dir='ltr'><strong>in</strong></span> 
     </span>
    </p>
   </div>
   <div class='ocr_carea' id='block_1_14' title="bbox 447 1002 2103 1064">
    <p class='ocr_par' dir='ltr' id='par_1_14' title="bbox 447 1002 2103 1064">
     <span class='ocr_line' id='line_1_14' title="bbox 447 1002 2103 1064; baseline 0.004 -15"><span class='ocrx_word' id='word_1_91' title='bbox 447 1002 859 1064; x_wconf 87' lang='lat' dir='ltr'><strong>particularibus</strong></span> <span class='ocrx_word' id='word_1_92' title='bbox 894 1004 1162 1057; x_wconf 84' lang='lat' dir='ltr'><strong>substant,</strong></span> <span class='ocrx_word' id='word_1_93' title='bbox 1196 1002 1393 1051; x_wconf 89' lang='lat' dir='ltr'><strong>deinde</strong></span> <span class='ocrx_word' id='word_1_94' title='bbox 1443 1016 1507 1051; x_wconf 84' lang='lat' dir='ltr'><strong>ex</strong></span> <span class='ocrx_word' id='word_1_95' title='bbox 1557 1005 1744 1053; x_wconf 90' lang='lat' dir='ltr'><strong>eodem</strong></span> <span class='ocrx_word' id='word_1_96' title='bbox 1778 1020 1938 1056; x_wconf 88' lang='lat' dir='ltr'><strong>sensu</strong></span> <span class='ocrx_word' id='word_1_97' title='bbox 1979 1010 2103 1056; x_wconf 86' lang='lat' dir='ltr'><strong>sub-</strong></span> 
     </span>
    </p>
   </div>
   <div class='ocr_carea' id='block_1_15' title="bbox 448 1072 2103 1137">
    <p class='ocr_par' dir='ltr' id='par_1_15' title="bbox 448 1072 2103 1137">
     <span class='ocr_line' id='line_1_15' title="bbox 448 1072 2103 1137; baseline 0.004 -16"><span class='ocrx_word' id='word_1_98' title='bbox 448 1076 658 1123; x_wconf 66' lang='lat' dir='ltr'><strong>stantia:</strong></span> <span class='ocrx_word' id='word_1_99' title='bbox 691 1075 743 1122; x_wconf 92' lang='lat' dir='ltr'><strong>in</strong></span> <span class='ocrx_word' id='word_1_100' title='bbox 788 1074 1205 1137; x_wconf 88' lang='lat' dir='ltr'><strong>particularibus</strong></span> <span class='ocrx_word' id='word_1_101' title='bbox 1256 1072 1480 1136; x_wconf 87' lang='lat' dir='ltr'><strong>capiunt</strong></span> <span class='ocrx_word' id='word_1_102' title='bbox 1538 1075 1914 1131; x_wconf 77' lang='lat' dir='ltr'><strong>substantiam.</strong></span> <span class='ocrx_word' id='word_1_103' title='bbox 1960 1092 2103 1128; x_wconf 90' lang='lat' dir='ltr'><strong>nunc</strong></span> 
     </span>
    </p>
   </div>
   <div class='ocr_carea' id='block_1_16' title="bbox 446 1145 2104 1209">
    <p class='ocr_par' dir='ltr' id='par_1_16' title="bbox 446 1145 2104 1209">
     <span class='ocr_line' id='line_1_16' title="bbox 446 1145 2104 1209; baseline 0.004 -16"><span class='ocrx_word' id='word_1_104' title='bbox 446 1145 588 1194; x_wconf 87' lang='lat' dir='ltr'><strong>idem</strong></span> <span class='ocrx_word' id='word_1_105' title='bbox 634 1145 821 1194; x_wconf 88' lang='lat' dir='ltr'><strong>volens</strong></span> <span class='ocrx_word' id='word_1_106' title='bbox 876 1145 1118 1209; x_wconf 77' lang='lat' dir='ltr'><strong>intelligi,</strong></span> <span class='ocrx_word' id='word_1_107' title='bbox 1166 1146 1242 1195; x_wconf 89' lang='lat' dir='ltr'><strong>ait</strong></span> <span class='ocrx_word' id='word_1_108' title='bbox 1288 1146 1669 1194; x_wconf 88' lang='lat' dir='ltr'><strong>subsistentias</strong></span> <span class='ocrx_word' id='word_1_109' title='bbox 1714 1148 2104 1209; x_wconf 90' lang='lat' dir='ltr'><strong>particulariter</strong></span> 
     </span>
    </p>
   </div>
   <div class='ocr_carea' id='block_1_17' title="bbox 446 1218 2104 1277">
    <p class='ocr_par' dir='ltr' id='par_1_17' title="bbox 446 1218 2104 1277">
     <span class='ocr_line' id='line_1_17' title="bbox 446 1218 2104 1277; baseline 0.004 -13"><span class='ocrx_word' id='word_1_110' title='bbox 446 1218 773 1273; x_wconf 86' lang='lat' dir='ltr'><strong>substantes,</strong></span> <span class='ocrx_word' id='word_1_111' title='bbox 806 1233 925 1267; x_wconf 84' lang='lat' dir='ltr'><strong>cuin</strong></span> <span class='ocrx_word' id='word_1_112' title='bbox 980 1224 1153 1267; x_wconf 89' lang='lat' dir='ltr'><strong>tamen</strong></span> <span class='ocrx_word' id='word_1_113' title='bbox 1210 1218 1351 1267; x_wconf 85' lang='lat' dir='ltr'><strong>aliud</strong></span> <span class='ocrx_word' id='word_1_114' title='bbox 1404 1219 1473 1266; x_wconf 88' lang='lat' dir='ltr'><strong>sit</strong></span> <span class='ocrx_word' id='word_1_115' title='bbox 1532 1219 1783 1277; x_wconf 83' lang='lat' dir='ltr'><strong>essentia,</strong></span> <span class='ocrx_word' id='word_1_116' title='bbox 1815 1221 1961 1270; x_wconf 83' lang='lat' dir='ltr'><strong>aliud</strong></span> <span class='ocrx_word' id='word_1_117' title='bbox 1984 1223 2104 1271; x_wconf 85' lang='lat' dir='ltr'><strong>sub-</strong></span> 
     </span>
    </p>
   </div>
   <div class='ocr_carea' id='block_1_18' title="bbox 445 1288 2102 1353">
    <p class='ocr_par' dir='ltr' id='par_1_18' title="bbox 445 1288 2102 1353">
     <span class='ocr_line' id='line_1_18' title="bbox 445 1288 2102 1353; baseline 0.004 -17"><span class='ocrx_word' id='word_1_118' title='bbox 445 1288 706 1345; x_wconf 84' lang='lat' dir='ltr'><strong>sistentia,</strong></span> <span class='ocrx_word' id='word_1_119' title='bbox 741 1288 887 1338; x_wconf 83' lang='lat' dir='ltr'><strong>aliud</strong></span> <span class='ocrx_word' id='word_1_120' title='bbox 922 1290 1241 1339; x_wconf 67' lang='lat' dir='ltr'><strong>substantia.</strong></span> <span class='ocrx_word' id='word_1_121' title='bbox 1274 1291 1459 1353; x_wconf 86' lang='lat' dir='ltr'><strong>Neque</strong></span> <span class='ocrx_word' id='word_1_122' title='bbox 1489 1289 1659 1349; x_wconf 89' lang='lat' dir='ltr'><strong>enim,</strong></span> <span class='ocrx_word' id='word_1_123' title='bbox 1718 1295 1777 1338; x_wconf 90' lang='lat' dir='ltr'><strong>ut</strong></span> <span class='ocrx_word' id='word_1_124' title='bbox 1827 1305 1974 1341; x_wconf 90' lang='lat' dir='ltr'><strong>nunc</strong></span> <span class='ocrx_word' id='word_1_125' title='bbox 2037 1293 2102 1343; x_wconf 89' lang='lat' dir='ltr'><strong>de</strong></span> 
     </span>
    </p>
   </div>
   <div class='ocr_carea' id='block_1_19' title="bbox 444 1362 2105 1425">
    <p class='ocr_par' dir='ltr' id='par_1_19' title="bbox 444 1362 2105 1425">
     <span class='ocr_line' id='line_1_19' title="bbox 444 1362 2105 1425; baseline 0.003 -16"><span class='ocrx_word' id='word_1_126' title='bbox 444 1363 682 1409; x_wconf 81' lang='lat' dir='ltr'><strong>essentia</strong></span> <span class='ocrx_word' id='word_1_127' title='bbox 717 1366 1010 1420; x_wconf 85' lang='lat' dir='ltr'><strong>taceamus,</strong></span> <span class='ocrx_word' id='word_1_128' title='bbox 1045 1363 1284 1425; x_wconf 86' lang='lat' dir='ltr'><strong>pensius,</strong></span> <span class='ocrx_word' id='word_1_129' title='bbox 1342 1362 1392 1409; x_wconf 89' lang='lat' dir='ltr'><strong>id</strong></span> <span class='ocrx_word' id='word_1_130' title='bbox 1452 1366 1533 1411; x_wconf 90' lang='lat' dir='ltr'><strong>est</strong></span> <span class='ocrx_word' id='word_1_131' title='bbox 1586 1364 1784 1412; x_wconf 88' lang='lat' dir='ltr'><strong>certius</strong></span> <span class='ocrx_word' id='word_1_132' title='bbox 1835 1364 2105 1414; x_wconf 88' lang='lat' dir='ltr'><strong>subtilius-</strong></span> 
     </span>
    </p>
   </div>
   <div class='ocr_carea' id='block_1_20' title="bbox 448 1431 2104 1495">
    <p class='ocr_par' dir='ltr' id='par_1_20' title="bbox 448 1431 2104 1495">
     <span class='ocr_line' id='line_1_20' title="bbox 448 1431 2104 1495; baseline 0.003 -15"><span class='ocrx_word' id='word_1_133' title='bbox 448 1446 553 1495; x_wconf 89' lang='lat' dir='ltr'><strong>que</strong></span> <span class='ocrx_word' id='word_1_134' title='bbox 580 1432 735 1494; x_wconf 79' lang='lat' dir='ltr'><strong>juxta</strong></span> <span class='ocrx_word' id='word_1_135' title='bbox 800 1448 977 1482; x_wconf 89' lang='lat' dir='ltr'><strong>rerum</strong></span> <span class='ocrx_word' id='word_1_136' title='bbox 1036 1434 1391 1495; x_wconf 83' lang='lat' dir='ltr'><strong>proprietates</strong></span> <span class='ocrx_word' id='word_1_137' title='bbox 1449 1438 1500 1481; x_wconf 90' lang='lat' dir='ltr'><strong>et</strong></span> <span class='ocrx_word' id='word_1_138' title='bbox 1560 1431 1852 1483; x_wconf 88' lang='lat' dir='ltr'><strong>dictionum</strong></span> <span class='ocrx_word' id='word_1_139' title='bbox 1916 1450 2104 1484; x_wconf 78' lang='lat' dir='ltr'><strong>causas</strong></span> 
     </span>
    </p>
   </div>
   <div class='ocr_carea' id='block_1_21' title="bbox 450 1503 2105 1570">
    <p class='ocr_par' dir='ltr' id='par_1_21' title="bbox 450 1503 2105 1570">
     <span class='ocr_line' id='line_1_21' title="bbox 450 1503 2105 1570; baseline 0.002 -17"><span class='ocrx_word' id='word_1_140' title='bbox 450 1503 719 1562; x_wconf 79' lang='lat' dir='ltr'><strong>intuendi,</strong></span> <span class='ocrx_word' id='word_1_141' title='bbox 753 1505 892 1554; x_wconf 90' lang='lat' dir='ltr'><strong>idem</strong></span> <span class='ocrx_word' id='word_1_142' title='bbox 920 1519 951 1554; x_wconf 92' lang='lat' dir='ltr'><strong>v</strong></span> <span class='ocrx_word' id='word_1_143' title='bbox 982 1505 1195 1554; x_wconf 86' lang='lat' dir='ltr'><strong>debitur</strong></span> <span class='ocrx_word' id='word_1_144' title='bbox 1220 1520 1334 1553; x_wconf 89' lang='lat' dir='ltr'><strong>esse</strong></span> <span class='ocrx_word' id='word_1_145' title='bbox 1380 1503 1731 1555; x_wconf 87' lang='lat' dir='ltr'><strong>subsistentia</strong></span> <span class='ocrx_word' id='word_1_146' title='bbox 1782 1507 1928 1570; x_wconf 88' lang='lat' dir='ltr'><strong>quod</strong></span> <span class='ocrx_word' id='word_1_147' title='bbox 1975 1508 2105 1556; x_wconf 87' lang='lat' dir='ltr'><strong>sub-</strong></span> 
     </span>
    </p>
   </div>
   <div class='ocr_carea' id='block_1_22' title="bbox 448 1575 2099 1633">
    <p class='ocr_par' dir='ltr' id='par_1_22' title="bbox 448 1575 2099 1633">
     <span class='ocr_line' id='line_1_22' title="bbox 448 1575 2099 1633; baseline 0.002 -10"><span class='ocrx_word' id='word_1_148' title='bbox 448 1577 667 1625; x_wconf 82' lang='lat' dir='ltr'><strong>stantia.</strong></span> <span class='ocrx_word' id='word_1_149' title='bbox 731 1576 883 1633; x_wconf 85' lang='lat' dir='ltr'><strong>Quod</strong></span> <span class='ocrx_word' id='word_1_150' title='bbox 942 1590 1005 1624; x_wconf 87' lang='lat' dir='ltr'><strong>ex</strong></span> <span class='ocrx_word' id='word_1_151' title='bbox 1063 1575 1371 1624; x_wconf 77' lang='lat' dir='ltr'><strong>Graecorum</strong></span> <span class='ocrx_word' id='word_1_152' title='bbox 1439 1576 1724 1626; x_wconf 83' lang='lat' dir='ltr'><strong>verborum</strong></span> <span class='ocrx_word' id='word_1_153' title='bbox 1787 1577 2099 1628; x_wconf 83' lang='lat' dir='ltr'><strong>diversitate</strong></span> 
     </span>
    </p>
   </div>
   <div class='ocr_carea' id='block_1_23' title="bbox 2205 355 3776 422">
    <p class='ocr_par' dir='ltr' id='par_1_23' title="bbox 2205 355 3776 422">
     <span class='ocr_line' id='line_1_23' title="bbox 2205 355 3776 422; baseline -0.001 -15"><span class='ocrx_word' id='word_1_154' title='bbox 2205 358 2445 422; x_wconf 88' lang='lat' dir='ltr'><strong>Cumque</strong></span> <span class='ocrx_word' id='word_1_155' title='bbox 2479 361 2642 409; x_wconf 89' lang='lat' dir='ltr'><strong>etiam</strong></span> <span class='ocrx_word' id='word_1_156' title='bbox 2672 360 2837 409; x_wconf 63' lang='lat' dir='ltr'><strong>Graeci</strong></span> <span class='ocrx_word' id='word_1_157' title='bbox 2869 360 3082 409; x_wconf 88' lang='lat' dir='ltr'><strong>easdem</strong></span> <span class='ocrx_word' id='word_1_158' title='bbox 3140 357 3439 407; x_wconf 86' lang='lat' dir='ltr'><strong>individuas</strong></span> <span class='ocrx_word' id='word_1_159' title='bbox 3490 355 3776 410; x_wconf 79' lang='lat' dir='ltr'><strong>substantias.</strong></span> 
     </span>
    </p>
   </div>
   <div class='ocr_carea' id='block_1_24' title="bbox 2205 424 3779 493">
    <p class='ocr_par' dir='ltr' id='par_1_24' title="bbox 2205 424 3779 493">
     <span class='ocr_line' id='line_1_24' title="bbox 2205 424 3779 493; baseline 0 -16"><span class='ocrx_word' id='word_1_160' title='bbox 2205 432 2451 493; x_wconf 82' lang='lat' dir='ltr'><strong>quamvis</strong></span> <span class='ocrx_word' id='word_1_161' title='bbox 2510 445 2618 480; x_wconf 91' lang='lat' dir='ltr'><strong>non</strong></span> <span class='ocrx_word' id='word_1_162' title='bbox 2677 444 2883 487; x_wconf 88' lang='lat' dir='ltr'><strong>omnes,</strong></span> <span class='ocrx_word' id='word_1_163' title='bbox 2943 431 3035 478; x_wconf 89' lang='lat' dir='ltr'><strong>sed</strong></span> <span class='ocrx_word' id='word_1_164' title='bbox 3093 432 3296 478; x_wconf 88' lang='lat' dir='ltr'><strong>tantum</strong></span> <span class='ocrx_word' id='word_1_165' title='bbox 3352 424 3635 485; x_wconf 78' lang='lat' dir='ltr'><strong>rationales,</strong></span> <span class='ocrx_word' id='word_1_166' title='bbox 3675 427 3779 477; x_wconf 86' lang='lat' dir='ltr'><strong>sicut</strong></span> 
     </span>
    </p>
   </div>
   <div class='ocr_carea' id='block_1_25' title="bbox 2205 497 3781 569">
    <p class='ocr_par' dir='ltr' id='par_1_25' title="bbox 2205 497 3781 569">
     <span class='ocr_line' id='line_1_25' title="bbox 2205 497 3781 569; baseline -0.001 -20"><span class='ocrx_word' id='word_1_167' title='bbox 2205 501 2405 550; x_wconf 85' lang='lat' dir='ltr'><strong>dictum</strong></span> <span class='ocrx_word' id='word_1_168' title='bbox 2439 507 2535 560; x_wconf 90' lang='lat' dir='ltr'><strong>est,</strong></span> <span class='ocrx_word' id='word_1_169' title='bbox 2568 504 2634 551; x_wconf 91' lang='lat' dir='ltr'><strong>ab</strong></span> <span class='ocrx_word' id='word_1_170' title='bbox 2682 507 2804 550; x_wconf 89' lang='lat' dir='ltr'><strong>ante</strong></span> <span class='ocrx_word' id='word_1_171' title='bbox 2856 501 3046 551; x_wconf 83' lang='lat' dir='ltr'><strong>faciem</strong></span> <span class='ocrx_word' id='word_1_172' title='bbox 3088 499 3334 564; x_wconf 90' lang='lat' dir='ltr'><strong>ponendo</strong></span> <span class='ocrx_word' id='word_1_173' title='bbox 3363 497 3781 569; x_wconf 54' lang='lat' dir='ltr'><strong>nuncupant-a96-</strong></span> 
     </span>
    </p>
   </div>
   <div class='ocr_carea' id='block_1_26' title="bbox 2205 573 3779 641">
    <p class='ocr_par' dir='ltr' id='par_1_26' title="bbox 2205 573 3779 641">
     <span class='ocr_line' id='line_1_26' title="bbox 2205 573 3779 641; baseline -0.004 -16"><span class='ocrx_word' id='word_1_174' title='bbox 2205 592 2360 625; x_wconf 82' lang='grc' dir='ltr'>σωπα</span> <span class='ocrx_word' id='word_1_175' title='bbox 2386 593 2400 641; x_wconf 85' lang='lat'><strong>;</strong></span> <span class='ocrx_word' id='word_1_176' title='bbox 2427 588 2524 623; x_wconf 91' lang='lat' dir='ltr'><strong>nos</strong></span> <span class='ocrx_word' id='word_1_177' title='bbox 2559 587 2776 635; x_wconf 91' lang='lat' dir='ltr'><strong>quoque</strong></span> <span class='ocrx_word' id='word_1_178' title='bbox 2837 573 3007 621; x_wconf 85' lang='lat' dir='ltr'><strong>Latini</strong></span> <span class='ocrx_word' id='word_1_179' title='bbox 3066 586 3097 620; x_wconf 90' lang='lat' dir='ltr'><strong>a</strong></span> <span class='ocrx_word' id='word_1_180' title='bbox 3147 584 3279 619; x_wconf 85' lang='lat' dir='ltr'><strong>sono</strong></span> <span class='ocrx_word' id='word_1_181' title='bbox 3321 583 3591 633; x_wconf 80' lang='lat' dir='ltr'><strong>possumus</strong></span> <span class='ocrx_word' id='word_1_182' title='bbox 3614 583 3779 641; x_wconf 81' lang='lat' dir='ltr'><strong>nuncu-</strong></span> 
     </span>
    </p>
   </div>
   <div class='ocr_carea' id='block_1_27' title="bbox 2205 638 3782 709">
    <p class='ocr_par' dir='ltr' id='par_1_27' title="bbox 2205 638 3782 709">
     <span class='ocr_line' id='line_1_27' title="bbox 2205 638 3782 709; baseline -0.003 -15"><span class='ocrx_word' id='word_1_183' title='bbox 2205 659 2329 709; x_wconf 90' lang='lat' dir='ltr'><strong>pare</strong></span> <span class='ocrx_word' id='word_1_184' title='bbox 2361 638 2641 709; x_wconf 88' lang='lat' dir='ltr'><strong>personas.</strong></span> <span class='ocrx_word' id='word_1_185' title='bbox 2673 644 2817 694; x_wconf 86' lang='lat' dir='ltr'><strong>Sicut</strong></span> <span class='ocrx_word' id='word_1_186' title='bbox 2849 643 3013 706; x_wconf 80' lang='lat' dir='ltr'><strong>igitur</strong></span> <span class='ocrx_word' id='word_1_187' title='bbox 3054 657 3118 693; x_wconf 88' lang='lat' dir='ltr'><strong>ex</strong></span> <span class='ocrx_word' id='word_1_188' title='bbox 3176 641 3443 705; x_wconf 77' lang='lat' dir='ltr'><strong>prmdictis</strong></span> <span class='ocrx_word' id='word_1_189' title='bbox 3495 638 3782 690; x_wconf 83' lang='lat' dir='ltr'><strong>manifestum</strong></span> 
     </span>
    </p>
   </div>
   <div class='ocr_carea' id='block_1_28' title="bbox 2205 710 3787 778">
    <p class='ocr_par' dir='ltr' id='par_1_28' title="bbox 2205 710 3787 778">
     <span class='ocr_line' id='line_1_28' title="bbox 2205 710 3787 778; baseline -0.003 -13"><span class='ocrx_word' id='word_1_190' title='bbox 2205 721 2301 774; x_wconf 87' lang='lat' dir='ltr'><strong>est,</strong></span> <span class='ocrx_word' id='word_1_191' title='bbox 2329 717 2469 765; x_wconf 89' lang='lat' dir='ltr'><strong>idem</strong></span> <span class='ocrx_word' id='word_1_192' title='bbox 2506 722 2589 765; x_wconf 90' lang='lat' dir='ltr'><strong>est</strong></span> <span class='ocrx_word' id='word_1_193' title='bbox 2618 730 2732 765; x_wconf 87' lang='lat' dir='ltr'><strong>esse</strong></span> <span class='ocrx_word' id='word_1_194' title='bbox 2765 712 2948 768; x_wconf 82' lang='grc' dir='ltr'>οὐσίαν</span> <span class='ocrx_word' id='word_1_195' title='bbox 3008 714 3152 778; x_wconf 89' lang='lat' dir='ltr'><strong>quod</strong></span> <span class='ocrx_word' id='word_1_196' title='bbox 3211 712 3489 763; x_wconf 85' lang='lat' dir='ltr'><strong>essentiam</strong></span> <span class='ocrx_word' id='word_1_197' title='bbox 3520 726 3532 770; x_wconf 87' lang='lat'><strong>;</strong></span> <span class='ocrx_word' id='word_1_198' title='bbox 3577 710 3698 759; x_wconf 87' lang='lat' dir='ltr'><strong>idem</strong></span> <span class='ocrx_word' id='word_1_199' title='bbox 3729 718 3787 761; x_wconf 75' lang='lat' dir='ltr'><strong>est</strong></span> 
     </span>
    </p>
   </div>
   <div class='ocr_carea' id='block_1_29' title="bbox 2204 780 3784 850">
    <p class='ocr_par' dir='ltr' id='par_1_29' title="bbox 2204 780 3784 850">
     <span class='ocr_line' id='line_1_29' title="bbox 2204 780 3784 850; baseline -0.001 -13"><span class='ocrx_word' id='word_1_200' title='bbox 2204 801 2321 837; x_wconf 88' lang='lat' dir='ltr'><strong>esse</strong></span> <span class='ocrx_word' id='word_1_201' title='bbox 2352 784 2608 840; x_wconf 80' lang='grc' dir='ltr'>οὐσίωσιν</span> <span class='ocrx_word' id='word_1_202' title='bbox 2642 788 2786 850; x_wconf 93' lang='lat' dir='ltr'><strong>quod</strong></span> <span class='ocrx_word' id='word_1_203' title='bbox 2818 786 3258 844; x_wconf 86' lang='lat' dir='ltr'><strong>subsistentiam;</strong></span> <span class='ocrx_word' id='word_1_204' title='bbox 3292 783 3433 833; x_wconf 88' lang='lat' dir='ltr'><strong>idem</strong></span> <span class='ocrx_word' id='word_1_205' title='bbox 3464 796 3573 831; x_wconf 87' lang='lat' dir='ltr'><strong>esse</strong></span> <span class='ocrx_word' id='word_1_206' title='bbox 3600 780 3784 835; x_wconf 77' lang='grc' dir='ltr'>ὑπόστα-</span> 
     </span>
    </p>
   </div>
   <div class='ocr_carea' id='block_1_30' title="bbox 2205 852 3787 926">
    <p class='ocr_par' dir='ltr' id='par_1_30' title="bbox 2205 852 3787 926">
     <span class='ocr_line' id='line_1_30' title="bbox 2205 852 3787 926; baseline -0.006 -14"><span class='ocrx_word' id='word_1_207' title='bbox 2205 879 2285 912; x_wconf 97' lang='grc' dir='ltr'><strong>σιν</strong></span> <span class='ocrx_word' id='word_1_208' title='bbox 2346 859 2491 923; x_wconf 91' lang='lat' dir='ltr'><strong>quod</strong></span> <span class='ocrx_word' id='word_1_209' title='bbox 2549 857 2940 918; x_wconf 84' lang='lat' dir='ltr'><strong>substantiam;</strong></span> <span class='ocrx_word' id='word_1_210' title='bbox 2997 856 3142 907; x_wconf 90' lang='lat' dir='ltr'><strong>idem</strong></span> <span class='ocrx_word' id='word_1_211' title='bbox 3192 868 3305 905; x_wconf 85' lang='lat' dir='ltr'><strong>esse</strong></span> <span class='ocrx_word' id='word_1_212' title='bbox 3351 852 3631 926; x_wconf 83' lang='grc' dir='ltr'>πρόσωπον</span> <span class='ocrx_word' id='word_1_213' title='bbox 3678 854 3787 917; x_wconf 85' lang='lat' dir='ltr'><strong>quod</strong></span> 
     </span>
    </p>
   </div>
   <div class='ocr_carea' id='block_1_31' title="bbox 2204 944 2513 994">
    <p class='ocr_par' dir='ltr' id='par_1_31' title="bbox 2204 944 2513 994">
     <span class='ocr_line' id='line_1_31' title="bbox 2204 944 2513 994; baseline 0.003 -15"><span class='ocrx_word' id='word_1_214' title='bbox 2204 944 2513 994; x_wconf 86' lang='lat' dir='ltr'><strong>personam.</strong></span> 
     </span>
    </p>
   </div>
   <div class='ocr_carea' id='block_1_32' title="bbox 2270 996 3789 1068">
    <p class='ocr_par' dir='ltr' id='par_1_32' title="bbox 2270 996 3789 1068">
     <span class='ocr_line' id='line_1_32' title="bbox 2270 996 3789 1068; baseline -0.003 -18"><span class='ocrx_word' id='word_1_215' title='bbox 2270 1002 2437 1062; x_wconf 80' lang='lat' dir='ltr'><strong>Quare</strong></span> <span class='ocrx_word' id='word_1_216' title='bbox 2465 1005 2653 1060; x_wconf 80' lang='lat' dir='ltr'><strong>autem,</strong></span> <span class='ocrx_word' id='word_1_217' title='bbox 2687 1000 2811 1068; x_wconf 90' lang='lat' dir='ltr'><strong>etc.]</strong></span> <span class='ocrx_word' id='word_1_218' title='bbox 2859 999 3008 1059; x_wconf 89' lang='lat' dir='ltr'><strong>Quod</strong></span> <span class='ocrx_word' id='word_1_219' title='bbox 3062 999 3282 1063; x_wconf 89' lang='lat' dir='ltr'><strong>peritior</strong></span> <span class='ocrx_word' id='word_1_220' title='bbox 3326 1010 3625 1068; x_wconf 79' lang='lat' dir='ltr'><strong>sermonum</strong></span> <span class='ocrx_word' id='word_1_221' title='bbox 3676 996 3789 1046; x_wconf 74' lang='lat' dir='ltr'><strong>Gre-</strong></span> 
     </span>
    </p>
   </div>
   <div class='ocr_carea' id='block_1_33' title="bbox 2205 1066 3788 1132">
    <p class='ocr_par' dir='ltr' id='par_1_33' title="bbox 2205 1066 3788 1132">
     <span class='ocr_line' id='line_1_33' title="bbox 2205 1066 3788 1132; baseline -0.006 -9"><span class='ocrx_word' id='word_1_222' title='bbox 2205 1072 2304 1129; x_wconf 85' lang='lat' dir='ltr'><strong>cia,</strong></span> <span class='ocrx_word' id='word_1_223' title='bbox 2341 1086 2449 1122; x_wconf 91' lang='lat' dir='ltr'><strong>non</strong></span> <span class='ocrx_word' id='word_1_224' title='bbox 2483 1073 2643 1122; x_wconf 90' lang='lat' dir='ltr'><strong>modo</strong></span> <span class='ocrx_word' id='word_1_225' title='bbox 2679 1066 3013 1132; x_wconf 81' lang='lat' dir='ltr'><strong>rationalem,</strong></span> <span class='ocrx_word' id='word_1_226' title='bbox 3045 1084 3232 1120; x_wconf 89' lang='lat' dir='ltr'><strong>verum</strong></span> <span class='ocrx_word' id='word_1_227' title='bbox 3281 1070 3443 1118; x_wconf 89' lang='lat' dir='ltr'><strong>etiam</strong></span> <span class='ocrx_word' id='word_1_228' title='bbox 3482 1066 3788 1116; x_wconf 81' lang='lat' dir='ltr'><strong>irrationalem</strong></span> 
     </span>
    </p>
   </div>
   <div class='ocr_carea' id='block_1_34' title="bbox 2204 1139 3789 1203">
    <p class='ocr_par' dir='ltr' id='par_1_34' title="bbox 2204 1139 3789 1203">
     <span class='ocr_line' id='line_1_34' title="bbox 2204 1139 3789 1203; baseline -0.003 -10"><span class='ocrx_word' id='word_1_229' title='bbox 2204 1144 2541 1194; x_wconf 86' lang='lat' dir='ltr'><strong>individuam</strong></span> <span class='ocrx_word' id='word_1_230' title='bbox 2600 1144 2957 1194; x_wconf 87' lang='lat' dir='ltr'><strong>substantiam</strong></span> <span class='ocrx_word' id='word_1_231' title='bbox 3020 1146 3170 1192; x_wconf 79' lang='lat' dir='ltr'><strong>vocet</strong></span> <span class='ocrx_word' id='word_1_232' title='bbox 3201 1139 3515 1203; x_wconf 80' lang='grc' dir='ltr'><strong>ὑπόστασιν,</strong></span> <span class='ocrx_word' id='word_1_233' title='bbox 3554 1153 3583 1188; x_wconf 88' lang='lat' dir='ltr'><strong>a</strong></span> <span class='ocrx_word' id='word_1_234' title='bbox 3631 1140 3789 1189; x_wconf 71' lang='lat' dir='ltr'><strong>caeteris</strong></span> 
     </span>
    </p>
   </div>
   <div class='ocr_carea' id='block_1_35' title="bbox 2205 1210 3789 1280">
    <p class='ocr_par' dir='ltr' id='par_1_35' title="bbox 2205 1210 3789 1280">
     <span class='ocr_line' id='line_1_35' title="bbox 2205 1210 3789 1280; baseline -0.002 -14"><span class='ocrx_word' id='word_1_235' title='bbox 2205 1230 2327 1280; x_wconf 65' lang='lat' dir='ltr'><strong>quae</strong></span> <span class='ocrx_word' id='word_1_236' title='bbox 2380 1216 2604 1266; x_wconf 88' lang='lat' dir='ltr'><strong>aliorum</strong></span> <span class='ocrx_word' id='word_1_237' title='bbox 2655 1217 2933 1265; x_wconf 84' lang='lat' dir='ltr'><strong>nominum</strong></span> <span class='ocrx_word' id='word_1_238' title='bbox 2992 1218 3123 1263; x_wconf 89' lang='lat' dir='ltr'><strong>sunt</strong></span> <span class='ocrx_word' id='word_1_239' title='bbox 3175 1214 3337 1263; x_wconf 87' lang='lat' dir='ltr'><strong>rebus</strong></span> <span class='ocrx_word' id='word_1_240' title='bbox 3413 1224 3530 1260; x_wconf 88' lang='lat' dir='ltr'><strong>eam</strong></span> <span class='ocrx_word' id='word_1_241' title='bbox 3581 1210 3789 1263; x_wconf 59' lang='lat' dir='ltr'><strong>dividens,</strong></span> 
     </span>
    </p>
   </div>
   <div class='ocr_carea' id='block_1_36' title="bbox 2206 1281 3790 1353">
    <p class='ocr_par' dir='ltr' id='par_1_36' title="bbox 2206 1281 3790 1353">
     <span class='ocr_line' id='line_1_36' title="bbox 2206 1281 3790 1353; baseline -0.004 -16"><span class='ocrx_word' id='word_1_242' title='bbox 2206 1289 2377 1353; x_wconf 85' lang='lat' dir='ltr'><strong>ipsius</strong></span> <span class='ocrx_word' id='word_1_243' title='bbox 2407 1288 2645 1339; x_wconf 88' lang='lat' dir='ltr'><strong>nominis</strong></span> <span class='ocrx_word' id='word_1_244' title='bbox 2700 1289 2753 1337; x_wconf 90' lang='lat' dir='ltr'><strong>vi</strong></span> <span class='ocrx_word' id='word_1_245' title='bbox 2802 1293 2855 1338; x_wconf 91' lang='lat' dir='ltr'><strong>et</strong></span> <span class='ocrx_word' id='word_1_246' title='bbox 2909 1289 3236 1351; x_wconf 85' lang='lat' dir='ltr'><strong>proprietate</strong></span> <span class='ocrx_word' id='word_1_247' title='bbox 3291 1283 3547 1341; x_wconf 84' lang='lat' dir='ltr'><strong>ostendit,</strong></span> <span class='ocrx_word' id='word_1_248' title='bbox 3589 1281 3790 1353; x_wconf 77' lang='lat' dir='ltr'><strong>quoniam</strong></span> 
     </span>
    </p>
   </div>
   <div class='ocr_carea' id='block_1_37' title="bbox 2204 1352 3788 1417">
    <p class='ocr_par' dir='ltr' id='par_1_37' title="bbox 2204 1352 3788 1417">
     <span class='ocr_line' id='line_1_37' title="bbox 2204 1352 3788 1417; baseline -0.006 -8"><span class='ocrx_word' id='word_1_249' title='bbox 2204 1352 2456 1411; x_wconf 84' lang='lat' dir='ltr'><strong>videlicet</strong></span> <span class='ocrx_word' id='word_1_250' title='bbox 2481 1375 2513 1409; x_wconf 91' lang='lat' dir='ltr'><strong>a</strong></span> <span class='ocrx_word' id='word_1_251' title='bbox 2545 1360 2861 1415; x_wconf 86' lang='lat' dir='ltr'><strong>substando.</strong></span> <span class='ocrx_word' id='word_1_252' title='bbox 2892 1363 2945 1408; x_wconf 91' lang='lat' dir='ltr'><strong>et</strong></span> <span class='ocrx_word' id='word_1_253' title='bbox 2990 1358 3210 1408; x_wconf 74' lang='lat' dir='ltr'><strong>Graecus</strong></span> <span class='ocrx_word' id='word_1_254' title='bbox 3265 1354 3579 1417; x_wconf 69' lang='grc' dir='ltr'>ὑπόστασιν,</span> <span class='ocrx_word' id='word_1_255' title='bbox 3608 1358 3653 1402; x_wconf 84' lang='lat' dir='ltr'><strong>et</strong></span> <span class='ocrx_word' id='word_1_256' title='bbox 3682 1352 3788 1401; x_wconf 74' lang='lat' dir='ltr'><strong>Lati-</strong></span> 
     </span>
    </p>
   </div>
   <div class='ocr_carea' id='block_1_38' title="bbox 2206 1424 3795 1490">
    <p class='ocr_par' dir='ltr' id='par_1_38' title="bbox 2206 1424 3795 1490">
     <span class='ocr_line' id='line_1_38' title="bbox 2206 1424 3795 1490; baseline -0.006 -8"><span class='ocrx_word' id='word_1_257' title='bbox 2206 1448 2308 1483; x_wconf 90' lang='lat' dir='ltr'><strong>nus</strong></span> <span class='ocrx_word' id='word_1_258' title='bbox 2338 1433 2695 1482; x_wconf 86' lang='lat' dir='ltr'><strong>substantiam</strong></span> <span class='ocrx_word' id='word_1_259' title='bbox 2745 1431 2905 1480; x_wconf 87' lang='lat' dir='ltr'><strong>dicat.</strong></span> <span class='ocrx_word' id='word_1_260' title='bbox 2972 1431 3133 1479; x_wconf 84' lang='lat' dir='ltr'><strong>Recte</strong></span> <span class='ocrx_word' id='word_1_261' title='bbox 3182 1429 3388 1487; x_wconf 88' lang='lat' dir='ltr'><strong>utique,</strong></span> <span class='ocrx_word' id='word_1_262' title='bbox 3422 1426 3659 1490; x_wconf 88' lang='lat' dir='ltr'><strong>quoniam</strong></span> <span class='ocrx_word' id='word_1_263' title='bbox 3693 1424 3795 1473; x_wconf 81' lang='lat' dir='ltr'><strong>sicut</strong></span> 
     </span>
    </p>
   </div>
   <div class='ocr_carea' id='block_1_39' title="bbox 2205 1496 3792 1559">
    <p class='ocr_par' dir='ltr' id='par_1_39' title="bbox 2205 1496 3792 1559">
     <span class='ocr_line' id='line_1_39' title="bbox 2205 1496 3792 1559; baseline -0.007 -5"><span class='ocrx_word' id='word_1_264' title='bbox 2205 1504 2505 1559; x_wconf 88' lang='lat' dir='ltr'><strong>rationalis,</strong></span> <span class='ocrx_word' id='word_1_265' title='bbox 2542 1504 2613 1552; x_wconf 88' lang='lat' dir='ltr'><strong>ita</strong></span> <span class='ocrx_word' id='word_1_266' title='bbox 2643 1509 2698 1552; x_wconf 86' lang='lat' dir='ltr'><strong>et</strong></span> <span class='ocrx_word' id='word_1_267' title='bbox 2730 1500 3059 1551; x_wconf 87' lang='lat' dir='ltr'><strong>irrationalis</strong></span> <span class='ocrx_word' id='word_1_268' title='bbox 3108 1498 3401 1553; x_wconf 77' lang='grc' dir='ltr'>ὑπόστασιν</span> <span class='ocrx_word' id='word_1_269' title='bbox 3448 1498 3560 1546; x_wconf 89' lang='lat' dir='ltr'><strong>sive</strong></span> <span class='ocrx_word' id='word_1_270' title='bbox 3602 1496 3792 1545; x_wconf 79' lang='lat' dir='ltr'><strong>substan-</strong></span> 
     </span>
    </p>
   </div>
   <div class='ocr_carea' id='block_1_40' title="bbox 2206 1568 3795 1638">
    <p class='ocr_par' dir='ltr' id='par_1_40' title="bbox 2206 1568 3795 1638">
     <span class='ocr_line' id='line_1_40' title="bbox 2206 1568 3795 1638; baseline -0.008 -12"><span class='ocrx_word' id='word_1_271' title='bbox 2206 1576 2282 1626; x_wconf 91' lang='lat' dir='ltr'><strong>tia</strong></span> <span class='ocrx_word' id='word_1_272' title='bbox 2311 1576 2395 1625; x_wconf 87' lang='lat' dir='ltr'><strong>bis</strong></span> <span class='ocrx_word' id='word_1_273' title='bbox 2421 1588 2540 1638; x_wconf 66' lang='lat' dir='ltr'><strong>quae</strong></span> <span class='ocrx_word' id='word_1_274' title='bbox 2569 1575 2621 1623; x_wconf 91' lang='lat' dir='ltr'><strong>in</strong></span> <span class='ocrx_word' id='word_1_275' title='bbox 2649 1588 2704 1623; x_wconf 89' lang='lat' dir='ltr'><strong>se</strong></span> <span class='ocrx_word' id='word_1_276' title='bbox 2746 1573 2833 1623; x_wconf 87' lang='lat' dir='ltr'><strong>vel</strong></span> <span class='ocrx_word' id='word_1_277' title='bbox 2888 1572 3049 1622; x_wconf 80' lang='lat' dir='ltr'><strong>afﬁxa</strong></span> <span class='ocrx_word' id='word_1_278' title='bbox 3105 1572 3444 1621; x_wconf 79' lang='lat' dir='ltr'><strong>extrinsecus</strong></span> <span class='ocrx_word' id='word_1_279' title='bbox 3497 1568 3647 1618; x_wconf 88' lang='lat' dir='ltr'><strong>habet</strong></span> <span class='ocrx_word' id='word_1_280' title='bbox 3691 1568 3795 1615; x_wconf 85' lang='lat' dir='ltr'><strong>acci-</strong></span> 
     </span>
    </p>
   </div>
   <div class='ocr_carea' id='block_1_41' title="bbox 447 1640 3796 1720">
    <p class='ocr_par' dir='ltr' id='par_1_41' title="bbox 447 1640 3796 1720">
     <span class='ocr_line' id='line_1_41' title="bbox 447 1640 3796 1720; baseline -0.003 -25"><span class='ocrx_word' id='word_1_281' title='bbox 447 1653 645 1720; x_wconf 79' lang='lat' dir='ltr'><strong>potest_</strong></span> <span class='ocrx_word' id='word_1_282' title='bbox 683 1648 928 1711; x_wconf 79' lang='lat' dir='ltr'><strong>intelligi.</strong></span> <span class='ocrx_word' id='word_1_283' title='bbox 967 1646 1098 1720; x_wconf 81' lang='lat' dir='ltr'><strong>Nam</strong></span> <span class='ocrx_word' id='word_1_284' title='bbox 1148 1648 1289 1711; x_wconf 91' lang='lat' dir='ltr'><strong>quod</strong></span> <span class='ocrx_word' id='word_1_285' title='bbox 1328 1646 1523 1720; x_wconf 12' lang='lat' dir='ltr'><strong>iGrasci</strong></span> <span class='ocrx_word' id='word_1_286' title='bbox 1582 1648 1770 1698; x_wconf 90' lang='lat' dir='ltr'><strong>dicunt</strong></span> <span class='ocrx_word' id='word_1_287' title='bbox 1820 1646 2098 1720; x_wconf 80' lang='grc' dir='ltr'>οὐσίωσιν,</span> <span class='ocrx_word' id='word_1_288' title='bbox 2130 1640 2176 1705; x_wconf 90' lang='grc' dir='ltr'>Β</span> <span class='ocrx_word' id='word_1_289' title='bbox 2207 1649 2489 1720; x_wconf 11' lang='lat' dir='ltr'><strong>dentibus;</strong></span> <span class='ocrx_word' id='word_1_290' title='bbox 2518 1646 2726 1720; x_wconf 77' lang='lat' dir='ltr'><strong>substet</strong></span> <span class='ocrx_word' id='word_1_291' title='bbox 2757 1657 2769 1694; x_wconf 93' lang='lat'><strong>:</strong></span> <span class='ocrx_word' id='word_1_292' title='bbox 2799 1649 3016 1720; x_wconf 41' lang='lat' dir='ltr'><strong>.postea</strong></span> <span class='ocrx_word' id='word_1_293' title='bbox 3076 1647 3255 1693; x_wconf 89' lang='lat' dir='ltr'><strong>tamen</strong></span> <span class='ocrx_word' id='word_1_294' title='bbox 3333 1640 3480 1720; x_wconf 85' lang='lat' dir='ltr'><strong>idem</strong></span> <span class='ocrx_word' id='word_1_295' title='bbox 3548 1651 3747 1720; x_wconf 35' lang='lat' dir='ltr'><strong>nomen.</strong></span> <span class='ocrx_word' id='word_1_296' title='bbox 3773 1651 3796 1685; x_wconf 79' lang='grc' dir='ltr'>ι</span> 
     </span>
    </p>
   </div>
   <div class='ocr_carea' id='block_1_42' title="bbox 986 1718 2095 1771">
    <p class='ocr_par' dir='ltr' id='par_1_42' title="bbox 986 1718 2095 1771">
     <span class='ocr_line' id='line_1_42' title="bbox 986 1718 2095 1771; baseline 0.004 -5"><span class='ocrx_word' id='word_1_297' title='bbox 986 1718 1039 1768; x_wconf 91' lang='lat' dir='ltr'><strong>id</strong></span> <span class='ocrx_word' id='word_1_298' title='bbox 1103 1733 1199 1768; x_wconf 83' lang='lat' dir='ltr'><strong>nos</strong></span> <span class='ocrx_word' id='word_1_299' title='bbox 1258 1719 1609 1770; x_wconf 83' lang='lat' dir='ltr'><strong>substantiam</strong></span> <span class='ocrx_word' id='word_1_300' title='bbox 1658 1720 1743 1769; x_wconf 85' lang='lat' dir='ltr'><strong>vel</strong></span> <span class='ocrx_word' id='word_1_301' title='bbox 1802 1718 2095 1771; x_wconf 80' lang='lat' dir='ltr'><strong>subsistere</strong></span> 
     </span>
    </p>
   </div>
   <div class='ocr_carea' id='block_1_43' title="bbox 446 1787 2094 1866">
    <p class='ocr_par' dir='ltr' id='par_1_43' title="bbox 446 1787 2094 1866">
     <span class='ocr_line' id='line_1_43' title="bbox 446 1787 2094 1866; baseline 0.004 -29"><span class='ocrx_word' id='word_1_302' title='bbox 446 1791 805 1866; x_wconf 52' lang='lat' dir='ltr'><strong>appellamus:</strong></span> <span class='ocrx_word' id='word_1_303' title='bbox 838 1790 987 1866; x_wconf 81' lang='lat' dir='ltr'><strong>Quod</strong></span> <span class='ocrx_word' id='word_1_304' title='bbox 1022 1804 1147 1839; x_wconf 90' lang='lat' dir='ltr'><strong>vero</strong></span> <span class='ocrx_word' id='word_1_305' title='bbox 1174 1790 1251 1866; x_wconf 76' lang='lat' dir='ltr'><strong>illi</strong></span> <span class='ocrx_word' id='word_1_306' title='bbox 1289 1787 1577 1866; x_wconf 78' lang='grc' dir='ltr'>ὑπόστασιν</span> <span class='ocrx_word' id='word_1_307' title='bbox 1628 1791 1711 1839; x_wconf 90' lang='lat' dir='ltr'><strong>vel</strong></span> <span class='ocrx_word' id='word_1_308' title='bbox 1756 1789 2094 1866; x_wconf 64' lang='grc' dir='ltr'>ὑφίστασθαι,</span> 
     </span>
    </p>
   </div>
   <div class='ocr_carea' id='block_1_44' title="bbox 445 1860 2095 1926">
    <p class='ocr_par' dir='ltr' id='par_1_44' title="bbox 445 1860 2095 1926">
     <span class='ocr_line' id='line_1_44' title="bbox 445 1860 2095 1926; baseline 0.003 -19"><span class='ocrx_word' id='word_1_309' title='bbox 445 1860 499 1907; x_wconf 90' lang='lat' dir='ltr'><strong>id</strong></span> <span class='ocrx_word' id='word_1_310' title='bbox 560 1874 659 1910; x_wconf 92' lang='lat' dir='ltr'><strong>nos</strong></span> <span class='ocrx_word' id='word_1_311' title='bbox 722 1861 1077 1910; x_wconf 78' lang='lat' dir='ltr'><strong>substantiam</strong></span> <span class='ocrx_word' id='word_1_312' title='bbox 1159 1861 1247 1909; x_wconf 87' lang='lat' dir='ltr'><strong>vel</strong></span> <span class='ocrx_word' id='word_1_313' title='bbox 1333 1861 1579 1912; x_wconf 89' lang='lat' dir='ltr'><strong>substare</strong></span> <span class='ocrx_word' id='word_1_314' title='bbox 1650 1860 2095 1926; x_wconf 83' lang='lat' dir='ltr'><strong>interpretamur.</strong></span> 
     </span>
    </p>
   </div>
   <div class='ocr_carea' id='block_1_45' title="bbox 443 1930 2095 1995">
    <p class='ocr_par' dir='ltr' id='par_1_45' title="bbox 443 1930 2095 1995">
     <span class='ocr_line' id='line_1_45' title="bbox 443 1930 2095 1995; baseline 0.002 -16"><span class='ocrx_word' id='word_1_315' title='bbox 443 1930 509 1979; x_wconf 92' lang='lat' dir='ltr'><strong>Et</strong></span> <span class='ocrx_word' id='word_1_316' title='bbox 566 1946 736 1995; x_wconf 89' lang='lat' dir='ltr'><strong>quare</strong></span> <span class='ocrx_word' id='word_1_317' title='bbox 800 1933 929 1982; x_wconf 89' lang='lat' dir='ltr'><strong>illud</strong></span> <span class='ocrx_word' id='word_1_318' title='bbox 1006 1932 1406 1983; x_wconf 88' lang='lat' dir='ltr'><strong>subsistentiam</strong></span> <span class='ocrx_word' id='word_1_319' title='bbox 1484 1935 1570 1983; x_wconf 87' lang='lat' dir='ltr'><strong>vel</strong></span> <span class='ocrx_word' id='word_1_320' title='bbox 1628 1932 1680 1983; x_wconf 90' lang='lat' dir='ltr'><strong>id</strong></span> <span class='ocrx_word' id='word_1_321' title='bbox 1736 1935 2095 1984; x_wconf 85' lang='lat' dir='ltr'><strong>substantiam</strong></span> 
     </span>
    </p>
   </div>
   <div class='ocr_carea' id='block_1_46' title="bbox 444 2003 2095 2069">
    <p class='ocr_par' dir='ltr' id='par_1_46' title="bbox 444 2003 2095 2069">
     <span class='ocr_line' id='line_1_46' title="bbox 444 2003 2095 2069; baseline 0.003 -17"><span class='ocrx_word' id='word_1_322' title='bbox 444 2003 705 2067; x_wconf 83' lang='lat' dir='ltr'><strong>dicamus,</strong></span> <span class='ocrx_word' id='word_1_323' title='bbox 755 2007 1015 2054; x_wconf 89' lang='lat' dir='ltr'><strong>rationem</strong></span> <span class='ocrx_word' id='word_1_324' title='bbox 1072 2005 1367 2069; x_wconf 85' lang='lat' dir='ltr'><strong>subjuugit.</strong></span> <span class='ocrx_word' id='word_1_325' title='bbox 1427 2006 1684 2057; x_wconf 86' lang='lat' dir='ltr'><strong>Subsistit</strong></span> <span class='ocrx_word' id='word_1_326' title='bbox 1740 2010 1882 2056; x_wconf 91' lang='lat' dir='ltr'><strong>enim</strong></span> <span class='ocrx_word' id='word_1_327' title='bbox 1942 2008 2095 2069; x_wconf 82' lang='lat' dir='ltr'><strong>illud,</strong></span> 
     </span>
    </p>
   </div>
   <div class='ocr_carea' id='block_1_47' title="bbox 445 2075 2101 2141">
    <p class='ocr_par' dir='ltr' id='par_1_47' title="bbox 445 2075 2101 2141">
     <span class='ocr_line' id='line_1_47' title="bbox 445 2075 2101 2141; baseline 0.001 -16"><span class='ocrx_word' id='word_1_328' title='bbox 445 2080 499 2125; x_wconf 88' lang='lat' dir='ltr'><strong>et</strong></span> <span class='ocrx_word' id='word_1_329' title='bbox 527 2081 758 2139; x_wconf 79' lang='lat' dir='ltr'><strong>quadam</strong></span> <span class='ocrx_word' id='word_1_330' title='bbox 790 2075 996 2125; x_wconf 85' lang='lat' dir='ltr'><strong>ratione</strong></span> <span class='ocrx_word' id='word_1_331' title='bbox 1030 2080 1114 2125; x_wconf 86' lang='lat' dir='ltr'><strong>est</strong></span> <span class='ocrx_word' id='word_1_332' title='bbox 1144 2091 1240 2140; x_wconf 89' lang='lat' dir='ltr'><strong>per</strong></span> <span class='ocrx_word' id='word_1_333' title='bbox 1274 2091 1346 2134; x_wconf 88' lang='lat' dir='ltr'><strong>se,</strong></span> <span class='ocrx_word' id='word_1_334' title='bbox 1375 2079 1518 2140; x_wconf 92' lang='lat' dir='ltr'><strong>quod</strong></span> <span class='ocrx_word' id='word_1_335' title='bbox 1570 2092 1678 2127; x_wconf 91' lang='lat' dir='ltr'><strong>non</strong></span> <span class='ocrx_word' id='word_1_336' title='bbox 1720 2077 1929 2141; x_wconf 83' lang='lat' dir='ltr'><strong>indiget</strong></span> <span class='ocrx_word' id='word_1_337' title='bbox 1958 2080 2101 2128; x_wconf 89' lang='lat' dir='ltr'><strong>acci-</strong></span> 
     </span>
    </p>
   </div>
   <div class='ocr_carea' id='block_1_48' title="bbox 445 2147 2100 2216">
    <p class='ocr_par' dir='ltr' id='par_1_48' title="bbox 445 2147 2100 2216">
     <span class='ocr_line' id='line_1_48' title="bbox 445 2147 2100 2216; baseline 0.002 -19"><span class='ocrx_word' id='word_1_338' title='bbox 445 2147 698 2198; x_wconf 83' lang='lat' dir='ltr'><strong>dentibus</strong></span> <span class='ocrx_word' id='word_1_339' title='bbox 753 2155 811 2198; x_wconf 94' lang='lat' dir='ltr'><strong>ut</strong></span> <span class='ocrx_word' id='word_1_340' title='bbox 864 2164 979 2198; x_wconf 88' lang='lat' dir='ltr'><strong>esse</strong></span> <span class='ocrx_word' id='word_1_341' title='bbox 1041 2150 1247 2213; x_wconf 87' lang='lat' dir='ltr'><strong>possit;</strong></span> <span class='ocrx_word' id='word_1_342' title='bbox 1299 2148 1407 2198; x_wconf 91' lang='lat' dir='ltr'><strong>imo</strong></span> <span class='ocrx_word' id='word_1_343' title='bbox 1466 2150 1786 2211; x_wconf 86' lang='lat' dir='ltr'><strong>accidentia,</strong></span> <span class='ocrx_word' id='word_1_344' title='bbox 1833 2166 1895 2202; x_wconf 91' lang='lat' dir='ltr'><strong>eo</strong></span> <span class='ocrx_word' id='word_1_345' title='bbox 1953 2151 2100 2216; x_wconf 90' lang='lat' dir='ltr'><strong>quod</strong></span> 
     </span>
    </p>
   </div>
   <div class='ocr_carea' id='block_1_49' title="bbox 444 2220 2099 2284">
    <p class='ocr_par' dir='ltr' id='par_1_49' title="bbox 444 2220 2099 2284">
     <span class='ocr_line' id='line_1_49' title="bbox 444 2220 2099 2284; baseline 0.002 -14"><span class='ocrx_word' id='word_1_346' title='bbox 444 2222 539 2271; x_wconf 86' lang='lat' dir='ltr'><strong>hac</strong></span> <span class='ocrx_word' id='word_1_347' title='bbox 576 2224 781 2270; x_wconf 88' lang='lat' dir='ltr'><strong>ratione</strong></span> <span class='ocrx_word' id='word_1_348' title='bbox 839 2220 1134 2271; x_wconf 82' lang='lat' dir='ltr'><strong>subsistere</strong></span> <span class='ocrx_word' id='word_1_349' title='bbox 1192 2225 1245 2270; x_wconf 88' lang='lat' dir='ltr'><strong>et</strong></span> <span class='ocrx_word' id='word_1_350' title='bbox 1289 2236 1384 2284; x_wconf 90' lang='lat' dir='ltr'><strong>per</strong></span> <span class='ocrx_word' id='word_1_351' title='bbox 1432 2236 1486 2271; x_wconf 89' lang='lat' dir='ltr'><strong>se</strong></span> <span class='ocrx_word' id='word_1_352' title='bbox 1536 2238 1651 2272; x_wconf 89' lang='lat' dir='ltr'><strong>esse</strong></span> <span class='ocrx_word' id='word_1_353' title='bbox 1700 2222 1916 2283; x_wconf 92' lang='lat' dir='ltr'><strong>dicitur,</strong></span> <span class='ocrx_word' id='word_1_354' title='bbox 1965 2225 2099 2274; x_wconf 85' lang='lat' dir='ltr'><strong>adeo</strong></span> 
     </span>
    </p>
   </div>
   <div class='ocr_carea' id='block_1_50' title="bbox 444 2291 2098 2359">
    <p class='ocr_par' dir='ltr' id='par_1_50' title="bbox 444 2291 2098 2359">
     <span class='ocr_line' id='line_1_50' title="bbox 444 2291 2098 2359; baseline 0.002 -18"><span class='ocrx_word' id='word_1_355' title='bbox 444 2292 723 2353; x_wconf 76' lang='lat' dir='ltr'><strong>indigent,</strong></span> <span class='ocrx_word' id='word_1_356' title='bbox 756 2294 900 2356; x_wconf 91' lang='lat' dir='ltr'><strong>quod</strong></span> <span class='ocrx_word' id='word_1_357' title='bbox 936 2291 1037 2341; x_wconf 83' lang='lat' dir='ltr'><strong>nisi</strong></span> <span class='ocrx_word' id='word_1_358' title='bbox 1073 2293 1162 2340; x_wconf 90' lang='lat' dir='ltr'><strong>illa</strong></span> <span class='ocrx_word' id='word_1_359' title='bbox 1191 2292 1386 2349; x_wconf 88' lang='lat' dir='ltr'><strong>adsint,</strong></span> <span class='ocrx_word' id='word_1_360' title='bbox 1434 2293 1565 2342; x_wconf 90' lang='lat' dir='ltr'><strong>nulli</strong></span> <span class='ocrx_word' id='word_1_361' title='bbox 1617 2295 1795 2345; x_wconf 85' lang='lat' dir='ltr'><strong>inesse</strong></span> <span class='ocrx_word' id='word_1_362' title='bbox 1851 2300 2098 2359; x_wconf 88' lang='lat' dir='ltr'><strong>possunt.</strong></span> 
     </span>
    </p>
   </div>
   <div class='ocr_carea' id='block_1_51' title="bbox 446 2363 2101 2427">
    <p class='ocr_par' dir='ltr' id='par_1_51' title="bbox 446 2363 2101 2427">
     <span class='ocr_line' id='line_1_51' title="bbox 446 2363 2101 2427; baseline 0.003 -16"><span class='ocrx_word' id='word_1_363' title='bbox 446 2365 615 2411; x_wconf 86' lang='lat' dir='ltr'><strong>Omne</strong></span> <span class='ocrx_word' id='word_1_364' title='bbox 674 2365 869 2412; x_wconf 89' lang='lat' dir='ltr'><strong>etenim</strong></span> <span class='ocrx_word' id='word_1_365' title='bbox 920 2364 1187 2420; x_wconf 88' lang='lat' dir='ltr'><strong>accidens,</strong></span> <span class='ocrx_word' id='word_1_366' title='bbox 1238 2363 1465 2427; x_wconf 88' lang='lat' dir='ltr'><strong>alicujus</strong></span> <span class='ocrx_word' id='word_1_367' title='bbox 1513 2363 1885 2416; x_wconf 72' lang='lat' dir='ltr'><strong>subsistentia:</strong></span> <span class='ocrx_word' id='word_1_368' title='bbox 1948 2367 2101 2416; x_wconf 89' lang='lat' dir='ltr'><strong>addi-</strong></span> 
     </span>
    </p>
   </div>
   <div class='ocr_carea' id='block_1_52' title="bbox 447 2435 2098 2503">
    <p class='ocr_par' dir='ltr' id='par_1_52' title="bbox 447 2435 2098 2503">
     <span class='ocr_line' id='line_1_52' title="bbox 447 2435 2098 2503; baseline 0.003 -19"><span class='ocrx_word' id='word_1_369' title='bbox 447 2440 557 2484; x_wconf 92' lang='lat' dir='ltr'><strong>tum</strong></span> <span class='ocrx_word' id='word_1_370' title='bbox 592 2441 671 2485; x_wconf 79' lang='lat' dir='ltr'><strong>est</strong></span> <span class='ocrx_word' id='word_1_371' title='bbox 700 2435 989 2499; x_wconf 85' lang='lat' dir='ltr'><strong>potestati;</strong></span> <span class='ocrx_word' id='word_1_372' title='bbox 1023 2440 1075 2484; x_wconf 89' lang='lat' dir='ltr'><strong>et</strong></span> <span class='ocrx_word' id='word_1_373' title='bbox 1104 2436 1226 2485; x_wconf 91' lang='lat' dir='ltr'><strong>ideo</strong></span> <span class='ocrx_word' id='word_1_374' title='bbox 1261 2438 1510 2486; x_wconf 88' lang='lat' dir='ltr'><strong>accidens</strong></span> <span class='ocrx_word' id='word_1_375' title='bbox 1549 2443 1795 2497; x_wconf 88' lang='lat' dir='ltr'><strong>vocatur,</strong></span> <span class='ocrx_word' id='word_1_376' title='bbox 1844 2441 2098 2503; x_wconf 90' lang='lat' dir='ltr'><strong>quoniam</strong></span> 
     </span>
    </p>
   </div>
   <div class='ocr_carea' id='block_1_53' title="bbox 446 2506 2100 2563">
    <p class='ocr_par' dir='ltr' id='par_1_53' title="bbox 446 2506 2100 2563">
     <span class='ocr_line' id='line_1_53' title="bbox 446 2506 2100 2563; baseline 0.003 -9"><span class='ocrx_word' id='word_1_377' title='bbox 446 2506 521 2555; x_wconf 88' lang='lat' dir='ltr'><strong>illi</strong></span> <span class='ocrx_word' id='word_1_378' title='bbox 573 2509 742 2563; x_wconf 87' lang='lat' dir='ltr'><strong>adest,</strong></span> <span class='ocrx_word' id='word_1_379' title='bbox 808 2521 927 2557; x_wconf 90' lang='lat' dir='ltr'><strong>cum</strong></span> <span class='ocrx_word' id='word_1_380' title='bbox 973 2506 1133 2556; x_wconf 88' lang='lat' dir='ltr'><strong>alicui</strong></span> <span class='ocrx_word' id='word_1_381' title='bbox 1193 2508 1556 2558; x_wconf 81' lang='lat' dir='ltr'><strong>substantiam</strong></span> <span class='ocrx_word' id='word_1_382' title='bbox 1611 2511 1775 2561; x_wconf 90' lang='lat' dir='ltr'><strong>inest:</strong></span> <span class='ocrx_word' id='word_1_383' title='bbox 1837 2515 1896 2561; x_wconf 91' lang='lat' dir='ltr'><strong>ut</strong></span> <span class='ocrx_word' id='word_1_384' title='bbox 1953 2512 2100 2561; x_wconf 91' lang='lat' dir='ltr'><strong>color</strong></span> 
     </span>
    </p>
   </div>
   <div class='ocr_carea' id='block_1_54' title="bbox 444 2577 2097 2643">
    <p class='ocr_par' dir='ltr' id='par_1_54' title="bbox 444 2577 2097 2643">
     <span class='ocr_line' id='line_1_54' title="bbox 444 2577 2097 2643; baseline 0.002 -15"><span class='ocrx_word' id='word_1_385' title='bbox 444 2578 595 2628; x_wconf 86' lang='lat' dir='ltr'><strong>adest</strong></span> <span class='ocrx_word' id='word_1_386' title='bbox 626 2579 1015 2642; x_wconf 88' lang='lat' dir='ltr'><strong>corporalitati.</strong></span> <span class='ocrx_word' id='word_1_387' title='bbox 1049 2584 1107 2627; x_wconf 90' lang='lat' dir='ltr'><strong>ut</strong></span> <span class='ocrx_word' id='word_1_388' title='bbox 1137 2577 1266 2627; x_wconf 88' lang='lat' dir='ltr'><strong>insit</strong></span> <span class='ocrx_word' id='word_1_389' title='bbox 1294 2581 1526 2643; x_wconf 88' lang='lat' dir='ltr'><strong>corpori.</strong></span> <span class='ocrx_word' id='word_1_390' title='bbox 1556 2581 1776 2632; x_wconf 89' lang='lat' dir='ltr'><strong>Substat</strong></span> <span class='ocrx_word' id='word_1_391' title='bbox 1812 2588 1989 2632; x_wconf 91' lang='lat' dir='ltr'><strong>autem</strong></span> <span class='ocrx_word' id='word_1_392' title='bbox 2023 2583 2097 2643; x_wconf 88' lang='lat' dir='ltr'><strong>id,</strong></span> 
     </span>
    </p>
   </div>
   <div class='ocr_carea' id='block_1_55' title="bbox 440 2651 2101 2718">
    <p class='ocr_par' dir='ltr' id='par_1_55' title="bbox 440 2651 2101 2718">
     <span class='ocr_line' id='line_1_55' title="bbox 440 2651 2101 2718; baseline 0.003 -19"><span class='ocrx_word' id='word_1_393' title='bbox 440 2651 586 2715; x_wconf 90' lang='lat' dir='ltr'><strong>quod</strong></span> <span class='ocrx_word' id='word_1_394' title='bbox 623 2651 757 2706; x_wconf 85' lang='lat' dir='ltr'><strong>aliis,</strong></span> <span class='ocrx_word' id='word_1_395' title='bbox 791 2651 843 2699; x_wconf 88' lang='lat' dir='ltr'><strong>id</strong></span> <span class='ocrx_word' id='word_1_396' title='bbox 880 2656 958 2699; x_wconf 88' lang='lat' dir='ltr'><strong>est</strong></span> <span class='ocrx_word' id='word_1_397' title='bbox 988 2652 1354 2701; x_wconf 90' lang='lat' dir='ltr'><strong>accidentibus</strong></span> <span class='ocrx_word' id='word_1_398' title='bbox 1383 2652 1653 2715; x_wconf 86' lang='lat' dir='ltr'><strong>quoddam</strong></span> <span class='ocrx_word' id='word_1_399' title='bbox 1685 2654 2008 2718; x_wconf 80' lang='lat' dir='ltr'><strong>subjectum,</strong></span> <span class='ocrx_word' id='word_1_400' title='bbox 2042 2658 2101 2704; x_wconf 90' lang='lat' dir='ltr'><strong>ut</strong></span> 
     </span>
    </p>
   </div>
   <div class='ocr_carea' id='block_1_56' title="bbox 449 2720 2098 2787">
    <p class='ocr_par' dir='ltr' id='par_1_56' title="bbox 449 2720 2098 2787">
     <span class='ocr_line' id='line_1_56' title="bbox 449 2720 2098 2787; baseline 0.002 -15"><span class='ocrx_word' id='word_1_401' title='bbox 449 2736 564 2772; x_wconf 77' lang='lat' dir='ltr'><strong>esse</strong></span> <span class='ocrx_word' id='word_1_402' title='bbox 597 2720 825 2787; x_wconf 75' lang='lat' dir='ltr'><strong>possint,</strong></span> <span class='ocrx_word' id='word_1_403' title='bbox 858 2720 1266 2771; x_wconf 79' lang='lat' dir='ltr'><strong>subministrat:</strong></span> <span class='ocrx_word' id='word_1_404' title='bbox 1300 2728 1358 2771; x_wconf 91' lang='lat' dir='ltr'><strong>ut</strong></span> <span class='ocrx_word' id='word_1_405' title='bbox 1389 2738 1586 2787; x_wconf 90' lang='lat' dir='ltr'><strong>corpus</strong></span> <span class='ocrx_word' id='word_1_406' title='bbox 1625 2725 1809 2774; x_wconf 89' lang='lat' dir='ltr'><strong>colori.</strong></span> <span class='ocrx_word' id='word_1_407' title='bbox 1864 2727 1926 2775; x_wconf 87' lang='lat' dir='ltr'><strong>Et</strong></span> <span class='ocrx_word' id='word_1_408' title='bbox 1955 2730 2098 2776; x_wconf 91' lang='lat' dir='ltr'><strong>recte</strong></span> 
     </span>
    </p>
   </div>
   <div class='ocr_carea' id='block_1_57' title="bbox 450 2792 2097 2855">
    <p class='ocr_par' dir='ltr' id='par_1_57' title="bbox 450 2792 2097 2855">
     <span class='ocr_line' id='line_1_57' title="bbox 450 2792 2097 2855; baseline 0.002 -13"><span class='ocrx_word' id='word_1_409' title='bbox 450 2792 570 2842; x_wconf 90' lang='lat' dir='ltr'><strong>dico</strong></span> <span class='ocrx_word' id='word_1_410' title='bbox 601 2793 844 2852; x_wconf 82' lang='lat' dir='ltr'><strong>substet;</strong></span> <span class='ocrx_word' id='word_1_411' title='bbox 876 2794 1272 2855; x_wconf 87' lang='lat' dir='ltr'><strong>quodammodo</strong></span> <span class='ocrx_word' id='word_1_412' title='bbox 1330 2792 1474 2843; x_wconf 89' lang='lat' dir='ltr'><strong>enim</strong></span> <span class='ocrx_word' id='word_1_413' title='bbox 1523 2796 1623 2845; x_wconf 89' lang='lat' dir='ltr'><strong>sub</strong></span> <span class='ocrx_word' id='word_1_414' title='bbox 1668 2795 1773 2844; x_wconf 90' lang='lat' dir='ltr'><strong>illis</strong></span> <span class='ocrx_word' id='word_1_415' title='bbox 1812 2802 1933 2854; x_wconf 88' lang='lat' dir='ltr'><strong>stat,</strong></span> <span class='ocrx_word' id='word_1_416' title='bbox 1970 2797 2097 2847; x_wconf 90' lang='lat' dir='ltr'><strong>dum</strong></span> 
     </span>
    </p>
   </div>
   <div class='ocr_carea' id='block_1_58' title="bbox 449 2863 2098 2931">
    <p class='ocr_par' dir='ltr' id='par_1_58' title="bbox 449 2863 2098 2931">
     <span class='ocr_line' id='line_1_58' title="bbox 449 2863 2098 2931; baseline 0.003 -19"><span class='ocrx_word' id='word_1_417' title='bbox 449 2865 747 2913; x_wconf 87' lang='lat' dir='ltr'><strong>secundum</strong></span> <span class='ocrx_word' id='word_1_418' title='bbox 783 2863 1152 2913; x_wconf 88' lang='lat' dir='ltr'><strong>rationabilem</strong></span> <span class='ocrx_word' id='word_1_419' title='bbox 1181 2866 1465 2927; x_wconf 88' lang='lat' dir='ltr'><strong>quemdam</strong></span> <span class='ocrx_word' id='word_1_420' title='bbox 1507 2866 1751 2916; x_wconf 89' lang='lat' dir='ltr'><strong>ordinem</strong></span> <span class='ocrx_word' id='word_1_421' title='bbox 1797 2870 2098 2931; x_wconf 85' lang='lat' dir='ltr'><strong>subjectum</strong></span> 
     </span>
    </p>
   </div>
   <div class='ocr_carea' id='block_1_59' title="bbox 449 2934 2099 3002">
    <p class='ocr_par' dir='ltr' id='par_1_59' title="bbox 449 2934 2099 3002">
     <span class='ocr_line' id='line_1_59' title="bbox 449 2934 2099 3002; baseline 0.003 -19"><span class='ocrx_word' id='word_1_422' title='bbox 449 2939 527 2983; x_wconf 88' lang='lat' dir='ltr'><strong>est</strong></span> <span class='ocrx_word' id='word_1_423' title='bbox 556 2934 935 2989; x_wconf 63' lang='lat' dir='ltr'><strong>accidentibus,</strong></span> <span class='ocrx_word' id='word_1_424' title='bbox 973 2949 1093 2999; x_wconf 70' lang='lat' dir='ltr'><strong>qua:</strong></span> <span class='ocrx_word' id='word_1_425' title='bbox 1126 2936 1178 2983; x_wconf 92' lang='lat' dir='ltr'><strong>in</strong></span> <span class='ocrx_word' id='word_1_426' title='bbox 1210 2949 1264 2984; x_wconf 90' lang='lat' dir='ltr'><strong>se</strong></span> <span class='ocrx_word' id='word_1_427' title='bbox 1290 2936 1445 2999; x_wconf 89' lang='lat' dir='ltr'><strong>juxta</strong></span> <span class='ocrx_word' id='word_1_428' title='bbox 1474 2936 1869 2997; x_wconf 87' lang='lat' dir='ltr'><strong>subsistentias,</strong></span> <span class='ocrx_word' id='word_1_429' title='bbox 1900 2937 2099 3002; x_wconf 86' lang='lat' dir='ltr'><strong>quibus</strong></span> 
     </span>
    </p>
   </div>
   <div class='ocr_carea' id='block_1_60' title="bbox 450 3006 1189 3067">
    <p class='ocr_par' dir='ltr' id='par_1_60' title="bbox 450 3006 1189 3067">
     <span class='ocr_line' id='line_1_60' title="bbox 450 3006 1189 3067; baseline -0.001 -14"><span class='ocrx_word' id='word_1_430' title='bbox 450 3007 579 3054; x_wconf 89' lang='lat' dir='ltr'><strong>solis</strong></span> <span class='ocrx_word' id='word_1_431' title='bbox 601 3006 948 3059; x_wconf 83' lang='lat' dir='ltr'><strong>conveniunt,</strong></span> <span class='ocrx_word' id='word_1_432' title='bbox 982 3006 1189 3067; x_wconf 86' lang='lat' dir='ltr'><strong>recipit.</strong></span> 
     </span>
    </p>
   </div>
   <div class='ocr_carea' id='block_1_61' title="bbox 512 3075 2093 3142">
    <p class='ocr_par' dir='ltr' id='par_1_61' title="bbox 512 3075 2093 3142">
     <span class='ocr_line' id='line_1_61' title="bbox 512 3075 2093 3142; baseline 0.004 -19"><span class='ocrx_word' id='word_1_433' title='bbox 512 3076 713 3138; x_wconf 67' lang='lat' dir='ltr'><strong>Itaqu»,</strong></span> <span class='ocrx_word' id='word_1_434' title='bbox 755 3076 881 3139; x_wconf 79' lang='lat' dir='ltr'><strong>etc.]</strong></span> <span class='ocrx_word' id='word_1_435' title='bbox 939 3075 1136 3133; x_wconf 81' lang='lat' dir='ltr'><strong>Quasi:</strong></span> <span class='ocrx_word' id='word_1_436' title='bbox 1196 3075 1467 3138; x_wconf 83' lang='lat' dir='ltr'><strong>Subsistit,</strong></span> <span class='ocrx_word' id='word_1_437' title='bbox 1525 3078 1667 3142; x_wconf 90' lang='lat' dir='ltr'><strong>quod</strong></span> <span class='ocrx_word' id='word_1_438' title='bbox 1719 3080 1891 3141; x_wconf 91' lang='lat' dir='ltr'><strong>ipsum</strong></span> <span class='ocrx_word' id='word_1_439' title='bbox 1952 3080 2093 3129; x_wconf 89' lang='lat' dir='ltr'><strong>acci-</strong></span> 
     </span>
    </p>
   </div>
   <div class='ocr_carea' id='block_1_62' title="bbox 447 3146 2099 3213">
    <p class='ocr_par' dir='ltr' id='par_1_62' title="bbox 447 3146 2099 3213">
     <span class='ocr_line' id='line_1_62' title="bbox 447 3146 2099 3213; baseline 0.003 -18"><span class='ocrx_word' id='word_1_440' title='bbox 447 3146 803 3204; x_wconf 85' lang='lat' dir='ltr'><strong>dcntibns,ut</strong></span> <span class='ocrx_word' id='word_1_441' title='bbox 835 3148 1001 3209; x_wconf 84' lang='lat' dir='ltr'><strong>possit</strong></span> <span class='ocrx_word' id='word_1_442' title='bbox 1031 3162 1167 3203; x_wconf 87' lang='lat' dir='ltr'><strong>esse,</strong></span> <span class='ocrx_word' id='word_1_443' title='bbox 1226 3161 1333 3197; x_wconf 91' lang='lat' dir='ltr'><strong>non</strong></span> <span class='ocrx_word' id='word_1_444' title='bbox 1391 3149 1614 3213; x_wconf 80' lang='lat' dir='ltr'><strong>indiget.</strong></span> <span class='ocrx_word' id='word_1_445' title='bbox 1663 3150 1851 3213; x_wconf 78' lang='lat' dir='ltr'><strong>Itaque</strong></span> <span class='ocrx_word' id='word_1_446' title='bbox 1898 3165 2099 3210; x_wconf 78' lang='lat' dir='ltr'><strong>genere</strong></span> 
     </span>
    </p>
   </div>
   <div class='ocr_carea' id='block_1_63' title="bbox 452 3219 2097 3283">
    <p class='ocr_par' dir='ltr' id='par_1_63' title="bbox 452 3219 2097 3283">
     <span class='ocr_line' id='line_1_63' title="bbox 452 3219 2097 3283; baseline 0.002 -15"><span class='ocrx_word' id='word_1_447' title='bbox 452 3224 503 3268; x_wconf 89' lang='lat' dir='ltr'><strong>et</strong></span> <span class='ocrx_word' id='word_1_448' title='bbox 534 3220 755 3281; x_wconf 78' lang='lat' dir='ltr'><strong>species,</strong></span> <span class='ocrx_word' id='word_1_449' title='bbox 788 3220 836 3266; x_wconf 88' lang='lat' dir='ltr'><strong>id</strong></span> <span class='ocrx_word' id='word_1_450' title='bbox 871 3223 947 3267; x_wconf 91' lang='lat' dir='ltr'><strong>est</strong></span> <span class='ocrx_word' id='word_1_451' title='bbox 982 3219 1260 3282; x_wconf 83' lang='lat' dir='ltr'><strong>generales</strong></span> <span class='ocrx_word' id='word_1_452' title='bbox 1311 3224 1364 3268; x_wconf 92' lang='lat' dir='ltr'><strong>et</strong></span> <span class='ocrx_word' id='word_1_453' title='bbox 1410 3220 1666 3283; x_wconf 89' lang='lat' dir='ltr'><strong>speciales</strong></span> <span class='ocrx_word' id='word_1_454' title='bbox 1717 3220 2097 3281; x_wconf 62' lang='lat' dir='ltr'><strong>subsistentia,</strong></span> 
     </span>
    </p>
   </div>
   <div class='ocr_carea' id='block_1_64' title="bbox 450 3290 2090 3355">
    <p class='ocr_par' dir='ltr' id='par_1_64' title="bbox 450 3290 2090 3355">
     <span class='ocr_line' id='line_1_64' title="bbox 450 3290 2090 3355; baseline 0.002 -17"><span class='ocrx_word' id='word_1_455' title='bbox 450 3291 757 3338; x_wconf 84' lang='lat' dir='ltr'><strong>subsistunt</strong></span> <span class='ocrx_word' id='word_1_456' title='bbox 793 3294 1022 3345; x_wconf 83' lang='lat' dir='ltr'><strong>tantum,</strong></span> <span class='ocrx_word' id='word_1_457' title='bbox 1058 3303 1165 3339; x_wconf 91' lang='lat' dir='ltr'><strong>non</strong></span> <span class='ocrx_word' id='word_1_458' title='bbox 1229 3290 1475 3339; x_wconf 84' lang='lat' dir='ltr'><strong>substant</strong></span> <span class='ocrx_word' id='word_1_459' title='bbox 1521 3304 1665 3340; x_wconf 90' lang='lat' dir='ltr'><strong>vere.</strong></span> <span class='ocrx_word' id='word_1_460' title='bbox 1715 3291 1898 3355; x_wconf 88' lang='lat' dir='ltr'><strong>Neque</strong></span> <span class='ocrx_word' id='word_1_461' title='bbox 1944 3294 2090 3342; x_wconf 90' lang='lat' dir='ltr'><strong>enim</strong></span> 
     </span>
    </p>
   </div>
   <div class='ocr_carea' id='block_1_65' title="bbox 448 3361 2097 3426">
    <p class='ocr_par' dir='ltr' id='par_1_65' title="bbox 448 3361 2097 3426">
     <span class='ocr_line' id='line_1_65' title="bbox 448 3361 2097 3426; baseline 0.003 -17"><span class='ocrx_word' id='word_1_462' title='bbox 448 3361 749 3409; x_wconf 82' lang='lat' dir='ltr'><strong>accidentia</strong></span> <span class='ocrx_word' id='word_1_463' title='bbox 822 3363 1111 3423; x_wconf 82' lang='lat' dir='ltr'><strong>generibus</strong></span> <span class='ocrx_word' id='word_1_464' title='bbox 1191 3362 1540 3425; x_wconf 85' lang='lat' dir='ltr'><strong>speciebusve</strong></span> <span class='ocrx_word' id='word_1_465' title='bbox 1624 3362 1972 3426; x_wconf 85' lang='lat' dir='ltr'><strong>contingunt.</strong></span> <span class='ocrx_word' id='word_1_466' title='bbox 2031 3366 2097 3414; x_wconf 92' lang='lat' dir='ltr'><strong>Ut</strong></span> 
     </span>
    </p>
   </div>
   <div class='ocr_carea' id='block_1_66' title="bbox 452 3432 2103 3500">
    <p class='ocr_par' dir='ltr' id='par_1_66' title="bbox 452 3432 2103 3500">
     <span class='ocr_line' id='line_1_66' title="bbox 452 3432 2103 3500; baseline 0.003 -20"><span class='ocrx_word' id='word_1_467' title='bbox 452 3432 595 3496; x_wconf 89' lang='lat' dir='ltr'><strong>quod</strong></span> <span class='ocrx_word' id='word_1_468' title='bbox 660 3436 787 3481; x_wconf 88' lang='lat' dir='ltr'><strong>sunt</strong></span> <span class='ocrx_word' id='word_1_469' title='bbox 835 3432 1207 3482; x_wconf 87' lang='lat' dir='ltr'><strong>accidentibus</strong></span> <span class='ocrx_word' id='word_1_470' title='bbox 1281 3434 1529 3483; x_wconf 88' lang='lat' dir='ltr'><strong>debeant.</strong></span> <span class='ocrx_word' id='word_1_471' title='bbox 1608 3436 1726 3484; x_wconf 89' lang='lat' dir='ltr'><strong>Non</strong></span> <span class='ocrx_word' id='word_1_472' title='bbox 1784 3438 1926 3485; x_wconf 89' lang='lat' dir='ltr'><strong>enim</strong></span> <span class='ocrx_word' id='word_1_473' title='bbox 1984 3438 2103 3500; x_wconf 90' lang='lat' dir='ltr'><strong>ipsa</strong></span> 
     </span>
    </p>
   </div>
   <div class='ocr_carea' id='block_1_67' title="bbox 453 3502 2099 3567">
    <p class='ocr_par' dir='ltr' id='par_1_67' title="bbox 453 3502 2099 3567">
     <span class='ocr_line' id='line_1_67' title="bbox 453 3502 2099 3567; baseline 0.003 -16"><span class='ocrx_word' id='word_1_474' title='bbox 453 3518 653 3565; x_wconf 84' lang='lat' dir='ltr'><strong>genera</strong></span> <span class='ocrx_word' id='word_1_475' title='bbox 682 3504 764 3552; x_wconf 72' lang='lat' dir='ltr'><strong>vel</strong></span> <span class='ocrx_word' id='word_1_476' title='bbox 816 3502 1023 3567; x_wconf 88' lang='lat' dir='ltr'><strong>species</strong></span> <span class='ocrx_word' id='word_1_477' title='bbox 1087 3503 1333 3565; x_wconf 77' lang='lat' dir='ltr'><strong>indigent</strong></span> <span class='ocrx_word' id='word_1_478' title='bbox 1408 3506 1772 3556; x_wconf 89' lang='lat' dir='ltr'><strong>accidentibus</strong></span> <span class='ocrx_word' id='word_1_479' title='bbox 1852 3512 1911 3559; x_wconf 91' lang='lat' dir='ltr'><strong>ut</strong></span> <span class='ocrx_word' id='word_1_480' title='bbox 1975 3509 2099 3557; x_wconf 91' lang='lat' dir='ltr'><strong>sint.</strong></span> 
     </span>
    </p>
   </div>
   <div class='ocr_carea' id='block_1_68' title="bbox 452 3576 2102 3644">
    <p class='ocr_par' dir='ltr' id='par_1_68' title="bbox 452 3576 2102 3644">
     <span class='ocr_line' id='line_1_68' title="bbox 452 3576 2102 3644; baseline 0.002 -19"><span class='ocrx_word' id='word_1_481' title='bbox 452 3576 739 3625; x_wconf 83' lang='lat' dir='ltr'><strong>Individua</strong></span> <span class='ocrx_word' id='word_1_482' title='bbox 769 3591 899 3625; x_wconf 88' lang='lat' dir='ltr'><strong>vero</strong></span> <span class='ocrx_word' id='word_1_483' title='bbox 933 3577 1232 3626; x_wconf 88' lang='lat' dir='ltr'><strong>subsistunt</strong></span> <span class='ocrx_word' id='word_1_484' title='bbox 1284 3578 1499 3640; x_wconf 89' lang='lat' dir='ltr'><strong>quidem</strong></span> <span class='ocrx_word' id='word_1_485' title='bbox 1558 3593 1704 3629; x_wconf 90' lang='lat' dir='ltr'><strong>vere.</strong></span> <span class='ocrx_word' id='word_1_486' title='bbox 1760 3582 1893 3630; x_wconf 88' lang='lat' dir='ltr'><strong>Nam</strong></span> <span class='ocrx_word' id='word_1_487' title='bbox 1927 3595 2102 3644; x_wconf 90' lang='lat' dir='ltr'><strong>neque</strong></span> 
     </span>
    </p>
   </div>
   <div class='ocr_carea' id='block_1_69' title="bbox 452 3646 2103 3714">
    <p class='ocr_par' dir='ltr' id='par_1_69' title="bbox 452 3646 2103 3714">
     <span class='ocr_line' id='line_1_69' title="bbox 452 3646 2103 3714; baseline 0.003 -19"><span class='ocrx_word' id='word_1_488' title='bbox 452 3649 569 3711; x_wconf 85' lang='lat' dir='ltr'><strong>ipsa</strong></span> <span class='ocrx_word' id='word_1_489' title='bbox 624 3646 921 3708; x_wconf 88' lang='lat' dir='ltr'><strong>individua,</strong></span> <span class='ocrx_word' id='word_1_490' title='bbox 974 3649 1112 3696; x_wconf 88' lang='lat' dir='ltr'><strong>sicut</strong></span> <span class='ocrx_word' id='word_1_491' title='bbox 1167 3662 1343 3711; x_wconf 90' lang='lat' dir='ltr'><strong>neque</strong></span> <span class='ocrx_word' id='word_1_492' title='bbox 1399 3663 1613 3711; x_wconf 89' lang='lat' dir='ltr'><strong>genera,</strong></span> <span class='ocrx_word' id='word_1_493' title='bbox 1672 3664 1847 3714; x_wconf 90' lang='lat' dir='ltr'><strong>neque</strong></span> <span class='ocrx_word' id='word_1_494' title='bbox 1898 3653 2103 3713; x_wconf 88' lang='lat' dir='ltr'><strong>species</strong></span> 
     </span>
    </p>
   </div>
   <div class='ocr_carea' id='block_1_70' title="bbox 450 3720 2103 3787">
    <p class='ocr_par' dir='ltr' id='par_1_70' title="bbox 450 3720 2103 3787">
     <span class='ocr_line' id='line_1_70' title="bbox 450 3720 2103 3787; baseline 0.001 -17"><span class='ocrx_word' id='word_1_495' title='bbox 450 3720 698 3784; x_wconf 86' lang='lat' dir='ltr'><strong>indigent</strong></span> <span class='ocrx_word' id='word_1_496' title='bbox 752 3720 1123 3770; x_wconf 87' lang='lat' dir='ltr'><strong>accidentibus</strong></span> <span class='ocrx_word' id='word_1_497' title='bbox 1181 3726 1239 3769; x_wconf 92' lang='lat' dir='ltr'><strong>ut</strong></span> <span class='ocrx_word' id='word_1_498' title='bbox 1293 3722 1418 3770; x_wconf 88' lang='lat' dir='ltr'><strong>sint.</strong></span> <span class='ocrx_word' id='word_1_499' title='bbox 1478 3722 1539 3772; x_wconf 84' lang='lat' dir='ltr'><strong>Et</strong></span> <span class='ocrx_word' id='word_1_500' title='bbox 1600 3737 1767 3787; x_wconf 89' lang='lat' dir='ltr'><strong>quare</strong></span> <span class='ocrx_word' id='word_1_501' title='bbox 1820 3723 2103 3773; x_wconf 87' lang='lat' dir='ltr'><strong>individua</strong></span> 
     </span>
    </p>
   </div>
   <div class='ocr_carea' id='block_1_71' title="bbox 456 3794 2098 3861">
    <p class='ocr_par' dir='ltr' id='par_1_71' title="bbox 456 3794 2098 3861">
     <span class='ocr_line' id='line_1_71' title="bbox 456 3794 2098 3861; baseline 0.001 -18"><span class='ocrx_word' id='word_1_502' title='bbox 456 3808 670 3858; x_wconf 90' lang='lat' dir='ltr'><strong>quoque</strong></span> <span class='ocrx_word' id='word_1_503' title='bbox 703 3809 810 3843; x_wconf 90' lang='lat' dir='ltr'><strong>non</strong></span> <span class='ocrx_word' id='word_1_504' title='bbox 842 3795 1088 3857; x_wconf 79' lang='lat' dir='ltr'><strong>indigent</strong></span> <span class='ocrx_word' id='word_1_505' title='bbox 1118 3794 1484 3844; x_wconf 87' lang='lat' dir='ltr'><strong>accidentibus</strong></span> <span class='ocrx_word' id='word_1_506' title='bbox 1537 3800 1597 3845; x_wconf 91' lang='lat' dir='ltr'><strong>ut</strong></span> <span class='ocrx_word' id='word_1_507' title='bbox 1652 3799 1779 3859; x_wconf 86' lang='lat' dir='ltr'><strong>sint,</strong></span> <span class='ocrx_word' id='word_1_508' title='bbox 1813 3799 2098 3861; x_wconf 89' lang='lat' dir='ltr'><strong>supponit:</strong></span> 
     </span>
    </p>
   </div>
   <div class='ocr_carea' id='block_1_72' title="bbox 454 3864 2106 3930">
    <p class='ocr_par' dir='ltr' id='par_1_72' title="bbox 454 3864 2106 3930">
     <span class='ocr_line' id='line_1_72' title="bbox 454 3864 2106 3930; baseline 0.002 -17"><span class='ocrx_word' id='word_1_509' title='bbox 454 3864 745 3915; x_wconf 84' lang='lat' dir='ltr'><strong>Informata</strong></span> <span class='ocrx_word' id='word_1_510' title='bbox 774 3866 917 3914; x_wconf 90' lang='lat' dir='ltr'><strong>enim</strong></span> <span class='ocrx_word' id='word_1_511' title='bbox 950 3871 1077 3914; x_wconf 82' lang='lat' dir='ltr'><strong>sunt</strong></span> <span class='ocrx_word' id='word_1_512' title='bbox 1102 3867 1210 3928; x_wconf 88' lang='lat' dir='ltr'><strong>jam</strong></span> <span class='ocrx_word' id='word_1_513' title='bbox 1262 3866 1490 3930; x_wconf 89' lang='lat' dir='ltr'><strong>propriis</strong></span> <span class='ocrx_word' id='word_1_514' title='bbox 1538 3872 1589 3916; x_wconf 91' lang='lat' dir='ltr'><strong>et</strong></span> <span class='ocrx_word' id='word_1_515' title='bbox 1641 3868 1901 3930; x_wconf 86' lang='lat' dir='ltr'><strong>speciﬁcis</strong></span> <span class='ocrx_word' id='word_1_516' title='bbox 1950 3868 2106 3918; x_wconf 70' lang='lat' dir='ltr'><strong>diffe-</strong></span> 
     </span>
    </p>
   </div>
   <div class='ocr_carea' id='block_1_73' title="bbox 453 3936 2107 3999">
    <p class='ocr_par' dir='ltr' id='par_1_73' title="bbox 453 3936 2107 3999">
     <span class='ocr_line' id='line_1_73' title="bbox 453 3936 2107 3999; baseline 0.002 -14"><span class='ocrx_word' id='word_1_517' title='bbox 453 3938 642 3986; x_wconf 89' lang='lat' dir='ltr'><strong>rentiis</strong></span> <span class='ocrx_word' id='word_1_518' title='bbox 672 3950 766 3999; x_wconf 87' lang='lat' dir='ltr'><strong>per</strong></span> <span class='ocrx_word' id='word_1_519' title='bbox 792 3950 924 3999; x_wconf 89' lang='lat' dir='ltr'><strong>quas</strong></span> <span class='ocrx_word' id='word_1_520' title='bbox 956 3938 1275 3985; x_wconf 83' lang='lat' dir='ltr'><strong>subsistunt.</strong></span> <span class='ocrx_word' id='word_1_521' title='bbox 1305 3936 1421 3985; x_wconf 88' lang='lat' dir='ltr'><strong>Non</strong></span> <span class='ocrx_word' id='word_1_522' title='bbox 1480 3938 1639 3986; x_wconf 89' lang='lat' dir='ltr'><strong>modo</strong></span> <span class='ocrx_word' id='word_1_523' title='bbox 1695 3945 1872 3987; x_wconf 90' lang='lat' dir='ltr'><strong>autem</strong></span> <span class='ocrx_word' id='word_1_524' title='bbox 1929 3940 2107 3988; x_wconf 82' lang='lat' dir='ltr'><strong>subsi-</strong></span> 
     </span>
    </p>
   </div>
   <div class='ocr_carea' id='block_1_74' title="bbox 461 4007 2108 4073">
    <p class='ocr_par' dir='ltr' id='par_1_74' title="bbox 461 4007 2108 4073">
     <span class='ocr_line' id='line_1_74' title="bbox 461 4007 2108 4073; baseline 0.001 -15"><span class='ocrx_word' id='word_1_525' title='bbox 461 4012 629 4067; x_wconf 87' lang='lat' dir='ltr'><strong>stunt,</strong></span> <span class='ocrx_word' id='word_1_526' title='bbox 660 4024 847 4057; x_wconf 82' lang='lat' dir='ltr'><strong>verum</strong></span> <span class='ocrx_word' id='word_1_527' title='bbox 910 4010 1067 4058; x_wconf 85' lang='lat' dir='ltr'><strong>etiam</strong></span> <span class='ocrx_word' id='word_1_528' title='bbox 1127 4010 1375 4057; x_wconf 87' lang='lat' dir='ltr'><strong>substant</strong></span> <span class='ocrx_word' id='word_1_529' title='bbox 1429 4007 1729 4068; x_wconf 89' lang='lat' dir='ltr'><strong>individua,</strong></span> <span class='ocrx_word' id='word_1_530' title='bbox 1761 4012 2016 4073; x_wconf 89' lang='lat' dir='ltr'><strong>quoniam</strong></span> <span class='ocrx_word' id='word_1_531' title='bbox 2056 4015 2108 4061; x_wconf 90' lang='lat' dir='ltr'><strong>et</strong></span> 
     </span>
    </p>
   </div>
   <div class='ocr_carea' id='block_1_75' title="bbox 446 1717 911 1785">
    <p class='ocr_par' dir='ltr' id='par_1_75' title="bbox 446 1717 911 1785">
     <span class='ocr_line' id='line_1_75' title="bbox 446 1717 911 1785; baseline 0.009 -20"><span class='ocrx_word' id='word_1_532' title='bbox 446 1718 533 1767; x_wconf 86' lang='lat' dir='ltr'><strong>vel</strong></span> <span class='ocrx_word' id='word_1_533' title='bbox 593 1717 911 1785; x_wconf 80' lang='grc' dir='ltr'>οὑσιῶσοαι,</span> 
     </span>
    </p>
   </div>
   <div class='ocr_carea' id='block_1_76' title="bbox 457 4080 2105 4141">
    <p class='ocr_par' dir='ltr' id='par_1_76' title="bbox 457 4080 2105 4141">
     <span class='ocr_line' id='line_1_76' title="bbox 457 4080 2105 4141; baseline 0.002 -13"><span class='ocrx_word' id='word_1_534' title='bbox 457 4080 827 4129; x_wconf 86' lang='lat' dir='ltr'><strong>accidentibus</strong></span> <span class='ocrx_word' id='word_1_535' title='bbox 860 4084 917 4128; x_wconf 91' lang='lat' dir='ltr'><strong>ut</strong></span> <span class='ocrx_word' id='word_1_536' title='bbox 976 4093 1091 4128; x_wconf 85' lang='lat' dir='ltr'><strong>esse</strong></span> <span class='ocrx_word' id='word_1_537' title='bbox 1149 4080 1359 4141; x_wconf 80' lang='lat' dir='ltr'><strong>possint</strong></span> <span class='ocrx_word' id='word_1_538' title='bbox 1418 4080 1763 4130; x_wconf 89' lang='lat' dir='ltr'><strong>ministrant:</strong></span> <span class='ocrx_word' id='word_1_539' title='bbox 1818 4084 1943 4130; x_wconf 92' lang='lat' dir='ltr'><strong>dum</strong></span> <span class='ocrx_word' id='word_1_540' title='bbox 1988 4096 2105 4131; x_wconf 89' lang='lat' dir='ltr'><strong>sum</strong></span> 
     </span>
    </p>
   </div>
   <div class='ocr_carea' id='block_1_77' title="bbox 457 4152 2104 4216">
    <p class='ocr_par' dir='ltr' id='par_1_77' title="bbox 457 4152 2104 4216">
     <span class='ocr_line' id='line_1_77' title="bbox 457 4152 2104 4216; baseline 0.001 -15"><span class='ocrx_word' id='word_1_541' title='bbox 457 4153 660 4201; x_wconf 90' lang='lat' dir='ltr'><strong>scilicet</strong></span> <span class='ocrx_word' id='word_1_542' title='bbox 689 4152 932 4215; x_wconf 87' lang='lat' dir='ltr'><strong>subjecta</strong></span> <span class='ocrx_word' id='word_1_543' title='bbox 989 4152 1064 4200; x_wconf 90' lang='lat' dir='ltr'><strong>eis</strong></span> <span class='ocrx_word' id='word_1_544' title='bbox 1122 4152 1512 4207; x_wconf 74' lang='lat' dir='ltr'><strong>accidentibus,</strong></span> <span class='ocrx_word' id='word_1_545' title='bbox 1572 4157 1829 4216; x_wconf 86' lang='lat' dir='ltr'><strong>tanquam</strong></span> <span class='ocrx_word' id='word_1_546' title='bbox 1868 4154 2104 4214; x_wconf 86' lang='lat' dir='ltr'><strong>illorum,</strong></span> 
     </span>
    </p>
   </div>
   <div class='ocr_carea' id='block_1_78' title="bbox 458 4224 2105 4283">
    <p class='ocr_par' dir='ltr' id='par_1_78' title="bbox 458 4224 2105 4283">
     <span class='ocr_line' id='line_1_78' title="bbox 458 4224 2105 4283; baseline 0.001 -10"><span class='ocrx_word' id='word_1_547' title='bbox 458 4226 754 4273; x_wconf 88' lang='lat' dir='ltr'><strong>secundum</strong></span> <span class='ocrx_word' id='word_1_548' title='bbox 804 4224 1174 4273; x_wconf 86' lang='lat' dir='ltr'><strong>rationabilem</strong></span> <span class='ocrx_word' id='word_1_549' title='bbox 1244 4237 1422 4272; x_wconf 86' lang='lat' dir='ltr'><strong>rerum</strong></span> <span class='ocrx_word' id='word_1_550' title='bbox 1480 4228 1776 4275; x_wconf 88' lang='lat' dir='ltr'><strong>creatarum</strong></span> <span class='ocrx_word' id='word_1_551' title='bbox 1838 4226 2105 4283; x_wconf 90' lang='lat' dir='ltr'><strong>ordinem,</strong></span> 
     </span>
    </p>
   </div>
   <div class='ocr_carea' id='block_1_79' title="bbox 456 4293 2108 4359">
    <p class='ocr_par' dir='ltr' id='par_1_79' title="bbox 456 4293 2108 4359">
     <span class='ocr_line' id='line_1_79' title="bbox 456 4293 2108 4359; baseline -0.001 -14"><span class='ocrx_word' id='word_1_552' title='bbox 456 4308 630 4345; x_wconf 76' lang='lat' dir='ltr'><strong>causze</strong></span> <span class='ocrx_word' id='word_1_553' title='bbox 659 4301 818 4359; x_wconf 83' lang='lat' dir='ltr'><strong>atque</strong></span> <span class='ocrx_word' id='word_1_554' title='bbox 852 4293 1131 4359; x_wconf 87' lang='lat' dir='ltr'><strong>principia.</strong></span> <span class='ocrx_word' id='word_1_555' title='bbox 1166 4294 1427 4352; x_wconf 85' lang='lat' dir='ltr'><strong>Quocirca</strong></span> <span class='ocrx_word' id='word_1_556' title='bbox 1476 4300 1532 4344; x_wconf 92' lang='lat' dir='ltr'><strong>ut</strong></span> <span class='ocrx_word' id='word_1_557' title='bbox 1584 4309 1644 4344; x_wconf 80' lang='lat' dir='ltr'><strong>ex</strong></span> <span class='ocrx_word' id='word_1_558' title='bbox 1690 4296 1884 4347; x_wconf 65' lang='lat' dir='ltr'><strong>Grecae</strong></span> <span class='ocrx_word' id='word_1_559' title='bbox 1912 4297 2108 4355; x_wconf 66' lang='lat' dir='ltr'><strong>linguis</strong></span> 
     </span>
    </p>
   </div>
   <div class='ocr_carea' id='block_1_80' title="bbox 464 4366 2103 4429">
    <p class='ocr_par' dir='ltr' id='par_1_80' title="bbox 464 4366 2103 4429">
     <span class='ocr_line' id='line_1_80' title="bbox 464 4366 2103 4429; baseline 0.001 -16"><span class='ocrx_word' id='word_1_560' title='bbox 464 4367 619 4428; x_wconf 89' lang='lat' dir='ltr'><strong>copia</strong></span> <span class='ocrx_word' id='word_1_561' title='bbox 674 4381 854 4416; x_wconf 90' lang='lat' dir='ltr'><strong>rerum</strong></span> <span class='ocrx_word' id='word_1_562' title='bbox 915 4366 1198 4415; x_wconf 86' lang='lat' dir='ltr'><strong>diversitas</strong></span> <span class='ocrx_word' id='word_1_563' title='bbox 1282 4366 1450 4428; x_wconf 85' lang='lat' dir='ltr'><strong>magis</strong></span> <span class='ocrx_word' id='word_1_564' title='bbox 1526 4371 1797 4429; x_wconf 88' lang='lat' dir='ltr'><strong>appareat,</strong></span> <span class='ocrx_word' id='word_1_565' title='bbox 1857 4367 2103 4424; x_wconf 88' lang='lat' dir='ltr'><strong>dicimus,</strong></span> 
     </span>
    </p>
   </div>
   <div class='ocr_carea' id='block_1_81' title="bbox 460 4436 2109 4501">
    <p class='ocr_par' dir='ltr' id='par_1_81' title="bbox 460 4436 2109 4501">
     <span class='ocr_line' id='line_1_81' title="bbox 460 4436 2109 4501; baseline 0.001 -17"><span class='ocrx_word' id='word_1_566' title='bbox 460 4437 605 4500; x_wconf 87' lang='lat' dir='ltr'><strong>quod</strong></span> <span class='ocrx_word' id='word_1_567' title='bbox 659 4437 781 4485; x_wconf 76' lang='grc' dir='ltr'>εἰναι</span> <span class='ocrx_word' id='word_1_568' title='bbox 811 4443 971 4500; x_wconf 85' lang='lat' dir='ltr'><strong>atque</strong></span> <span class='ocrx_word' id='word_1_569' title='bbox 1004 4436 1299 4490; x_wconf 78' lang='grc' dir='ltr'>οὖσιῶσθαι</span> <span class='ocrx_word' id='word_1_570' title='bbox 1330 4438 1525 4494; x_wconf 65' lang='lat' dir='ltr'><strong>Graece,</strong></span> <span class='ocrx_word' id='word_1_571' title='bbox 1558 4437 1742 4487; x_wconf 88' lang='lat' dir='ltr'><strong>Latine</strong></span> <span class='ocrx_word' id='word_1_572' title='bbox 1790 4437 2109 4501; x_wconf 89' lang='lat' dir='ltr'><strong>intelligitur</strong></span> 
     </span>
    </p>
   </div>
   <div class='ocr_carea' id='block_1_82' title="bbox 461 4504 2112 4583">
    <p class='ocr_par' dir='ltr' id='par_1_82' title="bbox 461 4504 2112 4583">
     <span class='ocr_line' id='line_1_82' title="bbox 461 4504 2112 4583; baseline 0.001 -27"><span class='ocrx_word' id='word_1_573' title='bbox 461 4522 576 4557; x_wconf 81' lang='lat' dir='ltr'><strong>esse</strong></span> <span class='ocrx_word' id='word_1_574' title='bbox 639 4516 797 4573; x_wconf 88' lang='lat' dir='ltr'><strong>atque</strong></span> <span class='ocrx_word' id='word_1_575' title='bbox 854 4509 1184 4570; x_wconf 86' lang='lat' dir='ltr'><strong>subsistere;</strong></span> <span class='ocrx_word' id='word_1_576' title='bbox 1247 4504 1565 4583; x_wconf 69' lang='grc' dir='ltr'>ὑφίστασθαι</span> <span class='ocrx_word' id='word_1_577' title='bbox 1613 4523 1737 4558; x_wconf 89' lang='lat' dir='ltr'><strong>vero</strong></span> <span class='ocrx_word' id='word_1_578' title='bbox 1795 4507 2112 4571; x_wconf 88' lang='lat' dir='ltr'><strong>intelligitur</strong></span> 
     </span>
    </p>
   </div>
   <div class='ocr_carea' id='block_1_83' title="bbox 458 4579 2112 4644">
    <p class='ocr_par' dir='ltr' id='par_1_83' title="bbox 458 4579 2112 4644">
     <span class='ocr_line' id='line_1_83' title="bbox 458 4579 2112 4644; baseline 0.001 -17"><span class='ocrx_word' id='word_1_579' title='bbox 458 4582 719 4631; x_wconf 89' lang='lat' dir='ltr'><strong>substare.</strong></span> <span class='ocrx_word' id='word_1_580' title='bbox 770 4582 951 4644; x_wconf 86' lang='lat' dir='ltr'><strong>Neque</strong></span> <span class='ocrx_word' id='word_1_581' title='bbox 1010 4581 1171 4636; x_wconf 89' lang='lat' dir='ltr'><strong>enim,</strong></span> <span class='ocrx_word' id='word_1_582' title='bbox 1226 4579 1302 4628; x_wconf 58' lang='lat' dir='ltr'><strong>ut&#39;</strong></span> <span class='ocrx_word' id='word_1_583' title='bbox 1352 4582 1560 4628; x_wconf 86' lang='lat' dir='ltr'><strong>Marcus</strong></span> <span class='ocrx_word' id='word_1_584' title='bbox 1614 4579 1827 4629; x_wconf 88' lang='lat' dir='ltr'><strong>Tullius</strong></span> <span class='ocrx_word' id='word_1_585' title='bbox 1886 4580 2112 4643; x_wconf 87' lang='lat' dir='ltr'><strong>ﬁgurato</strong></span> 
     </span>
    </p>
   </div>
   <div class='ocr_carea' id='block_1_84' title="bbox 462 4647 2112 4713">
    <p class='ocr_par' dir='ltr' id='par_1_84' title="bbox 462 4647 2112 4713">
     <span class='ocr_line' id='line_1_84' title="bbox 462 4647 2112 4713; baseline 0.001 -16"><span class='ocrx_word' id='word_1_586' title='bbox 462 4653 766 4699; x_wconf 88' lang='lat' dir='ltr'><strong>scommatis</strong></span> <span class='ocrx_word' id='word_1_587' title='bbox 796 4665 975 4699; x_wconf 84' lang='lat' dir='ltr'><strong>morsu</strong></span> <span class='ocrx_word' id='word_1_588' title='bbox 1040 4650 1094 4697; x_wconf 92' lang='lat' dir='ltr'><strong>in</strong></span> <span class='ocrx_word' id='word_1_589' title='bbox 1157 4650 1388 4712; x_wconf 86' lang='lat' dir='ltr'><strong>speciem</strong></span> <span class='ocrx_word' id='word_1_590' title='bbox 1452 4647 1628 4697; x_wconf 86' lang='lat' dir='ltr'><strong>laudis</strong></span> <span class='ocrx_word' id='word_1_591' title='bbox 1671 4651 1903 4713; x_wconf 87' lang='lat' dir='ltr'><strong>quadam</strong></span> <span class='ocrx_word' id='word_1_592' title='bbox 1949 4650 2112 4698; x_wconf 88' lang='lat' dir='ltr'><strong>urba-</strong></span> 
     </span>
    </p>
   </div>
   <div class='ocr_carea' id='block_1_85' title="bbox 462 4720 2113 4783">
    <p class='ocr_par' dir='ltr' id='par_1_85' title="bbox 462 4720 2113 4783">
     <span class='ocr_line' id='line_1_85' title="bbox 462 4720 2113 4783; baseline 0 -15"><span class='ocrx_word' id='word_1_593' title='bbox 462 4721 630 4769; x_wconf 89' lang='lat' dir='ltr'><strong>nitate</strong></span> <span class='ocrx_word' id='word_1_594' title='bbox 663 4722 871 4777; x_wconf 88' lang='lat' dir='ltr'><strong>alludit,</strong></span> <span class='ocrx_word' id='word_1_595' title='bbox 923 4720 1128 4770; x_wconf 79' lang='lat' dir='ltr'><strong>Graecia</strong></span> <span class='ocrx_word' id='word_1_596' title='bbox 1190 4724 1269 4769; x_wconf 81' lang='lat' dir='ltr'><strong>est</strong></span> <span class='ocrx_word' id='word_1_597' title='bbox 1324 4720 1484 4783; x_wconf 91' lang='lat' dir='ltr'><strong>inops</strong></span> <span class='ocrx_word' id='word_1_598' title='bbox 1527 4722 1853 4780; x_wconf 89' lang='lat' dir='ltr'><strong>verborum;</strong></span> <span class='ocrx_word' id='word_1_599' title='bbox 1903 4721 1994 4770; x_wconf 89' lang='lat' dir='ltr'><strong>sed</strong></span> <span class='ocrx_word' id='word_1_600' title='bbox 2028 4722 2113 4769; x_wconf 90' lang='lat' dir='ltr'><strong>hic</strong></span> 
     </span>
    </p>
   </div>
   <div class='ocr_carea' id='block_1_86' title="bbox 462 4790 2113 4854">
    <p class='ocr_par' dir='ltr' id='par_1_86' title="bbox 462 4790 2113 4854">
     <span class='ocr_line' id='line_1_86' title="bbox 462 4790 2113 4854; baseline 0.001 -15"><span class='ocrx_word' id='word_1_601' title='bbox 462 4796 695 4854; x_wconf 88' lang='lat' dir='ltr'><strong>quatuor</strong></span> <span class='ocrx_word' id='word_1_602' title='bbox 725 4794 981 4841; x_wconf 75' lang='lat' dir='ltr'><strong>nomina:</strong></span> <span class='ocrx_word' id='word_1_603' title='bbox 1031 4795 1333 4847; x_wconf 84' lang='lat' dir='ltr'><strong>essentiam,</strong></span> <span class='ocrx_word' id='word_1_604' title='bbox 1384 4790 1808 4853; x_wconf 88' lang='lat' dir='ltr'><strong>subsistentiam,</strong></span> <span class='ocrx_word' id='word_1_605' title='bbox 1856 4795 2113 4842; x_wconf 89' lang='lat' dir='ltr'><strong>substan-</strong></span> 
     </span>
    </p>
   </div>
   <div class='ocr_carea' id='block_1_87' title="bbox 461 4863 2115 4927">
    <p class='ocr_par' dir='ltr' id='par_1_87' title="bbox 461 4863 2115 4927">
     <span class='ocr_line' id='line_1_87' title="bbox 461 4863 2115 4927; baseline 0 -15"><span class='ocrx_word' id='word_1_606' title='bbox 461 4864 610 4922; x_wconf 86' lang='lat' dir='ltr'><strong>tiam,</strong></span> <span class='ocrx_word' id='word_1_607' title='bbox 666 4880 968 4927; x_wconf 82' lang='lat' dir='ltr'><strong>personnm,</strong></span> <span class='ocrx_word' id='word_1_608' title='bbox 1025 4866 1245 4914; x_wconf 87' lang='lat' dir='ltr'><strong>totidem</strong></span> <span class='ocrx_word' id='word_1_609' title='bbox 1305 4863 1615 4913; x_wconf 90' lang='lat' dir='ltr'><strong>nominibus</strong></span> <span class='ocrx_word' id='word_1_610' title='bbox 1670 4864 1881 4914; x_wconf 90' lang='lat' dir='ltr'><strong>reddit:</strong></span> <span class='ocrx_word' id='word_1_611' title='bbox 1937 4877 2115 4913; x_wconf 88' lang='lat' dir='ltr'><strong>essen-</strong></span> 
     </span>
    </p>
   </div>
   <div class='ocr_carea' id='block_1_88' title="bbox 461 4932 2113 5001">
    <p class='ocr_par' dir='ltr' id='par_1_88' title="bbox 461 4932 2113 5001">
     <span class='ocr_line' id='line_1_88' title="bbox 461 4932 2113 5001; baseline 0.001 -18"><span class='ocrx_word' id='word_1_612' title='bbox 461 4936 589 4983; x_wconf 88' lang='lat' dir='ltr'><strong>tiam</strong></span> <span class='ocrx_word' id='word_1_613' title='bbox 623 4936 842 4998; x_wconf 88' lang='lat' dir='ltr'><strong>quidem</strong></span> <span class='ocrx_word' id='word_1_614' title='bbox 906 4939 1183 4999; x_wconf 89' lang='lat' dir='ltr'><strong>appellans</strong></span> <span class='ocrx_word' id='word_1_615' title='bbox 1236 4932 1452 5001; x_wconf 74' lang='grc' dir='ltr'>οὖσίαν;</span> <span class='ocrx_word' id='word_1_616' title='bbox 1506 4935 1907 4985; x_wconf 89' lang='lat' dir='ltr'><strong>subsistentiam</strong></span> <span class='ocrx_word' id='word_1_617' title='bbox 1962 4949 2113 4996; x_wconf 90' lang='lat' dir='ltr'><strong>vero,</strong></span> 
     </span>
    </p>
   </div>
   <div class='ocr_carea' id='block_1_89' title="bbox 465 5004 2112 5079">
    <p class='ocr_par' dir='ltr' id='par_1_89' title="bbox 465 5004 2112 5079">
     <span class='ocr_line' id='line_1_89' title="bbox 465 5004 2112 5079; baseline -0.001 -21"><span class='ocrx_word' id='word_1_618' title='bbox 465 5004 717 5060; x_wconf 77' lang='grc' dir='ltr'>οὐσίωσιν</span> <span class='ocrx_word' id='word_1_619' title='bbox 744 5022 757 5067; x_wconf 88' lang='lat'><strong>;</strong></span> <span class='ocrx_word' id='word_1_620' title='bbox 780 5009 1157 5069; x_wconf 84' lang='lat' dir='ltr'><strong>substantiam,</strong></span> <span class='ocrx_word' id='word_1_621' title='bbox 1192 5005 1480 5060; x_wconf 76' lang='grc' dir='ltr'>ὑπόστασιν</span> <span class='ocrx_word' id='word_1_622' title='bbox 1510 5026 1523 5069; x_wconf 73' lang='grc' dir='ltr'>ς</span> <span class='ocrx_word' id='word_1_623' title='bbox 1557 5021 1863 5069; x_wconf 89' lang='lat' dir='ltr'><strong>personam,</strong></span> <span class='ocrx_word' id='word_1_624' title='bbox 1884 5004 2112 5079; x_wconf 80' lang='grc' dir='ltr'>πρόσω-</span> 
     </span>
    </p>
   </div>
   <div class='ocr_carea' id='block_1_90' title="bbox 461 5078 2115 5142">
    <p class='ocr_par' dir='ltr' id='par_1_90' title="bbox 461 5078 2115 5142">
     <span class='ocr_line' id='line_1_90' title="bbox 461 5078 2115 5142; baseline -0.004 -10"><span class='ocrx_word' id='word_1_625' title='bbox 461 5098 584 5134; x_wconf 87' lang='grc' dir='ltr'>πον.</span> <span class='ocrx_word' id='word_1_626' title='bbox 640 5078 710 5129; x_wconf 89' lang='lat' dir='ltr'><strong>Ut</strong></span> <span class='ocrx_word' id='word_1_627' title='bbox 742 5087 918 5129; x_wconf 87' lang='lat' dir='ltr'><strong>autem</strong></span> <span class='ocrx_word' id='word_1_628' title='bbox 966 5080 1028 5128; x_wconf 87' lang='lat' dir='ltr'><strong>ad</strong></span> <span class='ocrx_word' id='word_1_629' title='bbox 1067 5080 1117 5127; x_wconf 89' lang='lat' dir='ltr'><strong>id</strong></span> <span class='ocrx_word' id='word_1_630' title='bbox 1178 5084 1395 5142; x_wconf 88' lang='lat' dir='ltr'><strong>propter</strong></span> <span class='ocrx_word' id='word_1_631' title='bbox 1423 5083 1566 5142; x_wconf 88' lang='lat' dir='ltr'><strong>quod</strong></span> <span class='ocrx_word' id='word_1_632' title='bbox 1595 5092 1769 5128; x_wconf 91' lang='lat' dir='ltr'><strong>rerum</strong></span> <span class='ocrx_word' id='word_1_633' title='bbox 1802 5078 2115 5128; x_wconf 90' lang='lat' dir='ltr'><strong>nominum-</strong></span> 
     </span>
    </p>
   </div>
   <div class='ocr_carea' id='block_1_91' title="bbox 462 5150 2114 5215">
    <p class='ocr_par' dir='ltr' id='par_1_91' title="bbox 462 5150 2114 5215">
     <span class='ocr_line' id='line_1_91' title="bbox 462 5150 2114 5215; baseline -0.002 -16"><span class='ocrx_word' id='word_1_634' title='bbox 462 5165 566 5214; x_wconf 88' lang='lat' dir='ltr'><strong>que</strong></span> <span class='ocrx_word' id='word_1_635' title='bbox 633 5154 939 5215; x_wconf 77' lang='lat' dir='ltr'><strong>prmdictam</strong></span> <span class='ocrx_word' id='word_1_636' title='bbox 1019 5150 1340 5200; x_wconf 87' lang='lat' dir='ltr'><strong>divisionem</strong></span> <span class='ocrx_word' id='word_1_637' title='bbox 1424 5151 1673 5213; x_wconf 83' lang='lat' dir='ltr'><strong>fecimus,</strong></span> <span class='ocrx_word' id='word_1_638' title='bbox 1740 5152 2114 5199; x_wconf 87' lang='lat' dir='ltr'><strong>revertamur:</strong></span> 
     </span>
    </p>
   </div>
   <div class='ocr_carea' id='block_1_92' title="bbox 464 5219 2116 5284">
    <p class='ocr_par' dir='ltr' id='par_1_92' title="bbox 464 5219 2116 5284">
     <span class='ocr_line' id='line_1_92' title="bbox 464 5219 2116 5284; baseline -0.001 -13"><span class='ocrx_word' id='word_1_639' title='bbox 464 5223 608 5281; x_wconf 90' lang='lat' dir='ltr'><strong>ideo,</strong></span> <span class='ocrx_word' id='word_1_640' title='bbox 659 5225 797 5274; x_wconf 89' lang='lat' dir='ltr'><strong>sicut</strong></span> <span class='ocrx_word' id='word_1_641' title='bbox 849 5224 1047 5273; x_wconf 86' lang='lat' dir='ltr'><strong>dictum</strong></span> <span class='ocrx_word' id='word_1_642' title='bbox 1111 5227 1211 5284; x_wconf 89' lang='lat' dir='ltr'><strong>est,</strong></span> <span class='ocrx_word' id='word_1_643' title='bbox 1267 5222 1431 5271; x_wconf 64' lang='lat' dir='ltr'><strong>Graeci</strong></span> <span class='ocrx_word' id='word_1_644' title='bbox 1489 5221 1754 5283; x_wconf 90' lang='lat' dir='ltr'><strong>quaslibet</strong></span> <span class='ocrx_word' id='word_1_645' title='bbox 1803 5219 2116 5270; x_wconf 89' lang='lat' dir='ltr'><strong>individuas</strong></span> 
     </span>
    </p>
   </div>
   <div class='ocr_carea' id='block_1_93' title="bbox 466 5291 2116 5359">
    <p class='ocr_par' dir='ltr' id='par_1_93' title="bbox 466 5291 2116 5359">
     <span class='ocr_line' id='line_1_93' title="bbox 466 5291 2116 5359; baseline 0.001 -18"><span class='ocrx_word' id='word_1_646' title='bbox 466 5294 794 5345; x_wconf 89' lang='lat' dir='ltr'><strong>substantias</strong></span> <span class='ocrx_word' id='word_1_647' title='bbox 852 5296 1252 5359; x_wconf 82' lang='lat' dir='ltr'><strong>appellaverunt</strong></span> <span class='ocrx_word' id='word_1_648' title='bbox 1310 5291 1651 5355; x_wconf 76' lang='grc' dir='ltr'>ὑποστάσεις,</span> <span class='ocrx_word' id='word_1_649' title='bbox 1702 5294 1958 5355; x_wconf 89' lang='lat' dir='ltr'><strong>quoniam</strong></span> <span class='ocrx_word' id='word_1_650' title='bbox 2012 5306 2116 5342; x_wconf 68' lang='lat' dir='ltr'><strong>caa-</strong></span> 
     </span>
    </p>
   </div>
   <div class='ocr_carea' id='block_1_94' title="bbox 465 5363 2114 5429">
    <p class='ocr_par' dir='ltr' id='par_1_94' title="bbox 465 5363 2114 5429">
     <span class='ocr_line' id='line_1_94' title="bbox 465 5363 2114 5429; baseline -0.001 -17"><span class='ocrx_word' id='word_1_651' title='bbox 465 5366 592 5413; x_wconf 86' lang='lat' dir='ltr'><strong>teris</strong></span> <span class='ocrx_word' id='word_1_652' title='bbox 652 5369 915 5429; x_wconf 89' lang='lat' dir='ltr'><strong>subsunt;</strong></span> <span class='ocrx_word' id='word_1_653' title='bbox 964 5372 1018 5415; x_wconf 90' lang='lat' dir='ltr'><strong>et</strong></span> <span class='ocrx_word' id='word_1_654' title='bbox 1074 5365 1304 5429; x_wconf 89' lang='lat' dir='ltr'><strong>qualiter</strong></span> <span class='ocrx_word' id='word_1_655' title='bbox 1360 5363 1488 5411; x_wconf 90' lang='lat' dir='ltr'><strong>velit</strong></span> <span class='ocrx_word' id='word_1_656' title='bbox 1545 5363 1765 5423; x_wconf 76' lang='lat' dir='ltr'><strong>intelligi</strong></span> <span class='ocrx_word' id='word_1_657' title='bbox 1822 5364 1965 5428; x_wconf 91' lang='lat' dir='ltr'><strong>quod</strong></span> <span class='ocrx_word' id='word_1_658' title='bbox 2023 5365 2114 5421; x_wconf 89' lang='lat' dir='ltr'><strong>ait,</strong></span> 
     </span>
    </p>
   </div>
   <div class='ocr_carea' id='block_1_95' title="bbox 468 5434 2118 5502">
    <p class='ocr_par' dir='ltr' id='par_1_95' title="bbox 468 5434 2118 5502">
     <span class='ocr_line' id='line_1_95' title="bbox 468 5434 2118 5502; baseline -0.001 -18"><span class='ocrx_word' id='word_1_659' title='bbox 468 5437 715 5495; x_wconf 84' lang='lat' dir='ltr'><strong>subsunt,</strong></span> <span class='ocrx_word' id='word_1_660' title='bbox 748 5444 799 5487; x_wconf 92' lang='lat' dir='ltr'><strong>et</strong></span> <span class='ocrx_word' id='word_1_661' title='bbox 827 5452 947 5502; x_wconf 65' lang='lat' dir='ltr'><strong>quas</strong></span> <span class='ocrx_word' id='word_1_662' title='bbox 996 5438 1103 5486; x_wconf 89' lang='lat' dir='ltr'><strong>sint</strong></span> <span class='ocrx_word' id='word_1_663' title='bbox 1158 5434 1249 5484; x_wconf 87' lang='lat' dir='ltr'><strong>illa</strong></span> <span class='ocrx_word' id='word_1_664' title='bbox 1305 5437 1515 5491; x_wconf 73' lang='lat' dir='ltr'><strong>caetera,</strong></span> <span class='ocrx_word' id='word_1_665' title='bbox 1575 5435 1824 5483; x_wconf 91' lang='lat' dir='ltr'><strong>eumdem</strong></span> <span class='ocrx_word' id='word_1_666' title='bbox 1867 5441 2118 5498; x_wconf 89' lang='lat' dir='ltr'><strong>repetens</strong></span> 
     </span>
    </p>
   </div>
   <div class='ocr_carea' id='block_1_96' title="bbox 466 5504 2115 5572">
    <p class='ocr_par' dir='ltr' id='par_1_96' title="bbox 466 5504 2115 5572">
     <span class='ocr_line' id='line_1_96' title="bbox 466 5504 2115 5572; baseline -0.001 -17"><span class='ocrx_word' id='word_1_667' title='bbox 466 5520 704 5564; x_wconf 86' lang='lat' dir='ltr'><strong>sensum.</strong></span> <span class='ocrx_word' id='word_1_668' title='bbox 765 5511 1019 5572; x_wconf 83' lang='lat' dir='ltr'><strong>explanat</strong></span> <span class='ocrx_word' id='word_1_669' title='bbox 1075 5512 1127 5557; x_wconf 88' lang='lat' dir='ltr'><strong>et</strong></span> <span class='ocrx_word' id='word_1_670' title='bbox 1180 5505 1291 5556; x_wconf 88' lang='lat' dir='ltr'><strong>ait:</strong></span> <span class='ocrx_word' id='word_1_671' title='bbox 1352 5504 1515 5563; x_wconf 89' lang='lat' dir='ltr'><strong>Quasi</strong></span> <span class='ocrx_word' id='word_1_672' title='bbox 1578 5508 1871 5568; x_wconf 69' lang='lat' dir='ltr'><strong>suppositas</strong></span> <span class='ocrx_word' id='word_1_673' title='bbox 1929 5507 2115 5567; x_wconf 87' lang='lat' dir='ltr'><strong>subje-</strong></span> 
     </span>
    </p>
   </div>
   <div class='ocr_carea' id='block_1_97' title="bbox 463 5576 2117 5643">
    <p class='ocr_par' dir='ltr' id='par_1_97' title="bbox 463 5576 2117 5643">
     <span class='ocr_line' id='line_1_97' title="bbox 463 5576 2117 5643; baseline -0.001 -18"><span class='ocrx_word' id='word_1_674' title='bbox 463 5581 669 5642; x_wconf 71' lang='lat' dir='ltr'><strong>ctieque</strong></span> <span class='ocrx_word' id='word_1_675' title='bbox 702 5588 828 5629; x_wconf 82' lang='lat' dir='ltr'><strong>sunt</strong></span> <span class='ocrx_word' id='word_1_676' title='bbox 883 5579 1204 5643; x_wconf 89' lang='lat' dir='ltr'><strong>quibusdam</strong></span> <span class='ocrx_word' id='word_1_677' title='bbox 1256 5590 1376 5640; x_wconf 73' lang='lat' dir='ltr'><strong>quas</strong></span> <span class='ocrx_word' id='word_1_678' title='bbox 1433 5576 1489 5624; x_wconf 93' lang='lat' dir='ltr'><strong>in</strong></span> <span class='ocrx_word' id='word_1_679' title='bbox 1547 5590 1601 5625; x_wconf 89' lang='lat' dir='ltr'><strong>se</strong></span> <span class='ocrx_word' id='word_1_680' title='bbox 1662 5576 1747 5626; x_wconf 88' lang='lat' dir='ltr'><strong>vel</strong></span> <span class='ocrx_word' id='word_1_681' title='bbox 1782 5579 2117 5626; x_wconf 86' lang='lat' dir='ltr'><strong>extrinsecus</strong></span> 
     </span>
    </p>
   </div>
   <div class='ocr_carea' id='block_1_98' title="bbox 469 5646 2120 5701">
    <p class='ocr_par' dir='ltr' id='par_1_98' title="bbox 469 5646 2120 5701">
     <span class='ocr_line' id='line_1_98' title="bbox 469 5646 2120 5701; baseline -0.002 -2"><span class='ocrx_word' id='word_1_682' title='bbox 469 5649 629 5701; x_wconf 88' lang='lat' dir='ltr'><strong>afﬁxa</strong></span> <span class='ocrx_word' id='word_1_683' title='bbox 677 5651 878 5701; x_wconf 88' lang='lat' dir='ltr'><strong>habere</strong></span> <span class='ocrx_word' id='word_1_684' title='bbox 934 5649 1186 5700; x_wconf 91' lang='lat' dir='ltr'><strong>dicuntur</strong></span> <span class='ocrx_word' id='word_1_685' title='bbox 1260 5646 1652 5697; x_wconf 88' lang='lat' dir='ltr'><strong>accidentibus.</strong></span> <span class='ocrx_word' id='word_1_686' title='bbox 1740 5648 1945 5698; x_wconf 83' lang='lat' dir='ltr'><strong>Idcirco</strong></span> <span class='ocrx_word' id='word_1_687' title='bbox 2019 5661 2120 5696; x_wconf 90' lang='lat' dir='ltr'><strong>nos</strong></span> 
     </span>
    </p>
   </div>
   <div class='ocr_carea' id='block_1_99' title="bbox 471 5717 2117 5790">
    <p class='ocr_par' dir='ltr' id='par_1_99' title="bbox 471 5717 2117 5790">
     <span class='ocr_line' id='line_1_99' title="bbox 471 5717 2117 5790; baseline -0.001 -21"><span class='ocrx_word' id='word_1_688' title='bbox 471 5733 688 5790; x_wconf 85' lang='lat' dir='ltr'><strong>quoque</strong></span> <span class='ocrx_word' id='word_1_689' title='bbox 743 5722 919 5773; x_wconf 87' lang='lat' dir='ltr'><strong>Latini</strong></span> <span class='ocrx_word' id='word_1_690' title='bbox 976 5734 1066 5772; x_wconf 86' lang='lat' dir='ltr'><strong>eas</strong></span> <span class='ocrx_word' id='word_1_691' title='bbox 1120 5731 1501 5783; x_wconf 86' lang='lat' dir='ltr'><strong>nuncupamus</strong></span> <span class='ocrx_word' id='word_1_692' title='bbox 1553 5718 1905 5779; x_wconf 82' lang='lat' dir='ltr'><strong>substantias,</strong></span> <span class='ocrx_word' id='word_1_693' title='bbox 1963 5717 2117 5783; x_wconf 87' lang='lat' dir='ltr'><strong>quasi</strong></span> 
     </span>
    </p>
   </div>
   <div class='ocr_carea' id='block_1_100' title="bbox 2199 1710 3795 1788">
    <p class='ocr_par' dir='ltr' id='par_1_100' title="bbox 2199 1710 3795 1788">
     <span class='ocr_line' id='line_1_100' title="bbox 2199 1710 3795 1788; baseline -0.009 -17"><span class='ocrx_word' id='word_1_694' title='bbox 2199 1734 2398 1788; x_wconf 88' lang='lat' dir='ltr'><strong>genere</strong></span> <span class='ocrx_word' id='word_1_695' title='bbox 2430 1718 2496 1767; x_wconf 91' lang='lat' dir='ltr'><strong>ad</strong></span> <span class='ocrx_word' id='word_1_696' title='bbox 2528 1715 2761 1781; x_wconf 84' lang='lat' dir='ltr'><strong>speciem</strong></span> <span class='ocrx_word' id='word_1_697' title='bbox 2791 1714 3097 1788; x_wconf 72' lang='lat' dir='ltr'><strong>Grmcorum</strong></span> <span class='ocrx_word' id='word_1_698' title='bbox 3130 1728 3295 1788; x_wconf 26' lang='lat' dir='ltr'><strong>Ausus</strong></span> <span class='ocrx_word' id='word_1_699' title='bbox 3357 1710 3636 1788; x_wconf 79' lang='lat' dir='ltr'><strong>contraxit,</strong></span> <span class='ocrx_word' id='word_1_700' title='bbox 3671 1711 3795 1759; x_wconf 83' lang='lat' dir='ltr'><strong>ratio-</strong></span> 
     </span>
    </p>
   </div>
   <div class='ocr_carea' id='block_1_101' title="bbox 2199 1784 3792 1847">
    <p class='ocr_par' dir='ltr' id='par_1_101' title="bbox 2199 1784 3792 1847">
     <span class='ocr_line' id='line_1_101' title="bbox 2199 1784 3792 1847; baseline -0.011 -1"><span class='ocrx_word' id='word_1_701' title='bbox 2199 1784 2374 1847; x_wconf 71' lang='lat' dir='ltr'><strong>nalem</strong></span> <span class='ocrx_word' id='word_1_702' title='bbox 2406 1795 2613 1841; x_wconf 89' lang='lat' dir='ltr'><strong>tantum</strong></span> <span class='ocrx_word' id='word_1_703' title='bbox 2644 1789 3002 1839; x_wconf 86' lang='lat' dir='ltr'><strong>substantiam</strong></span> <span class='ocrx_word' id='word_1_704' title='bbox 3040 1784 3331 1841; x_wconf 85' lang='grc' dir='ltr'>ὑπόστασιν</span> <span class='ocrx_word' id='word_1_705' title='bbox 3384 1785 3672 1839; x_wconf 83' lang='lat' dir='ltr'><strong>nominans,</strong></span> <span class='ocrx_word' id='word_1_706' title='bbox 3705 1795 3792 1830; x_wconf 86' lang='lat' dir='ltr'><strong>cum</strong></span> 
     </span>
    </p>
   </div>
   <div class='ocr_carea' id='block_1_102' title="bbox 2200 1852 3796 1919">
    <p class='ocr_par' dir='ltr' id='par_1_102' title="bbox 2200 1852 3796 1919">
     <span class='ocr_line' id='line_1_102' title="bbox 2200 1852 3796 1919; baseline -0.011 -2"><span class='ocrx_word' id='word_1_707' title='bbox 2200 1873 2377 1919; x_wconf 87' lang='lat' dir='ltr'><strong>tamen</strong></span> <span class='ocrx_word' id='word_1_708' title='bbox 2439 1861 2754 1912; x_wconf 87' lang='lat' dir='ltr'><strong>Latinorum</strong></span> <span class='ocrx_word' id='word_1_709' title='bbox 2815 1875 2945 1909; x_wconf 88' lang='lat' dir='ltr'><strong>usus</strong></span> <span class='ocrx_word' id='word_1_710' title='bbox 3018 1872 3221 1909; x_wconf 89' lang='lat' dir='ltr'><strong>nomen</strong></span> <span class='ocrx_word' id='word_1_711' title='bbox 3307 1856 3636 1911; x_wconf 79' lang='lat' dir='ltr'><strong>substantiae.</strong></span> <span class='ocrx_word' id='word_1_712' title='bbox 3681 1852 3796 1916; x_wconf 79' lang='lat' dir='ltr'><strong>juxta</strong></span> 
     </span>
    </p>
   </div>
   <div class='ocr_carea' id='block_1_103' title="bbox 2201 1926 3793 1995">
    <p class='ocr_par' dir='ltr' id='par_1_103' title="bbox 2201 1926 3793 1995">
     <span class='ocr_line' id='line_1_103' title="bbox 2201 1926 3793 1995; baseline -0.011 -7"><span class='ocrx_word' id='word_1_713' title='bbox 2201 1949 2448 1989; x_wconf 81' lang='lat' dir='ltr'><strong>naturam</strong></span> <span class='ocrx_word' id='word_1_714' title='bbox 2485 1938 2537 1983; x_wconf 92' lang='lat' dir='ltr'><strong>et</strong></span> <span class='ocrx_word' id='word_1_715' title='bbox 2590 1933 2698 1981; x_wconf 92' lang='lat' dir='ltr'><strong>vim</strong></span> <span class='ocrx_word' id='word_1_716' title='bbox 2758 1930 3011 1981; x_wconf 86' lang='lat' dir='ltr'><strong>dictionis</strong></span> <span class='ocrx_word' id='word_1_717' title='bbox 3060 1932 3247 1995; x_wconf 85' lang='lat' dir='ltr'><strong>ipsius,</strong></span> <span class='ocrx_word' id='word_1_718' title='bbox 3296 1928 3357 1977; x_wconf 88' lang='lat' dir='ltr'><strong>in</strong></span> <span class='ocrx_word' id='word_1_719' title='bbox 3416 1926 3657 1977; x_wconf 87' lang='lat' dir='ltr'><strong>omnibus</strong></span> <span class='ocrx_word' id='word_1_720' title='bbox 3707 1936 3793 1987; x_wconf 72' lang='lat' dir='ltr'><strong>quas</strong></span> 
     </span>
    </p>
   </div>
   <div class='ocr_carea' id='block_1_104' title="bbox 2203 2000 3795 2062">
    <p class='ocr_par' dir='ltr' id='par_1_104' title="bbox 2203 2000 3795 2062">
     <span class='ocr_line' id='line_1_104' title="bbox 2203 2000 3795 2062; baseline -0.012 0"><span class='ocrx_word' id='word_1_721' title='bbox 2203 2011 2456 2062; x_wconf 88' lang='lat' dir='ltr'><strong>substant</strong></span> <span class='ocrx_word' id='word_1_722' title='bbox 2485 2004 2854 2055; x_wconf 89' lang='lat' dir='ltr'><strong>accidentibus</strong></span> <span class='ocrx_word' id='word_1_723' title='bbox 2901 2003 3077 2053; x_wconf 87' lang='lat' dir='ltr'><strong>adhuc</strong></span> <span class='ocrx_word' id='word_1_724' title='bbox 3124 2002 3381 2053; x_wconf 86' lang='lat' dir='ltr'><strong>retineat.</strong></span> <span class='ocrx_word' id='word_1_725' title='bbox 3425 2000 3477 2050; x_wconf 91' lang='lat' dir='ltr'><strong>Si</strong></span> <span class='ocrx_word' id='word_1_726' title='bbox 3524 2000 3637 2062; x_wconf 86' lang='lat' dir='ltr'><strong>quis</strong></span> <span class='ocrx_word' id='word_1_727' title='bbox 3661 2001 3795 2045; x_wconf 86' lang='lat' dir='ltr'><strong>autem</strong></span> 
     </span>
    </p>
   </div>
   <div class='ocr_carea' id='block_1_105' title="bbox 2203 2067 3795 2147">
    <p class='ocr_par' dir='ltr' id='par_1_105' title="bbox 2203 2067 3795 2147">
     <span class='ocr_line' id='line_1_105' title="bbox 2203 2067 3795 2147; baseline -0.009 -15"><span class='ocrx_word' id='word_1_728' title='bbox 2203 2086 2408 2147; x_wconf 75' lang='lat' dir='ltr'><strong>qumrat</strong></span> <span class='ocrx_word' id='word_1_729' title='bbox 2455 2092 2625 2141; x_wconf 90' lang='lat' dir='ltr'><strong>quare</strong></span> <span class='ocrx_word' id='word_1_730' title='bbox 2676 2077 2888 2126; x_wconf 65' lang='lat' dir='ltr'><strong>Graecus</strong></span> <span class='ocrx_word' id='word_1_731' title='bbox 2931 2089 3079 2124; x_wconf 92' lang='lat' dir='ltr'><strong>nunc</strong></span> <span class='ocrx_word' id='word_1_732' title='bbox 3125 2088 3234 2125; x_wconf 88' lang='lat' dir='ltr'><strong>non</strong></span> <span class='ocrx_word' id='word_1_733' title='bbox 3282 2074 3431 2147; x_wconf 86' lang='lat' dir='ltr'><strong>dicat</strong></span> <span class='ocrx_word' id='word_1_734' title='bbox 3462 2067 3795 2147; x_wconf 56' lang='lat' dir='ltr'><strong>exequenda</strong></span> 
     </span>
    </p>
   </div>
   <div class='ocr_carea' id='block_1_106' title="bbox 2202 2140 3799 2204">
    <p class='ocr_par' dir='ltr' id='par_1_106' title="bbox 2202 2140 3799 2204">
     <span class='ocr_line' id='line_1_106' title="bbox 2202 2140 3799 2204; baseline -0.011 0"><span class='ocrx_word' id='word_1_735' title='bbox 2202 2140 2610 2204; x_wconf 76' lang='lat' dir='ltr'><strong>irrationalibus</strong></span> <span class='ocrx_word' id='word_1_736' title='bbox 2640 2148 2985 2201; x_wconf 83' lang='lat' dir='ltr'><strong>animalibus,</strong></span> <span class='ocrx_word' id='word_1_737' title='bbox 3035 2148 3173 2196; x_wconf 89' lang='lat' dir='ltr'><strong>sicut</strong></span> <span class='ocrx_word' id='word_1_738' title='bbox 3228 2159 3329 2194; x_wconf 91' lang='lat' dir='ltr'><strong>nos</strong></span> <span class='ocrx_word' id='word_1_739' title='bbox 3378 2144 3548 2194; x_wconf 85' lang='lat' dir='ltr'><strong>Latini</strong></span> <span class='ocrx_word' id='word_1_740' title='bbox 3575 2144 3634 2191; x_wconf 86' lang='lat' dir='ltr'><strong>de</strong></span> <span class='ocrx_word' id='word_1_741' title='bbox 3658 2140 3799 2188; x_wconf 83' lang='lat' dir='ltr'><strong>iisdem</strong></span> 
     </span>
    </p>
   </div>
   <div class='ocr_carea' id='block_1_107' title="bbox 2202 2216 3797 2281">
    <p class='ocr_par' dir='ltr' id='par_1_107' title="bbox 2202 2216 3797 2281">
     <span class='ocr_line' id='line_1_107' title="bbox 2202 2216 3797 2281; baseline -0.011 -6"><span class='ocrx_word' id='word_1_742' title='bbox 2202 2223 2611 2276; x_wconf 88' lang='lat' dir='ltr'><strong>irrationalibus</strong></span> <span class='ocrx_word' id='word_1_743' title='bbox 2641 2232 2841 2269; x_wconf 89' lang='lat' dir='ltr'><strong>nomen</strong></span> <span class='ocrx_word' id='word_1_744' title='bbox 2866 2218 3183 2267; x_wconf 65' lang='lat' dir='ltr'><strong>substantias</strong></span> <span class='ocrx_word' id='word_1_745' title='bbox 3219 2216 3595 2281; x_wconf 65' lang='lat' dir='ltr'><strong>praedicamus,</strong></span> <span class='ocrx_word' id='word_1_746' title='bbox 3622 2222 3797 2273; x_wconf 86' lang='lat' dir='ltr'><strong>respon-</strong></span> 
     </span>
    </p>
   </div>
   <div class='ocr_carea' id='block_1_108' title="bbox 2205 2288 3798 2355">
    <p class='ocr_par' dir='ltr' id='par_1_108' title="bbox 2205 2288 3798 2355">
     <span class='ocr_line' id='line_1_108' title="bbox 2205 2288 3798 2355; baseline -0.011 -9"><span class='ocrx_word' id='word_1_747' title='bbox 2205 2298 2394 2345; x_wconf 87' lang='lat' dir='ltr'><strong>demus</strong></span> <span class='ocrx_word' id='word_1_748' title='bbox 2425 2292 2566 2355; x_wconf 92' lang='lat' dir='ltr'><strong>quod</strong></span> <span class='ocrx_word' id='word_1_749' title='bbox 2592 2292 2693 2340; x_wconf 90' lang='lat' dir='ltr'><strong>hoc</strong></span> <span class='ocrx_word' id='word_1_750' title='bbox 2720 2290 2925 2339; x_wconf 89' lang='lat' dir='ltr'><strong>ratione</strong></span> <span class='ocrx_word' id='word_1_751' title='bbox 2960 2295 3058 2344; x_wconf 84' lang='lat' dir='ltr'><strong>est,</strong></span> <span class='ocrx_word' id='word_1_752' title='bbox 3103 2290 3364 2352; x_wconf 89' lang='lat' dir='ltr'><strong>quoniam</strong></span> <span class='ocrx_word' id='word_1_753' title='bbox 3414 2288 3612 2336; x_wconf 83' lang='lat' dir='ltr'><strong>scilicet</strong></span> <span class='ocrx_word' id='word_1_754' title='bbox 3649 2294 3798 2332; x_wconf 86' lang='lat' dir='ltr'><strong>nomen</strong></span> 
     </span>
    </p>
   </div>
   <div class='ocr_carea' id='block_1_109' title="bbox 2204 2356 3797 2427">
    <p class='ocr_par' dir='ltr' id='par_1_109' title="bbox 2204 2356 3797 2427">
     <span class='ocr_line' id='line_1_109' title="bbox 2204 2356 3797 2427; baseline -0.008 -13"><span class='ocrx_word' id='word_1_755' title='bbox 2204 2368 2466 2422; x_wconf 79' lang='grc' dir='ltr'>ὑπόστασις</span> <span class='ocrx_word' id='word_1_756' title='bbox 2497 2362 2641 2427; x_wconf 92' lang='lat' dir='ltr'><strong>quod</strong></span> <span class='ocrx_word' id='word_1_757' title='bbox 2698 2375 2842 2410; x_wconf 91' lang='lat' dir='ltr'><strong>nunc</strong></span> <span class='ocrx_word' id='word_1_758' title='bbox 2899 2374 3019 2422; x_wconf 88' lang='lat' dir='ltr'><strong>usu,</strong></span> <span class='ocrx_word' id='word_1_759' title='bbox 3068 2362 3211 2409; x_wconf 84' lang='lat' dir='ltr'><strong>sicut</strong></span> <span class='ocrx_word' id='word_1_760' title='bbox 3255 2358 3517 2414; x_wconf 87' lang='lat' dir='ltr'><strong>diximus,</strong></span> <span class='ocrx_word' id='word_1_761' title='bbox 3545 2368 3715 2405; x_wconf 85' lang='lat' dir='ltr'><strong>nomen</strong></span> <span class='ocrx_word' id='word_1_762' title='bbox 3740 2356 3797 2401; x_wconf 77' lang='lat' dir='ltr'><strong>est</strong></span> 
     </span>
    </p>
   </div>
   <div class='ocr_carea' id='block_1_110' title="bbox 2204 2427 3797 2495">
    <p class='ocr_par' dir='ltr' id='par_1_110' title="bbox 2204 2427 3797 2495">
     <span class='ocr_line' id='line_1_110' title="bbox 2204 2427 3797 2495; baseline -0.009 -7"><span class='ocrx_word' id='word_1_763' title='bbox 2204 2438 2440 2487; x_wconf 89' lang='lat' dir='ltr'><strong>melioris</strong></span> <span class='ocrx_word' id='word_1_764' title='bbox 2470 2439 2696 2491; x_wconf 58' lang='lat' dir='ltr'><strong>natura,</strong></span> <span class='ocrx_word' id='word_1_765' title='bbox 2730 2447 2761 2483; x_wconf 91' lang='lat' dir='ltr'><strong>a</strong></span> <span class='ocrx_word' id='word_1_766' title='bbox 2818 2446 3015 2495; x_wconf 83' lang='lat' dir='ltr'><strong>genere</strong></span> <span class='ocrx_word' id='word_1_767' title='bbox 3074 2434 3455 2481; x_wconf 89' lang='lat' dir='ltr'><strong>universorum</strong></span> <span class='ocrx_word' id='word_1_768' title='bbox 3494 2427 3797 2478; x_wconf 84' lang='lat' dir='ltr'><strong>substantiam</strong></span> 
     </span>
    </p>
   </div>
   <div class='ocr_carea' id='block_1_111' title="bbox 2203 2496 3797 2568">
    <p class='ocr_par' dir='ltr' id='par_1_111' title="bbox 2203 2496 3797 2568">
     <span class='ocr_line' id='line_1_111' title="bbox 2203 2496 3797 2568; baseline -0.008 -10"><span class='ocrx_word' id='word_1_769' title='bbox 2203 2511 2560 2566; x_wconf 91' lang='lat' dir='ltr'><strong>contractum,</strong></span> <span class='ocrx_word' id='word_1_770' title='bbox 2618 2505 2942 2568; x_wconf 89' lang='lat' dir='ltr'><strong>applicatum</strong></span> <span class='ocrx_word' id='word_1_771' title='bbox 3002 2507 3084 2553; x_wconf 90' lang='lat' dir='ltr'><strong>est</strong></span> <span class='ocrx_word' id='word_1_772' title='bbox 3134 2503 3200 2551; x_wconf 88' lang='lat' dir='ltr'><strong>ad</strong></span> <span class='ocrx_word' id='word_1_773' title='bbox 3261 2500 3503 2566; x_wconf 89' lang='lat' dir='ltr'><strong>speciem</strong></span> <span class='ocrx_word' id='word_1_774' title='bbox 3558 2496 3797 2568; x_wconf 83' lang='lat' dir='ltr'><strong>rationabi-</strong></span> 
     </span>
    </p>
   </div>
   <div class='ocr_carea' id='block_1_112' title="bbox 2206 2566 3798 2640">
    <p class='ocr_par' dir='ltr' id='par_1_112' title="bbox 2206 2566 3798 2640">
     <span class='ocr_line' id='line_1_112' title="bbox 2206 2566 3798 2640; baseline -0.009 -11"><span class='ocrx_word' id='word_1_775' title='bbox 2206 2581 2357 2635; x_wconf 90' lang='lat' dir='ltr'><strong>lium,</strong></span> <span class='ocrx_word' id='word_1_776' title='bbox 2390 2584 2451 2627; x_wconf 83' lang='lat' dir='ltr'><strong>ut</strong></span> <span class='ocrx_word' id='word_1_777' title='bbox 2478 2579 2525 2626; x_wconf 87' lang='lat' dir='ltr'><strong>id</strong></span> <span class='ocrx_word' id='word_1_778' title='bbox 2552 2566 2702 2640; x_wconf 79' lang='lat' dir='ltr'><strong>quod</strong></span> <span class='ocrx_word' id='word_1_779' title='bbox 2756 2578 2840 2625; x_wconf 86' lang='lat' dir='ltr'><strong>est</strong></span> <span class='ocrx_word' id='word_1_780' title='bbox 2895 2574 3269 2637; x_wconf 85' lang='lat' dir='ltr'><strong>excellentius,</strong></span> <span class='ocrx_word' id='word_1_781' title='bbox 3300 2572 3552 2623; x_wconf 79' lang='lat' dir='ltr'><strong>videlicet</strong></span> <span class='ocrx_word' id='word_1_782' title='bbox 3578 2566 3798 2640; x_wconf 70' lang='lat' dir='ltr'><strong>rationalis</strong></span> 
     </span>
    </p>
   </div>
   <div class='ocr_carea' id='block_1_113' title="bbox 2203 2638 3797 2712">
    <p class='ocr_par' dir='ltr' id='par_1_113' title="bbox 2203 2638 3797 2712">
     <span class='ocr_line' id='line_1_113' title="bbox 2203 2638 3797 2712; baseline -0.009 -11"><span class='ocrx_word' id='word_1_783' title='bbox 2203 2650 2504 2701; x_wconf 86' lang='lat' dir='ltr'><strong>substantia</strong></span> <span class='ocrx_word' id='word_1_784' title='bbox 2536 2638 2720 2712; x_wconf 81' lang='lat' dir='ltr'><strong>aliqua</strong></span> <span class='ocrx_word' id='word_1_785' title='bbox 2750 2646 3114 2707; x_wconf 88' lang='lat' dir='ltr'><strong>descriptione</strong></span> <span class='ocrx_word' id='word_1_786' title='bbox 3176 2646 3600 2694; x_wconf 88' lang='lat' dir='ltr'><strong>discerneretur:</strong></span> <span class='ocrx_word' id='word_1_787' title='bbox 3643 2638 3797 2690; x_wconf 68' lang='lat' dir='ltr'><strong>tametsi</strong></span> 
     </span>
    </p>
   </div>
   <div class='ocr_carea' id='block_1_114' title="bbox 2203 2712 3799 2783">
    <p class='ocr_par' dir='ltr' id='par_1_114' title="bbox 2203 2712 3799 2783">
     <span class='ocr_line' id='line_1_114' title="bbox 2203 2712 3799 2783; baseline -0.008 -12"><span class='ocrx_word' id='word_1_788' title='bbox 2203 2735 2312 2771; x_wconf 92' lang='lat' dir='ltr'><strong>non</strong></span> <span class='ocrx_word' id='word_1_789' title='bbox 2346 2717 2715 2783; x_wconf 87' lang='lat' dir='ltr'><strong>descriptione</strong></span> <span class='ocrx_word' id='word_1_790' title='bbox 2745 2720 2950 2765; x_wconf 66' lang='lat' dir='ltr'><strong>natura:</strong></span> <span class='ocrx_word' id='word_1_791' title='bbox 2980 2715 3276 2765; x_wconf 85' lang='lat' dir='ltr'><strong>secundum</strong></span> <span class='ocrx_word' id='word_1_792' title='bbox 3312 2714 3368 2763; x_wconf 89' lang='lat' dir='ltr'><strong>id</strong></span> <span class='ocrx_word' id='word_1_793' title='bbox 3417 2714 3557 2776; x_wconf 89' lang='lat' dir='ltr'><strong>quod</strong></span> <span class='ocrx_word' id='word_1_794' title='bbox 3610 2724 3714 2760; x_wconf 83' lang='lat' dir='ltr'><strong>vere</strong></span> <span class='ocrx_word' id='word_1_795' title='bbox 3741 2712 3799 2783; x_wconf 73' lang='lat' dir='ltr'><strong>est</strong></span> 
     </span>
    </p>
   </div>
   <div class='ocr_carea' id='block_1_115' title="bbox 2205 2780 3797 2851">
    <p class='ocr_par' dir='ltr' id='par_1_115' title="bbox 2205 2780 3797 2851">
     <span class='ocr_line' id='line_1_115' title="bbox 2205 2780 3797 2851; baseline -0.012 -6"><span class='ocrx_word' id='word_1_796' title='bbox 2205 2780 2543 2851; x_wconf 58' lang='grc' dir='ltr'>ὑσίστασθαί</span> <span class='ocrx_word' id='word_1_797' title='bbox 2585 2794 2744 2851; x_wconf 90' lang='lat' dir='ltr'><strong>atque</strong></span> <span class='ocrx_word' id='word_1_798' title='bbox 2804 2785 3052 2835; x_wconf 85' lang='lat' dir='ltr'><strong>substare</strong></span> <span class='ocrx_word' id='word_1_799' title='bbox 3130 2785 3452 2845; x_wconf 87' lang='lat' dir='ltr'><strong>(secundum</strong></span> <span class='ocrx_word' id='word_1_800' title='bbox 3531 2783 3625 2831; x_wconf 88' lang='lat' dir='ltr'><strong>hoc</strong></span> <span class='ocrx_word' id='word_1_801' title='bbox 3693 2780 3797 2827; x_wconf 85' lang='lat' dir='ltr'><strong>enim</strong></span> 
     </span>
    </p>
   </div>
   <div class='ocr_carea' id='block_1_116' title="bbox 2203 2851 3796 2927">
    <p class='ocr_par' dir='ltr' id='par_1_116' title="bbox 2203 2851 3796 2927">
     <span class='ocr_line' id='line_1_116' title="bbox 2203 2851 3796 2927; baseline -0.009 -15"><span class='ocrx_word' id='word_1_802' title='bbox 2203 2851 2486 2927; x_wconf 77' lang='lat' dir='ltr'><strong>quodlibet</strong></span> <span class='ocrx_word' id='word_1_803' title='bbox 2535 2873 2721 2910; x_wconf 86' lang='lat' dir='ltr'><strong>eorum</strong></span> <span class='ocrx_word' id='word_1_804' title='bbox 2779 2871 2900 2922; x_wconf 65' lang='lat' dir='ltr'><strong>qua:</strong></span> <span class='ocrx_word' id='word_1_805' title='bbox 2949 2858 3200 2906; x_wconf 88' lang='lat' dir='ltr'><strong>substant</strong></span> <span class='ocrx_word' id='word_1_806' title='bbox 3262 2854 3628 2905; x_wconf 85' lang='lat' dir='ltr'><strong>accidentibus</strong></span> <span class='ocrx_word' id='word_1_807' title='bbox 3678 2862 3796 2927; x_wconf 70' lang='lat' dir='ltr'><strong>posse</strong></span> 
     </span>
    </p>
   </div>
   <div class='ocr_carea' id='block_1_117' title="bbox 2203 2923 3795 2995">
    <p class='ocr_par' dir='ltr' id='par_1_117' title="bbox 2203 2923 3795 2995">
     <span class='ocr_line' id='line_1_117' title="bbox 2203 2923 3795 2995; baseline -0.009 -13"><span class='ocrx_word' id='word_1_808' title='bbox 2203 2923 2468 2995; x_wconf 74' lang='lat' dir='ltr'><strong>intelligi),</strong></span> <span class='ocrx_word' id='word_1_809' title='bbox 2525 2936 2579 2981; x_wconf 90' lang='lat' dir='ltr'><strong>at</strong></span> <span class='ocrx_word' id='word_1_810' title='bbox 2636 2934 2798 2987; x_wconf 87' lang='lat' dir='ltr'><strong>certe,</strong></span> <span class='ocrx_word' id='word_1_811' title='bbox 2844 2929 2946 2978; x_wconf 84' lang='lat' dir='ltr'><strong>hoc</strong></span> <span class='ocrx_word' id='word_1_812' title='bbox 3000 2932 3082 2977; x_wconf 87' lang='lat' dir='ltr'><strong>est</strong></span> <span class='ocrx_word' id='word_1_813' title='bbox 3135 2932 3274 2977; x_wconf 87' lang='lat' dir='ltr'><strong>certe</strong></span> <span class='ocrx_word' id='word_1_814' title='bbox 3330 2933 3513 2976; x_wconf 87' lang='lat' dir='ltr'><strong>tamen</strong></span> <span class='ocrx_word' id='word_1_815' title='bbox 3559 2923 3795 2976; x_wconf 86' lang='lat' dir='ltr'><strong>vocabulis,</strong></span> 
     </span>
    </p>
   </div>
   <div class='ocr_carea' id='block_1_118' title="bbox 2204 2995 3796 3060">
    <p class='ocr_par' dir='ltr' id='par_1_118' title="bbox 2204 2995 3796 3060">
     <span class='ocr_line' id='line_1_118' title="bbox 2204 2995 3796 3060; baseline -0.01 -4"><span class='ocrx_word' id='word_1_816' title='bbox 2204 3007 2257 3056; x_wconf 89' lang='lat' dir='ltr'><strong>id</strong></span> <span class='ocrx_word' id='word_1_817' title='bbox 2288 3011 2368 3056; x_wconf 86' lang='lat' dir='ltr'><strong>est</strong></span> <span class='ocrx_word' id='word_1_818' title='bbox 2401 3020 2498 3055; x_wconf 88' lang='lat' dir='ltr'><strong>usu</strong></span> <span class='ocrx_word' id='word_1_819' title='bbox 2534 3003 2920 3054; x_wconf 86' lang='lat' dir='ltr'><strong>vocabulorum</strong></span> <span class='ocrx_word' id='word_1_820' title='bbox 2980 3000 3348 3060; x_wconf 72' lang='grc' dir='ltr'>ὑποστάσεως,</span> <span class='ocrx_word' id='word_1_821' title='bbox 3413 2999 3512 3056; x_wconf 84' lang='lat' dir='ltr'><strong>vel,</strong></span> <span class='ocrx_word' id='word_1_822' title='bbox 3574 2998 3615 3046; x_wconf 89' lang='lat' dir='ltr'><strong>si</strong></span> <span class='ocrx_word' id='word_1_823' title='bbox 3651 2995 3796 3044; x_wconf 82' lang='lat' dir='ltr'><strong>Latino</strong></span> 
     </span>
    </p>
   </div>
   <div class='ocr_carea' id='block_1_119' title="bbox 2203 3070 3795 3141">
    <p class='ocr_par' dir='ltr' id='par_1_119' title="bbox 2203 3070 3795 3141">
     <span class='ocr_line' id='line_1_119' title="bbox 2203 3070 3795 3141; baseline -0.008 -14"><span class='ocrx_word' id='word_1_824' title='bbox 2203 3077 2311 3127; x_wconf 90' lang='lat' dir='ltr'><strong>dici</strong></span> <span class='ocrx_word' id='word_1_825' title='bbox 2345 3079 2534 3141; x_wconf 90' lang='lat' dir='ltr'><strong>placet,</strong></span> <span class='ocrx_word' id='word_1_826' title='bbox 2568 3075 2899 3135; x_wconf 61' lang='lat' dir='ltr'><strong>substantias,</strong></span> <span class='ocrx_word' id='word_1_827' title='bbox 2924 3088 2953 3123; x_wconf 89' lang='lat' dir='ltr'><strong>a</strong></span> <span class='ocrx_word' id='word_1_828' title='bbox 3010 3087 3119 3123; x_wconf 90' lang='lat' dir='ltr'><strong>non</strong></span> <span class='ocrx_word' id='word_1_829' title='bbox 3177 3072 3532 3122; x_wconf 86' lang='lat' dir='ltr'><strong>rationalibus</strong></span> <span class='ocrx_word' id='word_1_830' title='bbox 3574 3070 3795 3141; x_wconf 77' lang='lat' dir='ltr'><strong>discerne-</strong></span> 
     </span>
    </p>
   </div>
   <div class='ocr_carea' id='block_1_120' title="bbox 2200 3137 3793 3213">
    <p class='ocr_par' dir='ltr' id='par_1_120' title="bbox 2200 3137 3793 3213">
     <span class='ocr_line' id='line_1_120' title="bbox 2200 3137 3793 3213; baseline -0.006 -15"><span class='ocrx_word' id='word_1_831' title='bbox 2200 3137 2357 3199; x_wconf 31' lang='lat' dir='ltr'><strong>returv</strong></span> <span class='ocrx_word' id='word_1_832' title='bbox 2402 3148 2605 3213; x_wconf 79' lang='lat' dir='ltr'><strong>quibus</strong></span> <span class='ocrx_word' id='word_1_833' title='bbox 2666 3152 2844 3195; x_wconf 89' lang='lat' dir='ltr'><strong>tamen</strong></span> <span class='ocrx_word' id='word_1_834' title='bbox 2919 3145 3215 3194; x_wconf 89' lang='lat' dir='ltr'><strong>secundum</strong></span> <span class='ocrx_word' id='word_1_835' title='bbox 3286 3148 3535 3193; x_wconf 86' lang='lat' dir='ltr'><strong>naturam</strong></span> <span class='ocrx_word' id='word_1_836' title='bbox 3581 3137 3793 3213; x_wconf 67' lang='lat' dir='ltr'><strong>convenit.</strong></span> 
     </span>
    </p>
   </div>
   <div class='ocr_carea' id='block_1_121' title="bbox 2200 3211 3797 3284">
    <p class='ocr_par' dir='ltr' id='par_1_121' title="bbox 2200 3211 3797 3284">
     <span class='ocr_line' id='line_1_121' title="bbox 2200 3211 3797 3284; baseline -0.009 -13"><span class='ocrx_word' id='word_1_837' title='bbox 2200 3226 2307 3271; x_wconf 89' lang='lat' dir='ltr'><strong>tam</strong></span> <span class='ocrx_word' id='word_1_838' title='bbox 2338 3211 2506 3271; x_wconf 65' lang='lat' dir='ltr'><strong>Graeci</strong></span> <span class='ocrx_word' id='word_1_839' title='bbox 2539 3233 2702 3284; x_wconf 89' lang='lat' dir='ltr'><strong>quam</strong></span> <span class='ocrx_word' id='word_1_840' title='bbox 2752 3217 2925 3267; x_wconf 84' lang='lat' dir='ltr'><strong>Latini</strong></span> <span class='ocrx_word' id='word_1_841' title='bbox 2983 3218 3359 3280; x_wconf 87' lang='lat' dir='ltr'><strong>interpretatio</strong></span> <span class='ocrx_word' id='word_1_842' title='bbox 3420 3213 3660 3265; x_wconf 81' lang='lat' dir='ltr'><strong>nominis.</strong></span> <span class='ocrx_word' id='word_1_843' title='bbox 3696 3211 3797 3260; x_wconf 90' lang='lat' dir='ltr'><strong>Sunt</strong></span> 
     </span>
    </p>
   </div>
   <div class='ocr_carea' id='block_1_122' title="bbox 2202 3287 3795 3361">
    <p class='ocr_par' dir='ltr' id='par_1_122' title="bbox 2202 3287 3795 3361">
     <span class='ocr_line' id='line_1_122' title="bbox 2202 3287 3795 3361; baseline -0.008 -19"><span class='ocrx_word' id='word_1_844' title='bbox 2202 3295 2345 3343; x_wconf 90' lang='lat' dir='ltr'><strong>enim</strong></span> <span class='ocrx_word' id='word_1_845' title='bbox 2376 3290 2689 3356; x_wconf 79' lang='lat' dir='ltr'><strong>hujusmodi</strong></span> <span class='ocrx_word' id='word_1_846' title='bbox 2737 3291 2905 3338; x_wconf 80' lang='lat' dir='ltr'><strong>multa</strong></span> <span class='ocrx_word' id='word_1_847' title='bbox 2947 3287 3170 3339; x_wconf 90' lang='lat' dir='ltr'><strong>nomina</strong></span> <span class='ocrx_word' id='word_1_848' title='bbox 3215 3302 3363 3352; x_wconf 61' lang='lat' dir='ltr'><strong>quae,</strong></span> <span class='ocrx_word' id='word_1_849' title='bbox 3412 3301 3530 3337; x_wconf 89' lang='lat' dir='ltr'><strong>cum</strong></span> <span class='ocrx_word' id='word_1_850' title='bbox 3578 3300 3660 3349; x_wconf 88' lang='lat' dir='ltr'><strong>per</strong></span> <span class='ocrx_word' id='word_1_851' title='bbox 3685 3289 3795 3361; x_wconf 75' lang='lat' dir='ltr'><strong>natu-</strong></span> 
     </span>
    </p>
   </div>
   <div class='ocr_carea' id='block_1_123' title="bbox 2200 3360 3797 3430">
    <p class='ocr_par' dir='ltr' id='par_1_123' title="bbox 2200 3360 3797 3430">
     <span class='ocr_line' id='line_1_123' title="bbox 2200 3360 3797 3430; baseline -0.009 -14"><span class='ocrx_word' id='word_1_852' title='bbox 2200 3379 2313 3416; x_wconf 89' lang='lat' dir='ltr'><strong>ram</strong></span> <span class='ocrx_word' id='word_1_853' title='bbox 2346 3360 2756 3425; x_wconf 81' lang='lat' dir='ltr'><strong>signiﬁcationis</strong></span> <span class='ocrx_word' id='word_1_854' title='bbox 2798 3375 2911 3410; x_wconf 64' lang='lat' dir='ltr'><strong>suae</strong></span> <span class='ocrx_word' id='word_1_855' title='bbox 2953 3361 3162 3423; x_wconf 84' lang='lat' dir='ltr'><strong>possint</strong></span> <span class='ocrx_word' id='word_1_856' title='bbox 3221 3360 3475 3422; x_wconf 86' lang='lat' dir='ltr'><strong>plurimis</strong></span> <span class='ocrx_word' id='word_1_857' title='bbox 3544 3366 3797 3430; x_wconf 64' lang='lat' dir='ltr'><strong>convenire.</strong></span> 
     </span>
    </p>
   </div>
   <div class='ocr_carea' id='block_1_124' title="bbox 2205 3429 3796 3488">
    <p class='ocr_par' dir='ltr' id='par_1_124' title="bbox 2205 3429 3796 3488">
     <span class='ocr_line' id='line_1_124' title="bbox 2205 3429 3796 3488; baseline -0.009 -2"><span class='ocrx_word' id='word_1_858' title='bbox 2205 3450 2302 3486; x_wconf 91' lang='lat' dir='ltr'><strong>usu</strong></span> <span class='ocrx_word' id='word_1_859' title='bbox 2335 3440 2513 3485; x_wconf 88' lang='lat' dir='ltr'><strong>tamen</strong></span> <span class='ocrx_word' id='word_1_860' title='bbox 2543 3447 2649 3484; x_wconf 88' lang='lat' dir='ltr'><strong>non</strong></span> <span class='ocrx_word' id='word_1_861' title='bbox 2682 3434 2748 3482; x_wconf 87' lang='lat' dir='ltr'><strong>de</strong></span> <span class='ocrx_word' id='word_1_862' title='bbox 2780 3432 3034 3481; x_wconf 90' lang='lat' dir='ltr'><strong>omnibus</strong></span> <span class='ocrx_word' id='word_1_863' title='bbox 3058 3431 3175 3488; x_wconf 87' lang='lat' dir='ltr'><strong>illis,</strong></span> <span class='ocrx_word' id='word_1_864' title='bbox 3226 3432 3317 3479; x_wconf 85' lang='lat' dir='ltr'><strong>sed</strong></span> <span class='ocrx_word' id='word_1_865' title='bbox 3372 3434 3578 3480; x_wconf 88' lang='lat' dir='ltr'><strong>tantum</strong></span> <span class='ocrx_word' id='word_1_866' title='bbox 3622 3429 3677 3477; x_wconf 88' lang='lat' dir='ltr'><strong>de</strong></span> <span class='ocrx_word' id='word_1_867' title='bbox 3705 3429 3796 3488; x_wconf 85' lang='lat' dir='ltr'><strong>qui-</strong></span> 
     </span>
    </p>
   </div>
   <div class='ocr_carea' id='block_1_125' title="bbox 2202 3506 2728 3557">
    <p class='ocr_par' dir='ltr' id='par_1_125' title="bbox 2202 3506 2728 3557">
     <span class='ocr_line' id='line_1_125' title="bbox 2202 3506 2728 3557; baseline -0.008 -1"><span class='ocrx_word' id='word_1_868' title='bbox 2202 3508 2431 3557; x_wconf 89' lang='lat' dir='ltr'><strong>busdam</strong></span> <span class='ocrx_word' id='word_1_869' title='bbox 2458 3506 2728 3555; x_wconf 86' lang='lat' dir='ltr'><strong>dicuntur.</strong></span> 
     </span>
    </p>
   </div>
   <div class='ocr_carea' id='block_1_126' title="bbox 2266 3569 3793 3642">
    <p class='ocr_par' dir='ltr' id='par_1_126' title="bbox 2266 3569 3793 3642">
     <span class='ocr_line' id='line_1_126' title="bbox 2266 3569 3793 3642; baseline -0.009 -15"><span class='ocrx_word' id='word_1_870' title='bbox 2266 3579 2359 3627; x_wconf 75' lang='lat' dir='ltr'><strong>Est</strong></span> <span class='ocrx_word' id='word_1_871' title='bbox 2393 3578 2575 3641; x_wconf 77' lang='lat' dir='ltr'><strong>igitur,</strong></span> <span class='ocrx_word' id='word_1_872' title='bbox 2606 3575 2731 3642; x_wconf 81' lang='lat' dir='ltr'><strong>etc.]</strong></span> <span class='ocrx_word' id='word_1_873' title='bbox 2760 3575 2957 3633; x_wconf 88' lang='lat' dir='ltr'><strong>Quasi:</strong></span> <span class='ocrx_word' id='word_1_874' title='bbox 3013 3574 3127 3623; x_wconf 90' lang='lat' dir='ltr'><strong>Hoc</strong></span> <span class='ocrx_word' id='word_1_875' title='bbox 3187 3574 3447 3638; x_wconf 89' lang='lat' dir='ltr'><strong>quoniam</strong></span> <span class='ocrx_word' id='word_1_876' title='bbox 3501 3570 3721 3627; x_wconf 82' lang='lat' dir='ltr'><strong>diximus,</strong></span> <span class='ocrx_word' id='word_1_877' title='bbox 3756 3569 3793 3614; x_wconf 83' lang='lat' dir='ltr'><strong>et</strong></span> 
     </span>
    </p>
   </div>
   <div class='ocr_carea' id='block_1_127' title="bbox 2204 3645 3788 3713">
    <p class='ocr_par' dir='ltr' id='par_1_127' title="bbox 2204 3645 3788 3713">
     <span class='ocr_line' id='line_1_127' title="bbox 2204 3645 3788 3713; baseline -0.008 -14"><span class='ocrx_word' id='word_1_878' title='bbox 2204 3650 2347 3713; x_wconf 82' lang='lat' dir='ltr'><strong>apud</strong></span> <span class='ocrx_word' id='word_1_879' title='bbox 2382 3650 2593 3698; x_wconf 67' lang='lat' dir='ltr'><strong>Graacos</strong></span> <span class='ocrx_word' id='word_1_880' title='bbox 2622 3650 2676 3697; x_wconf 88' lang='lat' dir='ltr'><strong>et</strong></span> <span class='ocrx_word' id='word_1_881' title='bbox 2737 3647 2881 3710; x_wconf 89' lang='lat' dir='ltr'><strong>apud</strong></span> <span class='ocrx_word' id='word_1_882' title='bbox 2932 3645 3154 3695; x_wconf 87' lang='lat' dir='ltr'><strong>Latinos</strong></span> <span class='ocrx_word' id='word_1_883' title='bbox 3208 3650 3290 3694; x_wconf 89' lang='lat' dir='ltr'><strong>est</strong></span> <span class='ocrx_word' id='word_1_884' title='bbox 3331 3645 3611 3695; x_wconf 84' lang='lat' dir='ltr'><strong>diversitas</strong></span> <span class='ocrx_word' id='word_1_885' title='bbox 3656 3651 3788 3691; x_wconf 84' lang='lat' dir='ltr'><strong>rerum</strong></span> 
     </span>
    </p>
   </div>
   <div class='ocr_carea' id='block_1_128' title="bbox 2205 3714 3788 3790">
    <p class='ocr_par' dir='ltr' id='par_1_128' title="bbox 2205 3714 3788 3790">
     <span class='ocr_line' id='line_1_128' title="bbox 2205 3714 3788 3790; baseline -0.004 -19"><span class='ocrx_word' id='word_1_886' title='bbox 2205 3726 2258 3771; x_wconf 87' lang='lat' dir='ltr'><strong>et</strong></span> <span class='ocrx_word' id='word_1_887' title='bbox 2287 3721 2588 3780; x_wconf 86' lang='lat' dir='ltr'><strong>nominum,</strong></span> <span class='ocrx_word' id='word_1_888' title='bbox 2645 3716 2820 3784; x_wconf 71' lang='grc' dir='ltr'>οὐσία,</span> <span class='ocrx_word' id='word_1_889' title='bbox 2877 3716 3156 3785; x_wconf 74' lang='grc' dir='ltr'>οὐσίωσις,</span> <span class='ocrx_word' id='word_1_890' title='bbox 3180 3715 3501 3784; x_wconf 82' lang='grc' dir='ltr'>ὑπόστασις,</span> <span class='ocrx_word' id='word_1_891' title='bbox 3529 3714 3788 3790; x_wconf 80' lang='grc' dir='ltr'>πρόσωπον,</span> 
     </span>
    </p>
   </div>
   <div class='ocr_carea' id='block_1_129' title="bbox 2206 3790 3791 3853">
    <p class='ocr_par' dir='ltr' id='par_1_129' title="bbox 2206 3790 3791 3853">
     <span class='ocr_line' id='line_1_129' title="bbox 2206 3790 3791 3853; baseline -0.003 -12"><span class='ocrx_word' id='word_1_892' title='bbox 2206 3793 2456 3850; x_wconf 80' lang='lat' dir='ltr'><strong>essentia,</strong></span> <span class='ocrx_word' id='word_1_893' title='bbox 2540 3791 2906 3846; x_wconf 80' lang='lat' dir='ltr'><strong>subsistentia,</strong></span> <span class='ocrx_word' id='word_1_894' title='bbox 2999 3790 3315 3845; x_wconf 85' lang='lat' dir='ltr'><strong>substantia,</strong></span> <span class='ocrx_word' id='word_1_895' title='bbox 3408 3802 3640 3853; x_wconf 55' lang='lat' dir='ltr'><strong>persona,</strong></span> <span class='ocrx_word' id='word_1_896' title='bbox 3704 3796 3791 3847; x_wconf 61' lang='lat' dir='ltr'><strong>qua</strong></span> 
     </span>
    </p>
   </div>
   <div class='ocr_carea' id='block_1_130' title="bbox 2204 3855 3790 3923">
    <p class='ocr_par' dir='ltr' id='par_1_130' title="bbox 2204 3855 3790 3923">
     <span class='ocr_line' id='line_1_130' title="bbox 2204 3855 3790 3923; baseline -0.008 -10"><span class='ocrx_word' id='word_1_897' title='bbox 2204 3869 2382 3914; x_wconf 88' lang='lat' dir='ltr'><strong>tamen</strong></span> <span class='ocrx_word' id='word_1_898' title='bbox 2418 3864 2484 3912; x_wconf 89' lang='lat' dir='ltr'><strong>de</strong></span> <span class='ocrx_word' id='word_1_899' title='bbox 2516 3876 2625 3911; x_wconf 93' lang='lat' dir='ltr'><strong>uno</strong></span> <span class='ocrx_word' id='word_1_900' title='bbox 2679 3861 2764 3911; x_wconf 89' lang='lat' dir='ltr'><strong>vel</strong></span> <span class='ocrx_word' id='word_1_901' title='bbox 2823 3861 3059 3915; x_wconf 87' lang='lat' dir='ltr'><strong>homine,</strong></span> <span class='ocrx_word' id='word_1_902' title='bbox 3108 3861 3191 3909; x_wconf 88' lang='lat' dir='ltr'><strong>vel</strong></span> <span class='ocrx_word' id='word_1_903' title='bbox 3242 3860 3454 3923; x_wconf 89' lang='lat' dir='ltr'><strong>angelo,</strong></span> <span class='ocrx_word' id='word_1_904' title='bbox 3488 3860 3564 3909; x_wconf 89' lang='lat' dir='ltr'><strong>vel</strong></span> <span class='ocrx_word' id='word_1_905' title='bbox 3604 3861 3692 3908; x_wconf 85' lang='lat' dir='ltr'><strong>Deo</strong></span> <span class='ocrx_word' id='word_1_906' title='bbox 3731 3855 3790 3903; x_wconf 90' lang='lat' dir='ltr'><strong>di-</strong></span> 
     </span>
    </p>
   </div>
   <div class='ocr_carea' id='block_1_131' title="bbox 2207 3928 3789 3995">
    <p class='ocr_par' dir='ltr' id='par_1_131' title="bbox 2207 3928 3789 3995">
     <span class='ocr_line' id='line_1_131' title="bbox 2207 3928 3789 3995; baseline -0.007 -11"><span class='ocrx_word' id='word_1_907' title='bbox 2207 3938 2440 3994; x_wconf 90' lang='lat' dir='ltr'><strong>cuntur;</strong></span> <span class='ocrx_word' id='word_1_908' title='bbox 2472 3939 2553 3983; x_wconf 90' lang='lat' dir='ltr'><strong>est</strong></span> <span class='ocrx_word' id='word_1_909' title='bbox 2581 3932 2744 3995; x_wconf 84' lang='lat' dir='ltr'><strong>igitur</strong></span> <span class='ocrx_word' id='word_1_910' title='bbox 2776 3938 2829 3982; x_wconf 91' lang='lat' dir='ltr'><strong>et</strong></span> <span class='ocrx_word' id='word_1_911' title='bbox 2855 3930 3088 3981; x_wconf 83' lang='lat' dir='ltr'><strong>hominis</strong></span> <span class='ocrx_word' id='word_1_912' title='bbox 3116 3931 3332 3995; x_wconf 90' lang='lat' dir='ltr'><strong>quidem</strong></span> <span class='ocrx_word' id='word_1_913' title='bbox 3366 3932 3612 3984; x_wconf 87' lang='lat' dir='ltr'><strong>essentia,</strong></span> <span class='ocrx_word' id='word_1_914' title='bbox 3642 3929 3684 3976; x_wconf 92' lang='lat' dir='ltr'><strong>id</strong></span> <span class='ocrx_word' id='word_1_915' title='bbox 3721 3928 3789 3982; x_wconf 77' lang='lat' dir='ltr'><strong>est,</strong></span> 
     </span>
    </p>
   </div>
   <div class='ocr_carea' id='block_1_132' title="bbox 2212 3999 3789 4074">
    <p class='ocr_par' dir='ltr' id='par_1_132' title="bbox 2212 3999 3789 4074">
     <span class='ocr_line' id='line_1_132' title="bbox 2212 3999 3789 4074; baseline -0.007 -16"><span class='ocrx_word' id='word_1_916' title='bbox 2212 4002 2409 4074; x_wconf 72' lang='grc' dir='ltr'>οὐσίας</span> <span class='ocrx_word' id='word_1_917' title='bbox 2444 4010 2491 4055; x_wconf 88' lang='lat' dir='ltr'><strong>et</strong></span> <span class='ocrx_word' id='word_1_918' title='bbox 2525 4004 2890 4058; x_wconf 86' lang='lat' dir='ltr'><strong>subsistentia,</strong></span> <span class='ocrx_word' id='word_1_919' title='bbox 2928 4004 2978 4052; x_wconf 91' lang='lat' dir='ltr'><strong>id</strong></span> <span class='ocrx_word' id='word_1_920' title='bbox 3012 4009 3090 4074; x_wconf 81' lang='lat' dir='ltr'><strong>est</strong></span> <span class='ocrx_word' id='word_1_921' title='bbox 3119 4000 3382 4063; x_wconf 83' lang='grc' dir='ltr'>οὑσίωσις</span> <span class='ocrx_word' id='word_1_922' title='bbox 3415 4020 3429 4069; x_wconf 88' lang='lat'><strong>;</strong></span> <span class='ocrx_word' id='word_1_923' title='bbox 3457 4012 3509 4052; x_wconf 89' lang='lat' dir='ltr'><strong>et</strong></span> <span class='ocrx_word' id='word_1_924' title='bbox 3538 3999 3789 4074; x_wconf 60' lang='grc' dir='ltr'>ὑπόστασιί,</span> 
     </span>
    </p>
   </div>
   <div class='ocr_carea' id='block_1_133' title="bbox 2209 4068 3792 4145">
    <p class='ocr_par' dir='ltr' id='par_1_133' title="bbox 2209 4068 3792 4145">
     <span class='ocr_line' id='line_1_133' title="bbox 2209 4068 3792 4145; baseline -0.006 -20"><span class='ocrx_word' id='word_1_925' title='bbox 2209 4078 2260 4126; x_wconf 89' lang='lat' dir='ltr'><strong>id</strong></span> <span class='ocrx_word' id='word_1_926' title='bbox 2311 4068 2407 4127; x_wconf 48' lang='lat' dir='ltr'><strong>est&#39;</strong></span> <span class='ocrx_word' id='word_1_927' title='bbox 2447 4077 2783 4136; x_wconf 88' lang='lat' dir='ltr'><strong>substantia;</strong></span> <span class='ocrx_word' id='word_1_928' title='bbox 2842 4082 2895 4125; x_wconf 91' lang='lat' dir='ltr'><strong>et</strong></span> <span class='ocrx_word' id='word_1_929' title='bbox 2922 4072 3317 4145; x_wconf 73' lang='grc' dir='ltr'>πρόσωπον,ἰά</span> <span class='ocrx_word' id='word_1_930' title='bbox 3377 4068 3457 4125; x_wconf 87' lang='lat' dir='ltr'><strong>est</strong></span> <span class='ocrx_word' id='word_1_931' title='bbox 3506 4085 3717 4145; x_wconf 81' lang='lat' dir='ltr'><strong>persons.</strong></span> <span class='ocrx_word' id='word_1_932' title='bbox 3748 4068 3792 4115; x_wconf 81' lang='lat' dir='ltr'><strong>Et</strong></span> 
     </span>
    </p>
   </div>
   <div class='ocr_carea' id='block_1_134' title="bbox 2211 4142 3790 4215">
    <p class='ocr_par' dir='ltr' id='par_1_134' title="bbox 2211 4142 3790 4215">
     <span class='ocr_line' id='line_1_134' title="bbox 2211 4142 3790 4215; baseline -0.007 -17"><span class='ocrx_word' id='word_1_933' title='bbox 2211 4149 2356 4198; x_wconf 90' lang='lat' dir='ltr'><strong>unde</strong></span> <span class='ocrx_word' id='word_1_934' title='bbox 2386 4152 2591 4196; x_wconf 89' lang='lat' dir='ltr'><strong>certum</strong></span> <span class='ocrx_word' id='word_1_935' title='bbox 2624 4145 2693 4196; x_wconf 86' lang='lat' dir='ltr'><strong>sit</strong></span> <span class='ocrx_word' id='word_1_936' title='bbox 2722 4146 2838 4195; x_wconf 70' lang='lat' dir='ltr'><strong>hinc</strong></span> <span class='ocrx_word' id='word_1_937' title='bbox 2885 4142 3000 4196; x_wconf 81' lang='lat' dir='ltr'><strong>esse</strong></span> <span class='ocrx_word' id='word_1_938' title='bbox 3048 4146 3301 4203; x_wconf 87' lang='lat' dir='ltr'><strong>hominis,</strong></span> <span class='ocrx_word' id='word_1_939' title='bbox 3353 4144 3587 4196; x_wconf 85' lang='lat' dir='ltr'><strong>ostendit</strong></span> <span class='ocrx_word' id='word_1_940' title='bbox 3622 4142 3790 4215; x_wconf 54' lang='lat' dir='ltr'><strong>dicens:</strong></span> 
     </span>
    </p>
   </div>
   <div class='ocr_carea' id='block_1_135' title="bbox 2212 4211 3790 4282">
    <p class='ocr_par' dir='ltr' id='par_1_135' title="bbox 2212 4211 3790 4282">
     <span class='ocr_line' id='line_1_135' title="bbox 2212 4211 3790 4282; baseline -0.008 -9"><span class='ocrx_word' id='word_1_941' title='bbox 2212 4217 2382 4273; x_wconf 86' lang='grc' dir='ltr'>Οὐσία</span> <span class='ocrx_word' id='word_1_942' title='bbox 2429 4220 2645 4282; x_wconf 86' lang='lat' dir='ltr'><strong>quidem</strong></span> <span class='ocrx_word' id='word_1_943' title='bbox 2692 4224 2850 4282; x_wconf 88' lang='lat' dir='ltr'><strong>atque</strong></span> <span class='ocrx_word' id='word_1_944' title='bbox 2898 4220 3150 4276; x_wconf 87' lang='lat' dir='ltr'><strong>essentia,</strong></span> <span class='ocrx_word' id='word_1_945' title='bbox 3182 4219 3437 4282; x_wconf 87' lang='lat' dir='ltr'><strong>quoniam</strong></span> <span class='ocrx_word' id='word_1_946' title='bbox 3497 4222 3573 4267; x_wconf 72' lang='lat' dir='ltr'><strong>est</strong></span> <span class='ocrx_word' id='word_1_947' title='bbox 3605 4211 3790 4282; x_wconf 74' lang='lat' dir='ltr'><strong>speciali!</strong></span> 
     </span>
    </p>
   </div>
   <div class='ocr_carea' id='block_1_136' title="bbox 2211 4280 3791 4349">
    <p class='ocr_par' dir='ltr' id='par_1_136' title="bbox 2211 4280 3791 4349">
     <span class='ocr_line' id='line_1_136' title="bbox 2211 4280 3791 4349; baseline -0.005 -8"><span class='ocrx_word' id='word_1_948' title='bbox 2211 4280 2601 4341; x_wconf 82' lang='lat' dir='ltr'><strong>conformitatis</strong></span> <span class='ocrx_word' id='word_1_949' title='bbox 2628 4280 2974 4339; x_wconf 79' lang='lat' dir='ltr'><strong>immutabilis</strong></span> <span class='ocrx_word' id='word_1_950' title='bbox 3001 4305 3015 4349; x_wconf 88' lang='lat'><strong>;</strong></span> <span class='ocrx_word' id='word_1_951' title='bbox 3048 4280 3305 4349; x_wconf 76' lang='grc' dir='ltr'>οὑσίώσις</span> <span class='ocrx_word' id='word_1_952' title='bbox 3337 4304 3469 4339; x_wconf 84' lang='lat' dir='ltr'><strong>vero</strong></span> <span class='ocrx_word' id='word_1_953' title='bbox 3516 4292 3657 4349; x_wconf 80' lang='lat' dir='ltr'><strong>atque</strong></span> <span class='ocrx_word' id='word_1_954' title='bbox 3698 4280 3791 4331; x_wconf 83' lang='lat' dir='ltr'><strong>sub-</strong></span> 
     </span>
    </p>
   </div>
   <div class='ocr_carea' id='block_1_137' title="bbox 2136 4354 3790 4437">
    <p class='ocr_par' dir='ltr' id='par_1_137' title="bbox 2136 4354 3790 4437">
     <span class='ocr_line' id='line_1_137' title="bbox 2136 4354 3790 4437; baseline -0.004 -26"><span class='ocrx_word' id='word_1_955' title='bbox 2136 4373 2181 4437; x_wconf 72' lang='grc' dir='ltr'>ι)</span> <span class='ocrx_word' id='word_1_956' title='bbox 2212 4362 2564 4437; x_wconf 71' lang='lat' dir='ltr'><strong>sistentiaest</strong></span> <span class='ocrx_word' id='word_1_957' title='bbox 2593 4361 2833 4437; x_wconf 76' lang='lat' dir='ltr'><strong>hominis,</strong></span> <span class='ocrx_word' id='word_1_958' title='bbox 2862 4362 3117 4437; x_wconf 78' lang='lat' dir='ltr'><strong>quoniam</strong></span> <span class='ocrx_word' id='word_1_959' title='bbox 3173 4362 3245 4437; x_wconf 80' lang='lat' dir='ltr'><strong>in_</strong></span> <span class='ocrx_word' id='word_1_960' title='bbox 3279 4361 3433 4437; x_wconf 89' lang='lat' dir='ltr'><strong>nullo</strong></span> <span class='ocrx_word' id='word_1_961' title='bbox 3484 4359 3695 4437; x_wconf 69' lang='lat' dir='ltr'><strong>subjecto</strong></span> <span class='ocrx_word' id='word_1_962' title='bbox 3715 4354 3790 4437; x_wconf 43' lang='lat' dir='ltr'><strong>“ei!</strong></span> 
     </span>
    </p>
   </div>
   <div class='ocr_carea' id='block_1_138' title="bbox 2215 4426 3790 4496">
    <p class='ocr_par' dir='ltr' id='par_1_138' title="bbox 2215 4426 3790 4496">
     <span class='ocr_line' id='line_1_138' title="bbox 2215 4426 3790 4496; baseline -0.008 -14"><span class='ocrx_word' id='word_1_963' title='bbox 2215 4433 2396 4489; x_wconf 84' lang='lat' dir='ltr'><strong>homo,</strong></span> <span class='ocrx_word' id='word_1_964' title='bbox 2430 4432 2480 4481; x_wconf 92' lang='lat' dir='ltr'><strong>id</strong></span> <span class='ocrx_word' id='word_1_965' title='bbox 2536 4437 2617 4481; x_wconf 88' lang='lat' dir='ltr'><strong>est</strong></span> <span class='ocrx_word' id='word_1_966' title='bbox 2663 4431 3029 4488; x_wconf 87' lang='lat' dir='ltr'><strong>subsistentia,</strong></span> <span class='ocrx_word' id='word_1_967' title='bbox 3080 4446 3190 4496; x_wconf 89' lang='lat' dir='ltr'><strong>qua</strong></span> <span class='ocrx_word' id='word_1_968' title='bbox 3232 4431 3347 4495; x_wconf 87' lang='lat' dir='ltr'><strong>ipse</strong></span> <span class='ocrx_word' id='word_1_969' title='bbox 3390 4436 3445 4480; x_wconf 89' lang='lat' dir='ltr'><strong>et</strong></span> <span class='ocrx_word' id='word_1_970' title='bbox 3472 4435 3550 4479; x_wconf 88' lang='lat' dir='ltr'><strong>est</strong></span> <span class='ocrx_word' id='word_1_971' title='bbox 3574 4434 3620 4477; x_wconf 88' lang='lat' dir='ltr'><strong>et</strong></span> <span class='ocrx_word' id='word_1_972' title='bbox 3644 4426 3790 4475; x_wconf 84' lang='lat' dir='ltr'><strong>dicitur</strong></span> 
     </span>
    </p>
   </div>
   <div class='ocr_carea' id='block_1_139' title="bbox 2218 4495 3789 4564">
    <p class='ocr_par' dir='ltr' id='par_1_139' title="bbox 2218 4495 3789 4564">
     <span class='ocr_line' id='line_1_139' title="bbox 2218 4495 3789 4564; baseline -0.005 -12"><span class='ocrx_word' id='word_1_973' title='bbox 2218 4505 2399 4561; x_wconf 86' lang='lat' dir='ltr'><strong>homo,</strong></span> <span class='ocrx_word' id='word_1_974' title='bbox 2432 4517 2541 4554; x_wconf 92' lang='lat' dir='ltr'><strong>non</strong></span> <span class='ocrx_word' id='word_1_975' title='bbox 2575 4503 2735 4552; x_wconf 88' lang='lat' dir='ltr'><strong>habet</strong></span> <span class='ocrx_word' id='word_1_976' title='bbox 2764 4515 2875 4564; x_wconf 71' lang='lat' dir='ltr'><strong>prae</strong></span> <span class='ocrx_word' id='word_1_977' title='bbox 2932 4516 2987 4551; x_wconf 90' lang='lat' dir='ltr'><strong>se</strong></span> <span class='ocrx_word' id='word_1_978' title='bbox 3037 4495 3121 4552; x_wconf 90' lang='lat' dir='ltr'><strong>cui</strong></span> <span class='ocrx_word' id='word_1_979' title='bbox 3169 4502 3310 4551; x_wconf 82' lang='lat' dir='ltr'><strong>adsit</strong></span> <span class='ocrx_word' id='word_1_980' title='bbox 3355 4503 3411 4550; x_wconf 90' lang='lat' dir='ltr'><strong>in</strong></span> <span class='ocrx_word' id='word_1_981' title='bbox 3442 4515 3502 4550; x_wconf 90' lang='lat' dir='ltr'><strong>eo</strong></span> <span class='ocrx_word' id='word_1_982' title='bbox 3530 4500 3612 4563; x_wconf 88' lang='lat' dir='ltr'><strong>qui</strong></span> <span class='ocrx_word' id='word_1_983' title='bbox 3629 4499 3682 4546; x_wconf 82' lang='lat' dir='ltr'><strong>ab</strong></span> <span class='ocrx_word' id='word_1_984' title='bbox 3708 4495 3789 4555; x_wconf 75' lang='lat' dir='ltr'><strong>ipsa</strong></span> 
     </span>
    </p>
   </div>
   <div class='ocr_carea' id='block_1_140' title="bbox 2217 4564 3790 4641">
    <p class='ocr_par' dir='ltr' id='par_1_140' title="bbox 2217 4564 3790 4641">
     <span class='ocr_line' id='line_1_140' title="bbox 2217 4564 3790 4641; baseline -0.004 -18"><span class='ocrx_word' id='word_1_985' title='bbox 2217 4575 2380 4625; x_wconf 90' lang='lat' dir='ltr'><strong>homo</strong></span> <span class='ocrx_word' id='word_1_986' title='bbox 2415 4580 2515 4624; x_wconf 86' lang='lat' dir='ltr'><strong>est.</strong></span> <span class='ocrx_word' id='word_1_987' title='bbox 2545 4573 2866 4635; x_wconf 81' lang='grc' dir='ltr'>Ὑπόστασις</span> <span class='ocrx_word' id='word_1_988' title='bbox 2894 4587 3023 4623; x_wconf 90' lang='lat' dir='ltr'><strong>vero</strong></span> <span class='ocrx_word' id='word_1_989' title='bbox 3082 4577 3244 4636; x_wconf 90' lang='lat' dir='ltr'><strong>atque</strong></span> <span class='ocrx_word' id='word_1_990' title='bbox 3292 4571 3586 4623; x_wconf 87' lang='lat' dir='ltr'><strong>substantia</strong></span> <span class='ocrx_word' id='word_1_991' title='bbox 3626 4572 3691 4618; x_wconf 82' lang='lat' dir='ltr'><strong>est</strong></span> <span class='ocrx_word' id='word_1_992' title='bbox 3712 4564 3790 4641; x_wconf 67' lang='lat' dir='ltr'><strong>liq-</strong></span> 
     </span>
    </p>
   </div>
   <div class='ocr_carea' id='block_1_141' title="bbox 2216 4636 3788 4709">
    <p class='ocr_par' dir='ltr' id='par_1_141' title="bbox 2216 4636 3788 4709">
     <span class='ocr_line' id='line_1_141' title="bbox 2216 4636 3788 4709; baseline -0.006 -14"><span class='ocrx_word' id='word_1_993' title='bbox 2216 4645 2399 4701; x_wconf 88' lang='lat' dir='ltr'><strong>minis,</strong></span> <span class='ocrx_word' id='word_1_994' title='bbox 2432 4646 2687 4709; x_wconf 87' lang='lat' dir='ltr'><strong>quoniam</strong></span> <span class='ocrx_word' id='word_1_995' title='bbox 2719 4646 2903 4693; x_wconf 85' lang='lat' dir='ltr'><strong>subest</strong></span> <span class='ocrx_word' id='word_1_996' title='bbox 2939 4644 3148 4694; x_wconf 65' lang='lat' dir='ltr'><strong>casteria</strong></span> <span class='ocrx_word' id='word_1_997' title='bbox 3190 4658 3311 4709; x_wconf 65' lang='lat' dir='ltr'><strong>quae</strong></span> <span class='ocrx_word' id='word_1_998' title='bbox 3366 4656 3477 4693; x_wconf 91' lang='lat' dir='ltr'><strong>non</strong></span> <span class='ocrx_word' id='word_1_999' title='bbox 3522 4644 3635 4690; x_wconf 86' lang='lat' dir='ltr'><strong>sunt</strong></span> <span class='ocrx_word' id='word_1_1000' title='bbox 3660 4636 3788 4686; x_wconf 67' lang='lat' dir='ltr'><strong>subii-</strong></span> 
     </span>
    </p>
   </div>
   <div class='ocr_carea' id='block_1_142' title="bbox 2217 4712 3785 4781">
    <p class='ocr_par' dir='ltr' id='par_1_142' title="bbox 2217 4712 3785 4781">
     <span class='ocr_line' id='line_1_142' title="bbox 2217 4712 3785 4781; baseline -0.008 -13"><span class='ocrx_word' id='word_1_1001' title='bbox 2217 4717 2449 4775; x_wconf 63' lang='lat' dir='ltr'><strong>stentiaa,</strong></span> <span class='ocrx_word' id='word_1_1002' title='bbox 2488 4718 2543 4767; x_wconf 93' lang='lat' dir='ltr'><strong>id</strong></span> <span class='ocrx_word' id='word_1_1003' title='bbox 2599 4724 2682 4767; x_wconf 86' lang='lat' dir='ltr'><strong>est</strong></span> <span class='ocrx_word' id='word_1_1004' title='bbox 2723 4731 2841 4781; x_wconf 71' lang='lat' dir='ltr'><strong>quas</strong></span> <span class='ocrx_word' id='word_1_1005' title='bbox 2903 4731 3013 4767; x_wconf 89' lang='lat' dir='ltr'><strong>non</strong></span> <span class='ocrx_word' id='word_1_1006' title='bbox 3070 4723 3199 4767; x_wconf 88' lang='lat' dir='ltr'><strong>sunt</strong></span> <span class='ocrx_word' id='word_1_1007' title='bbox 3254 4716 3554 4775; x_wconf 81' lang='grc' dir='ltr'>οὐσιώσεις.</span> <span class='ocrx_word' id='word_1_1008' title='bbox 3609 4712 3785 4761; x_wconf 78' lang='lat' dir='ltr'><strong>Sensus:</strong></span> 
     </span>
    </p>
   </div>
   <div class='ocr_carea' id='block_1_143' title="bbox 2216 4783 3785 4852">
    <p class='ocr_par' dir='ltr' id='par_1_143' title="bbox 2216 4783 3785 4852">
     <span class='ocr_line' id='line_1_143' title="bbox 2216 4783 3785 4852; baseline -0.007 -11"><span class='ocrx_word' id='word_1_1009' title='bbox 2216 4790 2411 4841; x_wconf 89' lang='lat' dir='ltr'><strong>Subest</strong></span> <span class='ocrx_word' id='word_1_1010' title='bbox 2460 4789 2847 4851; x_wconf 89' lang='lat' dir='ltr'><strong>accidentibus,</strong></span> <span class='ocrx_word' id='word_1_1011' title='bbox 2908 4790 3165 4852; x_wconf 86' lang='lat' dir='ltr'><strong>quoniam</strong></span> <span class='ocrx_word' id='word_1_1012' title='bbox 3222 4789 3513 4840; x_wconf 85' lang='lat' dir='ltr'><strong>accidentia</strong></span> <span class='ocrx_word' id='word_1_1013' title='bbox 3555 4786 3621 4835; x_wconf 89' lang='lat' dir='ltr'><strong>sic</strong></span> <span class='ocrx_word' id='word_1_1014' title='bbox 3666 4783 3785 4852; x_wconf 73' lang='lat' dir='ltr'><strong>ineo</strong></span> 
     </span>
    </p>
   </div>
   <div class='ocr_carea' id='block_1_144' title="bbox 2218 4850 3785 4925">
    <p class='ocr_par' dir='ltr' id='par_1_144' title="bbox 2218 4850 3785 4925">
     <span class='ocr_line' id='line_1_144' title="bbox 2218 4850 3785 4925; baseline -0.008 -14"><span class='ocrx_word' id='word_1_1015' title='bbox 2218 4867 2365 4918; x_wconf 91' lang='lat' dir='ltr'><strong>sunt,</strong></span> <span class='ocrx_word' id='word_1_1016' title='bbox 2396 4862 2539 4924; x_wconf 90' lang='lat' dir='ltr'><strong>quod</strong></span> <span class='ocrx_word' id='word_1_1017' title='bbox 2572 4862 2625 4910; x_wconf 92' lang='lat' dir='ltr'><strong>in</strong></span> <span class='ocrx_word' id='word_1_1018' title='bbox 2663 4859 2783 4925; x_wconf 89' lang='lat' dir='ltr'><strong>ipso</strong></span> <span class='ocrx_word' id='word_1_1019' title='bbox 2811 4850 2934 4923; x_wconf 68' lang='lat' dir='ltr'><strong>prie</strong></span> <span class='ocrx_word' id='word_1_1020' title='bbox 2971 4874 3028 4910; x_wconf 86' lang='lat' dir='ltr'><strong>se</strong></span> <span class='ocrx_word' id='word_1_1021' title='bbox 3086 4862 3175 4910; x_wconf 90' lang='lat' dir='ltr'><strong>cui</strong></span> <span class='ocrx_word' id='word_1_1022' title='bbox 3218 4860 3397 4910; x_wconf 84' lang='lat' dir='ltr'><strong>adsint</strong></span> <span class='ocrx_word' id='word_1_1023' title='bbox 3430 4856 3706 4907; x_wconf 86' lang='lat' dir='ltr'><strong>naturaliter</strong></span> <span class='ocrx_word' id='word_1_1024' title='bbox 3721 4850 3785 4898; x_wconf 72' lang='lat' dir='ltr'><strong>hs-</strong></span> 
     </span>
    </p>
   </div>
   <div class='ocr_carea' id='block_1_145' title="bbox 2217 4927 3784 5000">
    <p class='ocr_par' dir='ltr' id='par_1_145' title="bbox 2217 4927 3784 5000">
     <span class='ocr_line' id='line_1_145' title="bbox 2217 4927 3784 5000; baseline 0 -17"><span class='ocrx_word' id='word_1_1025' title='bbox 2217 4933 2364 4983; x_wconf 89' lang='lat' dir='ltr'><strong>bent.</strong></span> <span class='ocrx_word' id='word_1_1026' title='bbox 2405 4933 2494 4982; x_wconf 89' lang='lat' dir='ltr'><strong>Est</strong></span> <span class='ocrx_word' id='word_1_1027' title='bbox 2548 4931 2710 4981; x_wconf 88' lang='lat' dir='ltr'><strong>etiam</strong></span> <span class='ocrx_word' id='word_1_1028' title='bbox 2764 4932 3006 4994; x_wconf 83' lang='lat' dir='ltr'><strong>ejusdem</strong></span> <span class='ocrx_word' id='word_1_1029' title='bbox 3066 4930 3303 4981; x_wconf 69' lang='lat' dir='ltr'><strong>hominis</strong></span> <span class='ocrx_word' id='word_1_1030' title='bbox 3358 4927 3629 5000; x_wconf 71' lang='grc' dir='ltr'>πρόσωπόν</span> <span class='ocrx_word' id='word_1_1031' title='bbox 3672 4928 3784 4983; x_wconf 60' lang='lat' dir='ltr'><strong>Iul“e</strong></span> 
     </span>
    </p>
   </div>
   <div class='ocr_carea' id='block_1_146' title="bbox 2217 4999 3785 5068">
    <p class='ocr_par' dir='ltr' id='par_1_146' title="bbox 2217 4999 3785 5068">
     <span class='ocr_line' id='line_1_146' title="bbox 2217 4999 3785 5068; baseline -0.005 -15"><span class='ocrx_word' id='word_1_1032' title='bbox 2217 5017 2469 5068; x_wconf 89' lang='lat' dir='ltr'><strong>persona,</strong></span> <span class='ocrx_word' id='word_1_1033' title='bbox 2506 5004 2761 5067; x_wconf 88' lang='lat' dir='ltr'><strong>quoniam</strong></span> <span class='ocrx_word' id='word_1_1034' title='bbox 2795 5004 2909 5065; x_wconf 86' lang='lat' dir='ltr'><strong>ipse</strong></span> <span class='ocrx_word' id='word_1_1035' title='bbox 2956 5007 3039 5053; x_wconf 89' lang='lat' dir='ltr'><strong>est</strong></span> <span class='ocrx_word' id='word_1_1036' title='bbox 3082 5002 3377 5052; x_wconf 87' lang='lat' dir='ltr'><strong>secundum</strong></span> <span class='ocrx_word' id='word_1_1037' title='bbox 3408 4999 3672 5050; x_wconf 86' lang='lat' dir='ltr'><strong>naturalem</strong></span> <span class='ocrx_word' id='word_1_1038' title='bbox 3700 5002 3785 5055; x_wconf 77' lang='lat' dir='ltr'><strong>pro-</strong></span> 
     </span>
    </p>
   </div>
   <div class='ocr_carea' id='block_1_147' title="bbox 2219 5068 3782 5137">
    <p class='ocr_par' dir='ltr' id='par_1_147' title="bbox 2219 5068 3782 5137">
     <span class='ocr_line' id='line_1_147' title="bbox 2219 5068 3782 5137; baseline -0.011 -13"><span class='ocrx_word' id='word_1_1039' title='bbox 2219 5073 2468 5137; x_wconf 86' lang='lat' dir='ltr'><strong>prietatis</strong></span> <span class='ocrx_word' id='word_1_1040' title='bbox 2519 5088 2631 5122; x_wconf 74' lang='lat' dir='ltr'><strong>suae</strong></span> <span class='ocrx_word' id='word_1_1041' title='bbox 2691 5072 3187 5123; x_wconf 79' lang='lat' dir='ltr'><strong>dissimilitudinem</strong></span> <span class='ocrx_word' id='word_1_1042' title='bbox 3240 5072 3584 5122; x_wconf 88' lang='lat' dir='ltr'><strong>individuum.</strong></span> <span class='ocrx_word' id='word_1_1043' title='bbox 3632 5068 3677 5113; x_wconf 89' lang='lat' dir='ltr'><strong>et</strong></span> <span class='ocrx_word' id='word_1_1044' title='bbox 3707 5070 3782 5137; x_wconf 67' lang='lat' dir='ltr'><strong>non</strong></span> 
     </span>
    </p>
   </div>
   <div class='ocr_carea' id='block_1_148' title="bbox 2220 5127 3782 5210">
    <p class='ocr_par' dir='ltr' id='par_1_148' title="bbox 2220 5127 3782 5210">
     <span class='ocr_line' id='line_1_148' title="bbox 2220 5127 3782 5210; baseline -0.005 -15"><span class='ocrx_word' id='word_1_1045' title='bbox 2220 5127 2535 5195; x_wconf 87' lang='lat' dir='ltr'><strong>irrationale</strong></span> <span class='ocrx_word' id='word_1_1046' title='bbox 2587 5147 2673 5195; x_wconf 90' lang='lat' dir='ltr'><strong>cui</strong></span> <span class='ocrx_word' id='word_1_1047' title='bbox 2730 5160 2826 5210; x_wconf 89' lang='lat' dir='ltr'><strong>per</strong></span> <span class='ocrx_word' id='word_1_1048' title='bbox 2884 5151 3132 5195; x_wconf 88' lang='lat' dir='ltr'><strong>naturam</strong></span> <span class='ocrx_word' id='word_1_1049' title='bbox 3190 5144 3474 5194; x_wconf 88' lang='lat' dir='ltr'><strong>convenire</strong></span> <span class='ocrx_word' id='word_1_1050' title='bbox 3528 5127 3782 5205; x_wconf 60' lang='lat' dir='ltr'><strong>potest.»ti</strong></span> 
     </span>
    </p>
   </div>
   <div class='ocr_carea' id='block_1_149' title="bbox 2220 5212 3783 5280">
    <p class='ocr_par' dir='ltr' id='par_1_149' title="bbox 2220 5212 3783 5280">
     <span class='ocr_line' id='line_1_149' title="bbox 2220 5212 3783 5280; baseline 0.001 -14"><span class='ocrx_word' id='word_1_1051' title='bbox 2220 5215 2498 5273; x_wconf 89' lang='lat' dir='ltr'><strong>rationale,</strong></span> <span class='ocrx_word' id='word_1_1052' title='bbox 2559 5217 2623 5265; x_wconf 93' lang='lat' dir='ltr'><strong>ad</strong></span> <span class='ocrx_word' id='word_1_1053' title='bbox 2683 5217 2829 5280; x_wconf 92' lang='lat' dir='ltr'><strong>quod</strong></span> <span class='ocrx_word' id='word_1_1054' title='bbox 2878 5230 3007 5265; x_wconf 89' lang='lat' dir='ltr'><strong>usus</strong></span> <span class='ocrx_word' id='word_1_1055' title='bbox 3064 5229 3261 5265; x_wconf 87' lang='lat' dir='ltr'><strong>nomen</strong></span> <span class='ocrx_word' id='word_1_1056' title='bbox 3292 5214 3612 5269; x_wconf 70' lang='grc' dir='ltr'>ὑποστάσεως</span> <span class='ocrx_word' id='word_1_1057' title='bbox 3636 5212 3783 5280; x_wconf 61' lang='grc' dir='ltr'><strong>θίΡετῖ</strong></span> 
     </span>
    </p>
   </div>
   <div class='ocr_carea' id='block_1_150' title="bbox 2222 5274 3784 5339">
    <p class='ocr_par' dir='ltr' id='par_1_150' title="bbox 2222 5274 3784 5339">
     <span class='ocr_line' id='line_1_150' title="bbox 2222 5274 3784 5339; baseline -0.008 -1"><span class='ocrx_word' id='word_1_1058' title='bbox 2222 5303 2370 5339; x_wconf 66' lang='lat' dir='ltr'><strong>sonte</strong></span> <span class='ocrx_word' id='word_1_1059' title='bbox 2419 5274 2715 5338; x_wconf 56' lang='lat' dir='ltr'><strong>contraxit:</strong></span> <span class='ocrx_word' id='word_1_1060' title='bbox 2754 5288 2874 5337; x_wconf 90' lang='lat' dir='ltr'><strong>Non</strong></span> <span class='ocrx_word' id='word_1_1061' title='bbox 2932 5289 3105 5337; x_wconf 88' lang='lat' dir='ltr'><strong>solum</strong></span> <span class='ocrx_word' id='word_1_1062' title='bbox 3168 5292 3345 5337; x_wconf 86' lang='lat' dir='ltr'><strong>autem</strong></span> <span class='ocrx_word' id='word_1_1063' title='bbox 3398 5285 3601 5339; x_wconf 87' lang='lat' dir='ltr'><strong>homini,</strong></span> <span class='ocrx_word' id='word_1_1064' title='bbox 3635 5278 3707 5327; x_wconf 83' lang='lat' dir='ltr'><strong>sed</strong></span> <span class='ocrx_word' id='word_1_1065' title='bbox 3748 5274 3784 5319; x_wconf 72' lang='grc' dir='ltr'>εί</span> 
     </span>
    </p>
   </div>
   <div class='ocr_carea' id='block_1_151' title="bbox 2222 5356 3781 5424">
    <p class='ocr_par' dir='ltr' id='par_1_151' title="bbox 2222 5356 3781 5424">
     <span class='ocr_line' id='line_1_151' title="bbox 2222 5356 3781 5424; baseline 0.006 -16"><span class='ocrx_word' id='word_1_1066' title='bbox 2222 5361 2433 5423; x_wconf 84' lang='lat' dir='ltr'><strong>angelo,</strong></span> <span class='ocrx_word' id='word_1_1067' title='bbox 2477 5361 2614 5410; x_wconf 86' lang='lat' dir='ltr'><strong>sicut</strong></span> <span class='ocrx_word' id='word_1_1068' title='bbox 2669 5374 2830 5424; x_wconf 90' lang='lat' dir='ltr'><strong>supra</strong></span> <span class='ocrx_word' id='word_1_1069' title='bbox 2888 5360 3091 5409; x_wconf 89' lang='lat' dir='ltr'><strong>dictum</strong></span> <span class='ocrx_word' id='word_1_1070' title='bbox 3172 5364 3269 5417; x_wconf 89' lang='lat' dir='ltr'><strong>est,</strong></span> <span class='ocrx_word' id='word_1_1071' title='bbox 3349 5371 3534 5407; x_wconf 87' lang='lat' dir='ltr'><strong>nomen</strong></span> <span class='ocrx_word' id='word_1_1072' title='bbox 3600 5356 3781 5424; x_wconf 46' lang='lat' dir='ltr'><strong>De”???</strong></span> 
     </span>
    </p>
   </div>
   <div class='ocr_carea' id='block_1_152' title="bbox 2223 5420 3781 5496">
    <p class='ocr_par' dir='ltr' id='par_1_152' title="bbox 2223 5420 3781 5496">
     <span class='ocr_line' id='line_1_152' title="bbox 2223 5420 3781 5496; baseline -0.015 -12"><span class='ocrx_word' id='word_1_1073' title='bbox 2223 5420 2482 5484; x_wconf 87' lang='lat' dir='ltr'><strong>convenit</strong></span> <span class='ocrx_word' id='word_1_1074' title='bbox 2528 5448 2542 5480; x_wconf 86' lang='lat'><strong>:</strong></span> <span class='ocrx_word' id='word_1_1075' title='bbox 2600 5420 2853 5496; x_wconf 73' lang='lat' dir='ltr'><strong>quoniam</strong></span> <span class='ocrx_word' id='word_1_1076' title='bbox 2910 5432 3154 5481; x_wconf 86' lang='lat' dir='ltr'><strong>similiter</strong></span> <span class='ocrx_word' id='word_1_1077' title='bbox 3205 5435 3287 5480; x_wconf 88' lang='lat' dir='ltr'><strong>est</strong></span> <span class='ocrx_word' id='word_1_1078' title='bbox 3340 5427 3610 5496; x_wconf 65' lang='lat' dir='ltr'><strong>rationale</strong></span> <span class='ocrx_word' id='word_1_1079' title='bbox 3644 5420 3781 5496; x_wconf 58' lang='lat' dir='ltr'><strong>inditi:</strong></span> 
     </span>
    </p>
   </div>
   <div class='ocr_carea' id='block_1_153' title="bbox 2223 5484 3780 5564">
    <p class='ocr_par' dir='ltr' id='par_1_153' title="bbox 2223 5484 3780 5564">
     <span class='ocr_line' id='line_1_153' title="bbox 2223 5484 3780 5564; baseline -0.008 -10"><span class='ocrx_word' id='word_1_1080' title='bbox 2223 5506 2436 5564; x_wconf 89' lang='lat' dir='ltr'><strong>duum;</strong></span> <span class='ocrx_word' id='word_1_1081' title='bbox 2496 5508 2549 5554; x_wconf 89' lang='lat' dir='ltr'><strong>et</strong></span> <span class='ocrx_word' id='word_1_1082' title='bbox 2603 5484 2793 5555; x_wconf 77' lang='lat' dir='ltr'><strong>eadem</strong></span> <span class='ocrx_word' id='word_1_1083' title='bbox 2852 5506 3057 5554; x_wconf 87' lang='lat' dir='ltr'><strong>ratione</strong></span> <span class='ocrx_word' id='word_1_1084' title='bbox 3110 5509 3318 5562; x_wconf 66' lang='lat' dir='ltr'><strong>cetera,</strong></span> <span class='ocrx_word' id='word_1_1085' title='bbox 3350 5503 3398 5550; x_wconf 89' lang='lat' dir='ltr'><strong>id</strong></span> <span class='ocrx_word' id='word_1_1086' title='bbox 3453 5505 3526 5549; x_wconf 84' lang='lat' dir='ltr'><strong>est</strong></span> <span class='ocrx_word' id='word_1_1087' title='bbox 3562 5491 3690 5547; x_wconf 75' lang='grc' dir='ltr'>οὐσία</span> <span class='ocrx_word' id='word_1_1088' title='bbox 3725 5484 3780 5564; x_wconf 54' lang='grc' dir='ltr'><strong>*εξ</strong></span> 
     </span>
    </p>
   </div>
   <div class='ocr_carea' id='block_1_154' title="bbox 2223 5554 3777 5638">
    <p class='ocr_par' dir='ltr' id='par_1_154' title="bbox 2223 5554 3777 5638">
     <span class='ocr_line' id='line_1_154' title="bbox 2223 5554 3777 5638; baseline -0.005 -13"><span class='ocrx_word' id='word_1_1089' title='bbox 2223 5554 2478 5638; x_wconf 76' lang='lat' dir='ltr'><strong>essentia,</strong></span> <span class='ocrx_word' id='word_1_1090' title='bbox 2534 5573 2791 5635; x_wconf 80' lang='grc' dir='ltr'>οὐσίωσις</span> <span class='ocrx_word' id='word_1_1091' title='bbox 2847 5574 2930 5625; x_wconf 90' lang='lat' dir='ltr'><strong>vel</strong></span> <span class='ocrx_word' id='word_1_1092' title='bbox 2987 5572 3358 5629; x_wconf 78' lang='lat' dir='ltr'><strong>subsistentia,</strong></span> <span class='ocrx_word' id='word_1_1093' title='bbox 3414 5568 3665 5625; x_wconf 70' lang='grc' dir='ltr'>ὑπόστασις</span> <span class='ocrx_word' id='word_1_1094' title='bbox 3703 5554 3777 5638; x_wconf 43' lang='grc' dir='ltr'><strong>,νά</strong></span> 
     </span>
    </p>
   </div>
   <div class='ocr_carea' id='block_1_155' title="bbox 2224 5629 3775 5711">
    <p class='ocr_par' dir='ltr' id='par_1_155' title="bbox 2224 5629 3775 5711">
     <span class='ocr_line' id='line_1_155' title="bbox 2224 5629 3775 5711; baseline -0.009 -14"><span class='ocrx_word' id='word_1_1095' title='bbox 2224 5629 2543 5705; x_wconf 76' lang='lat' dir='ltr'><strong>substantia,</strong></span> <span class='ocrx_word' id='word_1_1096' title='bbox 2595 5648 2668 5697; x_wconf 90' lang='lat' dir='ltr'><strong>illi</strong></span> <span class='ocrx_word' id='word_1_1097' title='bbox 2716 5629 3067 5698; x_wconf 76' lang='lat' dir='ltr'><strong>conveniunt.</strong></span> <span class='ocrx_word' id='word_1_1098' title='bbox 3103 5645 3235 5695; x_wconf 81' lang='lat' dir='ltr'><strong>Nam</strong></span> <span class='ocrx_word' id='word_1_1099' title='bbox 3288 5648 3339 5693; x_wconf 92' lang='lat' dir='ltr'><strong>et</strong></span> <span class='ocrx_word' id='word_1_1100' title='bbox 3374 5640 3592 5708; x_wconf 88' lang='lat' dir='ltr'><strong>specialis</strong></span> <span class='ocrx_word' id='word_1_1101' title='bbox 3615 5629 3775 5711; x_wconf 51' lang='lat' dir='ltr'><strong>confut-</strong></span> 
     </span>
    </p>
   </div>
   <div class='ocr_carea' id='block_1_156' title="bbox 2224 5699 3772 5782">
    <p class='ocr_par' dir='ltr' id='par_1_156' title="bbox 2224 5699 3772 5782">
     <span class='ocr_line' id='line_1_156' title="bbox 2224 5699 3772 5782; baseline -0.004 -14"><span class='ocrx_word' id='word_1_1102' title='bbox 2224 5716 2428 5768; x_wconf 87' lang='lat' dir='ltr'><strong>mitatis</strong></span> <span class='ocrx_word' id='word_1_1103' title='bbox 2477 5699 2912 5771; x_wconf 79' lang='lat' dir='ltr'><strong>immutabilitate</strong></span> <span class='ocrx_word' id='word_1_1104' title='bbox 2992 5716 3219 5782; x_wconf 84' lang='lat' dir='ltr'><strong>quisque</strong></span> <span class='ocrx_word' id='word_1_1105' title='bbox 3288 5699 3610 5780; x_wconf 65' lang='lat' dir='ltr'><strong>supernorum</strong></span> <span class='ocrx_word' id='word_1_1106' title='bbox 3663 5699 3772 5770; x_wconf 67' lang='grc' dir='ltr'><strong>ιΡίῑὲ·</strong></span> 
     </span>
    </p>
   </div>
  </div>
