4030 6186
436 236 575 297 1379

1068 237 1137 291 IN
1180 237 1442 291 LIBRUM
1484 234 1572 292 DE
1616 230 1894 291 DUABUS
1935 224 2239 283 NATUBIS
2275 225 2363 279 ET
2403 226 2543 281 UNA
2582 226 2907 283 PERSONA
2950 227 3228 285 CHRISTI

3658 240 3761 294 l380

440 368 534 419 sed
564 367 652 418 hic
685 365 871 416 omnia
897 362 1100 413 idcirco
1129 361 1273 412 dicta
1301 362 1425 421 siut,
1457 360 1508 409 id
1555 364 1653 417 est,
1683 358 1805 409 volo
1858 360 1959 404 hac
2001 350 2087 400 in-
2116 352 2167 419 Α
2199 350 2290 421 sed
2322 350 2459 400 duae.
2492 351 2641 409 Quod
2689 352 2879 403 falsum
2928 367 3065 405 esse.
3096 354 3236 404 sicut
3265 355 3558 419 praedictum
3582 366 3664 417 est,
3686 364 3768 413 dil-

439 440 677 490 tentione
717 436 860 486 dicta
916 435 1113 498 putari.
1166 438 1223 483 ut
1279 436 1700 503 mansti-aremus
1756 427 2087 503 differentias

438 514 645 560 naturas
682 513 839 571 atque
871 496 1136 568 personae,
1170 503 1222 553 id
1280 508 1360 552 est
1415 500 1597 561 οὐσίας
1651 506 1810 563 atque
1861 496 2087 571 {incavi-

442 600 599 640 σεως,
633 565 904 640 Quo-vero
936 577 1157 625 nomine
1196 574 1644 637 unumquodque,
1688 573 1740 622 id
1785 575 1867 619 est
1902 565 2087 640 οὐσίαν

438 654 521 702 vel
552 638 865 714 ὖπόξττασιν,
900 652 1144 711 oporteat
1176 646 1314 714 apud
1348 645 1566 693 Latinos
1612 638 2088 714 appellari,g_vide-

436 725 561 775 licet
616 737 683 772 an
740 711 879 783 quod
944 719 1118 766 Graece
1177 712 1330 769 οὐσία
1386 717 1598 773 dicitur,
1637 712 1820 764 Latine
1879 711 2088 783 dicatur

438 796 685 849 essentia,
745 778 855 839 sive
910 787 1277 846 subsistentia,
1337 789 1449 836 sive
1529 791 1758 845 natura;
1834 788 1886 832 et
1943 778 2087 844 quod

440 869 617 917 Graece
680 864 876 913 dicitur
931 861 1221 921 ὑπόστασις
1276 859 1460 908 Latine
1532 858 1832 921 appelletur
1909 852 2088 902 subsi-

435 944 601 993 stens,
664 938 775 983 sive
826 932 1151 987 substantia,
1211 933 1324 980 sive
1381 945 1634 993 persona,
1695 929 1766 977 sit
1809 928 2085 976 arbitrium

441 1004 819 1057 ecclesiastica
854 1003 1155 1057 locutionis,
1192 1002 1243 1049 id
1303 1005 1383 1050 est
1432 1014 1618 1049 eorum
1672 996 1890 1047 arbitrio
1922 994 2087 1044 relin—

436 1082 631 1141 quatur
660 1076 751 1139 qui
810 1073 1182 1122 ecclesiastica
1238 1070 1529 1120 locutionis
1587 1069 2085 1141 usumrnoverunt.

432 1137 547 1200 Hoc
573 1137 750 1197 tam—en
786 1146 999 1193 interim
1031 1146 1244 1193 constet
1292 1142 1599 1198 indubiam,
1633 1140 1775 1205 quod
1831 1137 2087 1201 praedixi-

434 1234 555 1272 mus
585 1217 816 1273 diﬁ'erre,
850 1215 952 1263 hoc
991 1218 1071 1262 est
1132 1213 1407 1261 diversum
1471 1226 1587 1261 esse
1640 1210 1782 1259 inter
1836 1215 2084 1259 naturam

434 1297 593 1354 atque
638 1300 962 1352 personam:
1016 1282 1276 1347 quoniam
1338 1283 1540 1332 scilicet
1599 1282 1895 1330 secundum
1961 1279 2085 1327 ulti-

432 1353 573 1412 mam
624 1357 1048 1419 supradictarum
1109 1358 1313 1401 natura;
1368 1353 1819 1415 signiﬁcationum
1888 1354 2083 1399 natura

434 1438 517 1482 est
548 1428 836 1493 cujuslibet
861 1425 1180 1474 substantia;
1240 1423 1545 1486 speciﬁcata
1602 1422 1927 1484 proprietas.
1969 1419 2087 1469 Alia

434 1504 601 1553 verba
630 1500 799 1563 ponit.
831 1510 993 1561 quam
1028 1510 1190 1559 supra
1241 1494 1527 1558 posuerit;
1585 1495 1726 1543 idem
1778 1498 1956 1543 tamen
2008 1495 2088 1540 est

437 1588 648 1624 sensus.
674 1568 936 1632 Superius
966 1569 1105 1616 enim
1139 1567 1247 1615 ait:
1278 1568 1478 1616 Natura
1526 1570 1605 1614 est
1653 1577 2086 1627 unamquamque

436 1661 548 1696 rem
612 1642 910 1692 informans
971 1636 1219 1700 speciﬁca
1266 1636 1587 1685 differentia.
1646 1636 1747 1685 Sed
1808 1635 1950 1697 quod
2011 1632 2083 1682 ibi

2198 420 2369 471 ﬁnitio
2400 436 2643 485 persona:
2700 424 2950 487 superius
3010 425 3154 474 dicta
3214 429 3487 478 convincit.
3526 430 3607 478 Est
3652 436 3765 484 enim

2193 507 2443 556 persona,
2472 500 2531 542 ut
2561 494 2760 545 dictum
2795 502 2891 556 est,
2927 500 3135 546 natura:
3182 498 3502 549 rationabilis
3544 502 3768 556 individua

2194 564 2562 615 subsistentia.
2626 567 2680 615 Si
2739 572 2917 616 autem
2975 568 3219 618 Christus
3274 574 3353 618 est
3406 571 3517 622 dum
3557 588 3769 635 persona.

2194 650 2314 699 quas
2347 642 2428 687 est
2458 638 2619 698 igitur
2649 638 2883 687 hominis
2914 639 3113 703 Deique
3148 639 3286 688 facta
3314 643 3640 706 conjunctio?
3665 647 3767 697 Num

2194 708 2395 757 scilicet
2422 710 2495 757 ita
2530 708 2668 758 facta
2717 714 2816 767 est,
2875 711 3048 772 quasi,
3080 710 3131 759 id
3189 715 3267 760 est
3317 711 3451 761 sicut
3479 714 3533 763 ﬁt
3564 730 3665 766 cum
3691 721 3770 769 duo

2195 793 2439 842 corpora.
2470 779 2524 828 id
2582 784 2665 829 est
2710 781 2794 829 vel
2854 782 2960 829 duo
3018 782 3240 844 lapides,
3272 783 3352 831 vel
3406 785 3507 835 duo
3552 786 3775 849 ligna,vel

2195 853 2331 916 lapis
2361 858 2415 901 et
2444 852 2671 915 lignum,
2720 854 2803 903 vel
2862 854 3171 917 hujusmodi
3221 856 3326 905 alia
3373 872 3583 921 corpora
3608 860 3775 912 sibimet

2195 928 2565 996 apponuntur,
2610 930 2669 974 ut
2722 924 2975 974 videlicet
3028 931 3238 976 tantum
3296 928 3423 976 locis
3472 929 3554 979 illa
3601 946 3777 996 corpora

2189 995 2378 1058 juncta
2408 996 2531 1051 sint,
2556 995 2607 1044 id
2642 1002 2724 1044 est
2754 1001 2808 1044 et
2862 1009 2927 1045 ex
2981 996 3198 1046 alterius
3249 998 3498 1061 qualitate
3543 1002 3660 1050 nihil
3684 995 3773 1064 per-

2196 1069 2376 1116 veniat
2428 1070 2482 1117 in
2540 1069 2767 1117 alterum
2817 1070 2841 1116 ?
2897 1082 3059 1131 quem
3146 1072 3538 1133 conjunctionis
3602 1076 3773 1125 modum

2195 1138 2364 1188 Graeci
2399 1144 2597 1188 vocant
2622 1137 2755 1191 κατά
2786 1141 3077 1211 πᾳράϐεσιγ
3123 1141 3225 1190 hoc
3280 1148 3363 1191 est
3403 1145 3675 1195 secundum
3714 1162 3779 1208 ap-

2196 1211 2535 1289 positionem.
2570 1212 2697 1289 Nam
2728 1204 3095 1289 gara-Graece,
3131 1213 3425 1262 secundum
3460 1215 3645 1271 Latine,
3671 1204 3779 1289 παρὲ

2194 1280 2280 1344 ad,
2315 1279 2455 1340 θέσις
2486 1280 2698 1343 positio.
2730 1282 3028 1345 Diligenter
3084 1285 3301 1333 attende
3360 1287 3500 1347 quod
3545 1287 3618 1335 his
3642 1279 3778 1339 verbis

2192 1351 2425 1402 breviter
2456 1357 2508 1401 et
2542 1353 2766 1401 obscure
2818 1352 3174 1415 signiﬁcatum
3207 1360 3304 1411 est,
3353 1355 3583 1404 diversos
3620 1360 3779 1409 scilicet

2192 1436 2306 1471 esse
2337 1424 2699 1486 conjungendi
2722 1424 2976 1485 quaelibet
3002 1424 3211 1473 modos.
3245 1424 3343 1473 Ait
3373 1428 3512 1475 enim
3552 1429 3675 1489 quod
3700 1429 3779 1478 duo

2192 1506 2419 1556 corpora
2449 1496 2522 1543 ita
2553 1494 2651 1542 sibi
2688 1495 3109 1557 conjunguntur,
3142 1496 3283 1557 quod
3337 1495 3393 1544 in
3444 1497 3642 1546 alterum
3686 1499 3783 1547 nihil

2192 1578 2254 1613 ex
2288 1565 2507 1613 alterius
2562 1567 2810 1627 pervenit
2866 1566 3142 1626 qualitate.
3202 1566 3261 1615 In
3313 1581 3423 1631 quo
3469 1568 3647 1625 innuit,
3675 1572 3781 1633 quod

2192 1638 2351 1685 etiam
2374 1638 2445 1685 ita
2463 1638 2559 1685 sibi
2584 1636 2812 1685 invicem
2832 1638 3010 1698 aliqua
3028 1638 3518 1702 conjuoguutur,ut
3537 1641 3584 1688 in
3610 1643 3780 1690 alteram

432 1715 584 1769 dixit,
619 1722 1058 1773 unamquamque
1095 1722 1241 1783 rem,_
1292 1709 1386 1783 hic.
1436 1706 1905 1783 disit.‘cu‘jusl_ibet
1951 1705 2081 1753 sub-
2110 1716 2159 1783 Β
2191 1722 2254 1783 ei:
2276 1708 2763 1783 alteriusqualitate
2780 1707 2979 1783 aliquid
3000 1708 3297 1783 perveniat.
3332 1709 3491 1783 Niger
3530 1710 3655 1760 enim
3680 1712 3783 1775 lapis

434 1788 663 1836 stantize.
699 1784 847 1832 Hanc
904 1782 1045 1828 enim
1110 1780 1321 1827 volebat
1374 1777 1600 1841 intelligi
1660 1780 1934 1840 mquivoco
1982 1791 2081 1825 no-

435 1862 579 1910 mine
610 1870 715 1919 qno
746 1854 960 1903 dicebat
986 1866 1115 1901 rem.
1150 1852 1299 1909 Quod
1362 1864 1487 1899 vero
1546 1850 1621 1900 ibi
1676 1850 1811 1899 dixit
1839 1849 2085 1912 speciﬁca

436 1928 758 1981 differentia,
818 1924 904 1973 hic
960 1922 1109 1983 dicit,
1192 1920 1495 1986 speciﬁcata
1566 1924 1884 1985 proprietas,
1945 1925 2085 1969 recte

442 2001 649 2063 utique.
685 1998 812 2046 Nam
872 1998 923 2043 et
982 1995 1053 2043 ibi
1114 2006 1275 2057 quam
1341 1994 1652 2041 nominabat
1707 1990 2082 2063 differentiam,

439 2060 602 2136 paulo
636 2072 759 2118 ante
791 2069 1073 2115 vocaverat
1130 2064 1505 2128 proprietatem
1569 2063 1791 2112 dicens:
1850 2060 2086 2136 Dicimus

441 2134 708 2193 diversam
770 2152 885 2189 esse
934 2143 1182 2187 naturam
1237 2136 1349 2185 auri
1406 2142 1565 2198 atque
1625 2136 1851 2198 argenti,
1882 2136 1937 2183 in
1986 2134 2087 2182 hoc

441 2214 822 2279 proprietatem
854 2222 1033 2258 rerum
1065 2212 1364 2256 monstrare
1396 2208 1691 2268 cupientes.

499 2286 723 2335 Persona
768 2296 903 2337 vero,
963 2280 1088 2345 etc.]
1147 2279 1349 2337 Quasi:
1411 2280 1611 2328 Natura
1666 2281 1747 2326 est
1797 2276 2089 2341 cujuslibet

442 2357 763 2408 substantias
795 2353 1100 2415 speciﬁcata
1130 2352 1451 2414 proprietas.
1484 2353 1714 2400 Persona
1743 2363 1869 2398 vero
1892 2353 1973 2397 est
1999 2362 2090 2397 ra-

439 2428 714 2483 tionabilis
744 2432 950 2475 natura:
978 2424 1259 2473 individua
1290 2424 1609 2472 substantia.

505 2501 644 2549 Hanc
698 2500 752 2547 in
813 2497 1043 2550 Christo,
1096 2494 1219 2559 etc.]
1285 2496 1574 2559 ﬂuensque
1632 2498 1878 2543 naturam
1930 2496 2089 2556 atque

441 2585 729 2635 personam
761 2569 994 2632 propriis
1025 2566 1338 2615 differentiis
1392 2567 1632 2615 diversas
1688 2579 1805 2616 esse
1837 2565 2087 2614 ostendit.

445 2646 601 2695 Nune
630 2642 857 2692 Nestorii
918 2644 972 2688 et
1027 2639 1282 2701 Eutychis
1337 2653 1546 2687 errores
1601 2651 1819 2701 ponere,
1852 2641 1905 2686 et
1960 2637 2090 2685 sub-

450 2728 668 2767 movere
706 2712 1036 2775 ingreditur;
1072 2717 1123 2760 et
1155 2712 1325 2773 primo
1355 2712 1579 2760 Nestorii
1632 2723 1867 2758 errorem
1911 2712 2089 2757 osten-

445 2788 526 2838 dit
555 2790 608 2835 et
636 2785 883 2835 destruit.
919 2783 1116 2841 Quasi:
1176 2784 1405 2830 Persona
1466 2787 1546 2830 est
1601 2786 1806 2831 naturae
1858 2782 2089 2829 rationa-

444 2857 569 2908 bilis
627 2856 911 2905 individua
969 2854 1291 2903 substantia.
1352 2854 1499 2902 Hane
1550 2866 1837 2917 personam
1891 2850 2093 2901 scilicet

443 2927 724 2979 Nestorius
773 2926 1033 2989 Opinione
1083 2939 1180 2973 sua
1228 2925 1505 2974 constituit
1565 2938 1678 2973 esse
1732 2924 1992 2985 duplicem
2034 2922 2090 2970 in

442 3000 702 3051 Christo:
756 3010 919 3047 unam
970 2996 1216 3043 videlicet
1268 2996 1378 3052 Dei,
1419 2997 1637 3044 alteram
1684 2993 1936 3043 hominis.
1962 2992 2094 3043 Dicit

442 3074 584 3123 enim
619 3070 673 3119 in
709 3068 927 3119 Christo
960 3081 1118 3116 unam
1156 3080 1439 3130 personam
1476 3081 1611 3122 esse,
1646 3080 1764 3129 quae
1801 3068 1881 3114 est
1913 3066 2087 3125 Deus;

441 3147 664 3195 alteram
700 3156 823 3205 qua:
855 3145 937 3190 est
978 3141 1174 3188 homo:
1228 3144 1281 3188 et
1332 3154 1394 3189 ex
1442 3140 1526 3188 bis
1562 3139 1773 3188 duabus
1819 3137 2087 3187 Christum

439 3231 555 3267 esse
587 3214 964 3277 conjunctum.
998 3212 1070 3260 Fo
1100 3212 1300 3260 scilicet
1350 3225 1527 3260 errore
1575 3211 1640 3259 ad
1677 3214 1777 3259 hoc
1801 3210 2090 3259 dicendum

444 3287 743 3345 traductus,
806 3283 949 3345 quod
1004 3282 1279 3345 putaverit
1335 3297 1490 3345 posse
1543 3281 1649 3331 dici
1705 3294 1988 3345 personam
2033 3280 2089 3331 in

440 3355 693 3407 omnibus
724 3354 1110 3419 quoquomodo
1166 3354 1496 3402 difﬁniantur
1551 3354 1777 3409 naturis,
1840 3352 1942 3401 hoc
1989 3356 2087 3411 est,

439 3428 565 3493 quia
592 3428 803 3491 putavit
827 3426 969 3489 quod
1005 3424 1183 3472 omnis
1232 3432 1422 3474 natura
1480 3425 1689 3473 dicatur
1744 3424 1905 3473 etiam
1967 3438 2084 3486 per-

438 3512 591 3548 sona.
627 3498 735 3545 Hoc
766 3497 909 3545 enim
955 3502 1301 3557 presumpto,
1355 3497 1607 3559 quoniam
1666 3494 1931 3556 duplicem
1991 3508 2084 3543 na-

437 3576 609 3620 turam
673 3582 789 3615 esse
850 3568 904 3615 in
970 3566 1181 3615 Christo
1270 3572 1417 3616 recte
1491 3568 1765 3621 censebat.
1818 3565 2083 3627 duplicem

438 3654 655 3705 quoque
692 3650 974 3701 personam
1008 3636 1063 3685 in
1099 3638 1215 3699 ipso
1245 3652 1359 3687 esse
1407 3639 1683 3687 confessus
1731 3642 1828 3686 est.
1881 3638 1993 3695 Qua
2030 3636 2082 3685 in

436 3726 494 3761 re
529 3724 653 3759 eum
690 3710 886 3757 falsum
920 3722 1033 3757 esse
1065 3709 1315 3769 superius
1346 3709 1487 3757 dicta
1532 3709 1781 3757 difﬁnitio
1812 3721 2081 3771 personae,

437 3797 556 3843 quae
613 3786 710 3836 est.
776 3784 983 3829 uatunn
1048 3778 1322 3829 rationalis
1405 3779 1687 3829 individua
1760 3778 2080 3835 substantia,

436 3854 724 3903 convincit.
758 3852 893 3908 Quia
926 3864 1033 3899 non
1071 3850 1235 3900 habet
1292 3851 1538 3900 difﬁnitio
1598 3850 1872 3914 pluraliter
1903 3863 1914 3897 :
1966 3865 2084 3912 per-

438 3938 573 3973 sona
602 3928 682 3973 est
708 3920 1003 3971 individuus
1065 3924 1400 3978 substantiae,
1458 3923 1546 3969 sed
1603 3922 1961 3981 singulariter,
2003 3923 2083 3969 in-

437 3996 659 4047 dividua
682 3995 1001 4043 substantia.
1046 3994 1177 4043 Cum
1240 4000 1416 4043 autem
1474 3995 1587 4043 hinc
1649 4007 1891 4057 persona:
1945 3994 2083 4042 difli-

435 4068 572 4119 nitio
607 4080 728 4117 eum
759 4065 949 4114 falsum
1003 4080 1118 4114 esse
1178 4069 1477 4123 convincat,
1532 4072 1641 4113 tum
1696 4066 1808 4114 hinc
1846 4078 1965 4128 qua:
1997 4079 2083 4113 se-

437 4141 621 4204 quitur
676 4136 1073 4201 argumentatio
1134 4137 1416 4187 evidenter
1473 4139 1709 4187 declarat
1767 4138 1883 4200 ejus
1939 4151 2080 4185 erro-

438 4227 570 4264 rem.

507 4283 644 4333 Vere.
709 4282 771 4331 Si
828 4283 979 4341 enim,
1035 4282 1161 4349 etc.]
1217 4282 1625 4344 Argumentatio
1684 4281 1769 4330 hic
1821 4281 2079 4345 qualitate

435 4354 632 4405 dicitur
663 4352 914 4414 ὑπόθεσις
943 4368 1036 4416 per
1065 4354 1348 4417 quemdam
1407 4355 1557 4416 quasi
1610 4366 1953 4410 consensum,
1984 4368 2079 4414 ge-

436 4440 565 4475 nere
598 4430 776 4474 autem
811 4430 891 4474 est
939 4424 1298 4487 syllogismus,
1362 4426 1538 4487 specie
1601 4439 1727 4473 vero
1785 4424 2080 4486 hypotheti-

439 4512 554 4547 cus.
589 4499 703 4546 Non
755 4498 897 4544 enim
956 4497 1137 4559 aliquo
1192 4502 1341 4545 extra
1402 4502 1633 4558 sumpto,
1676 4502 1879 4557 partem
1929 4509 2078 4543 suam

439 4568 739 4624 conﬁrmat,
771 4567 861 4616 sed
926 4569 1077 4628 quasi
1130 4567 1425 4617 adversarii
1484 4568 1627 4615 dicto
1676 4566 1778 4625 sui,
1806 4566 1968 4629 quod.
2004 4570 2085 4614 est

436 4638 629 4686 Christi
662 4650 822 4684 unam
856 4650 964 4685 non
995 4651 1110 4686 esse
1169 4652 1477 4700 personam,
1526 4636 1842 4691 consentiat.
1877 4641 2081 4697 partem

435 4708 578 4757 illam
611 4708 794 4762 sumit,
828 4712 886 4756 ut
915 4708 1053 4770 quod
1089 4722 1149 4756 ex
1183 4723 1246 4757 ea
1283 4708 1472 4759 falsum
1523 4712 1779 4771 sequatur
1814 4709 2081 4756 ostendat.

438 4778 552 4837 Quo
578 4778 871 4834 destructo,
928 4780 1091 4840 partis
1149 4794 1259 4829 sum
1316 4781 1597 4830 manifesta
1654 4778 1878 4829 veritate
1924 4795 2083 4842 argu-

437 4848 826 4899 mentationem
856 4848 1162 4907 concludit;
1199 4850 1273 4900 ait
1298 4864 1461 4914 ergo:

503 4921 562 4968 Si
589 4932 692 4967 non
727 4922 803 4966 est
835 4917 1034 4967 Christi
1088 4936 1192 4969 una
1244 4936 1482 4985 persona,
1538 4923 1784 4987 sequi/ur,
1820 4921 1945 4988 etc.]
1980 4922 2081 4971 Sed

438 4992 563 5057 quia
584 4990 971 5054 Nestorius.qui
987 5005 1197 5041 omnem
1214 4997 1456 5043 naturam
1475 5000 1614 5056 putat
1639 5009 1753 5044 esse
1778 5008 2081 5056 personam,

439 5078 502 5112 ex
527 5074 750 5110 numero
780 5066 1090 5110 naturarum
1115 5065 1334 5113 metitur
1383 5080 1661 5113 numerum
1708 5079 2081 5129 personarum,

441 5132 592 5183 addit
621 5136 747 5182 ante
779 5139 1011 5195 sumpto,
1040 5132 1282 5197 duasque
1342 5137 1393 5183 in
1441 5134 1653 5185 Christo
1702 5140 1920 5183 naturas
1968 5150 2082 5184 esse

440 5204 784 5255 manifestum
818 5208 913 5260 est,
953 5203 1185 5252 hominis
1239 5204 1443 5256 scilicet
1499 5212 1659 5269 atque
1708 5206 1832 5265 Dei;
1866 5211 1915 5254 et
1959 5208 2085 5269 quia

437 5276 682 5326 nondum
718 5276 845 5324 satis
900 5276 1237 5337 praemissum
1289 5282 1385 5329 est.
1437 5281 1494 5326 ut
1549 5277 1689 5339 quod
1732 5277 1975 5325 illaturus
2006 5283 2087 5327 est

436 5346 736 5396 necessario
768 5345 980 5403 inferat,
1012 5345 1191 5394 adhuc
1247 5346 1434 5395 addit:
1492 5349 1598 5396 Nec
1656 5352 1758 5395 tam
1824 5349 2084 5411 insipiens

435 5417 535 5467 erit
565 5416 869 5481 quisquam,
909 5421 966 5465 ut
996 5417 1107 5478 qui,
1146 5418 1249 5467 hoc
1283 5422 1363 5466 est
1409 5417 1589 5481 aliquo
1644 5419 1802 5467 modo
1842 5421 2080 5468 utramli-

435 5490 524 5538 bet
554 5504 757 5545 esruin,
783 5489 832 5536 id
868 5495 946 5537 est
977 5488 1207 5550 aliquam
1258 5490 1507 5545 duarum,
1557 5490 1790 5540 hominis
1842 5490 2087 5543 videlicet

437 5566 596 5623 atque
651 5561 744 5608 Dei
790 5563 1106 5607 naturarum
1185 5574 1215 5608 a
1295 5562 1504 5610 ratione
1571 5561 1837 5626 sejungat,
1899 5564 2085 5613 dicens

434 5644 600 5680 unam
636 5629 851 5693 quidem
878 5631 1089 5679 illarum
1127 5632 1357 5681 duarum
1391 5636 1708 5682 naturarum
1738 5648 1854 5684 esse
1905 5650 2086 5698 perso-

434 5701 811 5762 nam,alteram
826 5714 953 5749 vero
972 5714 1081 5750 non
1101 5718 1113 5761 ;
1131 5701 1375 5765 sequitur
1391 5708 1447 5753 ut
1460 5704 1579 5754 duae
1596 5706 1647 5754 in
1664 5704 1780 5768 ipso
1800 5706 2089 5756 videantur

436 5786 562 5821 assa
583 5784 860 5837 personas,
883 5772 935 5821 id
958 5775 1038 5824 est
1060 5778 1118 5823 ut
1158 5773 1397 5825 Christus
1441 5788 1550 5827 non
1601 5777 1668 5828 sit
1709 5790 1815 5827 una
1838 5792 2087 5842 persona,

2189 1780 2310 1828 albo
2330 1778 2492 1841 lapidi
2516 1780 2811 1842 appositus,
2843 1781 2961 1828 loco
2984 1779 3204 1842 quidem
3247 1782 3383 1830 alter
3403 1782 3697 1845 alterijuxta
3713 1790 3785 1839 est,

2191 1852 2281 1899 sed
2307 1866 2483 1916 neque
2506 1854 2596 1917 qui
2620 1853 2768 1915 niger
2790 1858 2868 1901 est
2888 1852 2994 1900 albi
3032 1853 3284 1915 qualitate
3336 1854 3529 1903 dicitur
3562 1856 3784 1909 albus.ne-

2192 1937 2296 1986 que
2321 1926 2409 1987 qui
2442 1930 2521 1973 est
2550 1925 2723 1985 albus,
2756 1924 2891 1983 nigri
2921 1923 3174 1987 qualitate
3203 1925 3405 1973 dicitur
3454 1928 3615 1989 niger.
3658 1924 3783 1989 Ligno

2190 2002 2366 2045 autem
2400 1996 2598 2045 ferrum
2632 1997 2714 2044 vel
2744 2008 2933 2044 aurum
2966 1996 3274 2059 apponitur,
3308 2002 3363 2045 et
3396 1997 3584 2046 dicitur
3617 1998 3781 2060 quidem

2193 2066 2547 2130 appositionis
2584 2067 2770 2117 habitu
2831 2068 3029 2127 lignum
3088 2068 3264 2130 ipsum
3313 2068 3565 2117 ferratum
3612 2070 3680 2117 vel
3721 2083 3786 2117 au-

2193 2146 2365 2187 ratum
2391 2153 2403 2197 ;
2428 2139 2519 2187 sed
2553 2137 2793 2187 nondum
2826 2137 2951 2186 ferri
3000 2138 3080 2186 vel
3130 2138 3246 2186 auri
3295 2139 3532 2202 qualitas
3579 2140 3784 2203 praedica-

2194 2216 2280 2259 tur
2308 2210 2373 2258 de
2402 2210 2564 2271 ligno.
2588 2209 2860 2271 Contingit
2920 2213 3098 2258 tamen
3156 2210 3211 2258 in
3271 2210 3579 2274 hujusmodi
3624 2211 3786 2274 apposi-

2193 2280 2435 2330 tionihus
2475 2280 2631 2329 etiam
2684 2279 2905 2329 alterius
2962 2281 3028 2328 ad
3085 2280 3318 2331 alterum
3378 2284 3599 2345 quadam
3653 2283 3783 2332 deno-

2193 2352 2491 2400 minatione
2550 2350 2822 2414 qualitatis
2877 2363 3075 2399 nomen
3130 2352 3416 2408 transumi,
3476 2355 3636 2416 ipsam
3691 2367 3785 2401 vero

2194 2424 2504 2488 qualitatem
2538 2436 2876 2486 nequaquam
2908 2423 2961 2471 in
2998 2422 3166 2472 altero
3215 2423 3352 2481 ﬁeri,
3387 2430 3446 2473 ut
3502 2426 3553 2473 in
3602 2424 3784 2472 vestium

2195 2498 2284 2545 seu
2320 2509 2586 2543 armorum
2649 2492 3094 2556 appositionibus,
3129 2495 3298 2543 Vestis
3352 2495 3495 2544 enim
3536 2496 3677 2545 sorde
3725 2494 3787 2543 vel

2194 2567 2616 2631 pulchritudine,
2672 2570 2724 2614 et
2778 2579 3049 2614 armorum
3105 2566 3335 2628 pictura,
3402 2567 3653 2621 sordidus.
3717 2571 3787 2615 aut

2195 2638 2435 2701 pulcher,
2474 2640 2567 2685 aut
2594 2634 2791 2697 pictus,
2825 2633 2872 2683 is
2926 2636 3009 2684 cui
3059 2636 3174 2685 base
3223 2642 3575 2700 apponuntur
3618 2635 3785 2692 dicitur,

2196 2724 2317 2758 cum
2350 2714 2529 2758 tamen
2559 2708 2613 2757 in
2646 2707 2787 2756 illius
2816 2707 3118 2757 substantia
3164 2708 3279 2757 hinc
3320 2708 3545 2758 minime
3574 2708 3699 2757 ﬁant.
3725 2709 3788 2755 Est

2197 2786 2372 2831 autem
2409 2794 2531 2829 cum
2565 2794 2671 2829 non
2704 2780 2864 2828 modo
2925 2793 3123 2828 nomen
3184 2781 3409 2829 alterius
3470 2782 3789 2829 denominatur

2196 2852 2250 2900 in
2284 2853 2525 2908 alterum,
2556 2864 2741 2899 verum
2798 2851 2958 2899 etiam
3016 2852 3193 2914 reipsa
3254 2854 3493 2914 qualitas
3533 2852 3723 2900 alterius
3750 2850 3790 2896 ﬁt

2196 2924 2248 2971 in
2287 2924 2455 2971 altero
2481 2939 2493 2971 :
2528 2928 2584 2971 ut
2613 2922 2840 2970 dulcedo
2898 2922 2983 2971 vel
3039 2922 3262 2971 aviditas
3291 2923 3653 2987 appositorum
3681 2922 3727 2969 ﬁt
3751 2922 3786 2967 in

2196 3009 2340 3049 vase,
2380 2997 2459 3044 vel
2490 2996 2631 3056 pomi
2662 2994 2797 3042 odor
2857 2994 2910 3041 in
2963 3006 3143 3043 manu.
3205 2995 3308 3043 Sed
3378 2997 3432 3044 in
3476 2996 3555 3043 his
3586 2992 3787 3043 omnibus

2202 3066 2586 3115 attendendum
2618 3070 2715 3121 est,
2766 3064 2907 3127 quod
2951 3078 3056 3114 non
3109 3065 3165 3115 ﬁt
3211 3066 3433 3129 aliquod
3484 3080 3637 3116 unum
3668 3077 3787 3113 exeo

2201 3141 2340 3200 quod
2374 3138 2677 3201 apponitur,
2716 3142 2768 3185 et
2824 3150 2886 3184 ex
2944 3150 3006 3185 eo
3064 3138 3149 3185 cui
3195 3139 3507 3200 apponitur.
3539 3138 3641 3185 Non
3676 3135 3784 3183 enim

2196 3214 2273 3258 est
2305 3209 2504 3270 aliquid
2540 3221 2706 3256 unum
2738 3207 3055 3257 naturaliter
3083 3222 3147 3256 ex
3178 3210 3444 3272 appositis
3506 3207 3598 3256 sibi
3636 3205 3783 3268 lapidi-

2194 3287 2312 3340 bus,
2346 3284 2468 3333 alho
2499 3287 2551 3331 et
2581 3283 2769 3345 nigro;
2802 3295 2980 3345 neque
3037 3296 3100 3331 ex
3163 3283 3310 3344 ligno
3350 3288 3405 3331 et
3464 3283 3615 3338 ferro.
3643 3283 3711 3329 vel
3736 3293 3783 3327 ex

2196 3356 2341 3418 ligno
2364 3360 2417 3404 et
2447 3368 2598 3409 auro.
2636 3367 2815 3416 neque
2847 3368 2911 3402 ex
2942 3353 3158 3404 homine
3186 3359 3238 3403 et
3270 3354 3393 3417 ejus
3421 3355 3504 3404 vel
3554 3360 3699 3409 veste,
3726 3350 3785 3397 vel

2194 3429 2391 3484 armis;
2425 3440 2595 3488 neque
2622 3440 2683 3472 ex
2718 3439 2879 3486 pomo
2910 3429 2963 3473 et
2992 3439 3171 3473 manu.
3221 3425 3296 3473 Ex
3347 3440 3509 3475 carne
3559 3430 3713 3473 autem
3750 3424 3787 3469 et

2193 3499 2422 3554 ossibus,
2456 3502 2509 3545 et
2538 3496 2860 3559 quibusdam
2890 3496 3008 3544 aliis
3037 3496 3093 3544 ﬁt
3123 3511 3289 3545 unum
3341 3512 3538 3559 corpus
3570 3494 3786 3546 animalis.

2192 3576 2243 3620 et
2275 3584 2335 3619 ex
2372 3582 2596 3631 corpore
2630 3572 2682 3616 et
2707 3568 2888 3615 anima
2943 3582 3108 3616 unum
3169 3569 3391 3617 animal.
3457 3570 3523 3617 Ut
3570 3580 3682 3630 ergo
3710 3577 3786 3612 me-

2192 3642 2549 3705 liusintelligi
2613 3640 2784 3703 possit
2845 3642 2897 3689 in
2958 3643 3193 3704 qualibet
3249 3656 3486 3705 persona
3529 3642 3714 3690 illorum
3738 3649 3783 3685 ex

2191 3713 2389 3779 quibus
2437 3712 2554 3777 ipsa
2609 3716 2823 3762 constat
2885 3713 3220 3775 compositio.
3253 3714 3419 3762 altius
3470 3712 3783 3776 incipiendum

2191 3791 2289 3836 est.
2322 3785 2487 3833 Omne
2544 3783 2687 3847 quod
2747 3788 2845 3837 est.
2905 3789 2997 3832 aut
3042 3783 3267 3847 simplex
3332 3788 3428 3833 aut
3483 3783 3782 3845 compositum

2191 3864 2286 3906 est.
2320 3855 2455 3916 Quid
2487 3861 2665 3904 autem
2699 3856 2767 3902 sit
2797 3854 3042 3917 simplex,
3093 3860 3144 3903 et
3189 3854 3318 3919 quid
3364 3856 3713 3918 compositum,
3743 3851 3781 3898 in

2188 3929 2320 3977 libro
2354 3929 2560 3991 quiest
2618 3927 2685 3975 de
2750 3925 3012 3975 bonorum
3073 3925 3445 3987 Hebdomade,
3494 3928 3675 3975 dictum
3709 3926 3780 3969 est.

2189 4002 2264 4051 lbi
2302 4014 2532 4063 namque
2562 3998 2791 4059 septimo
2831 3999 3239 4061 praepositorum
3290 4001 3543 4058 termino,
3590 3998 3685 4045 sive
3720 4008 3780 4041 rc-

2187 4076 2326 4135 gula,
2364 4071 2588 4131 simplex
2657 4070 2733 4118 ita
2788 4069 3025 4118 difﬁnit:
3081 4070 3315 4132 Simplex
3380 4076 3463 4119 est
3516 4070 3645 4133 quod
3697 4078 3781 4114 esse

2187 4158 2342 4194 suum
2376 4148 2429 4193 et
2460 4142 2511 4190 id
2545 4142 2688 4203 quod
2722 4145 2801 4190 est
2835 4155 3000 4190 unum
3029 4140 3207 4191 habet.
3239 4141 3444 4191 Octavo
3478 4156 3601 4190 vero
3643 4138 3781 4187 termi-

2185 4229 2275 4272 no.
2308 4215 2372 4263 de
2404 4228 2464 4263 eo
2495 4213 2637 4275 quod
2674 4216 2755 4261 est
2791 4213 3169 4273 compositum,
3226 4212 3303 4261 ait
3334 4228 3349 4260 ε
3414 4212 3567 4262 Omni
3614 4219 3781 4267 compo-

2185 4287 2287 4335 sito
2318 4284 2463 4333 aliud
2497 4289 2572 4332 est
2607 4297 2740 4345 esse,
2801 4282 2947 4331 aliud
3006 4283 3179 4345 ipsum
3244 4292 3343 4333 est.
3414 4285 3532 4333 Hch
3560 4285 3712 4330 autem
3737 4289 3781 4325 ex

2184 4371 2292 4419 quo
2324 4369 2485 4404 sensu
2513 4352 2827 4414 accipienda
2866 4358 3009 4408 sunt,
3069 4354 3270 4403 dictum
3330 4360 3444 4411 est;
3479 4353 3611 4402 unde
3658 4346 3782 4398 niani-

2187 4426 2379 4475 festum
2412 4430 2491 4473 est
2528 4439 2691 4473 unum
2730 4437 2846 4471 esse
2885 4424 3088 4487 aliquid
3124 4426 3174 4473 in
3209 4440 3317 4489 quo
3374 4426 3580 4473 diversa
3616 4420 3697 4470 sibi
3723 4420 3784 4466 in-

2186 4498 2355 4547 vicem
2393 4500 2683 4559 coniuncta
2712 4496 2985 4552 dicuntur,
3020 4496 3104 4545 cui
3148 4499 3238 4543 uni
3302 4502 3435 4545 sunt
3490 4509 3600 4545 esse
3637 4501 3783 4541 omnes

2191 4568 2462 4626 speciales.
2498 4572 2549 4615 et
2578 4568 2661 4616 has
2691 4579 2752 4613 ex
2777 4566 2972 4627 quibus
3033 4568 3290 4629 speciales
3354 4572 3593 4615 constant
3648 4562 3782 4609 subsi-

2190 4640 2398 4687 stentim
2432 4638 2642 4686 illorum
2677 4649 2795 4699 qua:
2827 4636 2881 4684 in
2914 4637 3029 4700 ipso
3075 4638 3172 4685 sibi
3224 4636 3455 4686 invicem
3496 4635 3781 4698 conjunguu-

2190 4714 2298 4768 tur,
2330 4716 2380 4758 et
2412 4715 2605 4772 praeter
2641 4709 2737 4757 has
2774 4708 2875 4757 ilItB
2908 4710 3063 4757 etiam
3117 4723 3237 4771 qua:
3304 4708 3360 4758 in
3417 4712 3597 4759 eodem
3647 4716 3781 4753 crean-

2191 4788 2278 4832 tur
2307 4797 2365 4831 ex
2397 4783 2581 4830 habitu
2614 4781 3044 4843 conjunctorum.
3081 4782 3148 4831 Ut
3178 4780 3408 4840 homini,
3455 4782 3543 4845 qui
3596 4792 3649 4827 ex
3692 4787 3779 4822 cor-

2190 4868 2318 4917 pore
2353 4859 2405 4903 et
2434 4851 2623 4915 Spiritu
2667 4850 2768 4900 sibi
2826 4851 3128 4913 eonjunctis
3182 4867 3322 4901 unus
3380 4858 3481 4913 est,
3537 4858 3649 4901 sunt
3694 4858 3779 4894 we

2192 4939 2379 4974 omnes
2414 4923 2652 4985 corporis
2711 4927 2868 4985 atque
2928 4924 3145 4985 spiritus
3201 4922 3579 4977 subsistentiis,
3609 4924 3654 4968 et
3695 4920 3779 4963 alia!

2191 4996 2434 5058 quaedam
2469 5007 2588 5056 qua:
2615 4995 2669 5041 in
2700 4994 2816 5056 ipso
2839 5007 2902 5041 ex
2934 5006 3120 5042 eorum
3168 4994 3304 5041 ﬁunt
3354 5006 3625 5043 concursu.
3674 4988 3778 5036 Idem

2191 5081 2318 5117 vero
2356 5067 2539 5124 homo,
2574 5078 2637 5113 ex
2670 5064 2754 5112 his
2800 5078 2920 5126 quae
2969 5064 3335 5114 subsistentiis
3376 5066 3568 5113 adsunt
3599 5060 3779 5123 qualita-

2191 5139 2354 5194 tibus,
2415 5142 2468 5185 et
2528 5134 2796 5185 mensuris
2853 5136 3308 5199 intervallaribus,
3362 5135 3558 5199 aliquid
3612 5137 3690 5180 est.
3736 5126 3778 5174 Et

2193 5210 2446 5273 quoniam
2482 5206 2717 5256 hominis
2773 5221 2835 5256 ex
2900 5221 3121 5269 corpore
3172 5213 3224 5256 et
3270 5209 3462 5272 spiritu
3517 5199 3778 5267 compositio

2192 5283 2265 5329 ita
2295 5282 2379 5341 sit,
2413 5279 2555 5343 quod
2588 5292 2689 5327 nec
2721 5282 3012 5340 utrumque
3044 5292 3143 5327 nec
3174 5280 3401 5329 alterum
3441 5279 3495 5327 in
3526 5292 3583 5326 eo
3610 5273 3779 5345 confun-

2192 5352 2354 5411 ditur,
2388 5364 2573 5399 omnes
2615 5349 2719 5399 illis
2778 5363 2911 5413 quas
2963 5349 3122 5398 modo
3181 5349 3422 5400 diximus
3477 5347 3777 5398 subsistentia

2193 5427 2243 5472 et
2275 5422 2563 5486 qualitates
2620 5425 2673 5469 et
2731 5420 3101 5469 intervallares
3159 5434 3447 5477 mensurae,
3509 5422 3605 5468 imo
3657 5417 3775 5465 etiam

2196 5493 2616 5542 intervallarium
2648 5490 2882 5551 termini,
2914 5492 2979 5539 de
3015 5493 3131 5554 ipso
3187 5491 3402 5540 homine
3458 5494 3588 5539 recte
3641 5487 3776 5534 dicun-

2192 5571 2297 5614 tur.
2335 5566 2453 5613 Haac
2484 5564 2622 5611 enim
2657 5563 2878 5626 spiritus
2927 5562 3275 5626 corporisque
3323 5561 3617 5624 conjunctio
3671 5566 3775 5603 com.

2195 5636 2391 5701 positio
2435 5639 2533 5695 est,
2562 5648 2668 5683 non
2727 5633 3049 5683 commistio.
3098 5634 3217 5684 Non
3277 5635 3419 5685 enim
3472 5631 3631 5681 omnis
3669 5636 3775 5674 com-

2195 5707 2391 5773 positio
2415 5704 2715 5756 commistio
2736 5705 2978 5766 est,sicut
2999 5719 3109 5755 non
3132 5707 3306 5756 omnis
3341 5702 3632 5768 conjunctio
3664 5706 3775 5773 com:

2195 5764 2393 5847 positio
2445 5784 2542 5832 est.
2597 5778 2786 5831 Omnis
2822 5764 2968 5832 vero
3030 5780 3327 5832 commistio
3384 5764 3671 5843 compositio
3713 5764 3775 5817 eti
