4030 6186
239 241 372 297 1381

1308 250 1634 306 GILBERTI
1674 249 2016 305 PORRETIE
2056 249 2586 311 COMMENTARIA.

3508 263 3646 319 1382

233 369 419 455 Unum
476 369 619 455 enim
670 372 879 455 aliquid
939 377 995 427 in
1054 377 1369 455 seseumista
1399 380 1730 455 componunt
1753 374 1882 455 ;‘sed
1913 374 2311 455 Aconjunctio
2359 376 2494 455 λεατᾶ
2522 377 2837 455 πᾳράθεσιν,
2901 379 3005 432 hoc
3060 384 3142 432 est
3196 386 3494 437 secundum
3552 396 3643 455 ap-

233 442 322 492 vel
349 444 572 494 alterius
602 446 684 495 vel
719 448 1001 513 utriusque
1060 451 1345 514 qualitates
1394 449 1597 513 aliquas
1653 450 1884 498 mixtura

232 518 539 566 confundit.
574 518 645 568 Ut
673 534 792 568 cum
823 523 1000 571 album
1070 525 1391 588 nigrumque
1442 522 1756 578 miscentur,
1799 534 1887 569 ne-

231 602 342 651 que
398 594 780 653 componentia
838 608 1011 658 neque
1068 598 1422 659 compositum
1477 596 1583 646 albi
1642 601 1695 644 et
1748 594 1884 657 nigri

230 662 473 710 retinent
520 662 829 725 qualitates,
888 668 980 715 sed
1040 668 1258 717 alterius
1316 670 1512 732 speciei
1579 668 1887 717 afﬁciuntur

230 733 436 782 colore.
472 733 602 791 Qua:
659 750 789 785 vero
849 739 965 788 sine
1015 741 1385 789 commistione
1443 741 1501 789 ﬁt
1547 739 1883 801 compositio,

231 804 369 866 ipsis
400 808 851 866 componentibus
895 822 1018 859 suas
1057 824 1405 875 quascunque
1458 816 1695 866 naturas,
1730 816 1783 859 et
1828 814 1886 858 ut

234 876 440 925 eaedem
469 875 714 926 dicantur
771 882 835 929 de
893 882 1212 944 composito,
1266 883 1410 941 facit,
1461 884 1599 932 sicut
1645 884 1886 945 corporis

236 952 291 996 et
320 949 545 1019 spiritus
577 954 804 1007 naturas,
828 966 938 1001 non
988 956 1148 1003 modo
1194 954 1260 1004 de
1316 969 1538 1019 corpore
1591 960 1643 1003 et
1670 953 1882 1013 spiritu,

234 1030 428 1066 verum
459 1017 620 1068 etiam
652 1022 716 1070 de
752 1022 968 1072 homine
1000 1039 1123 1074 vere
1162 1017 1437 1086 dicuntur,
1474 1031 1527 1075 et
1571 1027 1685 1075 alite
1734 1038 1883 1087 quaa-

239 1090 365 1139 dam
394 1105 515 1155 quas
572 1092 627 1142 in
670 1095 805 1157 ipso,
862 1095 998 1145 sicut
1056 1098 1256 1147 dictum
1306 1103 1403 1155 est,
1436 1113 1500 1147 ex
1533 1112 1718 1147 eorum
1750 1097 1886 1145 ﬁunt

238 1162 305 1210 ad
337 1165 780 1234 compositionem
814 1181 1098 1218 concursu.
1131 1170 1187 1218 In
1214 1185 1322 1234 quo
1372 1170 1661 1234 diligenter
1694 1175 1773 1219 est
1802 1174 1885 1218 at-

239 1233 575 1283 tendendum
630 1237 775 1299 quod
833 1241 930 1288 etsi
978 1233 1303 1304 quandoque
1348 1233 1743 1305 noniejusdem
1776 1239 1886 1289 sint

239 1305 472 1367 generis,
513 1320 634 1370 quas
679 1310 777 1359 sibi
826 1310 883 1359 in
936 1314 1414 1375 compositionibus
1461 1314 1883 1377 conjunguntur,

239 1391 457 1451 semper
511 1384 689 1430 tamen
749 1385 802 1432 in
859 1385 1042 1448 aliquo
1116 1392 1242 1436 sunt
1315 1388 1555 1451 ejusdem
1635 1384 1880 1436 rationis.

239 1447 493 1521 Quamvis
565 1454 708 1503 enim
769 1447 962 1518 corpus
1021 1463 1074 1508 et
1128 1447 1357 1521 spiritus
1403 1459 1595 1508 diversi
1671 1457 1886 1521 generis

241 1517 457 1593 sint,gin
495 1522 597 1573 hoc
633 1527 813 1576 tamen
846 1517 974 1577 sunt
1007 1517 1247 1592 ejusdem
1282 1531 1523 1586 rationis,
1555 1517 1697 1593 quod
1739 1533 1880 1579 utra-

239 1603 344 1664 que
377 1591 610 1664 hisque
658 1591 1048 1659 praedicantur,
1080 1603 1358 1662 supposita
1414 1591 1714 1664 sunt.'ipsa
1757 1614 1883 1649 vero

238 1662 571 1723 impossibile
628 1674 709 1716 est
763 1670 1061 1732 praedicari.
1118 1672 1404 1735 Nunquam
1467 1662 1705 1721 enimﬁid
1738 1670 1881 1734 quod

1997 447 2339 509 positionem.
2365 450 2505 499 facta
2534 447 2619 500 sit.

2052 519 2156 567 Sed
2199 521 2247 570 si
2276 521 2367 577 ita,
2397 522 2455 569 id
2484 530 2558 570 est
2586 522 2863 572 secundum
2913 526 3282 587 appositionem
3338 528 3644 583 humanitas

1989 589 2261 640 divinitati
2289 593 2564 654 conjuncta
2593 597 2684 653 est,
2732 595 2853 661 etc.]
2901 594 3196 659 Diligenter
3243 602 3631 654 attendendum

1990 668 2070 710 est
2099 668 2393 737 quodcum
2426 666 2637 722 dixerit,
2691 680 2809 729 qum
2860 673 2940 716 est
2989 668 3131 716 facta
3176 669 3408 720 hominis
3435 675 3637 737 Deique

1990 735 2315 795 conjunctio,
2349 751 2491 785 nunc
2522 752 2627 785 non
2661 738 2788 787 dicit
2817 738 2976 787 homo
3009 741 3134 800 De),
3177 742 3270 790 sed
3325 735 3634 797 humani—tas

1991 805 2258 855 divinitati
2290 809 2579 872 conjuncta
2627 814 2723 858 est.
2766 809 2867 859 Per
2913 814 3057 874 quod
3105 811 3284 863 innuit
3340 820 3479 877 quod
3510 832 3629 868 cum

1991 878 2205 926 dicebat
2236 879 2468 928 hominis
2502 880 2725 944 Deique,
2761 883 2972 930 volebat
3012 884 3235 947 intelligi
3286 885 3633 939 humanitatis

1991 947 2413 1014 divinitatisque.
2470 952 2634 1001 Recte
2701 954 2885 1015 utique
2939 953 3192 1017 quoniam
3252 961 3304 1005 et
3341 960 3633 1010 catholicos

1990 1025 2045 1067 et
2080 1020 2379 1069 Nestorium
2412 1023 2705 1071 secundum
2738 1023 2879 1071 illam
2915 1034 3116 1074 natura;
3162 1024 3630 1089 signiﬁcationem,

1991 1104 2096 1153 qua
2127 1091 2423 1141 difﬁuitur:
2452 1093 2654 1143 Natura
2700 1109 3127 1160 unamquamque
3176 1113 3286 1147 rem
3336 1101 3632 1152 informans

1990 1162 2237 1225 speciﬁca
2266 1165 2589 1223 diﬁ‘erentia,
2622 1167 2759 1215 duas
2814 1169 2867 1215 in
2925 1170 3135 1219 Christo
3191 1176 3407 1221 naturas
3438 1177 3632 1223 consti-

1988 1239 2140 1285 tuere
2184 1237 2430 1300 superius
2487 1238 2713 1286 dixerat.
2768 1239 2953 1303 Neque
3016 1255 3141 1289 vero
3198 1243 3351 1293 aliter
3405 1246 3633 1307 intelligi

1989 1311 2169 1380 potest
2198 1323 2318 1373 quas
2345 1310 2541 1359 dicitur
2589 1312 2644 1359 in
2705 1311 2916 1361 Christo
2963 1312 3198 1363 hominis
3247 1317 3445 1380 Deique
3494 1319 3634 1368 facta

1989 1379 2317 1442 conjunctio.
2351 1382 2439 1430 Est
2464 1385 2606 1430 enim
2644 1383 2828 1445 regula
2856 1386 3138 1447 generalis,
3197 1400 3305 1436 non
3361 1379 3458 1438 uni
3519 1394 3634 1439 tan-

1989 1455 2102 1500 tum
2133 1466 2313 1502 rerum
2345 1452 2645 1517 aliquarum
2678 1455 2889 1504 addicta
2919 1457 3121 1517 generi,
3154 1471 3255 1507 nec
3299 1461 3374 1509 uti
3423 1464 3633 1511 tantum

1990 1522 2254 1581 facultati,
2317 1525 2411 1574 sed
2464 1523 2521 1573 in
2579 1525 2727 1574 omni
2786 1527 3033 1576 facultate
3104 1534 3155 1579 et
3227 1533 3372 1580 omni
3452 1547 3631 1584 rerum

1990 1610 2185 1659 genere
2247 1612 2343 1660 per
2397 1612 2454 1647 se
2511 1602 2639 1647 nota
2705 1603 2756 1648 et
2813 1602 3131 1663 necessaria,
3190 1604 3329 1666 quod
3392 1606 3639 1658 videlicet

1990 1682 2328 1732 quascunque
2355 1670 2455 1719 sibi
2488 1672 2713 1719 invicem
2740 1672 3030 1734 conjuncta
3066 1680 3209 1736 sunt,
3255 1678 3397 1725 inter
3442 1692 3498 1727 se
3524 1681 3636 1728 suis

242 1739 319 1817 est
346 1736 687 1817 praedicatur,
719 1741 813 1791 sed
846 1756 961 1792 esse
994 1747 1048 1792 et
1102 1744 1245 1807 quod
1272 1816 1275 1817 ν
1308 1744 1381 1793 illi
1427 1750 1597 1799 adest.
1628 1745 1883 1817 praedita-
1919 1753 1964 1817 Β
1995 1742 2413 1817 proprietatibus
2443 1747 2570 1790 sunt
2595 1743 2829 1817 diversa.
2856 1742 2974 1817 Non
3035 1744 3197 1805 igitur
3236 1746 3304 1795 illi
3361 1749 3453 1811 qui
3498 1751 3639 1799 Deus

240 1805 350 1879 bile
381 1811 460 1856 est
493 1813 545 1858 et
572 1808 690 1860 sine
722 1816 896 1876 tropo,
946 1829 1055 1863 non
1106 1805 1207 1863 nisi
1251 1816 1315 1864 de
1346 1830 1409 1864 eo
1438 1818 1581 1879 quod
1617 1805 1713 1865 est.
1746 1816 1883 1865 Sim-

243 1877 409 1940 plices
438 1893 654 1944 quoque
678 1884 1040 1935 subsistentia;
1078 1886 1411 1936 diversorum
1456 1877 1842 1950 suntgenerum
1867 1901 1881 1936 :

243 1955 303 1998 ut
331 1952 679 2011 rationalitas,
712 1954 1006 2016 animatio;
1060 1972 1169 2008 una
1230 1965 1410 2008 tamen
1475 1973 1659 2009 eorum
1701 1965 1779 2007 est
1807 1972 1887 2007 ra-

243 2020 336 2078 tio,
369 2037 476 2086 qua
510 2039 693 2074 eorum
728 2040 848 2091 quas
894 2034 1021 2079 sunt
1062 2044 1178 2080 esse
1227 2030 1515 2090 dicuntur;
1568 2032 1795 2093 ideoque
1830 2029 1885 2079 id

244 2095 388 2156 quod
421 2100 501 2145 est
530 2102 700 2147 totum
736 2114 852 2148 esse
884 2108 1233 2164 componunt.
1256 2102 1384 2151 Esse
1416 2117 1541 2150 vero
1574 2108 1626 2152 et
1657 2103 1707 2150 id
1740 2102 1885 2166 quod

244 2171 343 2221 est,
375 2180 474 2216 nec
504 2168 746 2230 ejusdem
770 2176 899 2220 sunt
927 2174 1158 2234 generis,
1192 2187 1289 2222 nec
1351 2174 1588 2236 ejusdem
1640 2178 1768 2223 sunt
1801 2188 1888 2221 ra-

244 2236 443 2299 tionis;
475 2244 528 2288 et
549 2239 750 2290 idcirco
777 2242 990 2291 illorum
1041 2242 1352 2307 conjunctio
1401 2244 1719 2306 compositio
1768 2258 1888 2293 esse

245 2321 355 2358 non
385 2316 573 2373 potest.
606 2312 848 2370 Quodam
881 2320 1066 2365 tamen
1125 2315 1371 2365 rationali
1417 2317 1600 2365 habitu
1654 2318 1890 2366 interve-

244 2383 444 2439 niente,
476 2397 643 2433 unum
674 2386 927 2447 quiddam
960 2390 1059 2443 est,
1092 2386 1205 2438 sive
1239 2388 1488 2451 simplex,
1518 2387 1630 2437 sive
1665 2402 1887 2450 compo-

244 2452 443 2504 situm:
476 2457 618 2518 quod
651 2456 726 2507 ita
756 2472 907 2508 mens
941 2460 1194 2522 concipit,
1224 2464 1283 2509 ut
1330 2462 1383 2509 in
1433 2475 1495 2509 eo
1545 2462 1594 2509 id
1637 2461 1776 2523 quod
1810 2464 1889 2511 est

246 2529 301 2573 et
333 2538 468 2581 esse,
502 2527 584 2576 vel
619 2530 761 2591 quod
795 2529 843 2579 ei
877 2531 1030 2579 adest
1058 2545 1253 2595 genere
1284 2537 1336 2580 et
1386 2534 1610 2590 ratione,
1641 2546 1757 2581 esse
1805 2532 1891 2581 di-

246 2609 400 2646 versa
431 2612 551 2647 cum
581 2600 895 2651 assensione
952 2602 1231 2665 percipiat.
1287 2603 1450 2653 Videt
1508 2605 1652 2653 enim
1699 2606 1754 2653 in
1798 2604 1890 2653 illo

246 2680 376 2738 uno,
405 2673 457 2717 et
513 2670 688 2733 ipsum
750 2687 865 2722 esse
918 2688 1025 2738 quo
1080 2674 1132 2722 id
1200 2676 1344 2735 quod
1404 2679 1486 2723 est
1532 2675 1617 2729 sit,
1650 2679 1701 2723 et
1731 2676 1889 2723 etiam

246 2737 302 2786 id
333 2739 473 2801 quod
507 2744 605 2797 est,
643 2744 785 2807 quod
818 2745 911 2793 illo
942 2759 1056 2794 esse
1088 2746 1173 2793 sit.
1205 2744 1364 2793 Videt
1411 2750 1463 2793 et
1509 2744 1755 2808 quaedam
1789 2745 1892 2793 alia

247 2822 368 2870 quae
400 2811 747 2873 preprietatis
777 2816 987 2864 ratione
1019 2816 1219 2865 adsunt
1242 2815 1459 2880 quidem
1496 2813 1600 2877 ipsi
1641 2829 1775 2872 esse,
1808 2817 1894 2863 in-

246 2888 376 2930 sunt
406 2897 550 2940 vero,
584 2885 664 2934 vel
695 2885 1030 2937 extrinsecus
1077 2887 1371 2949 afﬁguntur
1422 2889 1467 2936 ei
1513 2887 1656 2950 quod
1701 2893 1796 2937 est.
1832 2887 1892 2935 In

247 2951 352 3001 hoc
384 2954 546 3015 igitur
577 2970 684 3005 uno
715 2959 765 3005 id
803 2959 945 3021 quod
979 2964 1059 3007 est
1088 2959 1251 3008 habet
1302 2973 1418 3007 esse
1466 2972 1573 3022 quo
1624 2964 1719 3013 est,
1752 2963 1805 3007 et
1832 2972 1896 3006 ea

248 3040 369 3087 quae
402 3027 577 3090 ipsum
610 3044 725 3079 esse
755 3033 1136 3095 quoquomodo
1166 3036 1487 3095 sequuntur.
1536 3030 1713 3093 Ipsum
1759 3046 1894 3093 qun-

249 3110 354 3159 que
386 3111 502 3148 esse
529 3104 583 3149 et
607 3114 671 3150 ea
697 3115 816 3164 quin
844 3104 1018 3165 ipsum
1052 3106 1355 3166 sequuntur
1403 3101 1606 3151 habent
1651 3102 1705 3150 id
1749 3102 1893 3166 quod

248 3172 348 3224 est,
380 3171 445 3220 de
474 3186 581 3234 quo
615 3187 739 3222 vere
785 3175 1050 3224 dicantur.
1082 3176 1209 3233 Qum
1271 3173 1373 3224 nisi
1437 3174 1651 3223 diversa
1698 3180 1894 3230 essent,

247 3242 446 3291 habere
480 3243 772 3307 haberique
836 3260 943 3295 non
998 3250 1240 3309 possent.
1302 3247 1446 3296 Nihil
1502 3247 1641 3295 enim
1681 3249 1902 3297 omnino

249 3312 332 3360 vel
357 3327 470 3362 esse
502 3316 554 3363 in
588 3330 666 3377 se,
689 3317 771 3365 vel
806 3318 1005 3367 habere
1036 3334 1091 3367 se
1124 3323 1320 3382 potest,
1368 3332 1471 3367 nec
1521 3317 1703 3382 aliquo
1743 3321 1902 3369 modo

249 3385 354 3434 sibi
386 3387 683 3451 conjungi;
714 3390 927 3439 diversa
977 3390 1141 3453 igitur
1192 3392 1334 3440 inter
1379 3405 1434 3439 se
1483 3398 1609 3439 sunt
1653 3405 1773 3447 quae
1802 3390 1905 3441 sibi

253 3459 483 3507 invicem
511 3460 936 3525 conjunguntur.
984 3462 1090 3512 Sed
1139 3464 1182 3512 si
1233 3463 1379 3512 omni
1419 3477 1618 3527 genere
1648 3464 1902 3526 omnique

253 3530 485 3587 ratione,
518 3533 615 3581 etsi
675 3537 725 3581 in
780 3548 907 3595 uno,
968 3535 1398 3598 conjunguntur,
1452 3534 1673 3584 minime
1724 3540 1902 3585 tamen

251 3600 335 3649 vel
363 3598 418 3649 in
450 3616 512 3651 eo
570 3602 903 3652 commisceri
968 3604 1050 3652 vel
1110 3604 1241 3653 illud
1300 3618 1622 3666 componere
1653 3609 1901 3666 possunt.

252 3673 326 3721 Ex
356 3673 439 3723 his
468 3675 632 3736 igitur
686 3680 910 3738 apparet
967 3677 1212 3725 diversus
1260 3689 1375 3725 esse
1438 3676 1628 3725 modos
1693 3677 1905 3727 diversa

253 3744 355 3793 sibi
388 3742 620 3794 invicem
654 3746 1057 3810 conjungendi;
1094 3750 1147 3795 et
1205 3746 1531 3809 quandoque
1588 3760 1752 3795 unum
1785 3763 1901 3797 esse

253 3816 307 3865 in
339 3830 445 3879 quo
490 3818 700 3866 diversa
765 3817 867 3867 sibi
915 3818 1337 3881 conjunguntur,
1397 3818 1719 3881 quandoque
1778 3834 1903 3871 vero

256 3903 367 3938 non
400 3902 515 3937 esse
549 3902 732 3937 unum.
768 3890 939 3939 Unum
994 3903 1207 3953 quoque
1256 3890 1309 3937 iu
1360 3903 1466 3952 quo
1515 3889 1725 3939 diversa
1781 3905 1904 3941 con-

252 3960 577 4023 juuguntur,
614 3962 939 4023 quandoque
970 3962 1189 4023 simplex
1222 3975 1357 4018 esse,
1389 3962 1711 4024 quandoque
1761 3978 1902 4013 com-

259 4030 489 4093 positum
517 4047 530 4089 ;
567 4032 621 4078 iu
652 4046 715 4079 eo
747 4035 923 4080 autem
959 4032 1099 4095 quod
1138 4032 1490 4092 compositum
1523 4036 1619 4088 est.
1652 4035 1901 4095 quando-

251 4118 354 4166 que
383 4103 626 4159 alterum,
664 4104 986 4167 quandoque
1047 4109 1348 4166 utrumque,
1399 4104 1723 4167 quandoque
1776 4120 1902 4155 neu-

254 4180 396 4224 trum
423 4189 751 4238 componens
784 4174 1161 4224 commistione
1193 4175 1493 4234 confundi;
1554 4190 1673 4239 quas
1722 4183 1900 4229 autem

257 4245 406 4296 omni
435 4260 631 4309 genere
662 4244 917 4309 omnique
951 4245 1157 4296 ratione
1184 4260 1215 4294 ι
1276 4260 1331 4294 se
1381 4245 1591 4296 diversa
1638 4254 1783 4303 sunt.
1814 4262 1903 4297 ne-

260 4332 529 4381 quaquam
564 4318 701 4376 sibi;
733 4320 1020 4379 componi;
1053 4319 1407 4380 compositum
1440 4331 1653 4381 quoque
1693 4334 1722 4367 a
1753 4333 1899 4370 com-

260 4392 583 4455 ponentibus
614 4403 893 4452 nunquam
944 4388 1089 4439 omni
1143 4403 1355 4451 genere,
1400 4389 1599 4438 nedum
1635 4392 1782 4439 omni
1817 4407 1899 4441 ra-

1995 1816 2095 1866 est,
2126 1811 2213 1883 ille
2243 1814 2333 1875 qui
2365 1813 2523 1862 homo
2561 1819 2655 1883 est.
2690 1812 2745 1861 in
2775 1814 2988 1864 Christo
3023 1822 3196 1877 potest
3225 1831 3339 1867 esse
3379 1820 3639 1883 conjunc-

1990 1886 2096 1930 tus.
2125 1881 2240 1931 Non
2279 1883 2420 1932 enim
2453 1889 2534 1933 est
2563 1882 2616 1931 in
2650 1884 2858 1934 Christo
2889 1887 2981 1948 qui
3045 1886 3206 1936 homo
3255 1888 3349 1947 sit;
3383 1881 3492 1939 sed
3525 1892 3639 1953 ipse

1992 1954 2129 2002 sicut
2168 1958 2248 2003 est
2305 1954 2448 2003 Deus
2499 1959 2750 2016 essentia,
2787 1954 2863 2004 ita
2922 1962 3003 2005 est
3057 1958 3216 2007 homo
3273 1959 3638 2013 subsistentia.

1992 2025 2108 2087 Ipse
2142 2038 2264 2073 vero
2295 2025 2393 2073 sibi
2428 2024 2753 2087 cunjunctus
2810 2040 2925 2075 esse
2977 2041 3086 2076 non
3138 2034 3329 2091 potest.
3380 2035 3639 2094 quoniam

1994 2101 2217 2144 nonest
2266 2111 2296 2145 a
2356 2110 2411 2145 se
2470 2096 2552 2168 sui
2611 2100 2936 2168 preprietate
2994 2099 3257 2149 diversus.
3320 2100 3451 2151 Cum
3511 2119 3638 2168 ergo

1995 2166 2189 2214 dicitur
2224 2166 2461 2215 hominis
2491 2166 2693 2230 Deique
2733 2168 2785 2216 in
2846 2167 3055 2217 Christo
3111 2169 3251 2219 facta
3310 2166 3638 2235 conjuncti'o.

1994 2239 2059 2287 ab
2090 2253 2152 2287 eo
2188 2241 2279 2300 qui
2303 2247 2383 2289 est
2414 2240 2596 2298 homo,
2628 2241 2692 2288 ad
2751 2241 2802 2289 id
2856 2255 2962 2303 quo
3018 2243 3177 2292 homo
3217 2247 3320 2305 est,
3374 2244 3428 2294 id
3464 2254 3546 2297 est
3575 2249 3643 2298 ad

1999 2309 2237 2359 hominis
2267 2317 2517 2360 naturam
2566 2317 2619 2361 et
2663 2313 3086 2372 subsistentiam,
3118 2328 3238 2377 quas
3288 2324 3513 2369 vocatur
3545 2320 3642 2370 hu-

1997 2383 2244 2456 manitas,
2282 2397 2441 2456 quam
2473 2389 2525 2433 et
2555 2385 2935 2434 mathematica
2975 2388 3268 2447 speculatio
3320 2392 3387 2441 ab
3437 2406 3501 2441 eo
3546 2392 3638 2456 qui

1997 2453 2158 2502 homo
2189 2461 2270 2503 est
2298 2455 2579 2513 abstrahit,
2612 2456 2905 2507 concedere
2942 2457 3097 2507 debet
3126 2463 3178 2508 et
3207 2459 3435 2510 dicentis
3463 2468 3516 2512 et
3547 2453 3647 2512 tiu-

1997 2526 2191 2599 dientis
2226 2525 2599 2599 intelligentia,
2630 2531 2682 2577 ct
2732 2528 2887 2599 illam,
2940 2530 3154 2580 credere
3208 2533 3260 2580 in
3292 2532 3520 2591 Christo,
3553 2535 3646 2599 qui

1999 2595 2142 2668 solus
2166 2601 2247 2668 est
2278 2597 2416 2645 Deus
2442 2602 2495 2647 et
2544 2598 2724 2653 homo,
2782 2598 3051 2648 divinitati
3110 2615 3224 2650 esse
3279 2595 3646 2668 conjunctam.

1997 2665 2131 2715 Illud
2165 2666 2308 2717 enim
2340 2669 2553 2718 lectoris
2583 2670 2860 2731 vigilantia
2887 2671 3048 2721 debet
3096 2665 3393 2724 attendere'
3421 2679 3650 2738 acceptis

2000 2738 2297 2787 dictionum
2359 2738 2863 2801 signiﬁcationibus.
2945 2744 3142 2806 quibus
3222 2746 3646 2808 signiﬁcatoruni

2000 2810 2255 2871 prepositi
2288 2810 2576 2860 conveniat
2606 2814 2763 2870 ratio,
2796 2820 2848 2862 et
2914 2817 2979 2862 de
3031 2814 3229 2877 quibus
3286 2818 3551 2880 interpres
3594 2820 3647 2867 id

1999 2881 2140 2952 quod
2173 2882 2371 2931 dictum
2408 2888 2488 2931 est
2516 2882 2928 2947 intelligendum
2960 2888 3413 2947 explanet;verbi
3444 2892 3647 2952 gratia:

2000 2951 2044 3001 si
2076 2953 2198 3017 quis
2226 2954 2386 3009 dicat,
2422 2954 2583 3003 homo
2615 2962 2696 3004 est
2728 2955 2977 3016 risibilis;
3010 2957 3156 3017 item,
3191 2959 3350 3007 homo
3382 2966 3463 3009 est
3506 2962 3644 3011 indi-

2002 3025 2273 3074 viduOrum
2302 3025 2512 3075 forma:
2546 3026 2782 3076 hominis
2814 3042 3005 3076 nomen
3044 3030 3301 3093 quidquid
3354 3030 3407 3080 in
3458 3046 3564 3082 una
3595 3033 3647 3083 id

2004 3094 2057 3143 in
2092 3097 2256 3146 altera
2287 3097 2644 3146 affirmatione
2679 3096 2964 3161 signiﬁcat,
2988 3102 3038 3147 id
3071 3105 3166 3159 est,
3206 3106 3259 3150 et
3289 3102 3338 3150 id
3389 3104 3532 3165 quod
3564 3103 3651 3153 in-

2008 3166 2267 3228 telligitur
2293 3169 2471 3226 homo,
2499 3174 2552 3217 et
2581 3170 2630 3217 id
2664 3184 2768 3232 quo
2805 3184 2921 3219 esse
2970 3170 3129 3220 debet
3186 3172 3345 3221 homo
3413 3175 3649 3233 Quorum

2010 3238 2432 3300 signiﬁcatorum
2514 3240 2661 3295 illud,
2746 3244 2888 3304 quod
2975 3243 3202 3303 primum
3287 3247 3648 3308 exposuimus,

2007 3312 2337 3373 grammatici
2396 3317 2589 3361 vocant
2640 3312 3014 3362 substantiam.
3084 3314 3217 3363 Illud
3309 3330 3433 3365 vero
3507 3319 3651 3382 quod

2008 3383 2245 3431 secundo
2276 3385 2642 3445 exposuimus,
2671 3384 3039 3449 cujuscunque
3072 3387 3286 3449 generis
3316 3386 3385 3436 sit
3412 3389 3468 3436 in
3502 3390 3650 3438 omni

2008 3453 2275 3513 facultate,
2303 3454 2616 3518 qualitatem
2645 3454 2936 3518 appellant.
2998 3457 3100 3506 Sed
3159 3456 3217 3507 in
3278 3460 3450 3520 prima
3511 3461 3652 3509 afﬁr-

2008 3527 2246 3575 matione
2276 3540 2384 3575 non
2420 3527 2471 3575 id
2502 3540 2608 3590 quo
2639 3532 2718 3577 est
2747 3528 2927 3584 homo,
2960 3529 3013 3577 id
3055 3532 3136 3578 est
3187 3530 3423 3579 nominis
3473 3531 3650 3595 quali-

2008 3601 2107 3653 tas,
2134 3599 2226 3647 sed
2258 3599 2301 3647 is
2331 3599 2423 3662 qui
2455 3613 2518 3648 es
2549 3603 2629 3647 est
2660 3599 2842 3655 homo,
2874 3601 2927 3649 id
2959 3606 3039 3649 est
3068 3600 3373 3651 substantia
3418 3602 3653 3652 nominis

2008 3669 2225 3717 risibilis
2256 3684 2373 3719 esse
2401 3671 2739 3732 proponitur.
2774 3673 2828 3718 In
2861 3671 3097 3720 secunda
3126 3686 3251 3722 vero
3296 3673 3652 3724 alfirmatione

2008 3750 2118 3786 non
2151 3738 2194 3786 is
2219 3738 2310 3802 qui
2341 3743 2422 3788 est
2452 3738 2627 3793 homo,
2661 3740 2753 3788 sed
2783 3741 2835 3787 id
2867 3754 2974 3802 quo
3004 3746 3085 3790 est
3134 3743 3311 3799 homo,
3344 3743 3394 3791 id
3445 3747 3525 3791 est
3555 3757 3655 3792 no-

2009 3808 2417 3873 minisqualitas
2442 3811 2844 3860 individuorum
2905 3811 3072 3860 forma
3135 3814 3345 3861 dicitur.
3402 3812 3656 3863 Similiter

2009 3879 2052 3927 si
2085 3880 2206 3936 quis
2241 3883 2403 3939 dicat,
2434 3883 2632 3930 animal
2665 3887 2746 3931 est
2802 3882 3075 3942 sensibile,
3133 3884 3329 3933 animal
3375 3892 3453 3934 est
3486 3899 3656 3946 genus

2008 3953 2325 4001 hominum:
2360 3954 2507 4009 item,
2560 3953 2813 4003 sensibili:
2870 3959 2950 4003 est
3008 3968 3221 4017 corpus,
3279 3954 3529 4004 sensibile
3577 3961 3657 4005 est

2010 4022 2349 4081 differentia;
2383 4022 2530 4080 item,
2564 4024 2764 4072 risibile
2796 4029 2876 4073 est
2905 4025 3085 4082 homo,
3136 4025 3338 4075 risibile
3398 4032 3478 4075 est
3528 4041 3657 4087 pro-

2012 4096 2185 4159 prium
2217 4094 2486 4155 hominis;
2532 4097 2658 4145 item
2724 4096 2900 4145 album
2952 4101 3031 4145 est
3083 4111 3420 4160 corporeum,
3476 4098 3653 4147 album

2009 4172 2088 4217 est
2146 4166 2437 4217 accidens:
2502 4170 2748 4231 quamvis
2806 4168 3004 4217 eisdem
3092 4168 3404 4218 nominibus
3472 4185 3650 4219 rerum

2010 4240 2305 4302 suppositio
2337 4238 2391 4288 in
2454 4241 2739 4303 propositis
2789 4237 3255 4288 enuntiationibus
3312 4242 3420 4296 ttat.
3454 4240 3655 4303 priores

2008 4316 2184 4361 tamen
2235 4313 2301 4361 de
2354 4311 2673 4361 substantiis
2734 4310 3033 4372 nominum,
3103 4313 3356 4361 secundm
3413 4326 3539 4360 vero
3590 4313 3656 4361 de

2008 4382 2356 4445 qualitatibus
2386 4386 2696 4431 eorumdem
2743 4382 3108 4445 intelligenda:
3156 4387 3299 4431 sunt.
3352 4383 3414 4431 Et
3463 4383 3654 4446 hujus-

252 4452 401 4512 tione
434 4476 587 4525 posse
620 4475 736 4510 esse
768 4460 1039 4510 diversum
1066 4474 1078 4508 :
1112 4459 1219 4509 imo
1277 4458 1322 4508 si
1365 4460 1480 4508 sine
1524 4460 1891 4512 commistione

2009 4452 2155 4501 modi
2184 4453 2407 4502 inﬁnitae
2439 4458 2565 4502 sunt
2596 4453 2885 4513 orationes,
2919 4466 3039 4515 qua:
3075 4453 3174 4501 sub
3224 4452 3423 4502 eisdem
3476 4456 3655 4502 norni-

254 4538 337 4584 est
392 4532 726 4596 compositio,
787 4546 1015 4596 quorum
1081 4539 1207 4581 sunt
1258 4532 1573 4580 naturaliter
1632 4545 1892 4595 generum

247 4605 641 4667 componentia,
700 4602 1012 4653 eorumdem
1070 4617 1285 4666 quoque
1342 4616 1455 4652 esse
1509 4606 1888 4663 compositum.

247 4677 349 4727 Sed
388 4676 499 4725 hac
530 4677 711 4725 omnia
742 4689 850 4723 non
889 4672 991 4722 nisi
1022 4673 1086 4722 de
1118 4676 1278 4723 rebus
1312 4674 1506 4723 creatis
1545 4674 1773 4733 intelligi
1801 4690 1893 4725 vo-

246 4752 442 4799 lumus.
470 4748 528 4797 In
562 4747 874 4809 theologicis
931 4746 1071 4794 enim
1134 4745 1309 4808 aliqua
1369 4746 1584 4808 quidem
1625 4744 1890 4804 similiter,

248 4818 429 4882 aliqua
458 4833 585 4868 vero
617 4818 770 4868 aliter
800 4832 937 4872 esse,
969 4815 1245 4878 sequentia
1292 4830 1393 4864 nos
1436 4817 1727 4866 docebunt.
1770 4816 1892 4867 Non

244 4893 390 4941 enim
418 4888 604 4939 omnia
634 4903 806 4953 neque
839 4888 983 4936 nulla
1013 4900 1133 4949 qua
1180 4887 1233 4936 in
1284 4888 1618 4937 naturalibus
1666 4892 1759 4938 aut
1789 4904 1895 4938 ma-

248 4964 551 5012 thematicis
597 4961 989 5023 intelliguntur,
1068 4961 1120 5007 in
1207 4960 1523 5022 theologicis
1581 4961 1893 5021 accipienda

244 5034 549 5093 sentimus;
582 5035 809 5096 ideoque
839 5033 1200 5081 subtilissimas
1230 5034 1391 5094 atque
1433 5030 1892 5084 exercitatissimi!)

238 5103 604 5170 philosophia
657 5119 794 5165 esse,
856 5118 1172 5153 communes
1228 5102 1472 5165 utrisque
1531 5108 1583 5151 et
1648 5105 1892 5166 proprias

236 5179 580 5241 singulorum
613 5178 849 5226 rationes
882 5182 1088 5225 notare.
1139 5176 1201 5224 Et
1248 5176 1363 5224 hinc
1416 5174 1634 5239 quidem
1674 5181 1893 5239 propter

237 5250 537 5312 imperitos,
596 5249 690 5312 qui
747 5248 1079 5298 diversarum
1139 5249 1452 5296 facultatum
1507 5250 1765 5304 rationes,
1800 5253 1893 5299 aut

236 5322 646 5372 communicant
701 5319 966 5384 proprias,
1020 5324 1114 5369 aut
1169 5320 1518 5382 appropriant
1558 5333 1888 5380 communes,

238 5394 553 5457 tetigimus;
596 5405 743 5440 nunc
790 5391 856 5440 ad
914 5389 1252 5453 propositum
1302 5390 1609 5447 redeuntes,
1661 5391 1890 5440 dicimus

240 5464 391 5529 quod
422 5478 542 5512 cum
576 5469 652 5513 tot
688 5460 796 5512 sint
837 5476 1015 5511 rerum
1060 5461 1161 5511 sibi
1207 5463 1435 5510 invicem
1484 5462 1888 5523 conjungenda-

234 5552 360 5586 rum
394 5534 557 5592 modi,
591 5534 736 5583 illam
766 5534 1223 5596 conjunctionem,
1264 5548 1385 5597 quas
1441 5538 1522 5583 est
1570 5538 1887 5584 naturarum

226 5609 486 5667 duarum,
522 5605 721 5657 divinas
752 5605 956 5656 scilicet
988 5612 1039 5655 et
1069 5606 1342 5667 humanas,
1373 5606 1428 5655 in
1473 5605 1701 5663 Christo,
1746 5605 1888 5656 infe-

223 5680 348 5730 rius
378 5684 564 5728 contra
592 5678 868 5742 Eutychen
914 5691 1021 5726 non
1080 5692 1197 5728 esse
1254 5691 1351 5740 per
1407 5679 1885 5728 commistionem:

223 5751 326 5802 hic
355 5765 482 5800 vero
513 5756 702 5800 contra
732 5750 1034 5799 Nestorium
1085 5762 1196 5799 non
1247 5762 1383 5808 esse,
1444 5764 1541 5813 per
1587 5749 1886 5812 appositio-

222 5835 383 5885 nem,
415 5821 672 5875 ostendit.
713 5820 919 5887 Quasi;
974 5820 1165 5886 Qutero
1221 5833 1352 5881 nam
1398 5818 1498 5875 Dei
1543 5818 1887 5888 hominisque

2005 4524 2165 4573 nibus
2206 4538 2311 4573 non
2355 4525 2513 4573 modo
2576 4525 2869 4586 mquivocis
2923 4529 3016 4573 aut
3072 4525 3316 4588 quolibet
3367 4525 3653 4575 schematis

2002 4609 2195 4657 genere
2254 4594 2547 4651 translatis,
2607 4609 2790 4644 verum
2870 4596 3027 4644 etiam
3088 4594 3348 4651 univocis.
3408 4596 3475 4645 de
3533 4596 3653 4646 aliis

2000 4670 2159 4729 atque
2190 4668 2306 4715 aliis
2337 4666 2530 4715 debere
2562 4667 2808 4730 intelligi,
2870 4666 2986 4726 ipsa
3036 4681 3210 4716 rerum
3252 4668 3569 4730 proprietas,
3600 4674 3654 4718 et

2000 4740 2189 4789 orandi
2225 4737 2414 4800 regula
2467 4738 2784 4800 prudentem
2843 4740 2999 4787 docet
3055 4740 3424 4799 interpretem.
3482 4738 3651 4789 Omne

2001 4824 2127 4858 vero
2162 4822 2377 4863 nomen,
2411 4807 2623 4857 diversa
2673 4808 2956 4872 signiﬁcat,
3007 4809 3360 4857 substantiam
3406 4808 3653 4860 videlicet

2001 4885 2053 4930 et
2082 4878 2414 4944 qualitatem.
2449 4880 2515 4929 Ut
2545 4879 2742 4937 album,
2799 4880 2852 4928 id
2912 4880 3055 4943 quod
3115 4881 3413 4942 appellatur
3452 4882 3649 4940 album,

2001 4953 2143 5015 quod
2177 4956 2258 5001 est
2291 4952 2594 5001 substantia
2648 4951 2916 5012 nominis;
2975 4959 3027 5000 et
3086 4953 3138 5000 id
3188 4966 3293 5014 quo
3350 4954 3651 5015 appellatur

1999 5026 2198 5081 album,
2258 5023 2402 5087 quod
2465 5028 2546 5072 est
2605 5024 2847 5088 ejusdem
2917 5022 3155 5073 nominis
3232 5024 3481 5087 qualitas.
3538 5024 3648 5075 Sub

2000 5098 2186 5147 eodem
2220 5097 2380 5159 igitur
2414 5097 2630 5145 nomine
2688 5096 2831 5158 quod
2891 5101 2972 5145 est
3029 5097 3228 5154 album,
3253 5098 3296 5146 si
3337 5098 3457 5160 quis
3486 5097 3643 5149 dicat.

2000 5170 2176 5218 album
2207 5174 2287 5217 est
2321 5182 2534 5229 corpus,
2593 5168 2774 5217 album
2834 5173 2914 5217 est
2970 5168 3239 5225 accidens.
3282 5182 3456 5217 rerum
3522 5181 3644 5230 pro-

2001 5242 2280 5304 prietatem
2308 5246 2525 5289 secutus
2557 5240 2846 5303 interpres.
2880 5240 3020 5291 sicut
3076 5241 3279 5289 dictum
3331 5245 3412 5290 est
3462 5240 3527 5288 de
3578 5253 3641 5288 eo

1997 5312 2142 5376 quod
2179 5311 2479 5375 appellatur
2510 5312 2709 5367 album,
2770 5312 2914 5376 quod
2973 5326 3096 5362 vere
3158 5318 3238 5361 est
3280 5324 3509 5373 corpus;
3541 5310 3643 5360 hoc

1996 5399 2122 5434 vero
2155 5384 2220 5433 de
2275 5398 2338 5432 eo
2396 5397 2505 5448 quo
2558 5384 2861 5447 appellatur
2914 5384 3116 5438 album.
3181 5383 3325 5445 quod
3388 5394 3511 5430 vere
3564 5386 3645 5431 est

1997 5455 2267 5514 accidens,
2296 5454 2761 5515 interpretabitur.
2792 5454 2978 5518 Neque
3006 5456 3147 5503 enim
3186 5455 3236 5501 id
3270 5453 3413 5516 quod
3459 5453 3643 5503 album

1996 5532 2077 5578 est
2104 5526 2353 5577 accidens
2383 5540 2518 5581 esse.
2550 5540 2729 5590 neque
2762 5526 2813 5574 id
2847 5540 2955 5589 quo
2987 5525 3165 5573 album
3190 5530 3271 5574 est
3291 5539 3487 5588 corpus
3509 5539 3643 5583 esse,

1995 5616 2171 5653 rerum
2209 5601 2449 5664 ipsarum
2505 5601 2766 5663 permittit
2827 5599 3146 5661 proprietas.
3207 5596 3460 5647 Similiter
3520 5611 3646 5661 ergo

1995 5688 2113 5724 cum
2146 5674 2343 5723 dicitur
2371 5672 2605 5722 hominis
2637 5678 2793 5733 atque
2850 5668 2945 5717 Dei
2996 5669 3051 5718 in
3101 5669 3312 5719 Christo
3348 5668 3483 5720 facta
3514 5683 3648 5720 con-

1988 5748 2216 5810 junctio,
2250 5758 2359 5795 non
2391 5744 2551 5794 debet
2582 5742 2809 5805 intelligi
2839 5742 2987 5805 quod
3013 5742 3057 5791 is
3101 5742 3192 5807 qui
3242 5743 3405 5790 homo
3456 5748 3535 5794 est
3596 5744 3650 5794 et

1995 5818 2042 5870 is
2082 5820 2174 5887 qui
2230 5818 2371 5870 Deus
2428 5820 2508 5869 est
2564 5814 2623 5867 in
2683 5813 2892 5871 Christo
2945 5813 3226 5880 conjuncti
3281 5814 3407 5870 sint.
3462 5814 3525 5870 In
3581 5829 3648 5867 so
