4046 6180
399 243 537 302 1383

1034 244 1105 299 ΙΝ
1146 242 1409 298 LIBRUM
1449 239 1539 295 DE
1580 238 1858 295 DUABUS
1896 238 2198 295 NATURIS
2236 239 2323 294 ET
2363 238 2506 293 UNA
2546 237 2869 293 PERSONA
2909 236 3184 295 CHRISTI

3673 241 3807 295 i385-

398 384 631 434 namque
663 367 801 418 nihil
832 366 1076 430 estquod
1107 366 1176 416 sit
1203 366 1365 414 homo
1426 363 1571 428 quod
1621 363 1669 412 ei
1718 376 1809 426 qui
1864 363 1917 411 in
1950 361 2044 411 illo
2075 369 2126 432 Α
2157 364 2487 427 conjunctio,
2520 362 2623 411 nisi
2659 377 2842 412 earum
2875 362 3114 424 subjecta
3158 364 3211 412 in
3259 363 3462 427 quibus
3500 362 3637 425 ipsa?
3690 367 3819 412 sunt

398 446 539 494 Deus
570 442 639 491 sit
667 442 997 502 intelligatur
1041 439 1408 501 conjunctum.
1467 436 1567 486 Sed
1628 438 1739 499 ipse
1800 435 2044 484 Christus

398 519 489 581 qui
528 518 664 565 Deus
694 520 791 567 est.
823 513 981 562 etiam
1016 512 1175 559 homo
1229 514 1327 568 est,
1388 510 1477 571 qui
1519 509 1677 581 nulla
1734 510 1939 555 ratione
1971 506 2047 556 sic

398 579 576 653 potest
605 587 879 649 conjungi.
915 586 967 632 ln
1006 586 1121 646 ipso
1184 584 1364 645 itaque
1424 579 1605 629 divina
1662 581 1908 634 essentia,
1934 594 2047 653 qua

398 652 643 711 Christus
675 663 754 707 est
784 658 942 711 Deus,
976 662 1027 704 et
1086 656 1323 703 humana
1368 653 1732 707 subsistentia,
1767 666 1873 715 qua
1931 652 2044 712 ipse

402 739 481 783 est
517 734 697 786 homo,
734 733 876 777 recte
906 728 1280 789 intelliguntur
1312 726 1631 786 conjunctm,
1665 728 1717 773 et
1758 738 1819 771 ex
1884 737 2043 771 sensu

400 804 766 867 accipiendum
800 806 879 851 est
909 801 1051 864 quod
1111 799 1323 852 dicitur.
1390 798 1621 846 hominis
1677 797 1878 859 Deique
1909 795 2046 843 facta

399 877 729 940 conjunctio.
788 875 939 933 Quod
998 872 1157 921 etiam
1239 873 1313 920 ita
1389 870 1779 933 aecipiendum,
1840 874 2043 925 auctor,

397 953 536 1000 sicut
561 950 667 1013 jam
696 949 951 1000 diximus,
983 947 1293 1005 declaravit,
1357 958 1475 992 cum
1526 944 1772 992 eumdem
1824 956 2041 990 sensum

398 1028 666 1085 repetens,
701 1020 870 1068 dixit:
904 1018 1002 1068 Sed
1031 1021 1072 1065 si
1111 1018 1185 1065 ita
1235 1016 1542 1063 humanitas
1586 1014 1851 1063 divinitati
1906 1028 2040 1061 con-

392 1095 583 1158 juncta
612 1098 711 1142 est.
749 1092 825 1140 Ne
860 1105 986 1154 ergo
1017 1090 1266 1138 lectorem
1329 1088 1577 1150 decipere
1637 1089 1816 1158 possit
1863 1085 2043 1147 aliqua

393 1157 573 1223 dictio,
605 1179 725 1229 quae
784 1177 906 1211 cum
970 1176 1185 1210 sensum
1248 1161 1457 1209 aurium
1517 1174 1649 1208 sono
1708 1157 1922 1212 excitat,
1985 1159 2037 1205 in

399 1252 721 1303 quacunque
742 1238 984 1286 oratione
1019 1239 1266 1297 ponatur,
1300 1232 1455 1280 offert
1489 1233 1653 1280 menti
1704 1245 2041 1295 quaecunque

394 1310 677 1375 signiﬁcat,
715 1322 893 1357 rerum
931 1308 1327 1369 proprietatem.
1352 1374 1355 1375 ν
1383 1318 1541 1366 quam
1602 1305 1740 1366 apud
1807 1303 2039 1375 philoso-

391 1374 528 1445 phos
557 1382 742 1430 didicit
773 1379 991 1432 recolat,
1026 1382 1077 1426 et
1110 1374 1358 1437 loquendi
1409 1374 1644 1423 rationes
1687 1389 1822 1436 quas
1870 1374 2041 1433 logica

394 1444 663 1503 ministrat
694 1450 970 1507 attendat;
1004 1454 1162 1512 atque
1183 1444 1423 1515 σύνταξιν
1450 1462 1510 1494 ex
1550 1446 2037 1507 grammaticorum,

394 1522 537 1594 λέξιν
597 1538 659 1573 ex
722 1521 1119 1571 dialecticorum
1177 1533 1265 1566 seu
1334 1518 1711 1578 s0pbistarum,
1772 1518 1914 1581 ῥῆσιν
1977 1531 2036 1564 ex

390 1588 665 1646 rhetorum
723 1592 855 1642 locis
916 1592 1285 1645 considerans,
1347 1590 1410 1639 de
1480 1594 1555 1637 tot
1625 1589 1931 1649 signiﬁcatis
1987 1588 2037 1636 id

392 1668 534 1731 quod
594 1668 659 1714 ad
722 1662 1060 1727 propositum
1123 1660 1373 1723 pertinet,
1443 1658 1882 1709 convenientium
1960 1657 2037 1707 illi

2156 435 2239 483 vel
2291 434 2355 483 de
2418 434 2615 496 quibus
2669 434 3034 495 praedicantur
3090 435 3185 482 sibi
3218 434 3448 483 invicem
3509 434 3819 483 secundum

2157 508 2546 569 appositionem
2580 508 2868 569 conjuncta
2898 511 3042 554 sunt.
3073 505 3207 555 Nam
3240 506 3292 555 in
3331 520 3561 569 corpore
3603 508 3814 554 aninm-

2155 577 2237 632 lis,
2271 576 2447 625 carnis
2483 582 2534 624 et
2563 579 2698 625 ossis
2732 583 2930 625 natura:
2968 591 3075 625 non
3135 578 3491 640 oppositione,
3525 576 3624 624 sed
3681 592 3824 625 com-

2154 652 2421 712 positione
2454 649 2759 713 conjunctio
2808 651 3096 698 dicuntur:
3160 651 3413 710 quoniam
3475 664 3602 697 caro
3666 657 3719 696 et
3764 664 3824 697 os

2154 722 2207 770 in
2240 723 2354 784 ipso
2385 735 2607 783 corpore
2639 722 2899 775 animalis,
2943 735 3048 768 non
3089 720 3448 784 appositione,
3508 722 3601 769 sed
3674 735 3821 767 (τερπι-

2154 795 2422 857 positione
2454 794 2743 857 conjuncta
2776 799 2920 844 sunt.
2957 796 3087 844 Nam
3122 795 3564 858 quandocunque
3599 808 3668 842 ea
3702 809 3823 855 qum

2154 871 2282 914 snnt
2336 866 2553 928 aliquod
2612 865 2909 914 subsistens
2963 872 3311 927 componunt,
3370 870 3421 913 et
3487 881 3551 913 ea
3616 866 3825 928 quibus

2154 942 2278 985 sunt
2308 938 2423 999 ipsa
2454 938 2834 1000 componentia
2881 936 3047 986 totius
3095 938 3437 985 subsistentia
3486 937 3635 985 illius
3697 952 3823 998 pro-

2152 1011 2432 1071 prietatem
2469 1014 2817 1071 componunt.
2853 1008 2972 1057 Non
3023 1014 3197 1058 autem
3251 1010 3633 1057 universaliter
3692 1024 3824 1055 (:01:-

2151 1082 2395 1130 vertitur.
2439 1082 2589 1144 Saepe
2639 1083 2834 1131 etenim
2886 1081 3115 1143 alicujus
3161 1083 3505 1130 subsistentis
3556 1088 3822 1146 proprie-

2155 1158 2233 1203 tas
2265 1168 2327 1202 ex
2375 1154 2557 1202 multis
2614 1160 2693 1201 est
2756 1156 2964 1201 naturis
3022 1155 3339 1215 composita,
3394 1154 3575 1213 ipsum
3624 1165 3820 1202 lazmrn

2152 1228 2447 1276 subsistens
2478 1226 2701 1287 simplex
2752 1241 2815 1274 ex
2874 1225 3038 1273 nullis
3095 1227 3515 1274 subsistentibus
3576 1234 3820 1275 constat.

2150 1299 2216 1347 Ut
2245 1298 2437 1346 animas
2467 1298 2554 1346 illa
2590 1296 2838 1359 specialis
2888 1297 3249 1355 subsistentia,
3305 1311 3412 1359 qua
3462 1299 3582 1359 ipsa
3630 1304 3726 1345 est
3769 1303 3825 1346 et

2150 1370 2345 1417 dicitur
2378 1371 2574 1429 anima,
2608 1384 2671 1417 ex
2700 1369 2926 1416 diversis
2956 1368 3319 1416 subsistentiis
3378 1376 3615 1417 constat.
3683 1371 3822 1418 item

2150 1441 2365 1489 attende
2402 1442 2544 1504 quod
2584 1454 2689 1488 non
2724 1441 2829 1488 ait:
2870 1441 2912 1486 si
2943 1439 3155 1486 duobus
3187 1453 3306 1502 qua:-
3358 1447 3487 1487 sunt
3541 1444 3824 1488 manenti-

2148 1511 2280 1570 bus;
2314 1512 2423 1561 imo
2454 1512 2544 1564 ait.
2579 1512 2620 1558 si
2654 1511 2865 1559 duabus
2896 1511 3141 1571 personis
3170 1511 3513 1559 manentibus
3566 1526 3632 1559 ea
3679 1526 3820 1559 con-

2142 1584 2370 1649 junctio,
2409 1588 2509 1633 etc.
2542 1584 2784 1632 Plurima
2842 1584 2982 1631 enim
3043 1589 3170 1631 sunt
3218 1598 3338 1645 qua":
3405 1599 3663 1645 persona.-
3706 1599 3821 1633 non

2148 1662 2291 1711 sunt,
2326 1670 2554 1720 quorum
2588 1656 2768 1718 aliqua
2801 1655 3099 1704 secundum
3150 1655 3572 1717 appositionsm,
3623 1659 3822 1719 aliqua

387 1726 663 1788 rationum
701 1726 1060 1791 adminiculis,
1099 1734 1277 1796 eligat.
1312 1733 1374 1781 Et
1421 1738 1478 1781 ut
1508 1732 1571 1779 de
1603 1732 1811 1780 caeteris
1849 1732 2036 1778 orandi
2071 1729 2115 1793 Β
2144 1730 2437 1778 secundum
2470 1726 2915 1789 compositionem
2953 1727 3053 1775 sibi
3087 1728 3315 1776 invicem
3367 1730 3817 1791 conjunguntur,

384 1814 600 1858 taceam
632 1807 927 1870 speciebus,
984 1804 1039 1853 in
1098 1803 1715 1865 afﬁrmationibus,quas
1767 1816 1853 1850 res
1910 1802 2038 1850 sub-

380 1881 524 1945 jecta
549 1879 705 1942 cujus
738 1878 811 1927 rei
845 1876 1147 1941 praedicata:
1178 1876 1401 1937 suscipit
1432 1887 1652 1929 nomen,
1676 1872 1816 1921 inter
1846 1879 2038 1921 caetera

389 1966 510 2015 quas
543 1950 931 2013 signiﬁcantur,
992 1955 1177 1997 notare
1235 1946 1543 2001 contendat,
1603 1945 1783 2007 ibique
1842 1945 2037 2015 mentis

387 2014 499 2072 sua:
530 2022 860 2070 intellectum
919 2019 1233 2067 constituat.
1295 2018 1445 2077 Quod
1505 2014 1861 2079 qui-iam,qui
1916 2028 2034 2063 cum

386 2093 520 2143 nihil
552 2092 874 2153 intelligant,
907 2090 1089 2139 omnia
1114 2089 1383 2154 judicent,
1441 2087 1689 2135 homines
1748 2085 2037 2147 impuden-

383 2163 594 2222 tissimi,
659 2160 986 2224 desipientia
1031 2160 1429 2222 sapientissimi,
1475 2160 1675 2221 absque
1735 2157 2035 2204 disserendi

382 2239 589 2286 ratione
634 2233 989 2289 disertissimi,
1056 2230 1275 2280 minime
1333 2229 1571 2291 cogitant
1622 2228 2031 2276 attendendum.

382 2307 615 2371 Ideoque
644 2319 753 2354 non
787 2320 850 2354 ex
878 2317 1037 2351 sensu
1071 2304 1265 2351 mentis
1301 2302 1417 2365 ejus
1446 2302 1535 2363 qui
1567 2299 1804 2371 loquitur
1850 2300 2029 2371 verba,

385 2380 477 2427 sed
509 2368 573 2427 ex
604 2376 783 2425 verbis
810 2388 1048 2429 sensum,
1081 2378 1134 2422 et
1170 2373 1329 2421 alium
1364 2386 1503 2434 saepe
1539 2385 1698 2434 quam
1749 2368 1897 2417 illum
1948 2370 2032 2418 cui

384 2456 510 2499 sunt
541 2447 842 2507 articulata,
877 2445 1163 2506 accipiunt,
1198 2444 1251 2492 in
1286 2444 1368 2492 his
1400 2443 1558 2491 etiam
1591 2456 1712 2506 quae
1763 2443 1862 2504 ipsi
1905 2455 2032 2503 pro-

382 2521 563 2569 ferunt
592 2520 756 2568 verba
788 2533 893 2567 non
922 2517 1299 2577 intelligentes,
1332 2529 1503 2577 neque
1539 2527 1655 2575 qum
1718 2512 2029 2575 loquuntur,

386 2605 561 2654 neque
593 2592 657 2639 de
688 2590 885 2653 quibus
918 2588 1206 2637 afﬁrmant.
1270 2585 1423 2635 Unde
1480 2598 1598 2633 cum
1649 2583 1875 2631 audiunt
1932 2583 2031 2631 ho-

382 2663 545 2713 minis
578 2664 781 2726 Deique
814 2661 1005 2709 factam
1064 2659 1117 2707 in
1177 2659 1385 2707 Christo
1443 2658 1895 2719 conjunctioncm,
1928 2670 2029 2718 pu-

382 2739 500 2784 tant
548 2736 690 2799 quod
750 2736 794 2782 is
855 2734 943 2797 qui
999 2734 1157 2781 homo
1218 2736 1299 2781 est
1356 2736 1407 2780 et
1464 2732 1507 2779 is
1558 2728 1649 2792 qui
1692 2730 1829 2777 Deus
1856 2734 1935 2777 est
1974 2729 2027 2776 in

377 2807 588 2858 Christo
618 2808 870 2855 dicantur
901 2805 1195 2869 conjuncti.
1233 2802 1694 2862 Quemadmodum
1754 2803 1795 2849 si
1844 2801 2029 2848 dican-

378 2883 466 2929 tur
496 2876 714 2927 humani
754 2878 991 2939 spiritus,
1026 2874 1116 2939 qui
1161 2879 1339 2924 anima
1390 2881 1628 2927 vocatur,
1683 2872 2027 2934 corporisque

374 2949 429 2999 in
463 2949 672 2998 Christo
732 2949 870 2996 facta
924 2946 1271 3009 conjunctio;
1334 2950 1475 2994 recte
1544 2942 1859 3001 intelligitur
1918 2956 2024 2990 non

372 3019 608 3069 modoid
644 3033 751 3081 quo
786 3018 961 3066 anima
989 3022 1069 3065 est
1100 3016 1341 3079 spiritus,
1377 3020 1429 3063 et
1460 3029 1565 3077 quo
1602 3029 1724 3062 caro
1779 3019 1859 3062 est
1915 3026 2026 3061 cor-

2148 1806 2205 1850 ut
2235 1801 2369 1863 lapis
2405 1800 2603 1862 lapidi:
2634 1800 2957 1862 quandoque
3005 1798 3115 1846 sola
3167 1798 3527 1861 oppositione,
3582 1802 3818 1863 quando

2144 1872 2531 1934 compositione
2564 1870 2927 1932 conjunaitur.
2958 1870 3059 1918 Sed
3100 1883 3328 1931 persona
3378 1885 3629 1932 persona:
3669 1886 3816 1920 nun-

2142 1956 2299 2006 quam
2326 1943 2681 2006 componitur.
2741 1943 2972 1990 Omnino
3029 1942 3169 1988 enim
3236 1940 3368 1989 nihil
3424 1956 3672 2003 unquam
3745 1957 3813 1991 ex

2142 2015 2349 2063 duabus
2382 2014 2626 2077 personis
2656 2012 2770 2061 fieri
2805 2018 2997 2074 potest.
3030 2012 3265 2074 Ideoque
3325 2026 3423 2061 nec
3476 2028 3667 2061 earum
3722 2028 3815 2062 na-

2144 2091 2275 2135 turae
2312 2092 2554 2135 naturam
2589 2086 2821 2148 aliquam
2852 2098 3181 2147 componere
3248 2090 3489 2146 possunt.
3556 2086 3663 2134 Sed
3724 2100 3813 2134 se-

2142 2157 2376 2205 cundum
2410 2170 2778 2219 personarum,
2837 2169 2956 2217 qua:
3006 2156 3333 2218 Quandoque
3389 2158 3685 2219 contingit,
3742 2160 3810 2205 ad

2140 2242 2195 2276 se
2227 2226 2454 2275 invicem
2489 2227 2903 2288 appositionem,
2952 2225 3261 2273 earumdem
3322 2240 3540 2289 quoque
3586 2234 3811 2277 natura:

2140 2300 2203 2347 ad
2236 2313 2352 2347 sese
2384 2298 2637 2346 dicuntur
2665 2298 2943 2359 appositae.
2987 2296 3040 2344 Si
3094 2295 3259 2359 igitur
3307 2299 3416 2345 Deo
3472 2302 3525 2345 et
3575 2298 3809 2349 homine

2139 2372 2348 2419 duabus
2381 2371 2624 2433 personis
2656 2368 3017 2422 manentibus,
3066 2374 3378 2416 naturarum
3438 2370 3527 2417 Dei
3589 2377 3640 2418 et
3705 2373 3809 2419 ho-

2139 2443 2293 2490 minis
2320 2447 2398 2489 est
2448 2442 2511 2489 ad
2563 2456 2617 2489 se
2668 2441 2893 2488 invicem
2954 2439 3093 2487 facta
3145 2440 3195 2486 in
3230 2441 3441 2488 Christo
3492 2443 3804 2491 secundum

2140 2511 2533 2575 appositionem
2566 2512 2877 2573 conjunctio
2914 2524 3019 2558 non
3054 2514 3133 2558 est
3165 2524 3273 2558 una
3322 2525 3383 2558 ex
3434 2510 3568 2574 ipsis
3597 2512 3804 2560 Christi

2138 2583 2279 2631 facta
2315 2584 2630 2646 proprietas,
2665 2587 2718 2630 et
2760 2581 3013 2641 quoniam
3075 2582 3208 2630 nihil
3273 2585 3374 2630 nisi
3440 2588 3801 2646 proprietatis

2137 2669 2247 2704 suae
2277 2656 2646 2716 singularitate
2679 2668 2843 2701 unum
2878 2659 2975 2707 est,
3009 2652 3363 2715 consequitur
3403 2658 3549 2717 quod
3604 2671 3805 2704 secun-

2136 2728 2261 2775 dum
2293 2725 2618 2781 Nestorium,
2652 2725 2763 2787 qui,
2796 2725 3026 2786 qualiter
3056 2726 3253 2774 dictum
3303 2732 3402 2778 est.
3440 2726 3552 2775 Deo
3589 2733 3642 2775 et
3704 2728 3801 2775 ho-

2135 2801 2299 2857 mine,
2328 2798 2539 2845 duabus
2586 2799 2829 2859 perSonis
2880 2797 3245 2849 manentibus.
3292 2797 3426 2845 duas
3472 2800 3526 2845 in
3584 2798 3800 2847 Christo

2135 2876 2355 2919 naturas
2408 2870 2505 2917 sibi
2545 2868 2771 2917 invicem
2817 2882 2924 2916 non
2983 2869 3391 2927 compositione,
3439 2871 3530 2917 sed
3584 2874 3804 2933 apposi-

2134 2944 2282 2991 tioue
2310 2942 2529 3005 junctas
2561 2942 2832 3003 opinatur,
2863 2940 2996 2988 nihil
3056 2954 3222 2989 unum
3276 2946 3355 2988 est
3402 2941 3667 2991 Christus.
3726 2948 3799 2992 Ac

2133 3029 2231 3077 per
2263 3015 2363 3063 hoc
2393 3012 2615 3061 omnino
2654 3013 2806 3068 nihil,
2842 3026 2979 3063 vere.
2999 3013 3150 3071 Quod
3182 3014 3322 3061 enim
3351 3027 3459 3062 non
3484 3020 3568 3063 est
3600 3030 3794 3071 unum,

371 3108 492 3156 pus,
524 3090 580 3140 id
612 3097 709 3149 est,
743 3087 968 3154 spiritus
1000 3089 1347 3152 corporisque
1382 3094 1607 3142 naturae,
1642 3100 1827 3135 verum
1863 3085 2019 3133 etiam
2057 3098 2099 3165 ρ
2140 3100 2238 3134 nec
2270 3101 2385 3133 esse
2418 3086 2639 3133 omnino
2671 3089 2879 3146 potest;
2939 3086 3078 3132 sicut
3135 3084 3292 3133 etiam
3338 3085 3482 3147 quod
3536 3099 3646 3135 non
3696 3096 3794 3143 est,

370 3165 486 3229 ipsa
518 3163 696 3212 anima
754 3176 873 3224 qua:
926 3164 1005 3209 est
1068 3160 1307 3224 spiritus.
1372 3165 1424 3207 et
1476 3157 1591 3219 ipsa
1640 3172 1764 3229 caro
1794 3162 2024 3229 quaeest

375 3227 589 3295 corpus,
618 3246 732 3280 esse
766 3233 816 3278 in
849 3230 1075 3287 Christo,
1144 3230 1323 3291 ibique
1383 3242 1497 3277 esse
1560 3227 1865 3290 conjuncta.
1919 3227 2019 3275 Sed

373 3318 482 3353 non
516 3305 590 3353 ita
619 3306 795 3365 potest
852 3302 1037 3363 accipi,
1099 3313 1218 3348 cum
1278 3300 1471 3348 dicitur
1528 3298 1763 3346 hominis
1821 3297 2021 3361 Deique

377 3375 687 3438 conjunctio
719 3376 770 3421 in
804 3372 1009 3421 Christo
1046 3372 1217 3419 facta:
1281 3372 1477 3418 scilicet
1534 3371 1677 3418 utilis
1738 3385 1827 3432 qui
1861 3370 2019 3419 homo

375 3450 540 3495 estet
572 3446 616 3493 is
648 3443 739 3507 qui
794 3444 935 3491 Deus
994 3448 1073 3491 est
1131 3442 1513 3503 intelligantur
1570 3456 1681 3488 esse
1712 3443 2020 3503 conjuncti;

372 3517 463 3565 sed
495 3521 703 3564 tantum
737 3513 922 3562 divina
952 3515 1179 3562 essentia
1212 3517 1265 3561 et
1296 3513 1534 3560 humana
1572 3511 1933 3565 subsistentia,
1968 3512 2017 3559 id

372 3594 451 3635 est
482 3585 737 3634 divinitas
769 3592 818 3635 et
854 3585 1181 3633 humanitas.
1236 3584 1425 3646 Neque
1486 3597 1611 3631 vero
1650 3584 1730 3631 ha:
1787 3597 1873 3643 per
1924 3596 2021 3644 ap-

376 3657 807 3720 prehensioncm.
841 3657 931 3704 Sin
992 3655 1084 3710 ita,
1139 3654 1186 3702 id
1248 3661 1344 3710 est,
1380 3668 1473 3717 per
1536 3654 2017 3717 apprehensiormm

374 3729 684 3777 humanitas
743 3727 1009 3776 divinitati
1064 3726 1351 3787 conjuncta
1414 3731 1509 3783 est,
1588 3726 1718 3772 nihil
1802 3724 2019 3788 (supple)

372 3815 561 3849 unum.
594 3799 723 3847 Nam
754 3803 808 3847 et
840 3800 948 3860 ipse
983 3799 1033 3845 in
1066 3798 1417 3860 sequentibus
1473 3797 1650 3845 addet.
1709 3796 1853 3843 Nihil
1917 3797 2019 3852 (in-

373 3874 552 3934 quam)
587 3871 901 3919 naturaliter
934 3883 1119 3924 unum,
1153 3882 1212 3915 ex
1276 3869 1462 3915 horum
1518 3869 1756 3929 utrisque
1815 3870 2020 3915 contra.

370 3946 481 3990 tum
516 3947 626 3990 est:
660 3938 911 3988 videlicet
965 3954 1069 3987 non
1125 3953 1185 3986 ex
1242 3940 1323 3984 his
1350 3938 1576 4000 alicujus
1619 3936 1780 3985 unius
1811 3942 2019 3985 constat

370 4013 689 4074 proprietas.
720 4009 981 4069 Quocirca
1016 4023 1112 4057 nec
1140 4008 1357 4057 Christi.
1394 4012 1465 4057 Ac
1497 4022 1589 4069 per
1620 4008 1736 4063 hoc,
1774 4008 2018 4055 Christus

368 4086 501 4133 nihil
532 4088 632 4143 est,
660 4085 862 4133 scilicet
894 4096 1002 4129 non
1054 4088 1133 4131 est
1193 4079 1394 4143 aliquid
1455 4081 1772 4127 naturaliter
1832 4093 2015 4135 unum,

367 4159 509 4219 quod
538 4161 714 4205 tamen
746 4160 842 4203 est.
876 4154 1078 4202 Nomen
1113 4154 1312 4216 quippe
1339 4152 1513 4215 ipsum
1547 4152 1691 4214 quod
1737 4156 1817 4199 est
1869 4152 2016 4199 (ibri-

367 4234 500 4290 stus,
534 4244 698 4279 unum
732 4228 985 4293 quiddam
1020 4228 1301 4287 signiﬁcat,
1336 4226 1387 4273 id
1422 4230 1517 4281 est,
1551 4227 1724 4288 ipsum
1759 4227 1848 4288 qui
1895 4227 2018 4274 dici-

366 4307 454 4350 tur
485 4301 745 4352 Christus.
780 4304 831 4347 et
861 4312 923 4346 cx
951 4298 1127 4345 multis
1160 4298 1432 4345 collectam
1466 4296 1866 4359 proprietatem,
1910 4310 2018 4358 qua

367 4372 563 4420 dicitur
592 4372 871 4427 Christus,
904 4373 957 4417 et
1008 4370 1107 4416 hoc
1158 4368 1472 4429 intelligitur
1522 4380 1579 4414 ex
1642 4367 2015 4429 singularitate

365 4443 528 4506 hujus
562 4441 827 4501 vocabuli,
858 4441 996 4503 quod
1032 4445 1109 4489 est
1140 4440 1401 4487 (lhristus.

426 4522 495 4567 Ac
522 4515 615 4580 si.]
646 4516 843 4573 Quasi:
879 4513 1134 4560 Vocabuli
1170 4509 1513 4573 singularitas
1548 4523 1716 4559 unum
1758 4512 2008 4559 ostendit.

363 4590 430 4637 At
461 4590 687 4651 qualiter
718 4603 883 4636 unum
917 4588 984 4635 sit
1015 4587 1306 4634 videndum
1366 4590 1462 4631 est.
1523 4584 1636 4632 Non
1699 4584 2011 4647 simpliciter

366 4673 507 4706 unus
539 4674 643 4708 non
678 4669 775 4717 est,
809 4657 899 4721 qui
960 4658 1255 4705 srcundum
1314 4656 1634 4715 Nestorium,
1690 4670 1753 4703 ex
1808 4670 1870 4703 eo
1918 4657 2008 4717 qui

362 4728 501 4776 Deus
533 4734 613 4777 est
644 4734 695 4777 et
730 4743 792 4776 ex
826 4742 887 4777 eo
921 4726 1011 4790 qui
1045 4727 1203 4775 homo
1235 4730 1314 4773 est
1374 4726 1693 4788 conjunctus
1752 4733 1848 4773 est.
1882 4727 2008 4774 Cer-

364 4804 474 4849 tum
507 4804 586 4849 est
614 4806 793 4849 autem
825 4800 1076 4860 quoniam
1109 4799 1198 4861 qui
1224 4799 1365 4846 Deus
1396 4804 1490 4854 est,
1552 4804 1631 4845 est
1692 4797 1852 4846 etiam
1887 4812 2009 4860 per-

359 4886 513 4922 sona.
548 4874 787 4921 Persona
814 4885 942 4921 vero
970 4885 1214 4933 personae
1275 4868 1375 4917 nisi
1438 4868 1732 4918 secundum
1793 4868 2007 4932 apposi-

358 4942 562 4992 tionem
598 4942 855 5004 conjungi
886 4954 992 4989 non
1029 4946 1217 5002 potest.
1256 4940 1307 4988 Si
1342 4955 1467 4988 vero
1520 4941 1725 4988 duabus
1766 4944 2007 5003 personis

358 5013 721 5067 manentibus,
757 5014 844 5061 illa
878 5013 1125 5060 videlicet
1183 5026 1301 5073 qua}
1361 5017 1439 5058 est
1500 5012 1652 5064 Deus.
1687 5017 1739 5059 et
1774 5012 1856 5059 illa
1886 5027 2005 5074 quas

358 5090 439 5133 est
469 5086 639 5136 homo.
676 5098 737 5132 ea
770 5084 1080 5143 conjunctio
1114 5088 1444 5136 naturarum,
1480 5080 1529 5129 id
1573 5088 1653 5130 est
1706 5081 2006 5132 divinitatis

360 5162 413 5206 et
441 5156 811 5215 humanitatis,
845 5154 983 5202 facta
1016 5159 1114 5203 est.
1140 5153 1291 5215 quale
1324 5155 1571 5213 superius
1621 5154 1870 5211 diximus,
1905 5155 2006 5204 hoc

356 5233 436 5277 est
466 5228 761 5276 secundum
794 5223 1210 5285 appositionem.
1241 5224 1431 5281 Quasi:
1469 5238 1586 5285 qua:
1650 5224 1755 5273 Deo
1805 5231 1857 5274 et
1907 5226 2008 5274 ho-

354 5298 500 5348 mine
563 5297 907 5346 maneutibns
966 5296 1209 5357 personis
1272 5296 1423 5342 aliter
1480 5294 1591 5341 fieri
1644 5308 1749 5342 non
1811 5304 2002 5358 potest,

352 5369 488 5419 nihil
522 5383 687 5417 unum
712 5382 770 5415 ex
806 5367 1016 5414 duobus
1049 5363 1186 5413 eftiti
1223 5367 1411 5427 potuit.
1446 5366 1675 5412 Attende
1705 5369 1847 5429 quod
1900 5372 2000 5419 ait:

354 5440 408 5491 Si
441 5441 747 5489 humanitas
781 5438 1045 5487 divinitati
1099 5438 1393 5485 secundum
1432 5437 1822 5498 appositioneui
1872 5455 2005 5489 con-

346 5513 536 5576 juncta
569 5514 665 5571 est,
700 5510 834 5558 nihil
869 5523 1034 5557 unum
1100 5522 1164 5556 ex
1222 5508 1463 5570 utrisque
1520 5510 1825 5558 confectum
1884 5518 1998 5573 est;

354 5587 407 5631 et
437 5582 655 5645 quando
686 5582 981 5628 secundum
1030 5577 1424 5641 appositionem
1484 5576 1594 5625 ﬁeri
1651 5579 2002 5641 intelligenda

351 5651 439 5708 sit,
473 5649 711 5701 ostendit
739 5664 859 5699 cum
894 5648 1003 5698 ait:
1063 5651 1116 5698 Si
1175 5648 1386 5698 duabus
1441 5650 1683 5710 personis
1730 5653 2001 5702 manenti-

353 5723 455 5772 bus
487 5723 796 5785 conjunctio
828 5721 889 5769 ﬁt
918 5734 1120 5770 earum.
1150 5720 1209 5769 In
1240 5734 1345 5784 quo
1365 5720 1643 5769 manifeste
1669 5721 2002 5775 demonstrat

356 5795 502 5858 quod
537 5793 687 5848 nulla
740 5796 822 5845 est
876 5797 1197 5848 naturarum
1255 5791 1553 5845 secundum
1608 5794 2003 5858 appositionem

2140 3170 2246 3204 non
2280 3162 2358 3203 est
2394 3169 2581 3203 unum.
2617 3155 2705 3202 Est
2738 3154 2881 3202 enim
2946 3154 3277 3217 philosophis
3324 3156 3618 3204 multarum
3668 3172 3798 3219 pro-

2132 3228 2456 3291 positionum
2489 3227 2661 3282 locus,
2697 3231 2747 3274 et
2784 3240 2880 3288 per
2913 3240 2968 3274 se
3002 3231 3129 3275 nota
3159 3228 3471 3288 propositio.
3500 3230 3645 3290 quod
3678 3245 3797 3279 esse

2132 3306 2291 3358 atque
2338 3312 2525 3351 unum.
2583 3299 2957 3346 universaliter
3013 3300 3361 3347 convertitur.
3417 3300 3798 3364 Quodcunque

2130 3374 2271 3420 enim
2310 3377 2408 3430 est,
2446 3384 2611 3419 unum
2647 3377 2759 3429 est;
2817 3379 2868 3418 et
2924 3371 3287 3433 quodcunque
3335 3385 3502 3420 unum
3568 3380 3793 3431 est,e;-t.

2129 3444 2292 3493 Verbi
2330 3458 2567 3505 namque
2603 3443 3031 3503 sinptilaritatini
3065 3442 3356 3504 suppositae
3418 3446 3494 3492 rei
3557 3446 3797 3505 singula-

2129 3519 2201 3564 ris
2241 3515 2539 3578 proprietas
2566 3514 2747 3576 exigit.
2778 3515 2921 3562 Sicut
2951 3520 3001 3562 et
3036 3514 3386 3573 pluralitatem
3419 3514 3572 3562 verbi
3609 3530 3791 3565 rerum

2132 3588 2538 3649 suppositarum
2600 3585 2685 3633 illa
2734 3600 2853 3648 quae
2930 3585 3021 3633 uni
3082 3586 3371 3634 convenire
3440 3600 3548 3635 non
3611 3593 3791 3648 potest

2135 3662 2521 3722 propr‘etatum
2556 3656 2857 3705 diversitas.
2889 3657 2958 3705 Ut
2986 3658 3027 3704 si
3060 3658 3181 3719 quis
3214 3658 3279 3704 de
3322 3656 3545 3705 Platone
3596 3659 3789 3722 loqua-

2133 3737 2242 3783 tur,
2279 3730 2390 3776 sive
2428 3742 2591 3776 unum
2624 3731 2732 3777 sive
2764 3730 2931 3777 multa
2962 3729 3024 3776 de
3061 3731 3173 3790 ipso
3203 3728 3448 3784 afﬁrmet,
3481 3730 3563 3776 vel
3603 3736 3784 3789 neget,

2128 3802 2292 3849 verbo
2324 3801 2584 3861 singulari
2620 3799 2722 3848 hoc
2758 3800 2932 3847 faciet.
2964 3798 3082 3847 Non
3147 3800 3286 3847 enim
3337 3800 3497 3851 dicet.
3529 3802 3688 3849 Plato
3721 3802 3787 3849 leo

2128 3878 2280 3932 nunt,
2315 3872 2403 3918 sed
2445 3871 2592 3931 legit.
2624 3870 2727 3917 Nec.
2763 3871 2905 3918 Plato
2959 3874 3103 3923 sunt,
3158 3870 3247 3917 sed
3295 3876 3378 3917 est
3426 3870 3590 3918 homo
3623 3872 3793 3924 albus.

2128 3942 2446 4000 astrologus,
2481 3946 2534 3989 et
2600 3940 2907 4002 hujusmodi
2968 3940 3085 3987 alia.
3122 3938 3174 3986 Si
3234 3953 3361 3987 vero
3418 3938 3703 3989 Platonem
3739 3949 3792 3989 et

2125 4014 2446 4060 Ciceronem
2481 4015 2766 4072 supponat,
2802 4024 2905 4057 non
2969 4010 3127 4065 dicet,
3176 4009 3314 4057 Plato
3372 4016 3425 4058 et
3474 4010 3659 4059 Cicero
3690 4018 3789 4063 est,

2127 4083 2217 4130 sed
2252 4081 2511 4129 sunthoc
2562 4081 2646 4128 vel
2706 4080 2812 4128 illa.
2871 4080 2979 4128 Nisi
3040 4079 3179 4128 forte
3225 4080 3372 4129 verbi
3406 4086 3562 4143 tropo
3592 4085 3789 4144 prmiti-

2126 4154 2225 4201 cati
2286 4153 2520 4201 nominis
2578 4151 2935 4213 singularitati
2993 4150 3337 4214 singularitas
3394 4152 3567 4214 ipsius
3636 4154 3784 4203 verbi

2127 4225 2383 4273 reddatur
2429 4237 2440 4270 :
2503 4228 2559 4272 ut
2616 4225 2797 4271 omnia
2850 4222 3029 4272 Caesar
3083 4228 3213 4271 erat.
3272 4225 3410 4285 Ergo
3465 4226 3783 4287 quicunque

2127 4296 2254 4345 dicit
2285 4300 2428 4353 sunt,
2458 4297 2521 4343 de
2552 4295 2836 4358 pluribus;
2874 4294 2965 4358 qui
3001 4309 3125 4343 vero
3156 4296 3286 4343 dicit
3332 4300 3434 4350 est.
3466 4297 3534 4345 de
3580 4311 3695 4345 uno
3725 4312 3781 4345 se

2126 4367 2271 4431 loqui
2306 4367 2601 4415 secundum
2638 4372 2903 4428 prtecepta
2954 4369 3426 4429 grammaticorum
3488 4366 3782 4427 signiﬁcat.

2127 4441 2218 4489 Est
2253 4445 2427 4487 autem
2457 4440 2583 4487 illud
2615 4453 2779 4487 unum
2813 4442 3137 4501 quandoque
3168 4440 3413 4501 simplex,
3446 4444 3507 4487 ut
3557 4440 3779 4493 anima;

2122 4512 2447 4574 quandoque
2483 4511 2837 4571 compesitum
2872 4516 2928 4556 ut
2957 4510 3189 4563 animal;
3222 4517 3271 4557 ct
3314 4510 3613 4573 aliquando
3660 4527 3783 4559 cou-

2118 4586 2348 4637 tinuum,
2378 4585 2436 4629 ut
2482 4596 2675 4642 corpus
2721 4581 3003 4638 animalis;
3038 4583 3326 4644 aliquando
3383 4582 3780 4643 disnregatum,

2118 4660 2174 4703 ut
2203 4669 2444 4702 acervus.
2475 4654 2691 4708 Tamen,
2725 4655 2864 4701 sicut
2900 4654 3143 4715 simplex,
3190 4654 3264 4701 ita
3313 4658 3363 4701 et
3410 4656 3773 4716 compositum

2115 4741 2225 4775 suae
2258 4724 2601 4789 prOprietatis
2659 4724 3031 4788 singularitate
3094 4729 3176 4772 est
3235 4739 3422 4775 unum.
3452 4724 3563 4774 Nec
3615 4728 3773 4775 mcdo

2114 4799 2203 4847 illa
2239 4813 2359 4861 quin
2394 4798 2653 4846 linearum
2717 4811 2932 4845 suarum
2996 4798 3239 4845 terminis
3284 4798 3623 4860 interpositis
3653 4804 3774 4846 sunt

2113 4869 2390 4926 continua,
2426 4871 2484 4915 ut
2514 4882 2706 4929 corpus
2736 4868 3013 4915 animalis:
3046 4872 3139 4915 aut
3168 4868 3409 4930 quolibet
3461 4869 3569 4915 alio
3611 4870 3771 4915 modo

2113 4942 2227 4989 sine
2286 4939 2682 5001 disgregatione
2739 4938 3104 5001 junctissima,
3161 4944 3217 4987 ut
3300 4940 3473 5001 ipsum
3555 4940 3771 4996 animal,

2113 5012 2313 5075 absque
2375 5011 2597 5073 spiritus
2654 5010 2999 5072 corporisque
3062 5010 3415 5059 dissolutione
3476 5025 3489 5067 ;
3565 5025 3773 5059 verum-

2113 5082 2271 5132 etiam
2310 5095 2373 5130 ea
2404 5095 2523 5144 quas
2578 5095 2645 5129 ex
2702 5081 2946 5142 pluribus
2980 5095 3011 5129 a
3061 5094 3117 5129 se
3170 5080 3402 5129 invicem
3453 5082 3774 5143 disgrecatis

2111 5156 2628 5215 conjunguntur,ut
2689 5164 2915 5200 acervus
2977 5150 3243 5213 lapidum,
3306 5156 3400 5200 aut
3454 5152 3769 5213 hujusmodi

2114 5226 2437 5289 aliquorum,
2471 5223 2668 5271 chorus
2695 5222 2879 5281 tritici,
2906 5228 2999 5271 aut
3046 5224 3398 5284 leguminum,
3432 5230 3527 5273 aut
3586 5225 3771 5285 hujus-

2113 5296 2258 5345 modi
2291 5296 2538 5349 aliorum,
2588 5310 2697 5343 sua:
2753 5300 2933 5344 tamen
2994 5294 3343 5357 proprietatis
3394 5296 3772 5359 singularitate

2114 5382 2278 5417 unum
2307 5371 2450 5415 sunt.

2172 5439 2273 5488 Sed
2320 5452 2440 5495 esse,
2500 5439 2624 5502 etc.]
2678 5438 3049 5499 Quodcunque
3114 5442 3210 5495 est,
3272 5453 3441 5487 unum
3502 5444 3604 5487 est.
3672 5440 3766 5488 Sed

2110 5525 2223 5560 esse
2254 5511 2545 5565 Christum,
2581 5509 2633 5557 id
2666 5514 2746 5558 est
2779 5512 2923 5570 quod
2959 5510 3024 5558 de
3055 5510 3269 5558 Christo
3312 5511 3463 5558 verbi
3523 5510 3770 5573 singulo.

2108 5582 2269 5631 ritate
2304 5582 2531 5638 dicatur,
2566 5585 2662 5641 est,
2702 5595 2881 5629 coram
2917 5579 3194 5641 omnibus,
3245 5585 3297 5628 et
3353 5582 3559 5643 absque
3592 5582 3769 5629 multi«

2110 5653 2346 5718 plicitate
2380 5667 2571 5703 sensus
2636 5652 2919 5702 manifeste
2972 5667 3034 5701 ac
3085 5653 3202 5701 sine
3252 5652 3482 5701 falsitate
3541 5654 3769 5715 alicujus

2111 5725 2435 5777 admistione
2467 5728 2727 5775 veraciter
2754 5725 3103 5785 conﬁtemur;
3164 5730 3222 5775 et
3276 5729 3534 5789 quoniam
3594 5726 3764 5788 quod-

2107 5812 2319 5864 cunque
2352 5802 2447 5861 est,
2482 5812 2648 5850 unum
2679 5804 2776 5860 est,
2812 5802 2864 5850 et
2892 5798 3133 5849 Christus
3189 5804 3304 5849 est:
3367 5813 3536 5850 unum
3592 5798 3762 5863 igitur
