4030 6186
213 227 317 280 1385

1236 243 1563 298 GILBERTI
1603 237 1946 294 PORRETE
1986 241 2525 307 COMMENTARIA.

3448 269 3588 323 1386

203 364 297 443 esse
344 353 698 443 proprietatis
734 372 870 443 suae
923 362 1322 443 singularitate,
1388 368 1617 418 dicimus
1664 365 1814 443 Chri-
1845 365 1898 430 Α
1929 370 2011 416 est
2040 373 2201 443 atque
2232 386 2433 423 novum
2464 375 2518 424 id
2549 378 2692 441 quod
2729 379 2894 429 semel
2919 393 3022 432 nec
3066 384 3174 434 ullo
3225 385 3330 438 alio
3388 395 3588 443 saecula

200 424 507 501 st_um.Quod
564 428 608 475 si
664 428 737 479 ita
796 437 893 494 est,
926 440 985 483 ut
1024 424 1225 500 utique
1284 424 1525 501 e'st,non
1585 445 1711 489 sunt
1759 442 1814 489 in

198 496 375 577 Christo
399 498 539 577 Deus
569 506 621 549 et
652 502 812 552 homo
872 506 992 556 duas
1056 496 1319 574 pereunte,
1353 496 1444 563 sed
1514 515 1652 562 sicut
1699 513 1815 577 ipse

200 572 506 650 preprietatis
562 588 673 650 sua:
732 579 1103 650 singularitate
1164 572 1314 632 unus
1360 592 1461 647 est,
1494 587 1565 635 ita
1600 572 1816 650 quoque

199 639 407 700 ejusdem
456 643 801 703 proprietatis
866 651 1097 699 naturali
1151 639 1816 706 dissimilitudine‘un'am

196 709 403 772 ejusdem
436 713 634 763 Christi
683 719 799 767 sine
844 720 1178 773 dubitatione
1232 742 1509 785 personam
1556 743 1671 777 esse
1719 743 1815 777 ne-

193 793 318 859 cesse
347 789 547 859 est:et
602 801 741 837 vere.
796 789 849 837 Si
910 792 1168 851 Christus,
1201 797 1293 859 qui
1355 805 1435 847 est
1492 804 1543 848 et
1593 801 1734 848 Deus
1765 803 1817 848 et

193 854 346 935 homo,
376 858 605 935 qualiter
637 860 893 923 diximus,
929 880 1067 914 unus
1097 854 1337 924 est,'non
1402 877 1528 921 sunt
1584 872 1638 921 in
1698 874 1814 935 ipso

189 924 313 974 Deus
339 933 384 977 et
412 929 575 979 homo
623 933 745 983 dum
798 951 1057 997 personae.
1112 943 1241 991 Nam
1294 943 1335 991 si
1388 946 1525 993 Deus
1566 949 1618 994 et
1656 924 1814 994 homo

192 1005 348 1079 essent
378 1001 431 1049 in
461 1003 551 1079 illo
583 1006 703 1054 duas
737 1022 997 1068 personae,
1034 1013 1148 1073 ipse
1178 1029 1285 1063 non
1322 1022 1503 1079 posset
1532 1032 1649 1066 esse
1672 1032 1816 1067 unus

186 1068 423 1122 Christus.
462 1074 660 1132 Quasi:
721 1080 821 1129 Sed
880 1068 1066 1133 essent
1117 1087 1224 1135 duo
1281 1068 1493 1145 Christi,
1524 1104 1664 1138 unus
1727 1092 1814 1139 ille

187 1144 425 1203 quiesset
456 1162 595 1196 unus
626 1151 783 1211 Deus,
819 1153 952 1203 alter
1011 1156 1097 1205 ille
1155 1160 1247 1221 qui
1304 1167 1442 1209 esset
1494 1162 1673 1210 homo.
1726 1164 1813 1210 Di-

193 1228 307 1296 cere‘
322 1232 440 1267 vero
474 1222 608 1296 duos
636 1238 754 1296 esse
786 1226 1043 1286 Christos,
1078 1245 1217 1279 unus
1266 1234 1356 1296 qui
1396 1235 1539 1284 Deus
1569 1236 1653 1293 sit,
1677 1236 1813 1285 alius

185 1284 270 1368 qui
295 1286 448 1337 homo
481 1292 564 1351 sit,
605 1295 742 1343 nihil
773 1301 855 1344 est
879 1284 1152 1350 aliud-nisi
1188 1284 1401 1353 insania
1448 1284 1653 1355 mentis
1676 1321 1815 1368 prse-

181 1358 408 1433 cipitatm,
438 1377 468 1411 a
497 1378 597 1413 sua
627 1368 779 1428 quasi
810 1371 1040 1429 quadam
1072 1373 1358 1424 altitudine
1404 1376 1653 1425 rationis.
1677 1358 1818 1433 .Cur

182 1430 309 1502 enim
337 1434 555 1483 omnino
607 1438 743 1486 duos
800 1439 933 1496 illos,
984 1442 1235 1493 videlicet
1294 1460 1460 1495 unum
1512 1430 1814 1502 hominem;

179 1501 330 1578 alium
361 1505 540 1565 Deum,
575 1510 771 1558 audeat
804 1512 1084 1563 Nestorius
1114 1531 1304 1566 vocare
1324 1519 1814 1578 ChristosiQuasi:

174 1572 556 1649 Nullaomnino
613 1586 693 1630 est
750 1585 906 1632 ratio.
966 1586 1143 1649 Atque
1188 1588 1329 1639 idem
1360 1572 1813 1641 admiransvidem

175 1644 463 1727 repetit-ut
493 1652 753 1727 rationem
785 1654 927 1703 illam
984 1644 1092 1719 qua
1145 1662 1400 1722 quaelibet
1454 1663 1651 1727 quibus
1697 1662 1816 1724 ipsa

179 1718 413 1766 convenit
446 1726 670 1781 possunt
702 1724 808 1773 duo
842 1718 1040 1787 vocari,
1096 1718 1177 1779 ab-
1216 1731 1331 1780 istis
1358 1718 1674 1796 gremoveat.
1721 1718 1811 1785 -Ait
1840 1727 1886 1791 Β
1917 1737 2189 1775 versatum
2243 1729 2542 1791 εΡθοίεΓυω
2626 1730 2922 1793 conjungi:

172 1800 326 1847 ergo:
356 1790 447 1839 Vel
481 1807 576 1841 cur
604 1809 724 1844 eum
756 1795 848 1859 qui
908 1800 1047 1848 Deus
1106 1807 1187 1850 est
1233 1790 1391 1854 vocet
1445 1806 1732 1864 Christum,
1767 1819 1809 1866 si

169 1871 282 1906 eum
311 1875 516 1943 quoque
550 1866 640 1943 qui
672 1867 834 1943 homo
865 1874 961 1925 est,
990 1873 1366 1935 appellaturus
1409 1884 1489 1927 est
1518 1879 1806 1943 Christum,

169 1932 349 2007 cumis
378 1936 469 1995 qui
502 1942 695 1985 natura
727 1940 863 1987 Deus
895 1946 993 1998 est,
1026 1932 1079 1992 et
1112 1943 1157 1991 is
1194 1948 1285 2007 qui
1318 1954 1511 1997 natura
1544 1949 1704 1997 homo
1728 1932 1809 2000 esi

169 1999 295 2071 nihil
325 2002 556 2055 habeant
593 2010 911 2060 naturaliter
961 2013 1154 2071 simile,
1211 1999 1266 2064 et
1318 2024 1374 2067 ut
1434 2022 1535 2069 alio
1590 1999 1805 2069 nomine

169 2068 551 2148 idemdicatur,
588 2078 723 2128 nihil
778 2080 1012 2132 habeant
1066 2068 1411 2148 conjonctum
1476 2105 1537 2139 ex
1596 2092 1688 2140 Dei
1731 2068 1805 2140 at;

170 2156 270 2205 que
300 2145 526 2223 hominis
558 2151 718 2205 facta.
751 2154 857 2202 imo
895 2157 937 2203 si
970 2145 1221 2206 maneant
1252 2162 1370 2209 dum
1404 2166 1803 2223 personaeJicta

168 2218 553 2276 copulatione?
608 2224 847 2274 Sensus:
903 2228 1012 2277 Cur
1067 2230 1222 2279 simili
1275 2218 1491 2282 nomine
1549 2218 1802 2285 abutatur

265 2287 636 2341 diversissimis
695 2297 903 2346 naturis
941 2302 964 2347 ?
1022 2315 1142 2349 cum
1205 2303 1427 2360 scilicet,
1478 2308 1519 2354 si
1588 2311 1799 2371 cogitur

154 2356 407 2409 Christum
450 2364 698 2437 difﬁnire,
760 2368 1001 2432 utrisque
1051 2376 1132 2429 (ut
1194 2372 1305 2434 ipse
1364 2356 1510 2437 dicit)
1569 2356 1796 2428 Christis

152 2440 259 2507 non
291 2437 450 2507 possit
481 2436 738 2507 adhibere
798 2453 954 2487 unam
1007 2442 1368 2493 substantiam
1424 2447 1791 2507 diffinitionis,

145 2497 201 2545 id
238 2505 313 2548 est
341 2504 772 2568 substantialem,
832 2511 1018 2559 saltem
1071 2516 1369 2564 secundum
1428 2497 1789 2569 substantiam

146 2570 347 2632 formae,
377 2579 475 2624 etsi
508 2592 615 2626 non
674 2584 973 2631 secundum
1032 2584 1254 2634 formam
1313 2590 1632 2638 substantia:
1681 2591 1789 2639 dif-

143 2640 454 2721 ﬁqitiouem.
490 2650 610 2698 Haec
642 2652 782 2699 enim
825 2655 939 2701 sola
990 2653 1127 2704 ratio
1186 2660 1317 2719 qua’;
1348 2661 1632 2721 cujuslibet
1690 2676 1789 2709 no-

140 2714 302 2763 minis
332 2720 619 2781 appellatio
652 2726 967 2773 naturaliter
1014 2732 1096 2775 est
1137 2714 1458 2787 communis,
1501 2732 1543 2779 si
1596 2733 1788 2781 videli-

138 2791 225 2833 cet
249 2787 472 2849 qualitas
505 2793 800 2842 secundum
832 2809 992 2857 quam
1025 2802 1105 2845 est
1147 2812 1344 2848 nomen
1394 2802 1498 2849 illis
1554 2817 1783 2865 quorum

136 2861 220 2904 est
249 2872 457 2917 nomen,
492 2866 607 2911 tota
636 2863 821 2914 formae
879 2868 1194 2918 substantiae
1249 2876 1329 2919 est
1376 2861 1697 2933 communis,
1727 2882 1785 2926 ut

133 2929 300 2977 homo
329 2934 409 2979 vel
435 2932 633 2982 album.
665 2937 794 2994 Quae
830 2940 1138 2986 communio
1197 2941 1339 2990 inter
1394 2942 1562 2992 Deum
1607 2951 1660 2993 et
1685 2929 1781 2995 ho-

131 2998 353 3061 minem,
379 3016 555 3066 neque
591 3006 887 3056 secundum
939 3009 1170 3071 aliquam
1220 3011 1645 3072 subsistentiam,
1683 3031 1780 3067 ne-

1928 441 2096 520 possit
2126 443 2364 520 evenire,
2398 450 2457 495 ut
2492 449 2697 498 scilicet
2750 454 2943 500 natura
3005 466 3125 510 eius
3172 457 3264 520 qui
3315 466 3397 509 est
3435 441 3586 514 solus

1922 510 2079 571 Deus,
2114 517 2430 567 conveniret
2460 520 2853 582 compositione
2900 537 3021 571 cum
3077 510 3310 579 humana
3367 510 3581 591 natura.

1921 598 2040 644 quas
2072 593 2185 635 erat
2211 588 2278 636 ab
2310 604 2372 639 eo
2406 592 2811 653 diversissima;
2845 600 3006 656 atque
3054 600 3127 647 ita
3156 614 3218 648 ex
3250 588 3580 656 distantibus

1921 657 2131 705 naturis
2189 662 2340 709 ﬁeret
2396 664 2735 724 ecpulatione
2796 680 2906 715 una
2967 681 3244 729 persona..
3282 674 3580 738 Diligenter

1920 731 2154 807 attende
2182 733 2322 807 quod
2376 734 2467 791 ait,
2526 734 2675 807 ﬁeret
2733 738 3078 800 copulatione
3135 756 3245 791 una
3311 731 3573 807 persona;

1922 803 1972 847 et
2004 813 2110 848 non
2142 801 2408 865 intelligas
2466 806 2607 866 quod
2664 812 2978 856 naturarum
3040 801 3382 873 copulatione
3422 801 3573 867 ﬁeret

1919 883 2168 931 persona,
2201 874 2292 921 sed
2326 877 2466 937 quod
2498 876 2648 926 ﬂeret
2704 880 3047 939 copulatione
3105 897 3229 932 una.
3264 886 3379 935 Non
3428 890 3568 936 enim

1918 944 2062 1015 quod
2095 948 2207 991 erat
2236 944 2407 994 factus
2464 952 2544 995 est
2591 949 2847 1009 Christus,
2909 952 3000 999 sed
3069 956 3211 1015 quod
3271 970 3379 1004 non
3434 965 3565 1008 erat.

1918 1012 2042 1085 Erat
2070 1019 2247 1063 autem
2282 1016 2419 1066 Deus
2449 1023 2501 1067 et
2558 1020 2721 1068 Filius
2782 1020 2899 1077 Dei,
2941 1028 2993 1071 et
3040 1012 3287 1085 persona,
3324 1032 3375 1077 et
3406 1042 3565 1085 unus.

1918 1083 2008 1131 sed
2043 1085 2157 1132 sine
2189 1085 2519 1138 diversarum
2569 1095 2887 1140 naturarum
2941 1083 3302 1156 copulatione.
3355 1098 3407 1148 Si
3447 1083 3565 1162 quis

1921 1168 2047 1215 ergo
2077 1163 2302 1220 quaerat,
2328 1159 2573 1209 Christus
2604 1164 2730 1223 quid
2764 1162 2939 1212 factus
2970 1168 3091 1214 est?
3148 1181 3304 1217 nemo
3340 1159 3565 1225 respon-

1920 1225 2063 1300 dabit
2096 1230 2386 1292 quodéipse
2440 1231 2511 1279 sit
2566 1232 2739 1282 factus
2796 1235 2952 1291 Dens,
2981 1238 3063 1285 vel
3110 1240 3251 1300 quod
3293 1239 3362 1289 sit
3392 1241 3567 1291 factus

1921 1297 2085 1373 Filius
2115 1300 2226 1357 Dei,
2262 1304 2342 1351 vel
2374 1303 2519 1365 quod
2555 1305 2623 1352 sit
2657 1306 2825 1353 factus
2874 1297 3140 1368 persona,
3189 1310 3272 1357 vel
3326 1313 3466 1373 quod
3499 1315 3567 1362 sit

1920 1368 2092 1419 factus
2122 1385 2299 1431 unus;
2334 1375 2603 1437 sedquod
2636 1376 2706 1423 sit
2740 1377 2910 1425 factus
2961 1380 3294 1429 diversarum
3344 1368 3568 1434 natura-

1921 1454 2038 1489 rum
2083 1444 2423 1505 copulatione
2478 1460 2636 1494 unus.
2697 1445 2834 1505 Quid
2896 1453 3081 1498 unus?
3138 1452 3312 1501 Unum
3373 1460 3563 1513 totum,

1922 1526 2091 1561 unum
2126 1514 2501 1577 compositum,
2569 1520 2621 1566 et
2676 1518 3008 1580 hujusmodi.
3062 1522 3126 1570 Et
3183 1527 3297 1572 haec
3352 1531 3432 1574 est
3473 1528 3566 1576 mi-

1919 1582 2103 1632 rabilis
2146 1586 2378 1635 novitas.
2451 1586 2637 1637 Solent
2716 1588 2933 1651 quidem
3018 1606 3118 1640 usu
3208 1597 3563 1658 nascentium,

1919 1655 2009 1715 qui
2071 1661 2295 1705 vocatur
2350 1662 2559 1715 natura,
2618 1659 2674 1707 in
2732 1674 2841 1708 una
2910 1674 3140 1723 persona
3198 1664 3429 1726 plurima
3486 1655 3564 1716 di;

3002 1737 3061 1781 ut
3146 1748 3353 1793 carnes,
3422 1751 3561 1799 ossa,

1918 1798 2153 1859 sanguis,
2220 1799 2452 1856 cholera,
2511 1803 2565 1848 et
2614 1799 2947 1863 hujusmodi,
3008 1808 3059 1852 et
3133 1818 3253 1853 cum
3300 1805 3384 1855 his
3443 1798 3562 1857 om;

1916 1866 2078 1916 nibus
2108 1869 2308 1927 anima,
2340 1884 2459 1933 quas
2490 1875 2670 1919 tamen
2720 1872 2861 1921 inter
2916 1887 2971 1922 se
3030 1873 3213 1937 aliquo
3268 1890 3461 1939 genere
3509 1886 3561 1928 et

1914 1936 2097 2000 aliqua
2127 1940 2331 1987 ratione
2378 1939 2734 1989 conveniunt.
2788 1941 2920 1990 Item
2979 1936 3339 1995 subsistentia;
3398 1961 3559 2009 gene-

1914 2008 2048 2057 rales
2076 2014 2128 2059 et
2180 2009 2584 2071 diﬁ‘erentiales,
2644 2025 2763 2073 quae
2823 2018 3005 2074 partes
3062 2022 3187 2064 sunt
3241 2008 3555 2079 spiritalium

1912 2078 2417 2141 subsistentiarum;
2473 2086 2525 2130 et
2574 2083 2889 2139 accidentia,
2952 2097 3075 2147 quae
3125 2078 3289 2134 etiam
3367 2101 3557 2139 nume—

1908 2155 2095 2199 rantur
2134 2152 2185 2199 in
2246 2152 2486 2213 partibus
2540 2152 2905 2214 personalium
2962 2154 3374 2217 proprietatum,
3433 2174 3555 2221 qua;

1907 2222 2044 2269 inter
2077 2237 2131 2271 se
2162 2224 2485 2285 quandoque
2517 2226 2696 2286 aliquo
2724 2238 2919 2283 genere
2960 2239 3174 2287 semper
3233 2227 3417 2291 aliqua
3474 2245 3555 2279 ra-

1906 2291 2051 2341 tione
2083 2294 2577 2353 conveniunt;'sed
2635 2296 2777 2357 quod
2834 2298 2981 2345 omni
3036 2311 3238 2359 genere
3300 2304 3555 2364 omnique

1904 2368 2112 2413 ratione
2161 2365 2373 2414 diversa
2428 2366 2647 2429 aliquod
2708 2381 2875 2415 unum
2940 2380 3350 2431 componerent,
3404 2376 3553 2424 nulla

1903 2449 2137 2499 unquam
2170 2439 2508 2487 consuetudo
2540 2439 2873 2487 nascentium
2903 2439 3127 2501 habuit;
3184 2444 3327 2504 quod
3369 2448 3548 2494 tamen

1899 2504 1954 2553 in
1987 2522 2048 2556 ea
2079 2522 2309 2569 persona
2361 2523 2479 2572 quae
2531 2508 2779 2559 Christus
2837 2514 3078 2573 vocatur,
3108 2512 3305 2562 factum
3363 2520 3460 2572 est,
3492 2517 3548 2565 in

1897 2591 2005 2639 qua
2034 2578 2231 2628 divina:
2262 2581 2508 2628 essentia}
2539 2582 2831 2643 conjuncta
2862 2585 2941 2630 est
2977 2584 3216 2633 humana
3246 2586 3548 2636 subsisten—

1895 2649 1983 2703 tia,
2017 2664 2136 2711 quin
2170 2649 2235 2698 ab
2266 2665 2329 2699 ea
2360 2665 2468 2699 non
2504 2652 2660 2700 modo
2718 2651 2867 2700 omni
2920 2667 3136 2715 genere,
3163 2668 3350 2704 verum
3385 2658 3542 2707 etiam

1893 2720 2040 2768 omni
2073 2722 2280 2771 ratione
2310 2720 2626 2783 intelligitur
2682 2736 2799 2771 esse
2851 2722 3101 2773 diversa:
3158 2726 3245 2774 illa
3286 2728 3430 2775 enim
3463 2735 3543 2778 est

1892 2798 2143 2850 essentia,
2206 2795 2305 2842 ista
2357 2797 2438 2841 est
2494 2794 2875 2855 subsistentia;
2936 2794 3029 2844 illa
3085 2797 3200 2845 sine
3251 2798 3536 2862 principio,

1890 2863 2005 2911 haec
2060 2868 2142 2911 est
2199 2864 2495 2925 principio;
2553 2864 2645 2912 illa
2704 2869 2911 2914 creator
2967 2870 3065 2922 est,
3138 2867 3243 2915 ista
3295 2875 3538 2919 creatura

1889 2932 2091 2995 aliquid
2117 2938 2212 2983 est.
2246 2934 2393 2983 Unde
2426 2934 2616 2983 harum
2659 2935 2713 2983 in
2762 2933 2976 2984 Christo
3020 2935 3160 2986 facta
3207 2938 3535 3003 conjunctio,

1886 3005 2097 3053 novitas
2127 3010 2226 3053 est.
2258 3005 2567 3054 Secundum
2616 3004 2848 3054 Nestorii
2896 3020 3023 3055 vero
3064 3007 3410 3066 sententiam,
3444 3013 3534 3071 qui

128 3084 239 3130 que
268 3075 562 3124 secundum
626 3078 842 3140 aliquod
901 3081 1151 3129 accidens
1208 3097 1326 3132 esse
1390 3090 1603 3145 ροιεειε
1640 3075 1851 3151 φημί]
1891 3074 2029 3124 sicut
2058 3079 2210 3124 erant
2263 3081 2386 3151 ante
2439 3076 2866 3151 incarnationem
2918 3076 3112 3151 Christi
3170 3078 3427 3128 divinitas
3485 3088 3537 3131 et

125 3143 275 3191 niam
308 3144 446 3193 Deus
477 3151 530 3195 et
562 3147 725 3197 homo
756 3150 903 3199 nullo
932 3165 1147 3213 genere,
1173 3154 1319 3203 nullo
1345 3143 1618 3206 accidente
1651 3143 1778 3222 pos-

126 3219 254 3291 sunt
289 3229 401 3263 esse
459 3218 797 3280 conformes;
860 3230 913 3270 et
975 3221 1051 3270 ita
1108 3238 1305 3273 nomen
1365 3226 1466 3276 hoc
1514 3218 1667 3291 quod
1697 3237 1777 3281 est

119 3283 388 3341 Christus,
421 3288 486 3336 de
517 3289 627 3339 Deo
659 3296 710 3339 et
766 3293 1005 3349 homine,
1064 3298 1308 3355 personis
1364 3283 1609 3349 videlicet
1666 3306 1773 3351 tam

116 3371 322 3419 genere
353 3374 515 3423 quam
552 3363 871 3412 individuali
900 3368 1227 3425 proprietate
1264 3369 1402 3417 inter
1432 3384 1486 3418 se
1527 3371 1772 3432 diversis,

118 3430 360 3478 univoca
407 3433 768 3492 appellatione
830 3434 1108 3496 praedicari
1159 3452 1267 3486 non
1326 3446 1546 3501 potest:
1604 3430 1773 3506 Vere;

115 3501 342 3561 etenim,
374 3503 414 3550 si
452 3503 541 3551 Dei
569 3509 729 3565 atque
760 3505 994 3553 hominis
1021 3509 1232 3557 diversa
1264 3513 1561 3561 secundum
1603 3501 1774 3575 genus

112 3572 428 3620 substantia
488 3580 587 3633 est,
649 3580 704 3623 ut
760 3576 945 3640 utique
1025 3586 1123 3640 est,
1212 3595 1489 3643 unumque
1575 3572 1772 3634 nomen

108 3640 335 3697 Christi,
370 3645 421 3690 in
458 3648 714 3709 utrisqtie,
748 3647 802 3695 id
864 3653 943 3696 est
1003 3653 1228 3712 uterque
1293 3640 1613 3715 appellatur,
1672 3657 1773 3705 hoc

108 3726 319 3762 nomen
355 3718 499 3779 quod
532 3729 611 3765 est
640 3720 899 3777 Christus,
938 3735 1035 3769 nec
1085 3724 1393 3784 conjunctio
1440 3727 1770 3777 diversarum

104 3786 566 3843 substantiarum,
623 3790 673 3836 id
736 3798 815 3838 est
869 3791 1064 3840 divinae
1116 3796 1361 3843 csseutise
1417 3800 1470 3843 et
1520 3797 1772 3848 humanae

102 3856 509 3913 subsistentiis,
545 3874 703 3907 uuam
731 3862 873 3923 quod
927 3864 979 3910 in
1026 3865 1285 3926 principio
1338 3874 1452 3914 erat
1490 3882 1771 3928 personam

99 3926 360 3976 creditur
392 3929 581 4003 fecisse
612 3934 753 3993 quod
814 3947 923 3981 non
978 3940 1106 3990 erat,
1163 3936 1213 3983 id
1264 3942 1344 3985 est
1379 3926 1651 4000 gigantem
1686 3956 1773 4003 ge-

95 4012 279 4047 minae
312 4002 646 4058 substantiw,
706 4005 1045 4065 aequivocutn
1093 4010 1173 4054 est
1230 4022 1424 4057 nomen
1474 4002 1768 4070 Christi,iid

97 4076 427 4119 estnomen
462 4073 560 4122 hoc
592 4076 732 4136 quod
770 4080 849 4123 est
881 4076 1139 4133 Christus,
1174 4083 1225 4126 et
1270 4080 1421 4129 nulla
1473 4096 1581 4131 una
1628 4082 1773 4132 ditii-

96 4141 328 4189 nitione
357 4147 537 4204 potest
565 4146 813 4194 concludi
841 4162 853 4204 ;
886 4148 1074 4209 quasi:
1108 4148 1259 4204 Quod
1304 4163 1412 4199 non
1453 4157 1533 4201 est
1562 4168 1768 4203 verum-

1888 3151 2214 3205 humanitas,
2251 3149 2495 3198 videlicet
2524 3148 2640 3197 sine
2672 3149 2853 3212 aliqua
2882 3150 2967 3199 sui
3024 3152 3168 3200 inter
3224 3166 3279 3201 se
3312 3154 3537 3215 copula-

1882 3223 2045 3277 tione,
2078 3222 2150 3269 ita
2177 3221 2389 3269 Christo
2448 3221 2723 3269 incarnato
2778 3221 2908 3269 dicit
2966 3235 3056 3270 eas
3112 3235 3352 3278 manere,
3402 3224 3531 3285 quid

1880 3294 2102 3355 contigit
2130 3292 2296 3339 novi?
2326 3291 2403 3339 Ac
2433 3290 2475 3338 si
2510 3289 2671 3345 dicat,
2705 3290 2855 3347 nihil.
2914 3291 3059 3353 quod
3112 3306 3177 3341 ex
3233 3294 3411 3341 verbis
3450 3296 3533 3357 ip-

1880 3364 1989 3411 sius
2015 3362 2354 3410 manifestum
2389 3365 2503 3419 est;
2536 3361 2713 3423 inquit
2742 3360 2923 3410 enim:
2984 3363 3304 3411 Humanitas
3335 3363 3531 3412 divini-

1879 3438 2065 3497 tasque
2092 3436 2310 3481 servant
2338 3432 2583 3494 proprias
2615 3446 2893 3494 personas,
2947 3433 3000 3481 id
3059 3438 3155 3489 est,
3208 3436 3346 3483 sicut
3404 3442 3528 3485 ante

1878 3503 2305 3553 incarnationem
2340 3503 2550 3557 Christi,
2589 3503 2732 3550 Deus
2783 3509 2835 3552 et
2897 3503 3058 3552 homo
3109 3510 3263 3554 erant
3300 3506 3526 3556 diversae

1879 3590 2140 3638 personae,
2174 3577 2246 3623 ita
2302 3581 2351 3623 et
2404 3580 2524 3637 post
2584 3576 3031 3623 incarnationem.
3092 3577 3152 3625 Et
3206 3578 3361 3640 quasi
3421 3576 3525 3625 hoc

1879 3647 2128 3696 omnibus
2159 3647 2351 3695 debeat
2411 3660 2525 3693 esse
2579 3646 2881 3703 indubiam,
2913 3647 3143 3707 quadam
3202 3648 3253 3695 id
3286 3646 3519 3697 admira-

1877 3721 2039 3769 tionis
2078 3719 2244 3768 forma
2301 3719 2594 3774 conﬁrmat,
2655 3719 2875 3767 dicens:
2932 3718 3154 3776 Quando
3206 3718 3349 3768 enim
3408 3734 3516 3769 non

1878 3790 1978 3839 fuit
2007 3792 2223 3852 propria
2254 3788 2549 3838 divinitatis
2613 3803 2738 3843 una,
2796 3787 3031 3851 itemque
3090 3791 3304 3852 propria
3334 3790 3519 3840 buma-

1878 3859 2063 3911 nitatis
2092 3862 2197 3910 alia
2228 3862 2501 3924 persona?
2531 3861 2692 3919 Quasi
2726 3874 2737 3909 :
2795 3861 3022 3917 Quando
3074 3874 3185 3910 non
3246 3861 3348 3910 fuit
3392 3863 3531 3911 Deus

1879 3932 1979 3981 alia
2010 3946 2237 3994 persona
2266 3946 2423 3995 quam
2457 3932 2633 3985 homo,
2663 3937 2715 3979 et
2758 3930 2857 3979 alia
2913 3933 3074 3980 homo
3132 3945 3293 3993 quam
3347 3933 3486 3982 Deus
3509 3936 3532 3980 ?

1878 4002 2101 4060 Quando
2133 4016 2259 4051 vero
2294 4015 2402 4051 non
2434 4001 2579 4051 erit?
2610 3999 2772 4058 Quasi
2807 4014 2818 4048 :
2847 4000 3068 4063 Semper
3126 4002 3244 4061 fuit,
3284 4006 3337 4051 et
3388 4017 3532 4051 sem-

1881 4088 1975 4136 per
2005 4074 2125 4134 erit,
2156 4075 2255 4122 alia
2280 4073 2367 4121 hic
2394 4073 2459 4121 ab
2524 4072 2650 4130 illa;
2710 4072 2793 4121 vel
2852 4071 2982 4135 quid
3032 4072 3261 4136 amplius
3281 4074 3304 4119 ?
3335 4074 3491 4131 Quasi
3520 4090 3529 4122 ς

1880 4146 2017 4203 Quid
2050 4143 2173 4193 novi
2206 4142 2475 4205 contigit?
2528 4147 2629 4192 etc.
2688 4143 2780 4191 Vel
2836 4142 2965 4205 quid
3029 4141 3261 4204 amplius
3312 4145 3533 4205 contigit

92 4214 359 4264 Sensus:
392 4215 577 4279 Neque
612 4219 857 4279 univoca,
898 4232 1069 4281 neque
1097 4220 1374 4282 tequivoca
1414 4225 1772 4286 appellatione
1880 4216 1941 4294 in
1965 4216 2487 4294 generatione‘Jesu,
2510 4226 2701 4294 quam”
2733 4214 2817 4294 in.
2846 4213 3198 4293 generatione
3248 4213 3534 4294 cujuslibet

89 4286 349 4334 duarum
388 4287 440 4333 in
474 4288 682 4337 Christo
731 4296 1104 4348 personarum,
1153 4304 1352 4339 nomen
1406 4298 1485 4341 est
1513 4294 1770 4343 Christus.
1879 4286 2097 4335 ιιιθΓὶυε
2128 4286 2460 4365 Ῑῖοωιοίδνηθί
2490 4286 2741 4365 ἀίεοΐεῐίῇ
2766 4286 3007 4365 υιτίεξιιιθ
3053 4286 3319 4365 ρετιξυυὶε.
3346 4286 3424 4365 id
3456 4289 3535 4365 θεῖν

166 4356 382 4435 Quibus
437 4362 626 4415 autem,
685 4359 808 4423 etc.]
867 4362 1155 4422 Hucusque
1213 4361 1510 4435 dialecticis
1568 4367 1774 4414 ratioci-

1897 4357 1989 4406 )eo
2020 4362 2072 4405 et
2101 4358 2337 4411 homine,
2370 4356 2617 4403 discreta:
2675 4355 2835 4435 etiam
2890 4356 3038 4435 fuere
3088 4359 3309 4435 naturae,
3421 4429 3431 4435 Α
3456 4360 3536 4402 est

90 4427 438 4477 nationibus
496 4442 658 4477 uuam
709 4445 825 4478 esse
887 4444 1169 4491 personam
1230 4432 1427 4481 Christi
1486 4448 1593 4482 non
1642 4428 1851 4493 duasD
1885 4426 2138 4508 (“Villium
2185 4431 2238 4508 εμπ
2291 4427 2637 4508 Ιιιξῑξιεξξλίῐδδτ
2694 4424 2770 4473 Im
2818 4427 2992 4508 fama],
3042 4424 3273 4507 αυδιίιξθτ
3314 4426 3530 4508 βξίείυξη

82 4498 377 4547 ostendit.
428 4499 583 4549 Nunc
637 4502 914 4551 rhetorum
974 4508 1129 4550 utens
1184 4502 1540 4562 ﬁrmamento,
1600 4507 1771 4555 multa

1897 4503 1979 4555 ast,
2012 4499 2256 4547 discretis
2310 4496 2562 4546 videlicet
2588 4496 2958 4578 _manentibus
3016 4499 3278 4578 personis,
3313 4498 3364 4546 id
3388 4503 3529 4578 'est,

79 4570 355 4619 breviter
416 4573 607 4629 tangit,
662 4573 859 4633 ᾳυὼυε
917 4573 1058 4621 idem
1133 4573 1435 4623 ﬁrmissime
1517 4579 1771 4625 ostendit.
1881 4570 1991 4650 Deo
2021 4575 2075 4619 et
2104 4570 2343 4650 homine,
2403 4569 2525 4650 illic,
2588 4569 2688 4617 hoc
2750 4569 2940 4650 estin
2978 4568 3531 4650 lgeneratione‘Jesu.

74 4640 268 4698 Quasi
304 4641 446 4689 duos
478 4642 655 4691 dicere
686 4644 945 4697 Christus.
979 4658 1146 4693 unum
1180 4645 1372 4703 Deum,
1408 4648 1630 4697 alterum
1685 4650 1775 4698 ho-

1897 4642 2026 4689 Julla
2051 4642 2361 4701 coujunctio
2385 4649 2719 4698 naturarum,
2749 4640 3043 4688 divinitatis
3073 4640 3277 4720 scilicet
3323 4644 3397 4723 et.
3428 4641 3533 4689 hu-

78 4712 335 4767 minem,
377 4712 526 4761 utilia
558 4715 689 4761 ratio
721 4714 897 4761 habet.
934 4714 1243 4764 Auctoritas
1293 4723 1489 4774 autem.
1539 4734 1641 4781 qua
1673 4719 1774 4769 hoc
1880 4713 2377 4794 manitatis_,npotuit
2405 4728 2541 4794 esse,
2573 4718 2628 4761 ut
2661 4712 2716 4761 in
2776 4713 3019 4794 quolibet
3073 4712 3312 4794 homine,
3347 4712 3400 4762 id
3432 4721 3536 4794 .est

72 4798 263 4845 posse
302 4786 475 4832 astrui
517 4786 773 4844 videatur,
809 4785 1055 4834 similiter
1086 4789 1237 4835 nulla
1260 4794 1371 4836 est:
1407 4803 1527 4838 nam
1578 4791 1774 4852 quibus

1902 4800 1933 4833 n
1993 4785 2281 4849 cujuslibet
2330 4784 2563 4832 hominis
2624 4786 3036 4864 generationep
3072 4784 3226 4848 cujus
3300 4784 3536 4863 hominis

74 4868 363 4917 unquam
397 4856 681 4919 Scripturis
712 4858 776 4904 ad
816 4854 1226 4936 intelligendum
1276 4860 1444 4908 Deum
1495 4865 1548 4910 et
1596 4862 1773 4910 homi-

1897 4857 1989 4906 )eo
2013 4862 2227 4905 auctore
2270 4860 2429 4917 atque
2486 4862 2741 4916 operante
2795 4855 3059 4932 generati,
3114 4870 3235 4903 cum
3294 4854 3533 4936 propria,

71 4940 223 4975 nem
260 4940 468 4974 nomen
502 4928 698 4975 Christi
728 4927 1070 4989 geminatur?
1132 4932 1206 4977 Ac
1264 4931 1307 4977 si
1364 4932 1540 4979 dicat:
1594 4934 1770 4983 nulla).
1881 4934 1933 4978 et
1964 4929 2096 4977 adeo
2122 4941 2217 4991 per
2240 4928 2617 4989 preprietatcm
2651 4939 2802 4975 suam
2854 4927 3087 4975 discreta
3136 4940 3365 4988 persona
3413 4927 3536 4974 sub-

64 4998 235 5055 Qnid
276 5012 414 5047 vero
452 5001 594 5055 novi,
630 4999 731 5047 hoc
782 5005 879 5053 est,
925 4998 1054 5061 quid
1109 5014 1306 5049 novum
1360 5016 1454 5063 per
1483 5003 1772 5053 adventum

60 5069 413 5119 Salvatoris
444 5070 693 5119 effectum
726 5075 821 5123 est.
854 5072 897 5117 si
943 5072 998 5118 in
1050 5070 1286 5119 hominis
1334 5086 1565 5135 qumque
1600 5077 1774 5125 credi-

62 5146 175 5189 tur
212 5155 248 5189 ει
284 5139 405 5189 Deo
458 5140 598 5189 facta
647 5140 1032 5202 assumptione,
1096 5142 1237 5189 Deus
1295 5148 1453 5205 atque
1510 5144 1669 5194 homo
1701 5148 1775 5195 di-

58 5224 269 5260 verse
335 5216 661 5259 manserunt
718 5213 1010 5273 personae?
1070 5212 1165 5259 Hic
1224 5214 1266 5260 si
1316 5215 1436 5275 quis
1466 5214 1623 5273 dicat,
1658 5230 1774 5265 cre-

54 5284 330 5331 diturne
371 5282 422 5330 in
488 5283 589 5330 hac
647 5284 1016 5343 assumptione
1072 5282 1252 5346 aliqua
1316 5283 1528 5334 novitas
1590 5287 1774 5337 facta?

55 5354 573 5415 Respondemus:
635 5353 710 5402 lta
775 5352 977 5416 utique.
1037 5354 1169 5403 Nam
1218 5355 1494 5405 catholicis
1552 5361 1604 5406 et
1646 5359 1771 5409 ﬁdei

55 5428 327 5485 veritas,
370 5432 423 5475 et
452 5426 643 5474 raritas
674 5424 918 5473 miraculi
974 5431 1201 5483 constat,
1236 5428 1291 5475 in
1338 5442 1401 5477 eo
1448 5430 1595 5491 quod
1630 5430 1772 5480 Deus

51 5495 308 5545 dicitur
351 5496 627 5545 hominem
657 5497 1023 5557 assumpsisse.
1070 5498 1182 5547 Hoc
1230 5502 1407 5547 autem
1453 5501 1770 5552 miraculum

50 5584 133 5615 ex
213 5567 315 5614 bis
382 5582 445 5614 ex
505 5569 704 5631 quibus
761 5566 1041 5617 admiratio
1108 5570 1243 5617 solet
1317 5572 1643 5633 contingere,
1704 5578 1772 5623 vi-

49 5638 301 5687 delicet
368 5653 428 5687 ex
484 5643 559 5687 rei
620 5638 990 5699 magnitudine
1050 5646 1209 5704 atque
1283 5646 1539 5691 novitate.
1601 5646 1768 5704 Quam

44 5710 238 5758 enim
315 5723 580 5772 maguum
642 5718 739 5763 θοι,
806 5708 905 5756 hoc
965 5724 1233 5775 quamque
1285 5716 1515 5762 novum!
1567 5720 1767 5773 Quasi:

42 5780 233 5829 Nihil
281 5784 405 5829 tam
436 5794 637 5830 novum
665 5786 880 5843 tamque
912 5794 1163 5845 magnum
1195 5787 1291 5842 est,
1322 5799 1483 5845 quam
1516 5800 1772 5850 magnum

446 5890 712 5953 Panos.
758 5890 960 5954 LXIV.

1880 5001 2051 5053 sistat,
2112 5000 2259 5047 nulla
2314 4997 2591 5057 divinitas,
2648 5011 2757 5045 non
2820 4996 2941 5045 dico
2994 4995 3178 5046 Graece
3238 5003 3533 5046 secundum

1880 5084 2079 5120 munus
2106 5070 2191 5117 vel
2225 5067 2462 5117 muneris
2492 5066 2792 5129 quemlibet
2815 5081 2993 5123 usum,
3027 5070 3120 5117 sed
3180 5068 3303 5117 dico
3360 5066 3537 5115 excel-

1880 5142 2191 5191 lentissiman
2250 5140 2583 5191 substantias.
2642 5139 2695 5186 id
2749 5144 2829 5186 est
2884 5142 3131 5188 essentia
3192 5145 3272 5188 est
3322 5141 3387 5195 ei,
3433 5139 3535 5185 hoc

1882 5218 1977 5271 est,
2010 5213 2128 5275 ejus
2168 5213 2421 5259 humanm
2478 5215 2683 5258 natura;
2743 5210 2923 5271 aliqua
2967 5208 3359 5272 compositione
3408 5222 3532 5256 cou-

1875 5284 2081 5348 juncta.
2110 5284 2253 5331 Deus
2309 5282 2474 5337 enim,
2530 5282 2945 5359 quinnusquam
3004 5294 3114 5328 non
3172 5284 3272 5359 est,
3329 5279 3532 5359 ubique

1879 5370 1989 5406 ante
2046 5355 2359 5403 substantias
2414 5351 2747 5415 plenitudine
2806 5354 2950 5400 totus
3026 5356 3123 5407 est,
3184 5352 3417 5412 ideoque
3477 5351 3531 5397 in

1880 5429 2027 5477 omni
2060 5427 2277 5475 homine
2304 5430 2402 5481 est,
2436 5424 2520 5473 cui
2552 5425 2710 5472 etiam
2745 5422 2812 5471 ad
2873 5423 3084 5485 aliquos
3133 5436 3265 5469 usus
3293 5422 3453 5469 Pater
3483 5426 3538 5469 et

1880 5500 2043 5549 Filius
2092 5499 2297 5545 donant
2351 5495 2608 5557 Spiritum
2685 5507 2863 5542 suum.
2923 5492 3026 5541 Sed
3083 5492 3268 5541 nullus
3320 5490 3535 5540 illorum

1880 5569 2112 5621 essentia
2168 5566 2462 5615 divinitatis
2520 5579 2631 5614 sum
2682 5562 3008 5613 humanitati
3066 5577 3174 5625 qua
3236 5563 3395 5611 homo
3458 5568 3538 5610 est

1881 5640 2190 5701 compositas
2222 5639 2363 5685 Deus
2395 5641 2493 5691 est,
2555 5636 2713 5683 Jesus
2769 5638 2949 5683 autem
3002 5634 3148 5682 solus
3206 5638 3301 5687 est.
3336 5632 3390 5681 in
3427 5646 3534 5693 quo

1880 5711 2057 5762 omnis
2092 5709 2373 5772 plenitudo
2405 5704 2707 5756 divinitatis
2737 5712 2820 5754 est
2850 5721 2862 5753 :
2897 5721 3019 5753 nam
3073 5718 3123 5755 τι
3167 5708 3304 5752 elctll.
3335 5704 3532 5767 ubique

1880 5792 1933 5838 et
1960 5788 2107 5835 extra
2136 5781 2338 5842 omnia,
2399 5780 2473 5828 ita
2534 5776 2591 5826 in
2653 5776 2771 5837 ejus
2827 5776 3066 5828 humano
3112 5790 3335 5840 corpore
3370 5778 3530 5838 atque

3131 5888 3209 5944 44
