4046 6180
551 159 682 211 1387

1171 151 1243 205 IN
1284 148 1548 204 LIBRUM
1589 147 1678 201 DE
1719 145 1997 202 DUABUS
2039 144 2338 201 NATURIS
2379 145 2466 199 ET
2507 146 2646 200 UNA
2688 147 3009 204 PERSONA
3050 151 3325 208 CHRISTI

3715 166 3811 222 1388

536 279 728 342 spiritu
760 278 932 334 Pater,
965 279 1017 324 et
1044 273 1226 348 Ifilius,
1282 275 1336 320 et
1395 284 1578 319 eorum
1621 268 1857 348 spiritus
1905 271 2049 318 totus
2087 271 2184 326 est,
2218 273 2269 335 Α
2299 269 2621 348 estChristi,
2651 286 2771 348 quas
2804 273 2942 322 sicut
2999 289 3212 339 semper
3273 277 3371 327 fuit
3423 281 3554 338 Dens,
3580 282 3640 332 ita
3674 300 3819 348 semper

557 341 776 415 spiritus
809 362 1023 412 quoque
1055 346 1243 401 Patris,
1277 347 1329 391 et
1386 356 1516 390 suus
1572 341 1636 389 ad
1673 355 2023 415 quoscunque
2054 354 2200 411 usus.

556 413 696 472 idem
726 424 880 471 .icsus
906 421 1038 477 vult,
1072 418 1124 466 in
1159 419 1272 478 ipso
1304 419 1399 462 est.
1437 415 1589 461 Pater
1615 426 1833 475 quoque
1881 414 1934 460 in
1984 413 2097 473 ipso
2124 426 2202 466 est

558 495 826 559 personati
861 490 1202 554 proprietate,
1237 485 1372 559 alias
1401 485 1466 533 ab
1497 484 1649 559 ipso;
1712 487 1847 559 sicut
1893 490 1944 531 et
1974 481 2204 559 Spiritus

561 554 775 615 sanctus
811 563 865 610 in
899 565 1031 624 ipso.
1056 558 1322 623 personati
1349 558 1678 619 proprietate
1702 554 1840 603 alius
1861 560 1940 602 est
1964 555 2028 602 ab
2064 555 2197 615 ipso.

561 638 683 698 Ipso
707 651 830 683 vero
855 637 904 682 in
930 647 983 680 se
1007 647 1120 680 esse
1144 645 1249 678 non
1277 634 1469 691 potest,
1492 631 1631 675 unde
1655 641 1771 675 cum
1795 626 1910 688 ipse
1932 626 2154 698 dixisset
2186 630 2197 674 Ξ

550 697 711 757 Pater
744 706 896 753 inme
929 709 1026 755 est.
1061 716 1166 751 non
1191 698 1489 764 subiunxit,
1517 704 1569 747 et
1614 712 1713 758 ego
1745 700 1798 745 in
1835 711 1952 756 me;
1988 697 2080 745 sed
2117 711 2202 758 po-

557 782 681 835 tius,
708 783 757 827 et
784 793 881 841 ego
903 777 952 824 in
976 775 1146 824 Patre.
1176 776 1311 822 Sunt
1355 787 1481 835 ergo
1535 773 1589 819 in
1637 772 1786 825 Filio,
1822 772 1972 819 Pater
2011 773 2064 818 et
2096 771 2202 832 Spi'

559 851 694 900 ritus
716 858 953 905 sanctus,
999 847 1370 910 personalibus
1416 843 1835 906 proprietatibus
1875 843 2092 897 ibidem,
2128 843 2200 890 si-

551 930 640 972 cut
670 928 724 970 et
757 923 952 983 ubique
983 919 1068 967 alii
1104 919 1168 966 ab
1196 920 1313 979 ipso
1341 930 1351 964 :
1386 917 1500 978 ipse
1531 929 1678 971 vero,
1711 929 1818 963 non
1851 913 1908 962 in
1958 928 2032 972 se,
2065 927 2195 976 quo-

559 995 704 1046 niam
741 993 1010 1058 personati
1043 993 1366 1055 proprietate
1425 1004 1454 1037 a
1507 987 1685 1052 seipse
1743 989 1880 1037 alius
1937 1002 2052 1037 esse
2094 1001 2200 1036 non

569 1074 780 1132 potest;
804 1067 856 1114 in
891 1079 1113 1127 corpore
1153 1071 1330 1111 tamen
1363 1061 1478 1124 ejus
1525 1066 1578 1109 et
1608 1061 1809 1121 anima,
1831 1059 1971 1109 sicut
2001 1060 2201 1108 dictum

567 1145 662 1198 est,
697 1144 750 1188 et
773 1140 940 1194 Pater,
974 1142 1026 1185 et
1054 1135 1241 1197 Filius,
1270 1139 1323 1181 et
1352 1133 1584 1196 Spiritus
1642 1138 1880 1193 sanctus,
1913 1135 2058 1180 totus
2104 1135 2200 1188 est,

565 1209 1010 1274 etpersonalibus
1040 1206 1457 1271 proprietatibus
1510 1204 1704 1252 diversi
1766 1218 1796 1251 a
1847 1217 2086 1274 corpore
2125 1203 2201 1266 ip-

563 1272 671 1330 sius
699 1287 751 1330 et
775 1283 969 1329 anima.
1003 1281 1131 1327 Nam
1166 1291 1338 1340 neque
1373 1289 1567 1337 corpus
1611 1274 1726 1337 ejus
1781 1289 1954 1337 neque
2002 1272 2199 1332 anima,

564 1358 646 1403 est
673 1354 754 1402 vel
785 1355 956 1406 Pater,
1003 1352 1087 1399 vel
1143 1350 1324 1405 Filius,
1389 1346 1471 1394 vel
1534 1345 1766 1407 Spiritus
1816 1350 2052 1394 sanctus.
2109 1345 2200 1392 Es-

545 1427 720 1475 sentia
752 1439 878 1473 vero
909 1438 1015 1486 qua
1040 1421 1209 1471 Filius
1238 1433 1360 1470 cum
1425 1419 1581 1466 Patre
1642 1420 1696 1466 et
1751 1416 1955 1480 Spiritu
2017 1419 2202 1466 sancto

561 1496 705 1546 idem
739 1494 1084 1559 singulariter
1116 1496 1170 1542 et
1226 1489 1632 1540 individualiter
1689 1493 1787 1550 est,
1843 1487 2204 1538 subsistentiis

544 1569 786 1631 corporis
820 1567 938 1630 ejus
968 1571 1020 1614 et
1049 1565 1259 1620 animae,
1294 1564 1401 1612 imo
1456 1562 1552 1610 toti
1611 1560 1932 1610 humanitati
1985 1559 2040 1608 in
2083 1560 2198 1621 ipso

2308 343 2410 391 fuit
2437 356 2686 404 persona,
2717 343 2772 391 in
2809 348 3176 408 assumptione
3207 350 3532 400 humanitatis
3581 369 3665 404 non
3699 343 3820 409 est-ex

2309 416 2691 471 coniunctione
2727 416 3029 466 divinitatis
3058 426 3110 468 et
3139 421 3470 472 humanitatis
3498 440 3600 474 una.

2370 484 2478 533 Sed
2497 487 2753 548 ﬁirsitan,
2784 486 2906 552 etc.]
2946 490 3108 547 Quasi
3140 504 3152 537 :
3211 491 3350 538 Nihil
3404 493 3616 542 intererit
3652 511 3723 544 cur
3753 513 3823 548 non

2309 562 2524 606 sanctos
2553 571 2770 621 quoque
2801 561 2962 620 viros,
2995 566 3092 610 etc.
3125 563 3227 611 Sed
3279 564 3487 613 forsitan
3541 568 3655 616 dicat
3697 569 3827 620 Nesto-

2309 630 2419 703 rius
2445 630 2563 678 illos
2597 644 2829 694 quoque,
2861 631 2912 678 id
2946 637 3026 680 est
3057 641 3291 690 sanctos,
3323 651 3413 698 per
3444 651 3564 701 quos
3602 639 3706 688 mira
3728 656 3826 703 quae-

2310 701 2432 750 dam
2465 707 2546 750 est
2584 708 2806 764 cperata
2862 704 3140 760 Divinitas.
3199 709 3378 756 vocari
3427 710 3659 759 Christos:
3703 701 3827 774 fateor,

2308 773 2399 821 sed
2434 789 2540 824 non
2573 790 2727 824 veros
2757 776 3013 833 Christos.
3047 780 3152 827 imo
3184 781 3249 828 ad
3307 782 3571 845 imaginem
3612 786 3700 833 veri
3732 788 3830 836 Cliti-

2309 847 2377 920 sti
2411 853 2508 920 :et
2536 861 2702 910 quare
2759 849 2823 897 ad
2883 850 3174 913 imaginem
3239 853 3370 917 ejus,
3405 857 3548 916 paulo
3600 865 3697 920 post
3730 863 3829 909 dii-et.

2309 917 2458 974 Quod
2493 920 2534 967 si
2569 921 2717 969 nulla
2748 934 2853 969 una
2888 936 3120 984 persona
3177 925 3460 988 conjuncta
3505 933 3574 975 est
3602 917 3666 976 ex
3689 930 3830 982 homine

2309 996 2470 1063 atque
2499 991 2626 1048 Deo,
2665 991 2719 1040 id
2775 997 2873 1063 est,
2931 995 2975 1043 si
3041 1009 3285 1058 personas
3345 1000 3497 1046 unius
3544 1004 3831 1063 proprietasex

2311 1060 2546 1110 humana
2574 1070 2734 1126 atque
2765 1062 2948 1114 divina
2979 1071 3173 1114 natura
3224 1081 3332 1116 non
3394 1076 3598 1124 constat,
3634 1060 3833 1122 arbitrabi-

2310 1147 2431 1181 mur
2454 1148 2640 1182 omnes
2669 1136 2787 1183 illos
2837 1137 2929 1198 qui
2984 1142 3250 1186 vocantur
3303 1139 3505 1198 Christi,
3535 1155 3627 1190 non
3673 1146 3723 1192 ad
3750 1147 3834 1195 im-

2308 1206 2488 1266 ginem
2551 1207 2664 1255 veri
2720 1207 2914 1256 Christi
2970 1207 3204 1258 Christos
3259 1211 3453 1268 vocari,
3508 1215 3590 1261 sed
3632 1214 3690 1262 ita
3736 1231 3834 1265 veros

2310 1274 2555 1324 Christos
2611 1291 2746 1334 esse,
2806 1283 2866 1327 ut
2922 1277 3245 1328 arbitremur
3295 1281 3382 1330 hic
3442 1297 3548 1330 esse
3576 1298 3723 1333 verum
3745 1287 3834 1335 Chri-

2310 1352 2451 1396 stum
2482 1349 2573 1411 qui
2601 1350 2836 1399 creditur
2869 1351 3082 1412 genitus
3138 1365 3257 1402 esse
3310 1353 3377 1402 de
3427 1352 3642 1416 Virgine.
3667 1357 3715 1406 Et
3734 1372 3836 1421 quate

2310 1421 2655 1478 arbitramur,
2685 1424 2983 1486 supponit:
3019 1423 3168 1472 Nulla
3221 1426 3426 1489 quippe
3480 1441 3679 1489 persona
3731 1446 3835 1479 sanun

2310 1493 2437 1540 dum
2469 1491 2796 1551 Nestorium,
2828 1494 2883 1542 in
2913 1493 3015 1542 hoc
3041 1494 3252 1544 Christo
3311 1511 3436 1545 vero
3495 1505 3567 1547 est
3611 1501 3838 1551 adunatm

2312 1562 2406 1611 Dei
2437 1567 2596 1634 atque
2627 1564 2860 1614 hominis
2891 1565 3249 1628 copulatione,
3283 1567 3334 1615 id
3383 1573 3463 1617 est
3505 1570 3647 1634 hujus
3680 1586 3839 1634 persona.

544 1641 834 1702 conjuncta
868 1643 965 1695 est,
1002 1638 1145 1700 quod
1178 1635 1235 1684 in
1270 1635 1420 1683 nullo
1457 1633 1673 1682 homine
1707 1633 1810 1681 alio
1867 1632 2065 1681 factum
2097 1634 2195 1679 est.
2225 1638 2271 1703 Β
2303 1647 2420 1697 quae
2451 1638 2532 1682 est
2559 1633 2821 1696 Christus,
2849 1637 2942 1698 qui
2999 1649 3115 1686 esse
3178 1639 3342 1700 coepit
3373 1632 3629 1702 nunquam
3677 1632 3838 1704 persona.

541 1711 695 1761 Unde
733 1711 915 1760 nullus
945 1711 1191 1766 aliorum,
1248 1707 1496 1771 quamvis
1553 1706 1606 1753 in
1665 1718 1850 1754 eorum
1879 1704 2195 1766 corporibus

555 1787 712 1845 atque
763 1784 1071 1837 animabus,
1129 1779 1237 1828 imo
1302 1781 1351 1826 in
1407 1776 1537 1841 ipsis
1588 1778 1757 1833 Pater,
1791 1780 1844 1825 et
1899 1776 2078 1832 Filius,
2141 1777 2194 1822 et

549 1868 737 1903 eorum
771 1855 999 1915 Spiritus
1031 1851 1114 1913 sit,
1179 1851 1422 1914 quamvis
1482 1850 1641 1898 etiam
1700 1846 1805 1896 illis
1854 1863 1881 1896 a
1937 1849 2093 1896 Patre
2141 1852 2195 1897 et

551 1925 686 1974 Filio
719 1931 772 1974 et
804 1924 1032 1988 Spiritus
1063 1927 1280 1972 sanctus
1311 1923 1467 1970 datus
1497 1921 1584 1976 sit,
1616 1923 1668 1968 et
1713 1920 1895 1968 multae
1926 1921 2108 1982 gratiae
2138 1921 2194 1968 in

549 1998 738 2045 eodem
796 1996 1018 2060 Spiritu,
1078 1995 1261 2043 nullus
1316 2007 1551 2056 unquam
1613 1992 1906 2040 divinitatis
1963 1990 2196 2040 essentia

549 2069 687 2117 Deus
719 2073 813 2117 est.
847 2068 964 2130 Ipse
999 2081 1126 2115 vero
1159 2065 1312 2127 cuius
1335 2066 1580 2113 essentia:
1607 2063 1845 2112 humana
1901 2061 2196 2113 subsisten-

542 2140 615 2188 tia
647 2140 934 2203 conjuncta
967 2145 1062 2194 est,
1097 2143 1149 2187 et
1183 2139 1323 2186 Deus
1354 2141 1406 2185 et
1436 2136 1598 2184 homo
1630 2139 1726 2183 est.

604 2211 706 2259 Sed
736 2211 752 2227 ⁵
783 2214 1013 2273 /ortasse
1043 2210 1232 2266 Jesum,
1284 2206 1413 2272 etc.]
1445 2207 1707 2268 Superius
1737 2220 1832 2254 cur
1861 2205 1996 2255 duos
2014 2205 2196 2256 Nesto-

542 2283 652 2330 rius
684 2281 945 2338 Christus,
979 2295 1147 2329 unum
1181 2282 1366 2334 Deum,
1399 2279 1630 2326 alterum
1664 2277 1935 2325 hominem
1978 2277 2192 2336 diceret,

543 2353 816 2400 admirans
848 2354 1147 2415 quaerebat,
1179 2364 1298 2398 cum
1334 2363 1507 2411 neque
1563 2347 1798 2396 univoca
1840 2349 2194 2410 appellatione

545 2430 782 2487 possent,
823 2439 996 2487 neque
1028 2423 1328 2487 tequivoca,
1367 2427 1562 2484 praeter
1591 2420 1991 2485 Scripturarum
2037 2437 2192 2472 usum

545 2496 806 2546 deberent
858 2497 963 2544 duo
1018 2495 1215 2545 Christi
1269 2494 1391 2543 dici.
1449 2493 1604 2542 Nunc
1657 2493 1802 2556 quod
1857 2507 1955 2542 nec
2032 2493 2190 2543 etiam

543 2567 780 2617 nominis
811 2567 1160 2617 translatione
1192 2566 1426 2622 eosdem,
1459 2565 1511 2613 id
1569 2569 1648 2614 est
1705 2566 1869 2614 Deum
1921 2569 1974 2614 et
2017 2565 2193 2614 homi-

545 2654 688 2698 nem,
724 2644 860 2689 duos
891 2640 995 2688 dici
1049 2639 1285 2688 Christus
1341 2638 1644 2698 conveniat,
1699 2638 1950 2687 ostendit.
1991 2637 2188 2696 Quasi:

544 2713 707 2761 Deum
740 2717 794 2760 et
828 2710 1120 2768 hominem,
1153 2723 1291 2772 quos
1322 2709 1376 2756 in
1405 2709 1522 2771 ipso
1553 2708 1687 2757 duas
1731 2707 1860 2758 dicit
1913 2708 2192 2758 Nestorius

550 2795 664 2831 esse
719 2796 995 2844 personas,
1059 2795 1153 2830 cur
1212 2780 1442 2843 appellet
1501 2779 1738 2828 Christos
1808 2779 1989 2837 miror,
2070 2794 2190 2829 cum

547 2854 680 2902 nihil
713 2853 886 2901 simile
917 2853 1167 2908 habeant,
1205 2858 1304 2901 etc.
1362 2850 1463 2900 Sed
1521 2852 1749 2900 fortasse
1797 2851 1999 2906 Jesum,
2032 2850 2083 2900 id
2112 2856 2192 2901 est

544 2937 830 2986 personam
862 2924 1113 2980 hominis,
1146 2923 1286 2972 illam
1320 2921 1566 2971 videlicet
1593 2935 1877 2984 personam
1920 2936 2076 2984 quam
2131 2922 2185 2970 in

2304 1707 2653 1756 individualis
2710 1711 3010 1772 proprietas
3070 1710 3292 1759 minime
3354 1712 3676 1777 intelligenda
3719 1723 3774 1765 est
3805 1732 3840 1765 ei

2303 1778 2487 1826 divina
2546 1783 2598 1829 et
2656 1780 2894 1829 humana
2950 1785 3144 1830 natura
3201 1788 3469 1841 constare,
3525 1787 3607 1833 sed
3661 1788 3842 1836 Deumet

2305 1849 2576 1899 hominem
2634 1849 2690 1899 in
2746 1851 2957 1900 Christo
3015 1851 3257 1901 diversas
3315 1868 3433 1904 esse
3481 1869 3718 1917 personas.
3752 1859 3841 1906 Sicut

2305 1934 2406 1970 nec
2435 1922 2487 1969 in
2516 1923 2608 1978 eis,
2642 1924 2840 1971 sanctis
2868 1923 3136 1986 videlicet,
3161 1923 3252 1988 qui
3283 1925 3381 1974 Dei
3438 1929 3608 1987 Patris,
3645 1935 3689 1979 et
3734 1930 3842 1992 ipsius

2302 1992 2500 2063 Christi
2533 1993 2650 2055 ejus
2709 1993 2845 2051 Filii,
2904 1994 3101 2056 Spiritu
3164 2002 3352 2044 sancto
3406 1998 3500 2046 sibi
3564 2014 3646 2060 per
3690 2002 3836 2063 gratiam

2304 2062 2448 2120 dato,
2481 2065 2546 2111 de
2577 2070 2804 2113 venturo
2830 2065 2884 2112 in
2918 2078 3079 2114 carne
3111 2065 3322 2115 Christo
3390 2069 3728 2130 praedicabant,
3754 2086 3837 2133 qm)-

2303 2147 2420 2182 rum
2457 2133 2657 2184 scilicet
2698 2135 3009 2196 personales
3064 2138 3426 2200 proprietates
3483 2154 3763 2205 nequaquam
3804 2157 3840 2190 ei

2303 2207 2485 2254 divina
2519 2212 2572 2255 et
2600 2207 2835 2256 humana
2867 2213 3061 2257 natura
3090 2215 3244 2257 erant
3272 2214 3575 2273 composite
3599 2228 3608 2238 '
3640 2229 3713 2262 seu
3738 2229 3840 2261 DUliS-

2304 2277 2758 2342 quisqueillorum
2790 2283 2902 2327 erat
2937 2293 3189 2342 persona,
3226 2285 3278 2329 et
3307 2281 3540 2343 Spiritus
3570 2283 3708 2332 l’atiis
3731 2290 3768 2333 et
3793 2287 3842 2332 l'i-

2302 2347 2379 2409 lii,
2403 2349 2509 2396 illis
2538 2350 2604 2398 ab
2634 2349 2819 2398 eodem
2850 2354 3000 2400 Patre
3033 2356 3084 2398 et
3113 2364 3144 2399 a
3178 2351 3302 2400 Filio
3337 2355 3512 2414 datus,
3559 2357 3649 2403 alia
3685 2356 3734 2404 ab
3767 2371 3844 2416 ipsis

2303 2424 2421 2469 erat
2449 2433 2700 2483 persona,
2726 2421 2790 2469 ad
2841 2435 2971 2470 usus
3018 2419 3259 2471 diversos
3305 2437 3435 2472 vere
3478 2427 3573 2474 illis
3615 2426 3843 2487 data,etai

2301 2490 2447 2538 hunc
2478 2505 2633 2540 usum
2665 2491 2914 2552 maxime,
2973 2497 3048 2551 ut,
3109 2494 3245 2541 sicut
3299 2493 3417 2556 jam
3481 2497 3658 2545 dictum
3699 2503 3771 2553 est,
3810 2500 3846 2544 de

2302 2567 2530 2611 venturo
2551 2563 2758 2612 Christo
2779 2563 3391 2626 prtedicarentPropter
3411 2568 3565 2630 quod,
3586 2568 3671 2616 hoc
3695 2574 3765 2616 est.
3790 2583 3847 2615 cn-

2295 2632 2387 2696 jus
2418 2633 2656 2695 ipsorum
2688 2647 2808 2682 cum
2837 2634 3047 2683 Christo
3071 2637 3326 2684 consortii
3350 2639 3568 2696 ratione,
3597 2639 3680 2700 ipsi
3705 2652 3844 2700 quoque

2301 2705 2551 2768 appellati
2579 2710 2705 2755 sunt
2735 2706 2948 2764 Christi,
2969 2708 3094 2770 quia
3112 2722 3204 2770 per
3235 2708 3338 2756 hoc
3361 2710 3586 2772 quodam
3607 2713 3733 2760 modo
3751 2718 3847 2759 erant

2301 2779 2434 2842 ejus,
2468 2792 2626 2842 quem
2659 2793 2754 2828 sua
2786 2779 3170 2842 praedicatione
3199 2783 3578 2841 ostendebant,
3605 2785 3759 2847 imago.

2358 2850 2474 2898 Jam
2527 2865 2662 2907 vero,
2715 2851 2838 2912 etc.]
2900 2849 3108 2908 Quasi:
3175 2853 3264 2900 His
3319 2867 3445 2916 quas
3509 2853 3713 2904 diximus
3756 2859 3848 2918 patet

2303 2921 2466 2970 Deum
2499 2927 2553 2970 et
2585 2923 2860 2971 hominem
2894 2936 3002 2971 non
3034 2922 3226 2972 essein
3258 2923 3475 2974 Christo
3504 2927 3629 2976 duas
3655 2940 3846 2990 personet.

542 2997 754 3045 Christo
787 2997 1060 3074 hominem
1094 3010 1207 3045 esse
1240 2999 1409 3074 putat,
1443 2995 1639 3074 idcirco
1695 2999 1848 3074 vocet
1902 2996 2186 3074 Christum,
2220 3006 2264 3074 ρ
2300 2993 2418 3074 1am
2457 3007 2583 3074 vere
2619 2994 2860 3074 sequitur
2887 2993 3113 3074 id'quod
3145 2994 3372 3074 omnino
3430 2996 3688 3046 indubiam
3727 3002 3846 3074 esuri

542 3069 795 3130 quoniam
830 3067 1086 3117 divinitas
1149 3067 1415 3130 quasdam,
1481 3065 1615 3114 mira
1670 3067 1914 3129 quaedam
1965 3067 2033 3115 sit
2063 3081 2184 3130 ope-

541 3144 657 3187 rata
693 3154 786 3202 per
844 3155 983 3190 eum.
1039 3139 1234 3198 Quasi:
1298 3137 1437 3186 sicut
1498 3135 1785 3200 Scriptores
1843 3138 1908 3185 de
1965 3144 2192 3186 venturo

539 3209 736 3258 Messia
783 3210 1158 3274 promiserant.
1218 3211 1358 3258 Esto.
1415 3209 1623 3267 Quasi:
1683 3209 2018 3256 Concedatur
2068 3209 2190 3258 hoc.

542 3281 710 3329 Deum
749 3296 875 3330 vero
909 3283 1103 3344 ipsum,
1141 3281 1279 3328 illam
1318 3280 1562 3329 videlicet
1610 3293 1895 3341 personam
1946 3294 2103 3343 quam
2135 3278 2190 3329 in

539 3352 747 3399 Christo
821 3359 974 3414 putat
1031 3367 1147 3400 esse
1205 3352 1393 3409 Deutn,
1453 3364 1548 3398 cur
1605 3356 1763 3398 vocet
1831 3351 2190 3413 appellatione

539 3425 785 3472 Christi?
817 3426 977 3483 Quasi
1014 3435 1024 3473 :
1062 3425 1228 3472 Vocet
1261 3423 1406 3472 illum
1443 3437 1656 3486 quoque
1689 3423 1958 3472 Christum
2003 3425 2186 3473 eadem

541 3497 741 3543 causa?
773 3497 1032 3554 Quoniam
1094 3497 1292 3544 scilicet
1349 3495 1605 3544 divinitas
1660 3497 1795 3544 mira
1845 3498 2089 3559 quaedam
2121 3497 2191 3546 sit

541 3574 761 3629 Operata
794 3583 887 3630 per
919 3570 1081 3616 eam?
1111 3569 1182 3616 Ac
1212 3569 1253 3616 si
1285 3567 1456 3616 dicat:
1489 3569 1604 3616 Non
1660 3567 1931 3616 convenit.
1963 3569 2016 3617 Si
2067 3583 2188 3616 vere

538 3638 812 3687 Nestorius
867 3639 1009 3686 dicat
1067 3640 1211 3687 illam
1269 3652 1552 3701 personam
1607 3652 1769 3700 quam
1857 3637 1912 3687 in
1979 3639 2187 3688 Christo

540 3723 654 3758 esse
715 3709 986 3760 hominem
1045 3716 1212 3774 putat,
1275 3711 1372 3760 hac
1429 3711 1494 3759 de
1543 3725 1704 3759 causa
1788 3715 1931 3761 recte
2009 3713 2186 3761 vocari

542 3780 833 3839 Christum,
868 3781 1123 3846 quoniam
1158 3783 1411 3830 divinitas
1467 3783 1602 3830 mira
1665 3783 1909 3845 quaedam
1961 3785 2029 3832 sit
2058 3799 2186 3848 ope-

545 3857 659 3901 rata
688 3867 781 3915 per
811 3869 949 3913 eum,
979 3869 1163 3917 quaero
1195 3869 1288 3903 cur
1319 3867 1426 3903 non
1466 3855 1581 3915 ipsa
1628 3868 1842 3916 quoque
1901 3856 2184 3910 elementa,

535 3921 590 3971 id
622 3928 718 3981 est,
758 3930 968 3984 terram,
1033 3939 1246 3989 aquam,
1304 3939 1503 3980 acrem,
1553 3926 1752 3985 ignem,
1807 3925 1969 3974 simili
2025 3941 2185 3977 γοοδ-

534 3995 663 4044 bulo
711 3995 905 4045 audeat
963 3997 1252 4058 appellare,
1317 4009 1409 4058 per
1467 4009 1586 4058 quas
1646 3996 1785 4044 Deus
1831 3996 1967 4046 mira
2036 4011 2184 4061 qure-

533 4068 654 4116 dam
688 4067 1020 4129 quotidianis
1060 4068 1314 4124 motibus,
1361 4065 1746 4129 generationis,
1806 4069 2182 4132 corruptionis,

529 4139 823 4200 augmenti,
859 4138 1256 4199 diminutionis,
1287 4137 1621 4187 alterationis
1672 4143 1726 4187 et
1773 4139 1932 4188 etiam
1985 4155 2184 4190 secun-

534 4209 658 4258 dum
689 4209 862 4259 locum
909 4209 1242 4268 mutationis,
1299 4214 1571 4272 operatur.
1627 4208 1710 4258 Au
1768 4211 2053 4262 inﬁrmabit
2108 4213 2183 4261 si-

533 4281 850 4330 militudinis
883 4281 1165 4343 rationem,
1216 4280 1403 4330 dicens
1467 4293 1574 4328 non
1636 4281 1701 4330 ad
1756 4296 1867 4331 rem
1914 4285 2180 4343 pertinere

535 4353 676 4413 quod
708 4353 774 4400 de
809 4353 1086 4403 elementis
1131 4353 1471 4417 opponimus,
1531 4351 1650 4401 ideo
1708 4354 1834 4415 quia
1895 4352 2178 4404 irrationa-

537 4421 674 4471 biles
705 4424 1021 4473 substantia:
1053 4439 1159 4473 non
1198 4428 1444 4487 possunt,
1494 4424 1630 4472 sicut
1672 4425 2040 4487 supradictum
2085 4432 2182 4484 est,

534 4491 729 4541 habere
765 4509 1067 4555 personam,
1101 4495 1155 4544 id
1204 4501 1285 4544 est
1343 4509 1460 4542 esse
1519 4508 1763 4555 persona:
1820 4510 1941 4558 quae
1987 4496 2184 4548 Christi

531 4567 855 4614 vocabulum
918 4566 1164 4630 excipere
1223 4564 1473 4627 possint?
1531 4565 1738 4624 Quasi:
1795 4568 1909 4616 Non
1967 4568 2182 4627 valebit,

533 4638 786 4697 quoniam
847 4642 898 4686 et
955 4637 1351 4687 irrationabiles
1409 4637 1723 4686 substantia:
1785 4639 2027 4701 plurima:
2059 4647 2185 4692 sunt

533 4721 653 4768 quae
684 4713 736 4755 et
772 4722 1017 4769 personae
1053 4715 1194 4767 sunt,
1228 4717 1278 4757 et
1303 4723 1398 4771 per
1451 4723 1539 4756 eas
1593 4708 1731 4756 mira
1773 4712 2016 4771 quaedam
2049 4713 2183 4761 divi-

535 4776 675 4825 nitas
705 4785 976 4840 Operatur,
1011 4782 1163 4830 nulla
1196 4787 1376 4829 tamen
1409 4794 1590 4828 earum
1648 4780 1891 4830 Christus
1942 4791 2182 4834 vocatur.

536 4848 728 4898 Nonne
761 4850 960 4899 etenim
994 4853 1047 4900 iu
1093 4851 1413 4916 quibusdam
1464 4851 1788 4909 hominibus,
1817 4855 1870 4901 in
1923 4869 1978 4903 se
2028 4870 2185 4904 sanc-

535 4922 650 4977 ctis,
689 4935 750 4968 ac
779 4927 1037 4982 quantum
1065 4925 1129 4971 ad
1162 4923 1312 4981 alios,
1342 4921 1512 4971 divini
1543 4923 1717 4971 cultus
1749 4925 1946 4986 pietate
1977 4929 2184 4989 conspi-

534 4993 666 5048 etiis,
725 5000 943 5054 apertus
997 4996 1295 5044 Divinitatis
1348 4999 1498 5044 actus
1571 4997 1893 5058 agnoscitur.
1954 5012 2183 5062 quorum

529 5068 730 5122 tamen,
765 5080 825 5113 ac
852 5067 892 5112 si
925 5067 1080 5124 dicat,
1115 5082 1272 5117 nemo
1330 5067 1576 5115 Christus
1633 5070 1897 5116 vocatur?
1946 5069 2182 5134 ideoque

531 5135 874 5198 illapersona
916 5137 970 5186 in
1019 5139 1231 5188 Christo
1288 5151 1448 5202 quam
1502 5142 1656 5200 putat
1712 5153 1827 5187 esse
1887 5140 2182 5201 hominem,

529 5220 638 5255 non
674 5209 873 5257 idcirco
905 5209 1266 5272 appellabitur
1295 5211 1554 5264 Christus,
1611 5211 1866 5273 quoniam
1913 5226 2010 5276 per
2058 5228 2182 5263 eum

532 5280 664 5326 mira
697 5281 945 5341 quaedam
979 5283 1046 5330 sit
1077 5285 1299 5344 operata
1329 5281 1602 5327 divinitas.
1660 5280 1803 5329 Nihil
1859 5284 2002 5332 enim
2047 5286 2184 5335 inte-

532 5353 661 5398 rerit
690 5366 783 5400 cur
821 5367 929 5400 non
966 5359 1178 5402 sanctos
1233 5366 1448 5415 quoque
1502 5350 1665 5402 viros.
1700 5365 1795 5412 per
1854 5368 1990 5415 quos
2047 5359 2184 5407 Deus

531 5421 666 5469 inira
696 5429 967 5484 Operatur,
1029 5438 1127 5472 nec
1187 5437 1371 5472 eorum
1434 5420 1818 5481 subsistentiis,
1852 5425 2047 5487 quibus
2085 5427 2183 5476 ali-

532 5492 660 5552 quid
714 5499 857 5549 sunt,
920 5496 1166 5555 copulata
1216 5493 1472 5542 divinitas
1550 5493 1736 5541 eadem
1820 5499 2182 5558 appellatione

529 5561 805 5626 dignetur,
837 5569 896 5614 ut
925 5565 1130 5616 scilicet
1166 5569 1424 5616 vocentur
1455 5562 1674 5624 Christi,
1709 5564 1752 5612 si
1786 5579 2017 5628 persona
2063 5585 2183 5636 qum

587 5705 606 5721 ⁵
631 5707 688 5754 in
721 5711 871 5758 textu
903 5723 1086 5773 supra,
1122 5711 1226 5760 col.
1262 5710 1402 5766 1346,
1433 5707 1627 5771 legitur
1652 5719 1662 5759 :
1684 5710 1807 5759 Esto
1839 5725 1978 5776 vero,
1996 5715 2182 5766 Deum.

2301 3062 2509 3112 scilicet
2544 3064 2652 3113 Deo
2705 3067 2757 3112 et
2814 3063 3031 3114 homine
3087 3067 3142 3113 in
3189 3066 3405 3116 Christo
3437 3071 3703 3118 secundum
3727 3066 3847 3116 Nesto-

2301 3136 2438 3184 rium
2472 3135 2817 3184 niauentibus
2851 3135 3077 3185 diversis
3108 3139 3374 3198 personis,
3411 3141 3552 3188 nullo
3609 3139 3738 3188 modo
3777 3152 3848 3185 cie

2302 3207 2458 3255 datur
2488 3206 2797 3256 humanitas
2852 3221 2968 3256 esse
3031 3215 3302 3270 assumpta
3369 3225 3401 3258 a
3457 3212 3720 3265 divinitate,
3757 3208 3848 3272 quod

2301 3283 2474 3327 tamen
2526 3284 2668 3327 recte
2728 3279 3058 3328 credentium
3119 3280 3249 3328 ﬁde
3311 3280 3494 3330 habet.
3533 3282 3773 3343 Diligenter
3802 3285 3851 3327 at-

2300 3350 2458 3398 tende
2491 3351 2632 3413 quod
2669 3349 2917 3399 dicitura
2955 3351 3231 3400 divinitate
3289 3357 3568 3414 assumpta
3615 3353 3849 3400 humanitas.

2299 3425 2349 3470 et
2383 3435 2488 3469 non
2519 3428 2624 3470 tam
2658 3435 2720 3469 ex
2767 3420 3096 3471 dictionibus
3157 3436 3399 3480 sensum,
3449 3439 3601 3486 quam
3653 3439 3704 3472 ex
3747 3435 3849 3469 sensu

2297 3491 2562 3541 dictiones
2598 3492 2956 3556 judicaturus,
3017 3494 3146 3556 quid
3207 3496 3513 3544 secundum
3571 3498 3851 3556 grammaticae

2297 3563 2514 3619 locutio,
2549 3563 2676 3626 quid
2708 3563 3005 3612 secundum
3067 3564 3305 3614 rhetores
3377 3567 3605 3615 elocutio
3649 3563 3850 3613 lectoribus

2297 3635 2703 3697 intelligendum
2737 3635 3024 3692 ministret,
3053 3650 3120 3685 ex
3179 3650 3364 3686 rerum
3430 3639 3653 3701 ipsarum
3690 3637 3850 3700 proprie

2297 3707 2496 3756 tatibus
2540 3708 2702 3756 disce.
2752 3707 3013 3756 Auctores
3059 3709 3201 3756 enim
3247 3715 3642 3759 consueverunt
3680 3707 3850 3756 dictione

2296 3779 2396 3828 bus
2427 3792 2616 3826 sensus
2648 3779 2844 3827 eisdem
2894 3792 3035 3842 saepe
3092 3780 3355 3838 diversos,
3389 3795 3533 3844 saepe
3577 3779 3848 3828 diveniseos-

2295 3852 2414 3900 dem
2447 3851 2704 3913 proferre.
2736 3851 2812 3900 Ex
2870 3850 3054 3900 eodem
3115 3855 3256 3901 enim
3308 3855 3580 3903 intellectu
3620 3855 3776 3902 dictum
3802 3852 3850 3896 in.

2293 3923 2528 3978 venitur,
2593 3925 2647 3970 et
2703 3923 2841 3970 Deus
2903 3922 3194 3986 assumpsit
3249 3925 3550 3981 hominem.
3580 3931 3626 3974 et
3675 3920 3847 3970 divinitas

2295 3993 2584 4056 assumpsit
2612 3993 3018 4050 humanitatem,
3059 3993 3190 4042 illud
3248 4008 3520 4057 personae,
3577 3997 3663 4044 hoc
3701 3998 3848 4042 astara-

2293 4077 2411 4113 rum
2442 4063 2770 4112 nominibus.
2800 4063 2892 4112 Illa
2921 4065 3062 4113 enim
3095 4065 3336 4122 nomina,
3374 4066 3431 4115 id
3463 4073 3544 4116 est
3572 4068 3704 4121 Deus,
3730 4066 3847 4111 homo.

2293 4149 2323 4184 a
2353 4137 2560 4185 naturis
2593 4135 2810 4199 quidem
2843 4134 3086 4194 diversis,
3118 4137 3210 4185 sed
3260 4142 3450 4187 tamen
3496 4151 3710 4202 personae
3745 4133 3847 4182 uari!

2292 4211 2419 4256 sunt
2453 4208 2689 4255 nomina.
2721 4207 2842 4256 Haec
2870 4220 3020 4264 vero,
3053 4207 3106 4255 id
3138 4213 3219 4257 est
3271 4201 3531 4258 divinitas
3582 4212 3630 4257 et
3676 4201 3847 4256 humani.

2291 4281 2390 4336 tas,
2425 4281 2740 4327 naturarum
2773 4281 2900 4326 sunt
2930 4280 3186 4338 nomina;
3219 4279 3313 4328 sed
3377 4281 3492 4335 illa,
3525 4281 3617 4328 hoc
3663 4283 3727 4326 est
3757 4277 3847 4323 [iens

2293 4355 2346 4399 et
2375 4350 2555 4410 homo,
2589 4348 2914 4412 quandoque
2947 4363 3010 4397 ex
3074 4349 3351 4399 intellectu
3403 4365 3653 4413 personae,
3686 4346 3847 4410 quando-

2296 4433 2400 4483 que
2457 4434 2520 4468 ex
2578 4420 2850 4468 intellectu
2912 4425 3244 4477 naturarum.
3311 4427 3542 4486 utraque
3612 4427 3845 4485 quandoque

2296 4492 2518 4539 alterum
2581 4505 2677 4553 pro
2733 4505 2978 4553 persona,
3046 4493 3272 4541 alterum
3333 4509 3434 4554 pro
3493 4498 3668 4543 natura
3714 4487 3847 4537 inter-

2293 4563 2469 4626 genda
2500 4567 2796 4626 ponuntur.
2854 4561 3115 4612 Similiter
3165 4569 3217 4613 et
3274 4565 3385 4623 hic,
3449 4567 3498 4614 id
3557 4570 3628 4614 est
3670 4563 3844 4610 όὶιτὶυίίἃε

2294 4639 2348 4682 et
2377 4633 2697 4689 humanitas,
2730 4636 2824 4681 aut
2856 4638 3081 4696 utraque
3134 4648 3230 4696 pro
3293 4637 3521 4695 naturis,
3564 4640 3644 4683 aut
3692 4638 3843 4689 utraque

2291 4719 2389 4768 pro
2422 4717 2670 4767 persona,
2702 4709 2793 4752 aut
2821 4703 3046 4752 alterum
3107 4719 3202 4768 pro
3256 4719 3512 4767 persona,
3567 4706 3748 4754 alterum
3784 4709 3840 4770 pro

2293 4783 2485 4827 natura
2515 4777 2728 4824 dicitur.
2789 4774 2922 4824 Nam
2981 4791 3101 4826 cum
3155 4777 3402 4835 dicimus,
3463 4777 3600 4826 Deus
3639 4769 3840 4832 assumpsit

2292 4848 2588 4904 hominem,
2647 4851 2698 4896 et
2753 4847 3004 4897 divinitas
3051 4855 3343 4912 assumpsit
3403 4849 3840 4916 hui'nanitatem._tx

2293 4921 2480 4969 eodem
2513 4917 2602 4967 hic
2632 4916 2862 4967 dicimus
2891 4933 3069 4975 sensu,
3095 4923 3150 4968 et
3175 4919 3250 4968 ibi
3309 4922 3451 4970 Deus
3509 4927 3559 4970 et
3603 4921 3674 4967 hic
3708 4914 3839 4961 divini-

2293 4999 2375 5041 tas
2432 4992 2498 5040 ad
2578 4989 2980 5052 intelligendam
3064 5004 3385 5052 personam;
3474 4993 3710 5041 hominem
3760 4994 3838 5029 πετο

2293 5069 2347 5114 et
2371 5064 2780 5121 humanitatem,
2818 5063 2880 5110 ad
2914 5062 3318 5127 intelligendam
3381 5069 3622 5113 naturam
3668 5063 3731 5108 his
3770 5065 3838 5101 ora.

2292 5136 2532 5186 tionibus
2589 5133 2957 5196 proferuntur.
2999 5133 3116 5183 Non
3174 5136 3314 5183 enim
3375 5135 3647 5197 assumpsit
3685 5134 3838 5192 peric-55

2294 5218 2598 5269 personam,
2629 5217 2805 5267 neque
2838 5209 3026 5253 natura
3055 5209 3323 5261 naturam,
3376 5220 3551 5269 neque
3594 5209 3743 5252 natura
3767 5207 3839 5257 ptr-

2294 5291 2499 5332 sonam,
2533 5275 2623 5324 sed
2675 5277 3047 5326 tantummodo
3106 5291 3332 5340 persona
3378 5285 3649 5326 naturam:
3687 5272 3834 5319 {crassi

2295 5351 2437 5401 enim
2490 5345 2630 5396 servi
2681 5347 2816 5394 nihil
2863 5347 2965 5395 nisi
3017 5348 3260 5397 Christus
3307 5348 3533 5411 accepit.
3593 5344 3679 5394 Sed
3724 5343 3836 5411 δεξίστ-

2293 5425 2404 5472 rius
2438 5418 2682 5475 audiens,
2713 5417 2855 5466 Deus
2907 5421 3193 5482 assumpsit
3247 5407 3539 5476 hominem,
3579 5421 3706 5478 putat
3744 5407 3836 5482 ista}

2294 5490 2571 5556 ligendum
2627 5488 2768 5552 quod
2828 5491 2919 5552 qui
2978 5479 3118 5539 Deus
3169 5497 3277 5540 erat
3330 5504 3456 5538 eum
3514 5489 3600 5552 qui
3649 5479 3834 5556 homo?

2295 5555 2688 5626 assumpserit;
2745 5560 2891 5624 quod
2948 5575 3064 5613 esse
3113 5576 3219 5612 non
3273 5566 3467 5626 potest,
3527 5573 3640 5612 nam
3689 5555 3834 5604 sunset

3927 927 3934 978 l
