4046 6180
339 157 476 209 i389

1419 156 1740 212 GILBERTI
1779 151 2123 218 ΡΟΒΒΕΤΑΞ
2163 151 2697 210 COMMENTARIA.

3610 169 3747 222 i390

341 285 483 334 idem
517 287 595 333 est
624 283 882 341 Christus,
914 283 1162 334 videlicet
1213 285 1304 348 qui
1355 289 1406 334 et
1464 287 1602 335 Deus
1651 288 1780 341 erat,
1809 286 1861 332 et
1892 281 1982 329 ho-
2017 281 2070 346 Α
2099 293 2269 341 genus
2301 280 2618 342 humanum,
2655 275 2863 334 et'item
2895 285 3010 336 aliis
3040 288 3219 338 verbis
3240 287 3382 341 idem
3408 290 3536 342 dicit
3561 293 3748 346 :Nulla

333 367 423 404 mo
456 357 554 411 est,
586 355 678 416 qui
727 368 782 403 se
836 356 950 416 ipse
1009 353 1186 417 ipsum
1245 354 1393 404 nulla
1449 355 1656 406 ratione
1713 367 1986 404 assumere

348 425 553 491 potuit:
588 427 711 489 quia
770 439 878 475 non
939 428 1039 475 nisi
1099 427 1428 476 diversorum
1490 429 1595 476 ulla
1651 431 1826 491 potest
1872 441 1986 476 esse

337 497 656 557 assumptio.
690 498 839 555 Quod
872 500 912 546 si
945 500 997 547 in
1031 498 1242 547 Christo
1295 514 1455 548 unum
1502 505 1652 561 putat
1709 513 1823 547 esse
1862 511 1987 560 per-

327 583 517 617 sonam
559 570 708 618 illum
755 571 846 632 qui
899 571 1036 620 Deus
1076 574 1205 624 erat.
1239 571 1464 619 alteram
1500 585 1622 620 vero
1656 585 1770 620 esse
1802 584 1986 633 perso-

337 653 463 688 nam
496 641 647 689 illum
680 643 770 702 qui
801 640 955 689 homo
987 645 1083 695 est,
1144 646 1302 703 atque
1362 642 1507 690 illum
1572 642 1664 705 qui
1705 643 1844 690 Deus
1877 639 1987 690 erat

338 724 459 760 eum
491 712 581 773 qui
616 712 778 760 homo
811 717 890 760 est
911 713 1284 774 assumpsisse,
1327 713 1427 761 hoc
1475 727 1689 776 quoque
1740 713 1984 775 impossi-

336 782 442 830 bile
473 787 572 831 est.
603 782 737 831 Nam
771 784 910 831 sicut
949 783 1176 832 omnino
1214 782 1374 841 idem,
1408 785 1480 833 ita
1542 785 1763 833 omnino
1807 785 1985 832 diver-

341 867 458 903 sum
497 856 694 902 assumi
731 869 837 903 non
873 859 1066 917 potest.
1102 857 1216 904 Non
1271 869 1397 904 vero
1455 861 1582 905 sunt
1629 858 1805 918 aliqua
1844 857 1985 905 inter

335 939 390 974 se
422 926 592 987 magis
623 927 835 974 diversa
866 939 1023 988 quam
1081 941 1142 975 ea
1189 940 1309 988 quae
1367 928 1511 975 omni
1561 941 1754 988 genere
1787 930 1839 975 et
1869 941 1981 989 per-

329 997 611 1046 sonalibus
634 997 1054 1062 proprietatibus
1082 998 1294 1047 diverso
1344 1005 1486 1048 sunt.
1547 999 1661 1046 Non
1708 998 1982 1048 indefinite

329 1069 558 1119 dicimus
609 1085 824 1133 genere,
869 1071 962 1119 sed
1013 1069 1396 1119 univcrsaliter
1435 1072 1580 1119 omni
1629 1085 1844 1131 genere.
1877 1071 1981 1118 Nec

325 1141 554 1190 dicimus
610 1144 936 1205 quibuslibet
989 1143 1432 1206 proprietatibus.
1487 1143 1576 1191 sed
1609 1143 1982 1206 personalibus

328 1215 767 1276 proprietatibus.
799 1214 939 1263 Sunt
967 1216 1104 1263 enim
1139 1228 1258 1277 quae
1317 1214 1571 1264 differunt
1617 1229 1833 1278 genere,
1887 1215 1977 1262 sed

340 1298 450 1334 non
484 1284 663 1334 omni:
703 1293 760 1335 ut
790 1286 923 1349 lapis
956 1290 1007 1335 et
1033 1286 1259 1349 lignum,
1284 1300 1403 1348 quas
1433 1292 1611 1334 tamen
1645 1300 1752 1334 uno
1781 1299 1978 1349 genere

335 1370 562 1418 corpora
594 1361 734 1418 sunt,
768 1361 819 1406 et
848 1357 1100 1405 differunt
1125 1357 1558 1418 proprietatibus,
1591 1359 1680 1405 sed
1713 1371 1822 1406 non
1855 1371 1978 1418 per-

323 1433 624 1489 sonalibus,
683 1430 913 1493 ideoque
971 1443 1138 1479 unum
1197 1430 1414 1492 aliquod
1475 1443 1797 1492 componere
1858 1445 1975 1492 pos-

329 1506 500 1553 sunt:
535 1507 593 1552 ut
655 1503 890 1558 domum,
948 1501 1031 1550 vel
1090 1500 1397 1564 hujusmodi
1457 1501 1616 1549 aliud.
1649 1499 1786 1549 Sunt
1815 1501 1975 1549 etiam

328 1588 449 1638 quae.
481 1574 623 1623 omni
656 1587 875 1636 genere.
923 1586 985 1621 ac
1042 1586 1136 1635 per
1189 1571 1292 1620 hoc
1351 1570 1480 1621 totis
1532 1569 1974 1634 proprietatibus,

2098 350 2154 427 in
2186 365 2286 427 nos
2320 353 2466 403 salus
2494 357 2754 416 processit
2792 357 2989 407 Christi
3036 362 3408 423 generatione,
3447 377 3556 427 qua
3611 381 3642 416 a
3673 369 3747 417 di-

2094 424 2317 499 vinitate
2349 438 2458 473 non
2490 429 2629 499 esset
2658 433 2934 491 assumpta
2979 429 3306 481 humanitas.
3359 424 3493 495 Tot';
3545 438 3698 499 quasi
3729 454 3742 488 :

2094 495 2382 544 Multorum
2425 498 2809 568 prophetarum
2871 499 3152 562 scripturae
3206 503 3419 553 illusere
3487 495 3741 568 populum

2096 568 2399 616 credentem
2431 567 2625 617 Christi
2683 570 3036 631 generatione
3079 571 3138 622 in
3197 588 3252 622 se
3302 567 3624 637 processisse
3657 593 3743 628 sa-

2093 637 2276 686 lutem.
2308 640 2488 688 Omnis
2520 641 2818 691 auctoritas
2868 643 3079 693 Veteris
3135 645 3463 697 Testamenti
3520 664 3745 712 sperna-

2093 713 2196 765 tur,
2228 723 2323 772 per
2352 725 2509 774 quam
2543 714 2918 763 auctoritatem
2969 716 3300 777 promittitur
3347 719 3550 769 mundo
3599 721 3743 771 salus

2092 780 2287 854 Christi
2322 783 2690 847 generatione.
2750 786 3093 837 Manifestum
3155 794 3236 838 est
3284 793 3464 839 autem
3526 806 3622 854 per
3684 808 3743 842 ea

2093 866 2214 914 quae
2245 853 2521 904 Nestorius
2556 857 2829 919 opinatur,
2883 872 2998 907 eam
3047 873 3155 907 non
3206 853 3542 923 provenisse,
3576 865 3618 912 si
3678 867 3743 914 vi-

2092 923 2280 974 delicet
2307 923 2362 973 in
2413 926 2627 976 Christo
2681 930 2774 977 Dei
2828 934 2881 978 et
2936 929 3172 979 hominis
3229 933 3413 980 eadem
3462 933 3744 983 diversitas

2093 999 2174 1043 est
2204 995 2256 1043 in
2289 1011 2517 1058 persona
2541 1013 2660 1062 quea
2692 1004 2772 1049 est
2799 999 2855 1049 in
2886 1007 3094 1058 natura,
3129 1002 3229 1051 hoc
3260 1009 3356 1061 est,
3394 1004 3437 1052 si
3491 1003 3544 1052 in
3588 1005 3740 1054 Chri-

2092 1071 2172 1115 sto
2203 1067 2344 1118 Deus
2375 1074 2429 1118 et
2459 1071 2618 1120 homo
2649 1072 2724 1120 ita
2757 1078 2886 1122 sunt
2930 1075 3155 1124 diversa:
3206 1089 3470 1137 personae,
3503 1077 3639 1126 sicut
3687 1078 3739 1126 in

2089 1138 2206 1198 ipso
2245 1140 2500 1191 divinitas
2557 1147 2609 1192 et
2665 1143 2977 1194 humanitas
3043 1152 3169 1195 sunt
3227 1147 3450 1196 diversae
3514 1153 3737 1198 naturae.

2089 1210 2349 1260 Eumdem
2407 1214 2605 1277 quippe
2664 1217 2873 1265 salvum
2935 1216 3076 1274 fecit,
3109 1232 3265 1281 quem
3325 1233 3432 1268 non
3494 1221 3741 1270 ministra

2087 1284 2336 1344 originali
2368 1287 2822 1349 concupiscentia,
2852 1289 2945 1337 sed
2998 1288 3183 1338 divina
3237 1291 3402 1352 gratia
3463 1297 3738 1353 praeeunte

2087 1353 2326 1402 creditur
2355 1358 2727 1420 assumpsisse.
2761 1359 2992 1408 Attende
3051 1361 3194 1422 quod
3251 1361 3326 1409 ait
3383 1363 3654 1422 eumdem,
3687 1367 3740 1410 et

2087 1436 2262 1486 quem,
2297 1430 2348 1475 et
2399 1440 2508 1476 non
2563 1429 2851 1491 intelligas,
2916 1430 3060 1493 quod
3121 1445 3241 1480 eum
3301 1430 3393 1495 qui
3453 1433 3610 1482 homo
3641 1437 3738 1489 est,

2083 1495 2329 1546 Christus
2360 1499 2450 1562 qui
2482 1503 2564 1548 est
2597 1501 2760 1557 Deus,
2795 1506 2848 1550 et
2880 1501 3044 1551 Filius
3076 1501 3167 1551 Dei
3214 1502 3583 1566 assumpserit.
3628 1505 3742 1553 Hoc

2086 1567 2226 1616 enim
2265 1575 2453 1619 auctor
2482 1571 2645 1634 hujus
2675 1571 2758 1620 sui
2793 1576 3050 1622 tractatus
3080 1579 3300 1636 exputat
3330 1575 3696 1637 disputatione
3729 1590 3739 1622 :

328 1647 422 1696 sed
455 1659 563 1695 non
600 1644 998 1708 personalibus,
1023 1647 1076 1692 et
1106 1641 1306 1692 idcirco
1337 1644 1390 1691 in
1420 1658 1526 1692 uno
1557 1656 1670 1692 esse
1714 1647 1972 1705 possunt:
2007 1645 2052 1709 Β
2085 1639 2338 1701 quoniam
2375 1643 2521 1691 nulla
2552 1644 2760 1692 ratione
2815 1644 2902 1692 vel
2961 1645 3214 1708 seipsum,
3243 1644 3326 1694 vel
3389 1647 3547 1696 aliam
3591 1661 3622 1696 a
3649 1660 3738 1695 se-

326 1723 386 1766 ut
414 1719 561 1768 color
592 1722 644 1768 et
674 1717 1002 1780 superﬁcies,
1035 1730 1155 1779 quin
1213 1715 1358 1764 nullo
1414 1729 1628 1778 genere,
1669 1715 1818 1764 nulla
1852 1730 1978 1779 pro-

334 1787 627 1851 prietatum
663 1788 985 1837 naturalium
1020 1793 1169 1850 parte
1201 1787 1568 1845 conveniunt;
1607 1791 1658 1835 et
1689 1791 1862 1835 tamen
1923 1785 1977 1834 in

327 1874 435 1909 uno
497 1865 639 1916 sunt,
690 1860 947 1923 quoniam
1002 1871 1189 1907 earum
1248 1856 1605 1921 preprietates
1673 1857 1979 1918 persouales

337 1944 446 1980 non
479 1938 620 1980 sunt.
655 1932 769 1979 Non
800 1930 945 1980 enim
997 1931 1143 1977 color
1191 1942 1285 1991 per
1330 1944 1386 1977 se
1441 1943 1469 1976 a
1502 1929 1781 1992 superﬁcie
1817 1943 1976 1988 unus,

337 2003 492 2065 cujus
522 2003 818 2065 proprietas
849 2001 903 2050 id
935 2014 1042 2049 non
1076 1999 1237 2049 efﬁcit
1298 2004 1356 2048 ut
1411 2014 1528 2048 cum
1593 1998 1874 2062 superficie
1921 1999 1978 2046 in

338 2086 446 2121 uno
483 2088 596 2122 esse
629 2087 736 2121 non
790 2073 973 2134 possit.
1010 2072 1138 2120 Item
1195 2077 1320 2120 sunt
1374 2071 1618 2132 quaedam
1677 2085 1794 2134 quae
1853 2085 1980 2132 pro-

332 2147 651 2206 prietatibus
704 2145 865 2195 etiam
919 2145 1298 2207 personalibus
1359 2143 1629 2201 differunt,
1695 2149 1746 2191 et
1799 2147 1974 2191 tamen

330 2219 473 2266 omni
504 2232 701 2280 genere
730 2233 826 2266 suo
863 2222 914 2266 et
945 2219 1118 2278 specie
1173 2217 1331 2264 etiam
1383 2214 1675 2263 conformis
1721 2219 1884 2262 sunt:
1923 2219 1980 2262 ut

345 2289 494 2339 Plato
540 2296 595 2338 et
639 2290 842 2339 Cicero.
901 2288 1037 2337 Sunt
1084 2287 1244 2336 etiam
1297 2302 1416 2350 quas
1468 2287 1817 2341 conveniunt,
1870 2300 1975 2334 non

337 2361 456 2410 dico
479 2362 809 2410 diversarum
869 2373 1098 2409 numero
1156 2365 1474 2408 naturarum
1523 2373 1741 2407 suarum
1796 2356 1979 2418 imagi-

339 2435 487 2482 naria
513 2434 598 2482 vel
634 2430 971 2481 substantiali
997 2431 1386 2485 conformitate,
1429 2430 1519 2478 sed
1571 2429 1732 2479 unius
1772 2430 1981 2493 simpli-

337 2505 410 2553 cis
441 2509 599 2566 atque
630 2505 922 2553 individuae
980 2504 1224 2551 essentia:
1281 2501 1668 2564 singularitate.
1720 2501 1981 2555 Diﬁerunt

340 2582 518 2625 autem
555 2575 928 2638 personalibus
957 2575 1394 2638 proprietatibus,
1437 2577 1495 2621 ut
1543 2573 1684 2622 Deus
1726 2575 1894 2628 Pater,
1927 2575 1981 2621 et

337 2647 453 2709 ejus
479 2647 657 2708 Filius,
717 2651 770 2696 et
825 2651 1172 2708 utrorumque
1228 2643 1477 2707 Spiritus.
1528 2644 1647 2700 Sed,
1690 2645 1826 2693 sicut
1869 2645 1977 2707 jam

337 2716 591 2773 diximus,
623 2730 730 2765 non
765 2722 890 2765 sunt
937 2716 1130 2764 horum
1181 2716 1420 2763 omnium
1467 2713 1652 2776 aliqua
1681 2729 1711 2762 a
1753 2730 1807 2763 se
1840 2713 1982 2764 invi-

339 2802 452 2838 cem
485 2787 559 2837 ita
588 2789 816 2845 diversa,
852 2787 989 2836 sicut
1019 2801 1079 2835 ea
1136 2800 1254 2850 (jure
1315 2787 1459 2834 omni
1509 2800 1702 2849 genere
1747 2789 1980 2849 totisque

332 2860 704 2924 personalibus
750 2858 1169 2923 proprietatibus
1219 2857 1490 2906 differunt.
1550 2856 1780 2906 Omnino
1836 2858 1978 2906 enim

333 2931 598 2994 disjuncta
623 2934 751 2979 sunt
781 2944 896 2994 quae
929 2943 1079 2993 teque
1114 2929 1357 2991 personis
1397 2928 1710 2991 naturisque
1761 2942 1980 2990 separa-

2087 1711 2201 1771 ipso
2236 1725 2519 1774 personam
2551 1728 2822 1764 assumere
2882 1717 3074 1778 potuit.
3133 1716 3237 1766 Sed
3285 1722 3343 1766 ut
3373 1717 3504 1779 ipse,
3539 1718 3632 1780 qui
3679 1723 3737 1767 ut

2086 1787 2279 1832 natura
2301 1785 2437 1835 Deus
2495 1790 2624 1842 erat,
2661 1791 2714 1836 et
2771 1787 3032 1838 relatione
3088 1790 3181 1838 Dei
3233 1790 3398 1838 Patris
3443 1790 3628 1846 Filius,
3687 1797 3738 1839 et

2086 1857 2400 1908 tndividuali
2433 1861 2756 1922 pr0prietate
2787 1865 2929 1911 esset
2990 1862 3148 1911 etiam
3202 1861 3382 1921 homo,
3445 1863 3737 1926 assumpsit

2086 1941 2149 1975 ea
2177 1942 2298 1991 qua}
2329 1935 2455 1978 sunt
2516 1930 2765 1988 hominis,
2829 1931 2883 1980 id
2946 1936 3026 1980 est
3076 1931 3372 1981 humanum
3425 1945 3641 1995 corpus,
3683 1937 3731 1981 et

2088 1997 2379 2049 humanam
2412 2002 2663 2056 animam.
2698 2004 2751 2050 et
2797 2002 2955 2050 etiam
3007 2016 3176 2065 usque
3221 2003 3286 2052 ad
3327 2003 3730 2052 similitudinem

2086 2075 2225 2120 servi
2256 2073 2483 2122 formam
2517 2074 2825 2130 humanam,
2882 2079 2934 2124 et
2981 2075 3082 2124 hoc
3141 2077 3192 2125 in
3247 2077 3426 2139 seipse
3473 2076 3539 2125 ab
3583 2076 3730 2126 omni

2086 2150 2232 2193 reatu
2269 2152 2426 2209 atque
2459 2148 2571 2196 vitii
2604 2149 2925 2197 necessitate
2953 2162 3045 2210 per
3083 2149 3309 2207 gratiam
3365 2150 3571 2199 munda
3617 2151 3731 2214 glo-

2090 2217 2344 2276 riﬁcavit;
2381 2224 2433 2266 et
2462 2217 2661 2267 idcirco
2692 2217 2885 2267 dicitur
2943 2220 3214 2269 hominem
3279 2226 3331 2269 et
3374 2223 3729 2285 assumpsisse

2091 2295 2142 2339 et
2168 2291 2370 2340 salvum
2403 2291 2605 2340 fecisse.
2660 2293 2712 2340 Si
2765 2307 2892 2341 vero
2951 2294 3096 2357 quod
3157 2294 3412 2357 opinatur
3457 2293 3732 2343 Nestorius

2087 2375 2273 2409 verum
2311 2366 2407 2417 est,
2441 2362 2541 2411 hoc
2573 2366 2652 2411 est
2681 2363 2723 2411 si
2753 2368 2934 2412 manet
2981 2377 3134 2427 atque
3181 2365 3235 2413 in
3289 2366 3503 2414 Christo
3534 2363 3733 2415 divinas

2087 2437 2246 2497 atque
2279 2435 2530 2486 humanas
2573 2441 2780 2486 naturas
2848 2450 3204 2501 personaeque
3265 2437 3534 2500 discretio,
3595 2438 3738 2487 nulla

2087 2508 2311 2558 omnino
2343 2509 2572 2557 hominis
2601 2524 2630 2558 a
2661 2509 2765 2558 Deo
2800 2511 3096 2574 assumptio
3128 2511 3353 2572 intelligi
3415 2514 3612 2574 potest.
3639 2511 3736 2569 Qui

2085 2583 2250 2646 igitur
2283 2588 2538 2631 manente
2569 2583 2806 2632 hominis
2838 2598 3066 2644 persona
3124 2584 3320 2634 assumi
3381 2599 3490 2634 non
3546 2585 3738 2647 potuit.

2081 2653 2202 2716 jure
2237 2667 2342 2702 non
2377 2654 2642 2702 videbitur
2674 2669 2772 2716 per
2818 2655 3015 2704 Christi
3051 2657 3454 2719 generationem
3499 2657 3738 2718 potuisse

2089 2723 2303 2772 salvari.
2335 2723 2452 2773 Non
2483 2729 2563 2775 est
2597 2726 2756 2788 igitur
2788 2725 2888 2774 hoc
2919 2741 3156 2789 quoque.
3187 2727 3331 2789 quod
3380 2741 3410 2775 a
3461 2727 3736 2776 catholicis

2087 2799 2230 2842 recte
2261 2796 2498 2844 creditur
2526 2799 2578 2844 et
2607 2800 2839 2858 optatur,
2870 2795 3120 2846 videlicet
3177 2811 3273 2860 per
3322 2797 3514 2847 Christi
3569 2810 3736 2860 gene-

2085 2867 2346 2916 rationem
2379 2867 2690 2923 humanam,
2724 2867 3004 2917 hominum
3063 2869 3269 2918 salvata
3323 2873 3548 2928 natura;
3590 2869 3732 2930 quod

2087 2938 2227 2986 credi
2261 2937 2409 2987 nefas
2435 2941 2534 2988 est.
2567 2938 2642 2987 Ex
2673 2939 2754 2988 his
2784 2939 2946 3002 igitur
2976 2938 3321 2989 manifestum
3368 2945 3448 2989 est
3495 2939 3636 3003 quod
3673 2939 3728 2987 in

332 3009 540 3061 rantur,
600 3004 652 3052 id
693 3009 800 3078 est,
835 3017 954 3078 quae
1003 3002 1393 3078 person-abbas
1449 3002 1866 3078 preprietatibus
1923 3005 1975 3078 et
2009 3011 2057 3078 ο
2085 3005 2298 3057 Christo
2330 3022 2438 3057 non
2477 3013 2606 3058 sunt
2665 3008 2786 3058 dure
2847 3023 3094 3071 persona;
3124 3009 3267 3059 Deus
3324 3014 3376 3059 et
3428 3002 3606 3070 homo,
3636 3011 3727 3058 sed

328 3081 648 3127 naturarum
678 3074 1110 3124 dissimilitudine
1169 3071 1388 3127 distant,
1448 3087 1669 3134 prorsus
1722 3071 1975 3136 (inquam)

335 3148 602 3214 disjuncta
625 3152 767 3198 sunt.
811 3147 921 3196 Nec
971 3145 1157 3210 magis,
1204 3147 1309 3193 imo
1364 3159 1463 3194 nec
1493 3148 1700 3194 tantum
1734 3146 1978 3194 homines

340 3221 616 3284 bovesque
643 3222 778 3268 inter
808 3233 862 3267 se
898 3217 1150 3280 disjuncti
1187 3221 1330 3271 sunt,
1363 3230 1524 3278 quam
1575 3215 1828 3265 divinitas
1880 3219 1981 3266 bu-

341 3291 680 3356 manitasque
713 3291 767 3339 in
798 3290 1008 3338 Christo
1040 3290 1270 3336 discreta
1296 3292 1390 3343 est,
1425 3289 1468 3336 si
1515 3288 1568 3336 in
1615 3289 1979 3351 assumptione

337 3377 444 3426 qua
475 3364 613 3412 Deus
645 3363 913 3411 hominem
956 3359 1190 3408 creditur
1247 3359 1617 3421 assumpsisse,
1671 3359 1784 3421 ipsa
1843 3360 1980 3408 divi-

345 3436 484 3484 nitas
529 3440 579 3483 et
631 3434 954 3489 humanitas,
990 3433 1041 3479 id
1075 3433 1155 3479 est
1217 3431 1353 3478 Deus
1400 3436 1452 3479 et
1507 3430 1684 3486 homo,
1737 3444 1980 3480 mansere

338 3520 605 3570 persona.
649 3506 904 3553 Homines
961 3506 1159 3566 quippe
1213 3515 1273 3549 ac
1330 3502 1510 3561 boves,
1545 3516 1574 3550 a
1631 3515 1686 3550 se
1744 3499 1979 3550 invicem

334 3576 762 3641 proprietatibus
813 3574 1199 3648 speciebusque
1256 3571 1664 3635 disjuncti,una
1715 3573 1977 3648 animalis,

332 3649 434 3698 hoc
467 3654 548 3697 est
604 3648 815 3712 generis
871 3647 1273 3697 communitate.
1303 3658 1420 3705 qua-3
1480 3648 1559 3692 est
1610 3658 1702 3706 per
1736 3645 1978 3694 substan;

337 3720 520 3769 tialem
553 3719 605 3769 in
637 3721 753 3782 ipso
785 3717 1235 3770 conformitatem,
1292 3715 1617 3777 junguntur.
1675 3715 1782 3764 Illis
1815 3716 1976 3774 enim,

332 3791 435 3842 hoc
466 3796 547 3841 est
577 3791 888 3840 hominibus
924 3794 975 3839 et
1005 3790 1197 3843 bobus,
1241 3787 1338 3835 etsi
1395 3789 1689 3836 secundum
1732 3790 1982 3850 proprie-

343 3868 478 3914 tates
540 3868 592 3913 et
647 3861 857 3926 species
913 3860 1306 3914 differentibus,
1334 3862 1414 3907 est
1459 3863 1632 3907 tamen
1679 3862 1981 3910 communis

339 3935 633 3985 secundum
666 3947 836 3998 genus
869 3931 1183 3981 substantia.
1216 3930 1280 3978 Et
1334 3929 1560 3992 qualiter
1606 3930 1708 3978 hoc
1757 3932 1980 3996 intelligi

340 4006 516 4061 debet.
549 4004 799 4068 explanat
856 4004 972 4052 aliis
1025 4001 1221 4056 verbis,
1282 4000 1531 4049 eumdem
1575 4015 1792 4050 sensum
1824 4017 1981 4066 repe-

336 4077 611 4127 tensita:
672 4075 980 4137 Eademque
1037 4071 1454 4122 universalitatis
1512 4072 1826 4123 collectione
1883 4088 1978 4123 na-

336 4153 477 4198 tura.
509 4148 658 4207 Quod
691 4148 830 4196 enim
863 4147 1070 4195 dixerat
1100 4144 1415 4199 substantia,
1449 4143 1549 4192 hoc
1600 4144 1728 4194 dicit
1767 4149 1977 4204 natura,

341 4224 393 4268 et
422 4219 565 4282 quod
597 4219 804 4266 dixerat
834 4215 1151 4271 communis.
1184 4214 1287 4263 hoc
1336 4214 1464 4261 dicit
1502 4214 1723 4274 eadem;
1756 4219 1808 4263 et
1836 4218 1976 4278 quod

336 4290 543 4340 dixerat
597 4290 895 4339 secundum
949 4301 1136 4350 genus,
1197 4286 1300 4334 hoc
1349 4284 1477 4332 dicit
1558 4284 1976 4335 universalitatis

346 4363 682 4412 collectione.
740 4359 1024 4424 Propriore

337 4434 657 4490 substantia,
691 4447 810 4496 quas
841 4433 942 4481 alio
992 4429 1210 4479 nomine
1265 4425 1460 4477 dicitur
1503 4425 1868 4485 subsistentia,
1901 4435 1980 4478 est

336 4522 520 4557 eorum
553 4521 672 4568 quae
706 4520 802 4568 per
832 4519 948 4554 eam
991 4503 1291 4552 subsistunt
1338 4504 1564 4558 natura;
1626 4513 1796 4562 genus
1853 4515 1979 4550 vero

341 4578 475 4628 nihil
509 4578 650 4626 aliud
685 4577 983 4639 putandum
1015 4580 1110 4634 est,
1145 4574 1248 4622 nisi
1283 4571 1747 4620 subsitentiarum
1793 4586 1982 4621 secun-

339 4651 466 4699 dum
497 4654 661 4697 totam
697 4662 880 4696 eorum
917 4647 1314 4710 proprietatem,
1355 4657 1415 4691 ex
1475 4643 1630 4691 rebus
1686 4643 1980 4692 secundum

337 4723 542 4786 species
599 4736 723 4770 suas
791 4720 1161 4769 differentibus
1243 4715 1596 4786 similitudine
1679 4720 1986 4778 comparata

337 4785 593 4843 collectio.
628 4793 740 4850 Qua
765 4789 1133 4839 similitudinis
1180 4785 1580 4849 comparatione
1639 4799 1824 4835 omnes
1881 4787 1984 4836 illa:

333 4863 700 4914 subsistentia
733 4862 989 4911 dicuntur
1047 4873 1214 4908 unum
1270 4858 1591 4912 universale,
1625 4871 1790 4905 unum
1848 4856 1983 4906 divi-

333 4939 519 4997 duum,
556 4950 721 4985 unum
756 4947 1066 4992 commune,
1096 4946 1262 4980 unum
1310 4944 1498 4992 genus,
1532 4944 1640 4978 una
1689 4931 1985 4993 eademque

336 5012 546 5058 natura.
584 5007 693 5056 Hac
749 5007 930 5069 itaque
989 5003 1261 5052 communi
1319 5005 1510 5049 natura
1550 5001 1812 5058 homines,
1849 5003 1988 5051 sicut

333 5080 535 5128 dictum
595 5081 692 5134 est,
751 5077 1025 5139 bovesque
1077 5073 1419 5136 junguntur;
1480 5072 1584 5119 Deo
1645 5085 1771 5119 vero
1823 5076 1985 5136 atque

333 5151 539 5200 homini
572 5148 700 5213 quid
733 5162 842 5197 non
876 5149 978 5196 erit
1037 5144 1365 5208 disjunctum
1419 5143 1629 5190 diversa
1679 5144 1904 5201 ratione,
1941 5143 1985 5192 si

333 5222 535 5271 scilicet
592 5221 694 5269 sub
747 5218 1053 5268 diversitate
1118 5220 1324 5263 natura:
1381 5213 1619 5269 illorum,
1658 5228 1780 5277 qua:
1843 5219 1988 5263 certa

333 5297 429 5350 est,
489 5293 745 5354 quoniam
807 5287 1052 5338 essentia:
1109 5286 1373 5335 Creatoris
1433 5285 1576 5333 nulla
1657 5286 1731 5334 rei
1793 5289 1986 5335 creatas

336 5365 688 5414 subsistentia
724 5365 901 5425 potest
930 5357 1268 5408 substantiali
1301 5355 1653 5405 similitudine
1709 5371 1824 5406 esse
1856 5371 1980 5407 con-

334 5436 542 5496 formis,
575 5447 930 5498 personarum
954 5445 1167 5496 quoque
1197 5427 1449 5479 discretio
1481 5429 1532 5476 in
1592 5428 1798 5479 Christo
1844 5443 1990 5479 man-

345 5508 476 5555 sisse
509 5507 756 5555 credatur
780 5508 804 5553 ?

398 5581 511 5628 Non
540 5587 615 5628 est
646 5581 826 5636 igitur,
863 5577 988 5642 etc.)
1020 5576 1174 5634 Quasi
1201 5591 1211 5625 :
1247 5577 1351 5624 Deo
1383 5578 1437 5622 et
1466 5573 1683 5621 homine
1732 5575 1786 5621 in
1840 5574 1988 5623 Chri-

337 5657 419 5701 sto
446 5651 695 5714 personis
726 5649 1088 5707 (Manentibus,
1125 5647 1268 5695 nullo
1329 5644 1488 5693 modo
1537 5645 1777 5714 creditur
1826 5659 1853 5692 a
1904 5644 1989 5693 di-

332 5713 557 5774 vinitate
590 5724 869 5784 assumpta
899 5719 1229 5768 humanitas.
1261 5716 1382 5767 Non
1418 5719 1498 5766 est
1530 5713 1694 5780 igitur
1729 5716 1986 5766 salvatum

1113 4356 1310 4408 etenim
1354 4425 1364 4435 .
1399 4355 1792 4434 Scripturarum
1860 4371 1979 4419 usu,
2009 4374 2056 4438 D

2087 3079 2201 3141 ipse
2230 3077 2476 3128 Christus
2507 3093 2613 3128 una
2667 3093 2896 3142 persona
2957 3084 3054 3138 est,
3089 3079 3270 3129 divina
3325 3082 3555 3130 essentia
3611 3093 3733 3129 vere

2091 3150 2250 3207 Deus,
2286 3153 2339 3200 et
2367 3150 2602 3199 humana
2634 3149 2982 3200 subsistentia
3034 3166 3160 3201 vero
3218 3152 3397 3201 homo.
3447 3151 3551 3200 Sed
3585 3155 3734 3213 post-

2089 3235 2249 3284 quam
2283 3223 2548 3284 permulta
2576 3223 2684 3272 sint
2739 3237 2857 3286 qua:
2917 3224 3061 3274 hunc
3115 3225 3346 3274 Nestorii
3404 3237 3620 3273 sensum
3669 3223 3733 3272 de

2090 3291 2400 3342 diversitate
2431 3307 2780 3356 personarum
2813 3295 2867 3342 in
2897 3294 3111 3344 Christo
3158 3295 3373 3344 valeant
3415 3295 3735 3357 impugnare

2088 3369 2248 3428 atque
2307 3365 2652 3428 perfringere,
2718 3371 2894 3415 tamen
2952 3367 3016 3416 de
3081 3373 3522 3432 argumentorum
3580 3367 3736 3430 copia

2093 3435 2208 3485 hazc
2236 3437 2449 3485 interim
2482 3437 2674 3485 libasse
2706 3436 2955 3486 sufﬁciat.

2155 3507 2542 3556 Transeundum
2598 3509 2785 3572 quippe
2846 3513 2919 3557 est
2974 3509 3044 3558 ad
3103 3507 3383 3571 Eutychen,
3442 3509 3551 3574 qui,
3611 3512 3736 3572 etc.j

2091 3577 2377 3640 Hucusque
2409 3592 2646 3627 errorem
2704 3580 2933 3628 Nestorii
2990 3585 3042 3630 et
3097 3581 3279 3643 posuit
3336 3585 3388 3630 et
3449 3578 3730 3636 destruxit,

2090 3662 2235 3698 nunc
2297 3663 2531 3698 errorem
2603 3649 2861 3712 Eutychis
2935 3651 3178 3701 similiter
3251 3650 3401 3714 prius
3456 3652 3626 3713 ponit,
3687 3654 3738 3700 et.

2089 3725 2276 3783 postea
2305 3719 2552 3769 destruit.
2591 3721 2687 3769 Hic
2737 3719 2937 3770 etenim
2993 3737 3113 3771 cum
3167 3728 3307 3772 esset
3357 3727 3611 3785 evagatus
3670 3722 3736 3771 ab

2089 3791 2277 3840 orbitis
2330 3801 2591 3852 veterum,
2653 3791 2754 3840 hoc
2812 3795 2892 3841 est
2946 3807 3066 3842 cum
3150 3792 3439 3842 dimisisset
3509 3791 3734 3852 vestigia

2091 3863 2455 3926 antiquorum,
2487 3863 2740 3920 cucurrit,
2777 3860 2830 3910 id
2863 3866 2944 3912 est
2996 3864 3252 3913 velociter
3307 3863 3496 3913 incidit
3539 3862 3596 3912 in
3646 3877 3732 3912 er-

2089 3946 2264 3981 rorem
2315 3934 2640 3982 contrarium
2695 3935 2863 3982 errori
2917 3932 3169 3996 Nestorii,
3225 3947 3470 3984 asserens
3524 3937 3731 3984 tantum

2091 4004 2275 4053 abesse
2306 4019 2336 4053 a
2365 4005 2642 4054 catholicae
2672 4003 2794 4054 fidei
2825 4005 3052 4055 veritate
3101 4005 3246 4067 quod
3298 4004 3579 4054 Nestorius
3617 4005 3734 4066 opi-

2089 4080 2267 4132 natur,
2301 4079 2360 4125 ut
2415 4075 2665 4125 videlicet
2716 4076 2984 4133 credatur,
3051 4077 3152 4126 hoc
3210 4081 3289 4125 est
3345 4075 3488 4125 credi
3540 4077 3734 4124 debeat

2089 4146 2303 4209 gemina
2332 4160 2563 4209 persona
2592 4161 2706 4196 esse
2743 4147 2795 4195 in
2845 4147 3072 4203 Christo,
3122 4150 3181 4195 ut
3230 4160 3297 4196 ne
3337 4152 3585 4196 naturam
3615 4145 3734 4207 qui-

2090 4216 2210 4266 dem
2262 4216 2529 4279 duplicem
2589 4230 2705 4266 esse
2760 4218 2813 4266 in
2872 4231 2934 4266 eo
3011 4220 3254 4279 oporteat
3329 4216 3591 4265 confiteri.
3648 4215 3735 4264 Ait

2089 4288 2288 4350 quippe
2319 4288 2582 4350 Eutyches
2613 4287 2686 4337 ita
2712 4301 2828 4337 esse
2861 4293 3196 4349 assumptum
3233 4301 3262 4334 a
3288 4287 3396 4336 Deo
3445 4286 3732 4341 hominem,

2089 4357 2141 4406 id
2174 4362 2255 4406 est
2284 4358 2573 4406 humanam
2607 4364 2873 4416 naturam,
2908 4362 2966 4406 ut
2991 4357 3191 4407 scilicet
3221 4372 3299 4415 ea,
3332 4359 3434 4407 hoc
3488 4362 3569 4406 est
3613 4356 3736 4406 talis

2090 4429 2323 4477 hominis
2353 4443 2472 4478 cum
2497 4430 2605 4479 Deo
2636 4430 2891 4480 adunatio
2915 4431 3048 4478 facta
3079 4431 3160 4489 sit,
3189 4437 3246 4482 ut
3275 4434 3467 4479 natura
3497 4429 3736 4478 humana

2089 4500 2143 4549 in
2176 4515 2238 4549 eo
2275 4506 2397 4564 post
2432 4501 2816 4551 adunationem
2852 4516 2958 4551 non
2997 4503 3252 4552 manserit
3283 4517 3295 4553 :
3349 4502 3508 4564 hujus
3556 4505 3734 4550 autem

2091 4587 2240 4622 error
2272 4575 2586 4636 probabitur
2617 4589 2680 4623 ex
2716 4575 2905 4624 eodem
2935 4574 3081 4624 fonte
3112 4590 3174 4624 ex
3207 4590 3316 4639 quo
3369 4587 3519 4624 error
3551 4574 3737 4624 Nesto-

2090 4645 2173 4701 rii,
2205 4658 2350 4693 vere.
2373 4644 2506 4693 Nam
2544 4646 2683 4694 sicut
2737 4646 3013 4695 Nestorius
3068 4647 3358 4696 arbitratur
3412 4659 3520 4694 non
3578 4659 3735 4706 posse

2092 4729 2206 4764 esse
2235 4715 2289 4763 in
2316 4716 2494 4778 aliquo
2527 4721 2772 4765 naturam
2806 4717 3096 4780 duplicem,
3148 4719 3277 4780 quin
3329 4731 3555 4780 persona
3585 4716 3736 4765 ﬁeret

2093 4787 2285 4849 duplex
2320 4787 2500 4850 :quod
2533 4785 2657 4836 ideo
2689 4789 3006 4852 arbitratur,
3053 4789 3179 4851 quia
3225 4790 3388 4848 (sicut
3431 4803 3595 4851 supra
3620 4788 3736 4838 dic-

2090 4861 2201 4906 tum
2240 4859 2339 4917 est)
2390 4857 2440 4904 in
2486 4857 2736 4906 ouioibus
2781 4859 2988 4907 naturis
3036 4863 3190 4920 putat
3231 4859 3333 4907 dici
3366 4873 3520 4921 posse
3555 4872 3734 4919 perso-

2091 4942 2214 4976 nam
2242 4943 2254 4984 ς
2279 4931 2440 4989 atque
2468 4927 2590 4976 ideo
2616 4942 2736 4977 cum
2761 4929 2816 4977 in
2839 4930 3050 4979 Christo
3068 4944 3182 4978 esse
3201 4934 3445 4979 naturam
3469 4929 3735 4991 duplicem

2093 4999 2455 5052 conﬁteretur,
2489 4998 2754 5060 duplicem
2800 5001 2958 5048 etiam
3007 5014 3120 5049 esse
3170 5015 3448 5062 personam
3496 5000 3736 5054 credidit,

2091 5072 2167 5122 ita
2184 5086 2398 5135 quoque
2421 5070 2688 5134 Eutyches
2709 5087 2815 5121 non
2839 5074 3046 5135 putavit
3067 5077 3312 5123 naturam
3337 5071 3604 5136 duplicem
3623 5084 3739 5120 esse

2091 5145 2143 5192 in
2181 5142 2365 5207 aliquo
2425 5143 2540 5192 sine
2603 5144 2964 5205 duplicatione
3017 5159 3295 5207 personae;
3355 5150 3408 5194 et
3467 5143 3591 5191 ideo
3621 5156 3741 5191 cum

2091 5228 2199 5263 non
2231 5215 2582 5264 conﬁteretur
2610 5215 2879 5277 duplicem
2913 5217 2967 5264 in
2999 5216 3213 5265 Christo
3263 5229 3379 5265 esse
3429 5227 3739 5276 personam,

2091 5286 2382 5336 arbitratus
2435 5290 2514 5335 est
2571 5301 2906 5350 consequens
2962 5301 3078 5335 esse
3138 5291 3192 5336 ut
3226 5287 3344 5349 ejus
3375 5299 3483 5334 una
3531 5287 3742 5332 tantum

2090 5357 2342 5407 videatur
2367 5372 2483 5407 esse
2514 5361 2725 5407 natura.
2763 5359 2948 5422 itaque
2977 5357 3279 5414 Ncstorius,
3312 5361 3417 5405 tam
3447 5354 3743 5405 secundum

2093 5431 2424 5479 naturalium
2478 5445 2634 5493 quam
2685 5434 2978 5480 secundum
3031 5430 3455 5492 theologicorum
3507 5427 3746 5478 rationes

2094 5506 2238 5550 recte
2269 5505 2459 5550 tenens
2490 5503 2542 5550 in
2580 5502 2786 5551 Christo
2836 5517 2950 5551 esse
2996 5507 3243 5550 naturam
3294 5499 3582 5562 duplicem,
3642 5501 3742 5547 hoc

2095 5578 2175 5622 est
2205 5571 2443 5620 divinam
2489 5578 2543 5621 et
2601 5574 2909 5628 humanam,
2973 5587 3083 5622 non
3142 5572 3302 5621 modo
3360 5571 3496 5619 falso
3557 5579 3743 5619 contra

2094 5643 2456 5706 philosophia:
2486 5645 2782 5701 veritatem,
2814 5658 3001 5693 verum
3032 5644 3188 5692 etiam
3250 5643 3504 5704 sacrilege
3555 5645 3742 5690 contra

2097 5714 2415 5766 Christiana
2444 5715 2568 5765 ﬁdei
2624 5714 2952 5780 religionem,
3012 5720 3302 5766 confitetur
3356 5716 3491 5764 duas
3681 5730 3740 5761 eo
