4046 6180
435 179 564 232 1301

1061 171 1130 226 ΙΝ
1170 170 1440 226 LIBRUM
1482 168 1570 222 DE
1611 164 1889 221 DUABUS
1929 159 2232 218 NATURIS
2273 165 2358 218 ET
2398 165 2541 221 UNA
2580 166 2905 224 PERSONA
2943 170 3218 226 CHRISTI

3639 188 3736 241 (392

433 306 552 354 dem
612 317 728 354 esse
776 311 1070 365 personas:
1130 312 1293 347 unam
1324 295 1578 346 videlicet
1634 308 1752 359 quas
1799 294 1941 342 Deus
1971 290 2269 357 est,Ates
2325 299 2570 344 naturam
2629 296 2919 347 humanam
2974 299 3030 348 in
3086 299 3302 350 Christo
3367 301 3513 355 fuisse
3571 281 3671 360 “non
3714 331 3737 365 α

435 378 655 426 alteram
685 389 804 437 qum
837 375 995 421 homo
1052 375 1148 419 est.
1213 369 1480 432 Eutyches
1537 381 1662 417 vero
1705 373 1868 424 recte,
1901 379 2076 428 quan-

435 453 546 496 tum
584 449 646 494 ad
683 449 752 494 rei
815 446 1093 492 veritatem
1146 444 1199 490 et
1249 443 1566 489 catholicam
1624 440 1800 498 ﬁdem,
1861 438 2084 485 credens

434 521 697 568 Christum
731 533 845 565 esse
882 530 1041 563 unam
1093 519 1303 562 tantum
1361 527 1682 576 personam;
1713 517 1764 561 et
1795 511 1924 559 {also
1956 523 2081 557 con-

437 597 516 639 tra
543 591 794 643 rationes,
829 592 879 635 et
909 586 1070 647 impie
1107 589 1298 634 contra
1331 584 1668 647 religionem,
1703 583 1871 632 credit
1919 593 2080 628 unam

435 677 649 724 quoque
684 663 848 721 ipsius
871 660 1039 706 solam
1073 656 1308 705 divinam
1369 659 1576 705 scilicet
1632 670 1747 704 esse
1810 658 2078 702 naturam.

437 734 532 792 Qui
569 731 1164 795 Eutyches,convictns
1222 743 1329 776 non
1393 732 1712 790 argumento
1770 739 1877 788 quo
1934 737 2081 787 quaa-

435 804 625 853 stionis
659 808 978 866 purgaretur
1008 802 1338 861 ambiguum,
1390 801 1479 847 sed
1531 799 1648 860 ipsa
1708 798 1973 846 evidentia
2005 809 2082 842 re-

434 892 597 925 rum:
659 876 800 937 quod
863 879 1002 922 recte
1063 873 1199 928 dico,
1287 873 1727 934 quandoquidem
1810 867 2078 922 omnibus,

434 948 635 1010 absque
668 945 994 1008 quibuslibet
1049 950 1197 993 extra
1250 942 1480 1005 sumptis
1537 943 1790 1000 inventis,
1851 938 2078 988 manife-

431 1027 568 1070 stum
603 1025 681 1067 est
711 1021 869 1067 aliam
907 1031 1020 1065 esse
1054 1022 1295 1064 naturam
1330 1015 1576 1071 hominis,
1632 1013 1790 1062 aliam
1843 1012 1952 1068 Dei,
2005 1012 2079 1059 ait

431 1105 487 1139 se
519 1090 761 1139 conﬁteri
820 1091 956 1136 duas
1008 1088 1061 1135 in
1120 1088 1332 1135 Christo
1394 1100 1507 1134 esse
1570 1089 1808 1138 naturas,
1838 1084 1927 1131 sed
1979 1081 2080 1129 hoc

429 1167 553 1210 ante
579 1159 965 1210 adunationem
1001 1157 1199 1207 divinae
1233 1162 1285 1205 et
1347 1157 1599 1205 humanm
1651 1158 1878 1213 naturae,
1915 1165 2079 1201 unam

427 1248 556 1282 vero
587 1248 700 1282 esse
728 1236 850 1294 post
886 1231 1295 1280 adunationem.
1320 1228 1446 1286 Quae
1481 1228 1750 1276 sententia
1778 1224 1947 1286 ipsius
1969 1235 2079 1271 non

428 1312 610 1367 aperte
633 1304 908 1366 quodvult
939 1300 1228 1366 eloquitur,
1260 1301 1310 1348 id
1360 1304 1444 1348 est
1500 1300 1584 1348 cui
1644 1296 1826 1348 sensui
1887 1295 2079 1344 mentis

429 1378 573 1425 illius
604 1377 719 1425 haec
751 1377 935 1432 verba,
963 1374 1218 1422 videlicet
1253 1375 1379 1420 ante
1436 1375 1488 1418 et
1546 1375 1666 1433 post
1717 1371 1825 1418 sint
1881 1367 2078 1416 articu-

428 1448 549 1504 lata,
584 1455 633 1498 et
663 1462 725 1497 ex
762 1461 868 1509 quo
906 1447 1072 1508 ipsius
1129 1457 1290 1492 sensu
1342 1442 1551 1504 prolata
1604 1439 1731 1497 sint,
1758 1444 1901 1488 certa
1961 1449 2079 1500 pro-

429 1520 666 1581 prietatis
697 1518 1084 1582 signiﬁcatione
1132 1527 1242 1562 non
1300 1513 1633 1575 exprimitur.
1664 1513 1795 1560 Nam
1853 1513 1905 1559 et
1952 1509 2076 1582 ante

426 1579 489 1638 ex
521 1589 716 1639 diversi
746 1579 1116 1651 princedentis,
1149 1591 1202 1632 et
1256 1587 1380 1648 post
1425 1597 1486 1632 ex
1550 1583 1744 1632 diversi
1799 1579 2078 1651 sequentis

2188 365 2356 415 Maria
2407 372 2675 431 sumptam
2745 370 3003 433 disputat,
3069 377 3122 422 et
3178 388 3498 438 nequaquam
3544 380 3628 432 hoc
3663 386 3749 436 ﬁeri

2190 439 2428 500 potuisse
2465 441 2788 490 demontrat.
2823 442 2984 501 Quasi
3018 458 3031 492 :
3066 447 3171 493 Aut
3231 459 3338 494 non
3385 460 3658 511 assumente,
3684 463 3750 506 aut

2189 515 2498 587 assumcnte
2523 512 2732 587 Christo
2765 513 3026 587 desieris
3085 529 3297 578 corpus,
3351 523 3442 567 etc.
3502 523 3559 570 De
3599 526 3751 587 quibus

2185 580 2364 628 verbis
2397 584 2634 630 nascitur
2664 583 2790 630 illud
2824 584 3172 647 disjunctum,
3207 587 3346 650 quod
3377 580 3750 645 viatelicet'iuter-

2187 654 2511 712 rogabimus.
2569 654 2669 702 hoc
2729 655 2887 704 modo
2949 657 3237 707 dicentes:
3297 660 3451 708 Natus
3529 677 3586 711 ex
3630 666 3756 716 Maria

2186 722 2445 780 Christus,
2478 730 2569 774 aut
2601 726 2666 774 ab
2693 740 2755 774 ea
2783 740 2999 775 carnem
3035 729 3212 784 traxit.
3248 734 3341 778 aut
3386 733 3583 781 minime
3619 739 3670 785 ab
3696 754 3755 788 ea.

2186 790 2338 849 Quod
2381 794 2424 840 si
2488 808 2594 841 non
2661 795 2945 844 conﬁtetur
2999 797 3263 859 Eutyches
3320 813 3381 846 ex
3429 816 3487 848 ea
3539 803 3755 854 Christum

2187 863 2412 912 traxisse
2443 879 2657 914 carnem
2692 867 2999 924 humanam,
3029 869 3190 925 dicat,
3218 883 3326 932 quo
3361 871 3558 921 homine
3587 874 3760 926 indutus

2187 935 2483 993 advenerit,
2546 936 2597 984 id
2657 942 2736 986 est
2796 938 2952 1002 cujus
3008 940 3243 990 humana
3299 943 3582 994 substantia
3627 947 3762 997 iactus

2186 1004 2347 1075 homo
2404 1008 2751 1070 apparuerit;
2811 1015 2862 1058 et
2915 1013 3214 1060 secundum
3272 1027 3428 1075 quam
3499 1017 3760 1067 divisionem

2186 1073 2418 1124 hominis
2447 1078 2576 1126 velit
2606 1079 2705 1127 sibi
2743 1078 2869 1140 dici,
2897 1093 3114 1143 quoque
3177 1073 3427 1137 ostendit.
3481 1086 3674 1145 ipsemet
3704 1090 3764 1135 di-

2185 1147 2377 1194 videns
2438 1154 2491 1197 et
2548 1150 2778 1198 dicens:
2836 1151 3095 1201 Utrumne
3151 1167 3213 1201 eo
3271 1156 3765 1217 quiprtevaricatioue

2185 1217 2412 1278 peccati,
2448 1221 2514 1269 ab
2550 1221 2754 1270 honore
2793 1223 3119 1272 conditionis
3154 1223 3406 1274 humanae
3454 1227 3694 1285 deciderit,
3718 1245 3764 1277 an

2186 1287 2290 1336 alio
2324 1290 2545 1340 indutus
2567 1293 2594 1339 ‘i
2624 1291 2677 1341 Si
2737 1295 2934 1343 dixerit
2989 1295 3133 1355 quod
3184 1295 3480 1351 advenerit,
3512 1298 3700 1348 indutus
3721 1315 3764 1348 eo

2184 1360 2249 1408 de
2279 1363 2433 1435 cujus
2464 1363 2668 1413 semine
2725 1367 2955 1426 quadam
3011 1368 3166 1428 quasi
3217 1369 3570 1431 generationis
3617 1386 3765 1435 propa-

2184 1433 2397 1493 gatione
2423 1435 2615 1484 ductus
2645 1440 2724 1484 est
2750 1436 2929 1497 homo,
2962 1436 3103 1486 dicat
3132 1452 3291 1500 quem
3351 1446 3540 1502 praeter
3575 1433 3763 1500 Misi-iam,

2182 1503 2233 1551 id
2269 1509 2348 1554 est
2378 1505 2534 1567 cujus
2563 1507 2782 1556 alterius
2835 1509 3191 1558 substantiam
3249 1515 3331 1560 est
3389 1511 3572 1562 vestita
3613 1512 3767 1563 divini-

2184 1577 2264 1622 tas
2284 1575 2310 1620 ?
2340 1576 2401 1624 Et
2429 1581 2572 1626 recte
2605 1591 2786 1640 quaero
2812 1592 2970 1641 quem
3002 1579 3196 1629 alium:
3232 1595 3359 1631 nam
3411 1585 3453 1631 si
3501 1598 3599 1633 non
3630 1600 3680 1634 ex
3709 1601 3769 1634 εει

421 1663 678 1723 temporis
706 1647 998 1714 intellectu,
1061 1659 1237 1718 potest
1291 1655 1537 1715 proferri.
1601 1654 1671 1703 Ut
1731 1658 1910 1702 tamen
1959 1650 2075 1723 ejus
2105 1655 2152 1719 Β
2184 1647 2326 1723 mine
2357 1648 2582 1723 Abrahae
2614 1653 2773 1712 atque
2800 1649 2993 1723 David,
3025 1655 3078 1699 et
3108 1656 3378 1713 postremo
3404 1653 3574 1704 Maria;
3603 1656 3767 1718 (quasi),

423 1721 751 1780 dem—entiam
801 1733 1215 1790 perscrutemur,
1285 1725 1426 1774 hanc
1489 1730 1791 1788 temporum
1851 1721 2072 1772 diversi-

420 1809 584 1850 tatem
612 1803 876 1850 divisione
909 1800 1250 1862 exponimus,
1284 1798 1553 1846 ostensuri
1605 1796 1864 1859 quoniam
1916 1791 2084 1857 quod-

418 1876 548 1924 libet
606 1877 795 1924 horum
855 1879 1158 1935 temporum
1219 1885 1340 1933 quae
1425 1868 1792 1919 manifestahit
1861 1866 2078 1931 divisio,

417 1948 548 1995 velit
581 1947 828 2008 intelligi,
865 1945 1112 2002 dicendo,
1147 1947 1268 1990 ante
1333 1946 1386 1992 et
1444 1945 1601 2003 post;
1645 1945 1827 1989 tamen
1876 1940 2078 2002 impos-

421 2020 570 2067 sibile
606 2022 686 2066 est
716 2032 829 2066 eam
863 2028 1023 2078 quam
1060 2015 1174 2076 ipse
1223 2013 1478 2075 opinatur
1533 2010 1831 2059 divinitatis
1889 2009 2079 2059 huma-

421 2090 712 2150 nitatisque
771 2088 877 2134 ﬁeri
934 2084 1351 2134 adunationem.
1412 2082 1645 2130 Dicimus
1732 2097 1860 2144 ergo
1933 2083 2077 2144 quod

423 2162 676 2210 adunatio
716 2160 828 2208 hzec
858 2159 1054 2206 divina:
1088 2160 1134 2205 et
1189 2155 1439 2203 humanm
1491 2160 1694 2203 naturae
1749 2155 1800 2200 in
1844 2154 2072 2210 Christo,

432 2238 525 2281 aut.
553 2237 764 2293 tempus
797 2227 1162 2290 generationis
1221 2226 1356 2289 ejus.
1388 2226 1589 2273 scilicet
1644 2225 1697 2272 in
1759 2229 1913 2272 utero
1954 2225 2076 2272 Vir-

430 2305 570 2366 ginis
601 2304 740 2351 facta
770 2306 866 2356 est,
903 2297 1158 2361 quoniam
1221 2303 1350 2345 tunc
1410 2295 1646 2344 Verbum
1700 2310 1822 2345 caro
1875 2295 2071 2344 factum

428 2380 541 2433 est;
575 2379 666 2422 aut
695 2379 904 2434 tempus
930 2368 1359 2428 resurrectionis,
1403 2369 1654 2428 quoniam
1715 2372 1845 2415 tunc
1896 2368 2074 2416 anima

425 2445 682 2505 humana,
713 2456 831 2504 quae
863 2455 990 2488 vera
1013 2437 1211 2487 Christi
1245 2441 1415 2486 morte
1447 2437 1626 2486 fuerat
1672 2438 1738 2486 ab
1800 2438 1913 2500 ejus
1953 2452 2073 2487 cor-

424 2530 554 2578 pore
582 2518 844 2576 separata,
878 2511 1049 2560 eidem
1109 2509 1404 2572 conjuncta
1466 2512 1564 2556 est.
1613 2508 1715 2556 Sed
1761 2508 1802 2556 si
1832 2514 2071 2571 tempore

420 2584 784 2651 generationis
814 2581 1070 2630 adunatio
1092 2580 1230 2628 facta
1259 2584 1356 2635 est,
1389 2580 1532 2641 quod
1589 2579 1713 2626 dicit
1774 2585 1895 2628 ante
1944 2582 2070 2628 adu-

419 2659 694 2707 nationem
728 2657 941 2710 factam,
985 2653 1038 2700 in
1097 2651 1310 2699 Christo
1374 2654 1590 2697 naturas
1644 2651 1778 2705 illas.
1833 2651 2067 2699 divinam

417 2730 621 2778 scilicet
651 2731 703 2776 et
735 2727 1047 2782 humanam,
1079 2723 1240 2770 fuisse
1272 2720 1440 2770 duas:
1501 2719 1623 2768 ideo
1654 2719 1786 2769 dicit
1814 2722 2068 2784 quoniam

418 2813 628 2850 carnem
689 2799 828 2845 illam
890 2808 1051 2858 quam
1105 2793 1348 2841 Christus
1406 2794 1692 2853 assumpsit
1748 2792 1801 2840 in
1845 2792 2066 2854 Virgine

416 2873 577 2931 (sicut
631 2869 944 2932 praedictum
1008 2867 1128 2920 est),
1189 2861 1464 2911 evidentia
1520 2876 1698 2911 rerum
1770 2865 2064 2920 convictus,

415 2947 557 2990 recte
591 2941 718 2989 dicit
750 2953 779 2987 a
804 2936 990 2985 divina
1043 2938 1237 2984 natura
1292 2936 1581 2994 antequam
1639 2933 1884 2983 Christus
1922 2934 2064 2983 illam

417 3015 728 3069 assumeret,
761 3024 874 3058 esse
907 3009 1190 3056 diversam.
1221 3005 1322 3053 Sed
1352 3004 1417 3053 de
1466 3019 1626 3054 carne
1683 3006 1775 3054 illa
1831 3006 2058 3054 duarum

415 3100 548 3148 quas
578 3096 842 3146 ponemus
871 3080 1382 3148 opiuionumrunam
1444 3076 1639 3126 habere
1697 3077 1925 3126 videtur.
1967 3079 2058 3127 Vi-

416 3146 572 3205 detur
629 3152 770 3202 enim
831 3156 1019 3214 putare
1078 3147 1222 3209 quod
1284 3146 1650 3196 Valentiniani
1717 3153 2062 3211 putaverunt,

415 3229 664 3276 videlicet
720 3227 878 3274 etiam
966 3226 1089 3270 ante
1172 3219 1571 3283 generationem
1631 3221 1825 3269 Christi
1903 3221 2063 3271 fuisse

413 3301 702 3347 humanam
737 3309 950 3344 carnem
985 3305 1090 3341 non
1144 3306 1174 3340 a
1225 3291 1390 3340 Maria
1436 3299 1725 3354 sumptam.
1752 3293 1845 3341 sed
1881 3294 2062 3356 aliquo

413 3372 723 3421 aliomodo.
769 3365 1129 3415 incarnationi
1189 3363 1333 3411 illius
1391 3371 1786 3425 praeparatam;
1843 3365 2059 3413 Mariam

409 3457 537 3490 vero
569 3439 831 3501 viiginem
866 3437 1183 3498 appositam,
1248 3447 1310 3480 ex
1369 3447 1476 3495 qua
1535 3449 1658 3483 caro
1710 3436 1816 3491 illa,
1848 3450 1968 3498 quae
1995 3451 2059 3485 ex

411 3529 468 3561 ea
499 3511 719 3572 Virgine
755 3514 964 3569 sumpta
998 3521 1107 3554 non
1139 3509 1303 3559 esset,
1340 3511 1685 3565 nasceretur;
1741 3507 1884 3555 illam
1934 3521 2059 3556 vero

408 3598 624 3633 carnem
658 3595 778 3644 quas
838 3583 964 3628 ante
1023 3575 1449 3641 generationem,
1509 3577 1647 3624 sicut
1703 3577 1903 3626 dictum
1960 3583 2056 3635 est.

407 3654 588 3710 fuerit,
620 3669 651 3702 a
684 3649 980 3700 substantia
1038 3645 1351 3702 divinitatis,
1414 3647 1513 3695 hoc
1569 3651 1651 3696 est
1700 3663 1730 3696 a
1759 3649 2058 3704 divinitate,

410 3731 460 3774 et
491 3724 717 3772 divisam
751 3727 908 3784 atque
941 3725 1263 3776 separatam,
1296 3717 1348 3764 id
1377 3721 1456 3766 est
1487 3719 1707 3766 omnino
1751 3720 2056 3777 diversam;

412 3811 532 3844 cum
571 3797 817 3844 Christus
849 3807 913 3840 ex
947 3791 1168 3849 Virgine
1201 3792 1360 3836 natus
1391 3793 1487 3848 est,
1521 3790 1590 3837 ita
1627 3789 1911 3839 adunatam
1943 3805 2058 3840 esse

411 3870 536 3923 Deo,
564 3868 612 3914 id
647 3871 726 3914 est
756 3863 951 3912 divinae
986 3871 1210 3915 naturae,
1247 3861 1299 3907 in
1358 3864 1582 3921 utraque
1640 3867 1848 3918 natura,
1904 3862 2052 3912 vide-

409 3940 532 3988 licet
587 3938 769 3986 divina
819 3939 871 3984 et
928 3934 1180 3991 humana,
1243 3931 1517 3978 videretur
1577 3945 1691 3980 esse
1749 3932 1887 3982 facta
1947 3948 2054 3983 una

408 4014 617 4057 tantum
651 4011 859 4054 natura.
892 4004 983 4051 Vel
1016 4001 1057 4049 si
1093 4003 1206 4050 haec
1237 3999 1357 4059 eius
1385 4013 1494 4049 non
1537 4005 1617 4049 est
1671 4004 1938 4052 sententia
1988 4005 2052 4053 de

407 4094 570 4129 carne
603 4077 816 4131 Christi,
845 4075 988 4138 quod
1021 4072 1226 4121 scilicet
1255 4085 1364 4118 nou
1396 4085 1427 4118 a
1487 4074 1652 4120 Maria
1707 4077 1923 4136 sumpta
1965 4077 2048 4137 sit,

406 4152 498 4200 illa
531 4150 721 4212 poterit
749 4144 1140 4204 esse(dicentis
1197 4142 1329 4190 duas
1387 4146 1610 4192 naturas
1668 4158 1783 4192 esse
1836 4144 2050 4203 Christi,

405 4228 526 4271 ante
551 4219 955 4272 adunationem,
996 4228 1158 4264 unam
1204 4218 1322 4275 post
1365 4214 1770 4268 adunationem.
1822 4217 1885 4271 si.
1912 4217 2051 4266 sicut

401 4296 599 4343 dictum
632 4299 729 4349 est,
760 4290 1014 4340 adunatio
1040 4289 1388 4351 generatione
1452 4288 1590 4336 facta
1647 4291 1764 4350 est),
1798 4293 1856 4336 ut
1897 4289 2047 4340 vide-

397 4369 522 4415 licet
553 4380 745 4428 corpus
771 4363 988 4426 quidem
1050 4359 1342 4421 sumpserit
1401 4373 1428 4407 a
1488 4358 1671 4414 Maria.
1703 4361 1849 4422 quod
1898 4366 2047 4412 tenet

395 4439 655 4486 catholica
686 4437 846 4484 ﬁdes:
881 4433 970 4480 sed
1005 4436 1292 4494 antequam
1352 4429 1489 4478 illud
1549 4435 1802 4489 sumeret,
1863 4433 2042 4482 diver-

395 4524 505 4558 sam
539 4510 698 4557 fuisse
732 4508 798 4554 ab
834 4503 1063 4552 invicem
1099 4503 1315 4550 deitatis
1373 4501 1827 4564 humanitatisque
1885 4509 2042 4553 natu-

391 4593 500 4627 ram
537 4595 547 4626 :
583 4583 849 4639 sumptam
882 4589 1010 4624 vero
1038 4576 1327 4621 humanam
1368 4578 1638 4634 naturam,
1679 4587 1798 4622 esse
1846 4574 2041 4625 factam

391 4665 550 4698 uuam
579 4665 698 4698 cum
737 4649 959 4701 Deitate,
1016 4650 1178 4707 atque
1233 4645 1456 4692 omnino
1513 4645 1657 4693 illam
1718 4647 1942 4694 cessisse
1983 4648 2038 4696 in

389 4723 747 4769 substantiam
779 4717 1093 4776 divinitatis,
1127 4716 1228 4764 hoc
1264 4721 1345 4763 est
1375 4717 1428 4762 in
1462 4714 1631 4776 ipsam
1682 4715 2033 4768 divinitatem.

389 4792 541 4848 Quod
574 4791 616 4837 si
652 4791 791 4838 hanc
851 4788 1238 4836 adunationem
1299 4799 1404 4834 non
1467 4791 1618 4848 putat
1675 4801 1789 4835 esse
1841 4790 2036 4840 factam

386 4863 752 4925 generatione,
787 4860 880 4908 sed
914 4858 1320 4919 resurrectione,
1353 4871 1538 4906 rursus
1585 4858 1636 4905 id
1686 4858 1898 4908 duobus
1950 4875 2035 4911 su-

384 4935 639 4998 pradictis
673 4930 848 4982 modis
908 4931 1024 4978 ﬁeri
1083 4930 1477 4985 arbitrabimur,
1539 4928 1789 4979 videlicet
1827 4936 1921 4980 aut
1969 4933 2033 4983 de

384 5009 570 5062 Maria,
605 5011 696 5056 aut
744 5018 854 5054 non
916 5003 980 5051 de
1040 5001 1202 5050 Maria
1259 5015 1418 5050 carne
1476 5007 1774 5064 assumpta.
1821 5002 2031 5054 Christo

382 5081 522 5130 enim
559 5079 759 5143 genito,
792 5080 843 5125 et
875 5079 967 5123 aut
996 5087 1104 5122 non
1139 5073 1204 5123 de
1251 5072 1417 5121 Maria
1464 5078 1772 5122 assumente
1816 5089 2027 5138 corpus,

378 5156 469 5202 aut
502 5153 568 5200 ab
599 5151 782 5200 eadem
839 5150 1147 5196 assumente
1201 5158 1434 5200 carnem,
1490 5145 1868 5195 arbitrabimur
1912 5149 2029 5210 ejus

374 5231 615 5279 naturas,
645 5236 778 5285 quas
813 5233 953 5281 smpe
986 5218 1238 5276 diximus,
1299 5215 1532 5263 divinam
1597 5217 1796 5265 scilicet
1843 5222 1896 5267 et
1923 5219 2026 5268 hu-

373 5308 606 5349 manam,
639 5297 776 5342 duas
807 5292 1024 5356 quidem
1060 5289 1227 5337 fuisse
1270 5301 1437 5350 usque
1495 5288 1619 5336 dum
1675 5295 1977 5352 resurgeret
2008 5307 2021 5352 ;

371 5371 495 5428 post
525 5365 974 5414 resurrectionem
1005 5375 1152 5418 vero,
1192 5373 1353 5407 unam
1419 5373 1483 5406 ex
1543 5359 1752 5409 duabus
1807 5362 2018 5421 factam,

367 5439 444 5487 ita
477 5435 634 5493 (sicut
657 5436 966 5497 praedictum
1001 5435 1102 5492 est)
1157 5435 1217 5479 ut
1277 5431 1482 5480 scilicet
1543 5431 1779 5480 humana
1828 5439 2021 5484 natura

371 5524 480 5560 non
515 5507 790 5556 manserit.

428 5582 502 5628 Dc
535 5578 739 5642 quibus,
773 5576 896 5639 etc.]
929 5576 1172 5624 Errorem
1217 5574 1468 5635 Eutylliis
1525 5573 1590 5622 de
1648 5575 1852 5624 unitate
1913 5589 2011 5625 na-

361 5658 498 5702 turas
531 5651 725 5699 Christi
752 5650 1028 5708 hucusque
1061 5648 1257 5710 posuit.
1315 5646 1470 5694 Nunc
1524 5650 1808 5708 antequam
1866 5649 2010 5698 illum

362 5723 624 5782 destruat,
659 5725 841 5769 contra
870 5719 1014 5768 illam
1045 5720 1352 5782 opinionem
1387 5730 1494 5779 qua
1523 5720 1711 5779 putare
1742 5722 1860 5783 quis
1913 5735 2011 5785 po-

2193 1717 2259 1792 de
2291 1721 2487 1792 quibus
2514 1721 2612 1769 hoc
2643 1722 2968 1784 promissum
3031 1724 3220 1781 fuerat,
3281 1726 3384 1776 fuit
3443 1741 3560 1776 caro
3599 1717 3673 1776 illa
3695 1744 3772 1792 qua

2191 1788 2434 1840 Christus
2464 1792 2529 1842 de
2559 1793 2726 1842 Maria
2753 1800 2914 1843 natus
2969 1801 3065 1853 est,
3123 1797 3378 1847 ostendat
3431 1812 3492 1847 ex
3545 1801 3677 1861 cujus
3700 1788 3771 1848 lio-

2191 1861 2350 1909 minis
2376 1876 2534 1912 carne
2566 1863 2636 1912 sit
2669 1864 2959 1914 derivatus.
3019 1867 3080 1914 Et
3138 1869 3355 1930 proprie
3387 1869 3570 1930 loquor
3596 1870 3770 1918 dicendo

2189 1930 2482 1991 derivatns,
2533 1936 2789 1997 quoniam
2851 1941 2974 1997 post
3029 1939 3258 2000 primum
3319 1941 3605 1998 hominem,
3645 1943 3772 1989 Adam

2189 2001 2458 2074 videlicet.
2495 2010 2672 2056 omnis
2699 2023 2820 2056 caro
2854 2009 3112 2064 humana.
3139 2024 3201 2058 ex
3235 2011 3475 2060 humana
3503 2027 3646 2061 carne
3674 2027 3771 2074 qua-

2188 2073 2307 2150 dam
2329 2081 2724 2150 propagatione
2756 2079 3047 2129 diducitur.
3079 2081 3270 2130 Mulier
3319 2097 3552 2146 namque
3591 2073 3697 2145 quae,
3717 2084 3771 2130 illi

2187 2148 2239 2218 in
2273 2148 2595 2210 adjutorium
2630 2150 2754 2198 data
2799 2156 2896 2211 est,
2943 2152 3007 2198 de
3055 2159 3203 2200 costa
3239 2155 3413 2215 ipsius
3442 2155 3621 2218 legitur
3649 2153 3771 2201 fuisse

2184 2214 2448 2294 formata;
2481 2221 2657 2294 ex‘his
2686 2235 2813 2294 vero
2863 2228 2917 2271 et
2959 2222 3214 2286 deinceps
3253 2214 3318 2273 ex
3353 2214 3577 2274 inaravet
3602 2225 3768 2277 femina,

2185 2287 2432 2338 ministra
2482 2291 2732 2354 originali
2786 2293 3242 2357 concupiscentia,
3298 2296 3484 2346 deciso
3547 2297 3771 2356 utriusque

2183 2372 2420 2421 corpore,
2452 2365 2763 2427 quicunque
2795 2371 2990 2428 praeter
3042 2366 3312 2416 Christum
3377 2375 3660 2430 generatur.
3687 2368 3772 2428 ipse

2180 2442 2398 2494 quoque
2432 2435 2698 2495 Christus,
2727 2450 2834 2485 non
2868 2436 3085 2500 quidem
3118 2437 3370 2488 ministra
3401 2439 3629 2502 originali
3676 2451 3772 2484 cuu-

2181 2504 2526 2563 cupiscentia,
2561 2507 2653 2556 sed
2683 2509 2799 2557 sola
2855 2509 3112 2558 ineﬂ'abili
3171 2514 3224 2559 et
3268 2511 3600 2560 inscrutabili
3634 2511 3775 2558 divina

2179 2579 2437 2634 operante
2463 2577 2657 2640 gratia,
2698 2579 2876 2628 deciso
2928 2580 3165 2629 hominis
3223 2596 3469 2643 corpore,
3526 2583 3666 2632 homo
3715 2581 3774 2628 fa-

2179 2646 2296 2724 ctus
2325 2648 2559 2724 est._Sed
2585 2649 2633 2724 si
2666 2664 2824 2724 quem
2876 2651 3149 2724 hominem
3203 2660 3405 2715 praeter
3444 2653 3647 2702 Mariam
3688 2653 3775 2724 \‘ir-

2176 2719 2354 2788 ξῑμεω
2415 2719 2681 2783 Eutyches
2736 2722 2947 2778 dixerit.
3005 2737 3035 2771 a
3091 2738 3199 2788 quo
3251 2724 3494 2774 humana
3548 2722 3775 2788 generatio

2178 2785 2466 2858 salvatoris
2493 2799 2707 2854 sumpta
2737 2796 2843 2843 sit?
2876 2795 2990 2844 Duo
3030 2785 3124 2844 illi-
3154 2795 3279 2845 inde
3322 2796 3515 2846 inferri
3551 2785 3688 2858 posse
3717 2797 3774 2842 vi-

2177 2856 2389 2937 ἀξίῃ-αι’,
2421 2864 2564 2937 quod
2596 2864 2846 2937 videlicet
2874 2871 2926 2915 et
2955 2866 3071 2937 ipse
3104 2881 3284 2916 errore
3318 2882 3423 2917 suo
3445 2856 3775 2920 confundetur,

2177 2929 2451 3006 etAillusus
2483 2934 2594 3006 ipse
2657 2935 2804 2985 falsae
2860 2936 3135 3000 opinionis
3177 2953 3382 2994 errore,
3443 2940 3690 2988 videbitur
3727 2938 3774 2983 ab

2173 3001 2277 3080 illis
2327 3003 2418 3065 qui
2476 3004 2778 3068 Scripturas
2833 3014 3105 3058 noverunt
3153 3008 3426 3059 ascribere
3495 3024 3586 3058 sua
3637 3021 3770 3056 asser-

2174 3075 2318 3153 tione
2347 3078 2610 3126 mendacii
2643 3084 2825 3128 notam
2884 3094 3108 3130 summae
3170 3081 3472 3135 Divinitati.
3506 3095 3616 3144 quis
3659 3092 3773 3128 men-

2173 3148 2261 3190 tiri
2293 3158 2400 3193 non
2433 3153 2645 3210 potest;
2677 3155 2729 3199 et
2762 3155 2899 3200 recte
2929 3152 3218 3208 videbitur,
3276 3153 3698 3216 quandoquidem
3731 3150 3770 3196 in

2173 3216 2397 3294 sanctis,
2423 3218 2638 3294 hoc‘est
2677 3223 3106 3272 immutabilitate
3156 3225 3426 3273 dictorum
3469 3224 3622 3272 ﬁrmis
3663 3222 3768 3269 divi-

2173 3289 2503 3358 nationibUs.
2534 3291 2589 3340 id
2650 3298 2731 3344 est
2791 3295 3107 3356 prophetiis,
3165 3293 3370 3358 quibus
3423 3295 3602 3343 divino
3653 3305 3772 3341 reve-

2172 3357 2317 3408 lante
2349 3361 2573 3413 numine
2611 3365 2841 3426 plurima
2872 3381 2991 3428 quae
3028 3357 3316 3415 humanam
3363 3368 3601 3416 latebant
3643 3367 3770 3412 ratio-

2171 3442 2293 3500 nem
2330 3433 2612 3483 manifesta
2642 3441 2945 3497 patuerunt,
3007 3441 3340 3500 promittitur
3395 3437 3620 3487 Abrahae
3647 3441 3773 3498 atque

2168 3498 2356 3557 David,
2391 3517 2498 3552 non
2532 3507 2650 3553 dico
2683 3521 2746 3555 ex
2799 3498 3021 3563 eorum;
3060 3509 3153 3556 sed
3212 3507 3331 3556 dico
3389 3514 3448 3557 ut
3507 3523 3568 3556 ex
3623 3520 3771 3554 eorum

2169 3573 2372 3620 semine
2405 3574 2500 3621 toti
2532 3577 2735 3625 mundo
2789 3577 2948 3640 salus,
2987 3578 3089 3628 hoc
3145 3585 3227 3627 est
3275 3578 3370 3628 ille
3428 3593 3523 3642 per
3571 3591 3706 3640 quem
3733 3577 3774 3622 ﬁt

2168 3642 2327 3704 salus,
2357 3646 2578 3695 oriatur.
2614 3648 2762 3697 Tunc
2791 3648 2934 3698 enim
2993 3664 3100 3699 non
3161 3653 3320 3699 modo
3387 3650 3533 3713 quod
3580 3650 3772 3702 eveniat,

2167 3727 2351 3764 verum
2406 3717 2569 3766 etiam
2627 3723 2686 3768 ut
2742 3722 2971 3777 eveniat,
3035 3721 3275 3783 promitti
3336 3722 3545 3784 aliquid
3598 3721 3769 3769 dicitur.

2165 3799 2285 3834 cum
2344 3791 2757 3850 promissionem
2806 3793 2974 3856 ipsam
3035 3794 3111 3842 rei
3193 3800 3426 3843 eventus
3511 3789 3769 3841 necessario

2163 3859 2425 3920 sequitur.
2459 3862 2566 3910 Nec
2620 3863 2735 3913 dico
2794 3865 3128 3914 necessarius
3187 3867 3454 3929 sequitur,
3487 3865 3577 3913 sed
3622 3875 3770 3910 nexe-

2163 3931 2301 4008 sario
2331 3933 2592 3994 sequitur.
2623 3934 2774 4008 Quod
2807 3935 2991 4008 utique
3045 3935 3121 3994 ﬁt,
3148 3950 3267 3985 cum
3329 3937 3396 3985 ab
3440 3950 3503 4008 eo
3534 3933 3619 3997 qui
3647 3946 3766 3980 mea-

2161 4003 2248 4050 tiri
2286 4016 2393 4052 non
2427 4011 2619 4066 potest,
2650 4007 2702 4054 id
2735 4011 2813 4055 est
2841 4021 2871 4055 a
2901 4006 3012 4055 Deo
3051 4008 3406 4070 promittitur.
3467 4007 3621 4055 Recte
3665 4015 3762 4064 ergo

2158 4076 2503 4136 promittitur,
2537 4082 2595 4125 ut
2623 4091 2686 4126 ex
2729 4091 2914 4127 eorum
2978 4078 3200 4137 semine,
3250 4084 3374 4136 etc.,
3426 4092 3541 4128 cum
3588 4088 3764 4140 prieser-

2157 4143 2252 4194 tim
2284 4147 2326 4194 si
2359 4146 2594 4196 humana
2623 4161 2746 4198 caro
2777 4152 3128 4212 conceptione
3168 4151 3464 4200 Salvatoris
3513 4150 3577 4196 ab
3620 4148 3760 4207 aliquo

2156 4223 2369 4280 sumpta
2414 4223 2510 4278 est,
2542 4233 2652 4269 non
2705 4221 2771 4270 ab
2826 4221 2928 4271 alio
2986 4223 3124 4271 sumi
3182 4223 3442 4286 potuerit,
3499 4220 3598 4270 nisi
3653 4229 3763 4265 unus

2155 4287 2314 4335 etiam
2348 4291 2702 4351 promissione
2734 4293 2990 4348 veritatis.
3025 4291 3192 4342 immo
3220 4295 3449 4342 veritate
3501 4286 3762 4355 promissio-

2153 4361 2237 4408 nis
2264 4360 2662 4420 procreabatur,
2695 4361 2749 4410 id
2799 4367 2882 4412 est
2926 4364 3194 4413 Abraham
3243 4369 3296 4412 et
3335 4363 3528 4412 David.
3561 4363 3609 4411 Si
3631 4361 3760 4422 igitur

2151 4445 2347 4493 corpus
2404 4431 2701 4481 humanum
2753 4446 2861 4481 non
2907 4439 2987 4482 est
3033 4440 3304 4498 sumptum
3349 4448 3382 4480 α
3426 4430 3760 4487 Maria,seda

2151 4502 2390 4563 quolibet
2420 4503 2521 4552 alio
2554 4504 2768 4553 homine
2799 4519 2896 4567 per
2918 4506 3152 4565 Mariam,
3191 4509 3371 4554 tamen
3421 4509 3503 4552 est
3550 4514 3759 4564 procres-

2150 4576 2261 4620 tum
2295 4576 2437 4636 quod
2475 4575 2648 4624 fuerat
2675 4579 2969 4638 primorum
3020 4582 3301 4638 parentum
3351 4573 3756 4639 praevaricatione.

2149 4650 2473 4707 corruptum,
2507 4645 2560 4695 id
2593 4652 2689 4705 est,
2724 4649 2766 4696 si
2798 4649 2900 4697 hoc
2929 4648 3194 4711 Eutyches
3227 4649 3502 4710 opinatur,
3551 4644 3757 4711 superius

2148 4715 2306 4772 dicto,
2340 4717 2482 4779 quod
2516 4722 2596 4766 est
2627 4732 2656 4766 a
2685 4709 3138 4782 consequentibus
3193 4709 3536 4781 argumento,
3583 4709 3754 4776 repelli-

2147 4793 2252 4838 tur.
2285 4789 2434 4847 Quod
2464 4792 2506 4839 si
2537 4805 2645 4840 non
2679 4806 2742 4840 eo
2772 4791 3008 4848 homine,
3042 4793 3092 4840 id
3119 4797 3196 4842 est
3229 4807 3336 4841 non
3384 4793 3532 4841 illius
3563 4784 3755 4838 homini!

2144 4875 2366 4922 corpore
2397 4861 2641 4911 Christus
2670 4862 2895 4912 indutus
2955 4869 3049 4920 est,
3108 4866 3198 4927 qui
3246 4865 3410 4912 homo
3445 4877 3541 4924 pro
3589 4853 3752 4921 peccati

2143 4947 2305 4996 poena
2331 4937 2575 4988 mortem,
2604 4933 2704 4982 hoc
2730 4937 2812 4982 est
2842 4948 2937 4997 pro
2963 4942 3180 4997 peccato
3213 4948 3431 4998 pmnam
3459 4933 3632 4981 mortis
3657 4939 3749 4973 sus-

2141 5003 2382 5058 tinuerit,
2414 5004 2547 5053 illud
2580 5004 2793 5054 eveniet
2822 5020 2884 5055 ex
2923 5007 3040 5055 loco
3101 5007 3450 5068 proprietatis
3496 5004 3647 5053 ducta
3683 5009 3751 5044 r8-

2140 5075 2285 5124 tione
2317 5075 2908 5137 argumenti,videlicet
2938 5092 3000 5126 ex
3047 5077 3246 5126 nullius
3295 5077 3538 5125 hominis
3581 5071 3747 5121 semina

2135 5147 2292 5195 talem
2325 5145 2566 5210 potuisse
2599 5149 2766 5206 nasci,
2817 5150 2907 5212 qui
2947 5149 3108 5198 fuerit
3155 5147 3273 5197 sine
3317 5148 3574 5212 praedicta
3619 5149 3748 5205 ptent

2137 5222 2342 5278 mortis,
2376 5235 2495 5284 qure
2528 5226 2607 5271 est
2637 5223 2815 5271 debita
2845 5236 3008 5284 paena
3055 5222 3329 5286 originalis
3370 5220 3597 5284 peccati.
3642 5217 3748 5264 Seu-

2135 5305 2270 5343 sus:
2323 5293 2515 5342 Nullus
2576 5308 2813 5357 unquam
2873 5293 3088 5357 genitus
3144 5309 3239 5356 per
3292 5289 3745 5354 concupiscentiam

2132 5364 2328 5420 coitus,
2362 5365 2475 5413 sine
2539 5366 2725 5414 mortis
2780 5379 2943 5428 pmna
2996 5380 3110 5414 esse
3168 5366 3357 5428 potuit.
3389 5364 3444 5412 Si
3506 5362 3656 5423 igitur
3694 5368 3744 5404 ex

2132 5436 2281 5485 nullo
2313 5449 2488 5498 preme
2515 5439 2703 5485 mortis
2733 5442 2952 5500 propter
2983 5436 3296 5500 originalem
3341 5439 3556 5484 reatum
3612 5431 3746 5479 obno-

2127 5510 2233 5565 xio,
2267 5509 2387 5557 talis
2446 5521 2566 5558 caro
2621 5514 2834 5571 sumpta
2885 5514 2983 5568 est,
3016 5511 3158 5558 recte
3215 5507 3465 5563 infertur,
3509 5501 3642 5567 quod
3691 5509 3740 5545 ex

2128 5579 2274 5628 nullo
2308 5579 2525 5627 homine
2556 5585 2770 5642 sumpta
2803 5584 2898 5628 est.

2191 5651 2334 5700 Unde
2356 5651 2418 5715 ﬁt
2444 5655 2502 5699 ut
2533 5650 2737 5702 nouiter
2763 5651 3009 5701 videatur
3038 5667 3142 5702 esse
3195 5653 3446 5711 formata.
3495 5645 3597 5696 Sed
3642 5642 3737 5692 litt.

2124 5722 2248 5788 etc.)
2275 5723 2370 5774 [lic
2397 5722 2638 5774 breviter
2669 5724 2997 5787 tangendum
3030 5725 3241 5775 videtur
3278 5721 3419 5786 quod
3473 5719 3529 5770 in
3582 5715 3735 5766 ultimo
