4046 6180
286 276 417 330 1393

1297 288 1306 295 ”
1350 277 1671 335 GILBERTI
1710 280 2055 336 PORRETE
2094 282 2627 341 COMMENTARIA.

3550 284 3681 337 1394

281 402 442 464 hujus
473 400 595 450 libri
626 400 865 463 capitulo
896 402 962 452 de
992 402 1243 452 humanm
1285 406 1495 452 naturae
1547 409 1687 453 statu
1740 406 1933 455 clarius
1963 406 2017 472 Α
2046 420 2155 456 non
2186 410 2362 471 potuit
2394 424 2501 459 non
2536 409 2669 460 mori
2698 426 2709 467 ;
2741 409 2884 458 unde
2918 422 3090 471 neque
3147 409 3299 466 mori,
3358 421 3532 470 neque
3576 422 3686 456 non

279 472 503 527 intelligi
538 472 751 534 poterit,
806 474 949 536 quod
1009 474 1259 522 videlicet
1311 473 1602 537 cujuslibet
1640 473 1934 523 subsisten-

281 544 384 597 tiis,
420 544 566 591 aliud
599 549 680 592 est
715 549 929 601 natura,
967 546 1107 593 aliud
1169 549 1248 593 est
1306 548 1495 593 status.
1526 546 1725 593 Natura
1786 546 1929 594 enim

280 616 622 663 subsistentia
679 620 779 673 est,
810 631 915 678 qua
979 618 1153 678 ipsum
1212 615 1515 665 subsistens
1572 618 1771 678 aliquid
1832 626 1927 665 est.

279 688 369 735 Hae
408 701 533 735 vero
590 691 719 735 sunt
777 688 1160 736 substantiales
1222 687 1426 744 formae,
1461 692 1514 737 et
1570 702 1690 750 qum
1738 688 1839 737 illis
1875 689 1929 735 in

277 760 392 822 ipso
460 756 787 806 subsistente
837 758 1035 806 adsunt
1082 758 1366 819 qualitates
1446 763 1499 807 et
1564 760 1930 807 intervallares

276 843 545 878 mensurae
578 843 590 887 ;
624 835 817 877 caatera
876 843 1002 877 vero
1055 843 1174 891 quae
1239 830 1305 877 de
1355 829 1470 891 ipso
1503 831 1821 879 naturaliter
1850 832 1927 878 di-

277 906 491 956 cuntur,
555 899 775 962 quidam
827 900 946 963 ejus
1031 904 1207 948 tatus
1288 906 1573 960 vocantur,
1653 916 1715 951 eo
1783 902 1927 964 quod

277 984 421 1020 nunc
446 972 541 1029 sic,
581 985 727 1018 nunc
759 984 883 1019 vero
943 970 1094 1018 aliter
1152 972 1389 1019 retinens
1447 972 1544 1020 has
1601 973 1796 1034 quibus
1837 974 1927 1019 ali-

275 1044 399 1105 quid
456 1048 536 1091 est
587 1056 867 1090 mensuras
917 1046 970 1090 et
1023 1041 1325 1103 qualitates,
1363 1048 1415 1091 et
1464 1044 1691 1092 maxime
1754 1043 1925 1091 subsi-

277 1115 518 1173 stentias,
558 1118 841 1162 statuatur.
905 1114 1033 1161 Nam
1098 1128 1239 1174 saepe
1300 1119 1553 1163 manente
1613 1115 1811 1172 colore,
1872 1120 1924 1163 et

271 1186 434 1233 trium
493 1184 577 1231 vel
638 1188 889 1246 quatuor,
945 1183 1031 1231 vel
1090 1183 1353 1245 quotlibet
1399 1184 1699 1233 cubitorum
1749 1186 1921 1240 lineis,

271 1270 482 1318 semper
512 1260 687 1303 autem
720 1254 831 1303 veri
866 1252 1101 1302 nominis
1144 1255 1507 1303 subsistentiis
1559 1256 1920 1311 manentibus,

270 1326 432 1375 homo
469 1340 614 1374 nunc
646 1327 763 1381 hoc,
800 1339 946 1373 nunc
993 1325 1086 1373 illo
1134 1326 1259 1385 situ,
1294 1326 1375 1373 vel
1406 1327 1542 1386 loco,
1576 1326 1659 1374 vel
1713 1325 1919 1383 habitu,

270 1403 353 1446 vel
389 1397 674 1456 relatione,
704 1396 791 1444 vel
823 1400 1086 1457 tempore,
1137 1396 1223 1443 vel
1271 1395 1502 1451 actione,
1537 1397 1620 1444 vel
1670 1396 1919 1456 passione

275 1468 525 1517 statuitur
553 1484 565 1526 ;
598 1473 649 1515 et
681 1466 819 1514 idem
854 1480 1194 1528 permanens,
1249 1467 1544 1515 secundum
1589 1468 1920 1516 extrinsecus

271 1539 370 1589 sibi
404 1539 702 1588 accidentia
734 1538 991 1587 variatur.
1025 1536 1174 1586 Idem
1207 1539 1347 1585 enim
1381 1543 1461 1587 est
1490 1540 1649 1588 homo
1681 1540 1918 1589 sedendo

273 1610 413 1673 quod
446 1609 659 1666 stando,
693 1616 744 1658 et
774 1617 926 1659 extra
956 1609 1172 1657 domum
1212 1609 1355 1671 quod
1417 1610 1574 1665 intra,
1602 1615 1655 1658 et
1697 1610 1918 1658 inermis

270 1681 411 1744 quod
444 1685 697 1737 armatus,
727 1686 778 1729 et
808 1681 1058 1729 dominus
1088 1680 1233 1743 quod
1265 1694 1471 1736 servus,
1503 1684 1553 1729 et
1583 1694 1739 1729 mane
1774 1681 1915 1742 quod

268 1766 517 1830 vespere,
538 1757 590 1830 et
618 1751 944 1830 quiescendo
1000 1751 1145 1830 quod
1202 1751 1429 1830 agendo,
1480 1755 1533 1800 et
1576 1751 1917 1830 laetus-quod
1955 1767 2000 1830 Β

265 1824 455 1873 tristis.
486 1823 775 1872 Sciendum
806 1827 989 1870 tamen
1040 1826 1123 1870 est
1168 1821 1349 1884 aliqua
1398 1836 1518 1871 cum
1556 1821 1666 1870 sint
1696 1822 1924 1885 alicujus

275 1896 467 1943 horum
512 1906 795 1956 generum,
845 1897 1025 1942 tamen
1074 1892 1370 1941 secundum
1430 1894 1522 1941 illa
1568 1893 1765 1941 dicitur
1810 1907 1923 1942 esse

277 1964 572 2029 generatio,
621 1970 673 2013 et
718 1965 993 2027 corruptio
1034 1964 1397 2020 subsistentis,
1449 1967 1506 2012 ut
1562 1965 1923 2027 incorporatio

277 2040 330 2085 et
376 2037 648 2093 animatio,
711 2050 831 2098 quas
884 2039 1010 2083 sunt
1058 2034 1272 2082 habitus
1334 2047 1548 2096 genere.
1600 2036 1727 2083 Cum
1781 2032 1924 2082 enim

282 2122 475 2170 corpus
535 2108 820 2162 animatur,
877 2106 959 2155 vel
1016 2106 1197 2153 anima
1262 2106 1655 2167 incorporatur,
1715 2105 1771 2153 ﬁt
1827 2105 1925 2153 hac

281 2178 521 2239 Corporis
570 2184 622 2226 et
668 2180 863 2227 anima;
914 2178 1292 2239 conjunctione
1331 2179 1606 2238 generatio
1648 2176 1925 2234 animalis;

282 2250 518 2311 itemque
577 2250 815 2310 corporis
873 2252 924 2296 et
982 2247 1176 2295 animm
1251 2247 1634 2309 disjunctione.
1688 2248 1927 2308 ejusdem

282 2320 534 2369 animalis
582 2321 870 2379 corruptio.
931 2320 1081 2368 Unde
1140 2318 1397 2366 animatio
1445 2319 1683 2379 corporis
1737 2323 1790 2366 et
1848 2320 1929 2367 in-

283 2394 585 2453 corporatio
646 2392 840 2439 animas
895 2391 1259 2439 subsistentia;
1319 2391 1612 2438 videntur:
1677 2394 1732 2438 et
1807 2395 1931 2440 sunt

285 2463 596 2525 ntique,sed
632 2476 805 2525 neque
837 2460 1054 2515 anima},
1106 2475 1282 2523 neque
1336 2463 1597 2524 corporis,
1643 2464 1733 2509 sed
1787 2462 1929 2510 illius

283 2534 426 2597 quod
460 2548 524 2582 ex
578 2534 661 2581 bis
712 2536 1067 2594 compositum
1120 2537 1219 2591 est,
1254 2530 1519 2579 animalis.
1547 2530 1744 2580 Anima
1774 2546 1929 2581 nam-

282 2620 384 2667 que
412 2610 606 2667 praater
640 2605 721 2652 sui
753 2604 1237 2664 incorporationem
1287 2603 1518 2665 perfecte
1567 2606 1648 2650 est
1706 2605 1884 2651 anima
1914 2618 1927 2663 ;

282 2682 333 2725 et
364 2690 561 2739 corpus
593 2681 788 2737 praeter
835 2674 1221 2723 animationem
1272 2673 1507 2735 perfecte
1558 2678 1638 2722 est
1688 2688 1929 2736 corpus;

279 2748 479 2796 animal
515 2761 661 2805 vero,
692 2760 793 2795 nec
824 2750 904 2794 est
936 2760 1034 2794 nec
1092 2749 1266 2807 potest
1310 2758 1424 2792 esse
1472 2745 1706 2805 animal;
1741 2751 1933 2806 prmter

282 2820 475 2867 animas
543 2818 1035 2879 incorporationem
1100 2820 1154 2864 et
1209 2816 1447 2875 corporis
1508 2814 1929 2878 animationem;

281 2890 506 2952 ideoque
534 2890 725 2937 animae
769 2892 821 2936 et
877 2886 1117 2949 corporis
1163 2890 1290 2934 sunt
1346 2886 1632 2934 extrinseci
1695 2886 1931 2940 habitus,

282 2962 527 3011 animalis
558 2965 737 3009 autem
771 2974 881 3009 sua;
917 2956 1283 3021 generationis
1328 2962 1380 3005 et
1422 2957 1779 3020 corruptionis
1809 2959 1932 3006 sub-

282 3033 559 3082 sistentiis.
619 3029 996 3081 Generationis
1070 3034 1124 3078 et
1193 3027 1553 3090 corruptionis
1609 3030 1747 3087 dico,
1806 3044 1934 3092 quo-

2045 480 2180 527 mori
2214 486 2337 529 ante
2371 488 2648 544 peccatum
2680 480 3011 542 impossibile
3068 480 3187 528 fuit.
3247 480 3367 534 Sed,
3405 478 3545 526 sicut
3606 479 3689 525 di-

2043 554 2184 598 ctum
2220 555 2316 605 est,
2352 557 2405 601 et
2434 558 2551 613 post
2604 557 2880 615 peccatum
2942 566 3047 599 non
3110 556 3283 612 potest
3309 564 3418 598 non
3460 550 3609 606 mori,
3640 553 3691 597 et

2042 627 2163 680 post
2222 625 2515 682 perfectam
2580 624 3015 672 reformationem
3095 636 3201 669 non
3284 624 3480 684 poterit
3534 623 3689 669 mori.

2040 693 2191 740 Unde
2222 695 2381 743 etiam
2418 698 2556 743 inter
2588 696 2821 743 hominis
2852 694 3251 747 subsistentias,
3317 694 3513 755 quibus
3569 706 3691 740 vere

2040 765 2153 825 ipse
2212 771 2291 813 est
2347 766 2566 827 aliquid,
2626 767 2741 815 haec
2818 772 2940 827 post
3020 776 3294 828 peccatum
3386 766 3687 811 necessaria

2038 836 2207 896 ipsius
2240 838 2534 885 mortalitas
2580 854 2608 885 a
2673 836 3013 898 philosophis
3070 840 3353 884 numerata
3410 840 3507 887 est,
3540 840 3589 881 et
3630 835 3683 881 in

2039 905 2130 953 illa
2160 920 2267 967 qua
2298 908 2539 968 ejusdem
2598 922 2713 955 esse
2767 906 3058 966 exponitur
3111 908 3452 964 difﬁnitione,
3489 903 3680 959 posita.

2037 976 2167 1025 Cum
2201 980 2343 1026 enim
2376 980 2442 1027 ab
2477 980 2579 1027 illis
2609 980 2870 1041 quaeritur
2900 979 3025 1037 quid
3082 984 3159 1025 est
3221 992 3335 1025 esse
3390 977 3675 1030 hominem,

2036 1049 2382 1109 respondent,
2416 1064 2528 1097 esse
2563 1052 2759 1098 animat
2797 1050 3058 1097 rationale
3105 1050 3345 1097 mortale.
3386 1050 3499 1103 Quo
3558 1048 3679 1109 phi-

2037 1118 2383 1179 losophorum
2414 1135 2510 1169 usu
2543 1122 2761 1184 quidam
2787 1122 2953 1169 nostri
2987 1122 3240 1181 temporis
3281 1126 3333 1167 et
3366 1120 3676 1167 Christianas

2037 1191 2386 1251 professionis
2444 1192 2647 1253 decepti
2710 1193 3095 1240 dubitaverunt
3145 1206 3209 1239 an
3274 1196 3394 1250 post
3434 1204 3677 1237 resurre-

2035 1260 2269 1310 ctionem
2306 1262 2417 1311 veri
2449 1263 2694 1311 homines
2746 1263 2907 1311 futuri
2966 1264 3089 1321 sint,
3124 1262 3263 1323 quod
3324 1262 3399 1309 eis
3457 1262 3675 1308 minime

2034 1332 2336 1385 videbatur.
2371 1348 2434 1381 eo
2466 1335 2606 1395 quod
2640 1334 2890 1382 humanm
2949 1332 3310 1381 subsistentia:
3361 1335 3530 1392 parte,
3576 1332 3677 1379 hoc

2034 1407 2114 1451 est
2146 1405 2473 1452 mortalitate
2532 1406 2750 1452 caritnri
2815 1406 2938 1452 sint.
3004 1404 3167 1451 Nobis
3225 1411 3400 1451 autem
3464 1400 3678 1449 videtur

2038 1474 2181 1536 quod
2216 1488 2391 1535 neque
2423 1476 2736 1531 mortalitas,
2770 1490 2944 1535 neque
2983 1476 3353 1522 immortalitas
3402 1476 3528 1521 sunt
3584 1473 3677 1519 ho-

2038 1544 2199 1592 minis
2232 1545 2614 1598 snbsistentiaa,
2663 1547 2754 1592 sed
2814 1546 3055 1593 mortalis
3112 1546 3307 1593 dicitur
3337 1544 3514 1597 homo,
3552 1543 3676 1605 quia

2032 1619 2298 1676 potestate
2327 1617 2506 1664 divina
2553 1616 2793 1671 dissolvi,
2845 1622 2967 1665 ante
3015 1622 3289 1677 peccatum
3346 1620 3520 1675 potest
3566 1614 3678 1676 qui-

2033 1686 2153 1734 dem
2185 1687 2387 1749 absque
2418 1689 2522 1736 ulla
2554 1690 2905 1746 necessitate;
2938 1692 3054 1750 post
3088 1694 3366 1749 peccatum
3406 1701 3533 1735 vero
3582 1700 3678 1734 ne-

2033 1760 2284 1807 cessario.
2320 1760 2694 1809 immortalitas
2730 1774 2942 1823 quoque
3004 1760 3217 1813 dicitur,
3273 1760 3523 1821 quoniam
3588 1773 3679 1807 ea-

2032 1829 2150 1878 dem
2178 1830 2355 1878 divina
2387 1836 2626 1892 potestas
2654 1845 2795 1891 eum,
2845 1832 2970 1878 dum
3016 1832 3131 1879 sine
3187 1834 3404 1893 peccato
3454 1828 3570 1881 fuit,
3603 1828 3677 1877 ita

2031 1900 2374 1950 conservavit
2406 1907 2463 1949 ut
2516 1916 2623 1951 non
2684 1902 3103 1960 dissolveretur;
3166 1905 3284 1964 post
3339 1901 3679 1949 reformatio-

2032 1985 2152 2020 nem
2183 1987 2308 2021 vero
2341 1973 2414 2021 ita
2442 1973 2808 2029 conservabit,
2844 1979 2899 2021 ut
2930 1987 3203 2036 nunquam
3250 1973 3443 2020 exinde
3489 1972 3679 2020 dissol-

2032 2048 2217 2092 vatur:
2252 2048 2303 2091 et
2336 2044 2455 2093 ideo
2514 2045 2712 2092 dicitur
2770 2058 2875 2091 non
2927 2059 3080 2105 posse
3137 2044 3373 2091 dissolvi.
3431 2044 3546 2090 Non
3596 2042 3679 2090 id-

2033 2115 2171 2161 circo
2200 2116 2343 2162 enim
2379 2114 2577 2163 dicitur
2634 2129 2740 2162 non
2800 2129 2954 2175 posse
3002 2115 3087 2160 vel
3131 2114 3369 2169 dissolvi,
3433 2114 3517 2161 vel
3571 2127 3678 2162 non

2034 2183 2274 2240 dissolvi,
2300 2185 2446 2246 quod
2474 2186 2612 2233 Deus
2644 2186 2758 2233 hch
2788 2186 2959 2232 facere
3003 2200 3110 2233 non
3165 2186 3349 2245 possit.
3400 2185 3488 2231 sed
3536 2184 3679 2246 quod

2034 2260 2094 2302 ut
2121 2256 2191 2302 ita
2222 2271 2276 2304 se
2312 2257 2555 2311 haberet,
2589 2257 2671 2303 vel
2706 2263 2827 2303 ante
2862 2262 3155 2314 peccatum,
3200 2256 3281 2303 vel
3331 2260 3451 2317 post
3496 2270 3685 2318 pecca-

2035 2330 2167 2381 tum,
2202 2328 2279 2374 vel
2314 2334 2432 2387 post
2467 2327 2941 2381 resurrectionem,
2994 2328 3172 2381 homo,
3222 2328 3397 2373 divina
3435 2327 3687 2373 voluntas

2036 2400 2245 2448 statuit.
2282 2400 2588 2447 Secundum
2649 2399 2747 2445 hoc
2813 2399 3023 2454 dicitur,
3057 2398 3133 2445 sol
3192 2412 3298 2446 non
3362 2412 3518 2457 posse
3576 2410 3685 2445 non

2035 2470 2260 2528 moveri,
2294 2484 2416 2517 cum
2459 2475 2637 2517 tamen
2672 2470 2849 2517 divina
2895 2474 3132 2529 potestas
3164 2482 3304 2519 eum,
3339 2475 3394 2515 ut
3434 2483 3537 2515 non
3571 2482 3687 2515 mo-

2036 2548 2243 2595 veatur,
2303 2539 2495 2587 sistere
2562 2542 2755 2601 possit.
2813 2541 2875 2589 Et
2928 2541 3233 2601 hujusmodi
3287 2545 3413 2588 sunt
3463 2540 3687 2587 inﬁnita.

2036 2609 2172 2658 Sunt
2203 2624 2349 2671 ergo,
2389 2615 2443 2658 ut
2474 2611 2539 2658 de
2571 2610 2777 2659 czeteris
2835 2617 3123 2673 taceamus,
3166 2613 3393 2659 hominis
3449 2612 3688 2659 mortali-

2036 2684 2119 2727 tas
2151 2684 2203 2727 et
2233 2680 2627 2741 immortalitas,
2661 2683 2770 2729 sive
2812 2684 3111 2730 necessaria
3168 2683 3277 2731 sive
3331 2696 3437 2731 non
3498 2696 3684 2728 ncces-

2038 2752 2196 2804 saria,
2230 2765 2339 2798 non
2375 2752 2734 2799 subsistentize
2793 2751 2993 2813 quibus
3046 2754 3157 2814 ipse
3216 2754 3281 2799 sit
3336 2753 3558 2813 aliquid,
3592 2752 3681 2799 sed

2038 2822 2152 2881 ejus
2183 2823 2236 2868 in
2285 2822 2509 2869 diversis
2561 2822 2911 2884 temporibus,
2962 2825 3255 2871 secundum
3306 2824 3540 2870 divinam
3596 2838 3683 2882 po-

2038 2893 2259 2941 tentiam
2315 2894 2427 2943 sive
2478 2895 2814 2942 voluntatem
2869 2908 3037 2949 enam,
3082 2900 3268 2943 status.
3325 2894 3441 2941 Non
3500 2898 3680 2941 tamen

2038 2964 2304 3012 diceretur
2333 2968 2457 3012 ante
2487 2971 2762 3025 peccatum
2807 2979 2966 3013 verus
3016 2967 3189 3019 homo,
3241 2966 3285 3012 si
3344 2965 3516 3025 poenis
3563 2978 3681 3025 quae

2036 3049 2130 3096 pro
2174 3041 2388 3096 peccato
2442 3034 2658 3083 intlictm
2702 3041 2828 3084 sunt
2888 3037 3205 3095 subjaceret,
3256 3036 3501 3098 quamvis
3548 3036 3681 3083 mori

283 3106 427 3154 niam
464 3110 589 3153 sunt
619 3106 737 3154 aliae
798 3103 1023 3153 verioris
1080 3102 1312 3151 nominis
1372 3100 1751 3160 subsistentia,
1812 3117 1932 3165 quae
1963 3129 2004 3194 Ο
2045 3110 2203 3165 atque
2236 3119 2342 3153 non
2392 3108 2525 3153 mori
2574 3112 2772 3167 posset.
2829 3106 3006 3167 Neque
3052 3120 3179 3154 vero
3238 3111 3355 3168 post
3405 3110 3681 3165 peccatum

283 3190 556 3194 __n___-__.-
600 3191 614 3194 -
660 3177 979 3194 A._L-:-A-_s-
1034 3174 1338 3194 ..-Α-..1....-.Δ-..
1419 3189 1431 3194 -
1459 3177 1687 3194 ,ς-...ιιιημ
1738 3187 1905 3194 ..Λ---ι
2087 3183 2156 3194 Ha.
2181 3182 2323 3194 _oea.__
2356 3192 2382 3194 __
2425 3192 2507 3194 __,_,
2541 3178 2562 3194 ι,
2588 3191 2689 3194 ν-μ-
2764 3176 2864 3194 __‘,!
2927 3192 2937 3194 _
2986 3192 3000 3194 _
3049 3191 3161 3194 --Αην
3198 3192 3211 3194 -
3257 3192 3264 3194 _
3292 3178 3309 3194 J
3346 3177 3530 3194 A_.f_.__
3574 3190 3655 3194 Α,-

283 3190 559 3240 nunquam
594 3191 624 3225 a
655 3177 983 3225 subsistente
1033 3174 1358 3229 recedentes,
1418 3177 1689 3235 perpetua:
1738 3187 1933 3221 vocan.

281 3254 387 3304 tnr,
422 3254 478 3297 ut
509 3248 877 3310 corporalitas,
912 3251 964 3295 et
995 3246 1083 3295 illa
1113 3259 1219 3308 qua
1246 3245 1423 3292 anima
1471 3249 1583 3302 est;
1643 3249 1696 3293 et
1747 3244 1942 3293 dicitur

282 3334 480 3381 genere
517 3319 760 3379 spiritus,
797 3332 915 3381 qua:
974 3330 1084 3366 non
1146 3317 1305 3365 modo
1355 3317 1596 3376 corporis
1639 3321 1690 3363 et
1726 3317 1938 3380 animae,

281 3405 472 3439 verum
524 3392 683 3439 etiam
746 3389 983 3438 hominis
1041 3392 1169 3436 sunt
1222 3391 1499 3449 perpetum
1556 3387 1939 3445 subsistentia,

282 3463 436 3512 Sicut
470 3462 612 3511 enim
645 3463 824 3511 anima
854 3460 1091 3509 hominis
1129 3471 1405 3520 nunquam
1449 3458 1643 3506 desinit
1695 3472 1811 3507 esse
1845 3473 1939 3521 ge-

283 3550 413 3585 nere
445 3537 684 3597 spiritus,
719 3548 896 3597 neque
925 3546 1120 3595 corpus
1161 3532 1277 3593 ejus
1326 3544 1442 3579 esse
1490 3544 1687 3592 genere
1730 3544 1941 3595 corpus,

282 3609 357 3656 ita
386 3607 569 3663 homo,
600 3607 697 3655 etsi
727 3610 931 3654 remoto
963 3605 1202 3665 corporis
1266 3601 1450 3650 habitu
1500 3606 1552 3649 et
1600 3600 1812 3658 animae,
1850 3602 1937 3650 de-

284 3680 414 3727 sinit
444 3692 557 3727 esse
596 3678 756 3727 homo
788 3681 948 3738 atque
980 3674 1197 3731 animal,
1226 3687 1499 3737 nunquam
1533 3677 1710 3721 tamen
1738 3672 1940 3721 desinit

284 3764 404 3800 esse
434 3763 632 3810 corpus
663 3753 714 3797 et
743 3747 981 3808 spiritus.
1013 3747 1159 3794 Sicut
1208 3750 1385 3793 autem
1441 3744 1621 3792 divina
1676 3748 1936 3805 potestate

286 3822 403 3869 haec
435 3826 714 3883 perpetua,
751 3824 1039 3880 antequam
1093 3820 1272 3865 essent
1330 3814 1551 3878 aliquid,
1606 3812 1692 3862 his
1747 3829 1935 3877 perpe-

285 3895 395 3943 tuis
432 3891 815 3947 subsistentiis,
857 3892 935 3937 eis
982 3903 1098 3937 esse
1148 3886 1347 3949 aliquid
1405 3886 1696 3949 potuerint,
1755 3892 1939 3948 postea

285 3978 417 4012 vero
450 3962 561 4011 solo
593 3965 809 4011 auctore
856 3960 981 4019 Deo,
1033 3958 1176 4021 quod
1235 3962 1484 4020 poterant
1529 3971 1643 4005 esse
1700 3957 1935 4018 fuerunt,

288 4040 343 4085 et
374 4038 425 4083 in
460 4036 538 4082 his
589 4034 705 4095 ipso
762 4032 873 4080 solo
926 4032 1235 4080 continente
1295 4032 1553 4091 perpetuo
1604 4036 1917 4078 manserunt

288 4107 520 4167 ideoque
582 4104 883 4153 necessario
944 4104 1015 4149 sic
1062 4101 1243 4149 futura
1300 4100 1574 4156 dicuntur,
1624 4102 1695 4148 ita
1778 4103 1935 4149 etiam

288 4178 477 4226 divina
534 4180 798 4239 potestate
857 4174 1146 4235 praedictis,
1211 4176 1368 4233 atque
1452 4171 1760 4234 bnjusmodi
1824 4172 1937 4221 aliis

287 4249 656 4315 generationis
714 4254 767 4297 et
822 4246 1183 4308 corruptionis
1253 4242 1487 4304 habitus,
1544 4248 1599 4292 et
1676 4244 1758 4293 bis
1819 4259 1937 4309 quas

287 4322 505 4371 illorum
568 4323 883 4382 potestatem
942 4321 1262 4379 sequuntur,
1321 4328 1503 4363 eorum
1563 4315 1802 4376 subjecta
1846 4320 1939 4364 aut

288 4392 655 4454 generationis
690 4404 783 4439 seu
832 4385 1193 4450 corruptionis
1240 4399 1350 4433 sum
1400 4388 1629 4447 tempus,
1681 4390 1732 4434 et
1774 4400 1938 4449 gene-

288 4466 415 4523 rari,
440 4469 489 4512 et
517 4477 649 4519 esse,
715 4468 765 4511 et
822 4459 1092 4521 corrumpi
1176 4461 1483 4518 potuerunt,
1561 4462 1746 4519 postea
1812 4472 1936 4506 vero

288 4536 421 4589 Deo,
458 4534 572 4583 sola
604 4533 891 4581 voluntatis
939 4544 1047 4579 sum
1099 4543 1277 4584 causa,
1327 4534 1584 4589 operante
1629 4530 1939 4590 generatio-

289 4606 379 4655 nis
417 4610 467 4654 et
500 4606 861 4666 corruptionis
902 4601 1156 4661 motibus,
1217 4600 1455 4648 diversos
1512 4605 1680 4648 status
1737 4600 1935 4648 habue-

288 4682 437 4726 runt.
474 4676 605 4725 Nam
640 4681 696 4725 ut
753 4676 817 4723 de
867 4674 1074 4723 caeteris
1132 4676 1425 4732 taceamus,
1484 4672 1645 4720 homo
1702 4673 1938 4734 corporis

290 4747 645 4806 animatione,
704 4750 866 4809 atque
928 4745 1123 4793 animae
1178 4742 1456 4791 rationalis
1506 4744 1939 4804 incorporatione

290 4820 494 4869 animal
542 4818 601 4867 ﬁt
655 4822 815 4880 atque
872 4816 1053 4865 homo.
1112 4815 1283 4863 Habet
1329 4820 1507 4863 autem
1542 4818 1681 4864 recte
1714 4815 1939 4863 creden-

287 4894 427 4941 tium
462 4891 606 4951 rides,
637 4889 780 4952 quod
812 4887 951 4935 hanc
981 4888 1035 4933 in
1078 4884 1296 4933 homine
1344 4886 1583 4949 corporis
1636 4885 1936 4949 animaeque

291 4976 627 5025 compagem,
662 4962 777 5009 sine
835 4960 1020 5020 aliqua
1075 4955 1434 5019 corruptione.
1482 4956 1665 5006 divina
1720 4971 1939 5006 conser-

290 5043 475 5083 vasset
495 5034 759 5087 voluntas,
792 5031 834 5079 si
868 5030 1027 5078 homo
1089 5027 1257 5090 ipsius
1288 5028 1503 5077 factoris
1553 5031 1633 5078 sui
1686 5030 1938 5079 mandata

290 5110 578 5156 servasset.
610 5104 741 5152 Cum
774 5117 899 5151 vero
930 5099 1168 5148 mandati
1228 5100 1663 5160 praevaricatione
1722 5115 1936 5163 poenam

288 5176 507 5232 meruit,
544 5175 865 5237 Deijustitia
917 5187 980 5221 ex
1036 5185 1145 5219 sum
1202 5171 1492 5219 voluntatis
1550 5173 1707 5220 unica
1755 5186 1935 5231 causa,

287 5248 584 5299 multorum
618 5259 871 5308 generum
905 5243 1261 5305 passionibus,
1296 5245 1347 5290 et
1398 5244 1554 5290 etiam
1604 5242 1841 5304 corporis
1889 5248 1941 5291 et

290 5319 491 5371 animas
527 5317 881 5366 dissolutione
912 5315 1059 5363 illum
1119 5313 1299 5363 affixit.
1362 5314 1548 5361 Postea
1603 5317 1776 5362 tamen
1826 5314 1941 5375 pla-

286 5394 404 5443 cuit
450 5388 524 5437 illi
589 5388 881 5452 justiticare
942 5389 1227 5447 peccatem,
1307 5398 1577 5433 assumere
1654 5385 1937 5447 dejectnm,

284 5462 581 5513 reformare
614 5462 963 5521 corruptum;
998 5462 1045 5505 et
1077 5456 1131 5503 in
1172 5456 1260 5503 illa
1306 5455 1699 5504 reformationis
1749 5461 1941 5504 natura

290 5534 547 5584 eumdem
572 5531 825 5591 deinceps
884 5530 999 5576 sine
1057 5527 1161 5576 fine
1220 5541 1453 5575 servare.
1499 5527 1636 5575 Ante
1664 5530 1939 5589 peccatum

291 5619 423 5665 ergo
456 5603 575 5659 fuit,
606 5606 659 5650 et
691 5604 810 5662 post
836 5599 1271 5647 reformationem
1333 5599 1543 5647 futurus
1601 5603 1679 5647 est
1734 5598 1944 5645 immor-

290 5675 474 5727 talis:
534 5673 627 5721 sed
682 5676 805 5721 ante
860 5674 1156 5732 peccatum,
1190 5672 1315 5733 quia
1378 5671 1554 5733 potuit
1610 5683 1715 5718 non
1764 5670 1939 5729 mori;

295 5750 424 5810 post
453 5744 887 5794 reformationem
918 5756 1063 5797 vero,
1098 5742 1225 5804 quia
1251 5754 1358 5791 non
1392 5741 1590 5804 poterit
1622 5740 1756 5790 mori
1783 5756 1794 5799 ;
1822 5746 1942 5790 ante

296 5824 579 5883 peccatum
642 5821 819 5865 tamen
880 5814 1052 5877 potuit
1108 5813 1263 5873 mori,
1321 5818 1444 5877 post
1490 5818 1765 5878 peccatum
1823 5826 1943 5864 vero

2047 3182 2324 3241 putaretur
2355 3192 2512 3225 verus
2541 3178 2717 3233 homo,
2764 3176 2867 3224 nisi
2916 3192 3004 3225 eas
3049 3191 3217 3239 usque
3249 3178 3312 3225 ad
3343 3177 3535 3224 animm
3567 3190 3682 3225 cor-

2044 3248 2299 3310 porisque
2331 3248 2732 3295 dissolutionem
2790 3250 3030 3297 sentiret.
3082 3251 3202 3296 Post
3242 3246 3686 3296 resurrectionem

2043 3318 2530 3381 quoquecorporis
2552 3324 2603 3367 et
2639 3319 2833 3367 animm
2882 3321 3187 3382 conjunctio
3238 3332 3449 3380 semper
3502 3332 3681 3367 mane-

2042 3390 2136 3439 bit.
2165 3392 2300 3438 Sunt
2331 3405 2457 3451 ergo
2504 3391 2801 3439 mortalitas
2850 3397 2901 3439 et
2950 3392 3336 3446 immortalitas,
3385 3390 3581 3451 quibus
3630 3390 3687 3437 in

2042 3462 2266 3511 diversis
2300 3461 2634 3524 temporibus
2684 3463 2978 3510 secundum
3016 3464 3298 3524 prmdictas
3338 3464 3572 3510 rationes
3614 3463 3687 3509 di-

2041 3535 2175 3582 citur
2207 3534 2368 3581 homo
2402 3547 2555 3594 posse
2584 3534 2663 3581 vel
2699 3548 2804 3581 non
2856 3548 3011 3594 posse
3061 3536 3195 3581 mori
3242 3534 3323 3581 vel
3369 3547 3478 3581 non
3527 3534 3680 3589 mori,

2040 3606 2291 3667 potentia:
2322 3605 2567 3667 qumdnm
2614 3619 2675 3653 ex
2733 3609 3024 3653 eventuum
3081 3605 3469 3653 consuetudine
3528 3607 3684 3653 nobis

2042 3684 2201 3736 notas,
2236 3678 2461 3738 ideoque
2493 3678 2547 3723 in
2575 3682 2950 3739 argumentum
2997 3678 3231 3724 veritatis
3281 3678 3530 3724 humanm
3562 3678 3681 3725 sub-

2041 3749 2264 3803 stantiw,
2315 3747 2610 3796 secundum
2663 3747 3037 3810 prmdictorum
3098 3751 3399 3808 temporum
3462 3749 3678 3796 diversi-

2040 3822 2226 3878 tatem,
2256 3833 2397 3880 smpe
2439 3825 2745 3867 sumuntur.
2810 3820 3104 3879 Diligenter
3147 3823 3324 3866 tamen
3375 3824 3454 3867 est
3501 3824 3677 3867 atten-

2041 3890 2293 3945 dendum,
2323 3890 2465 3951 quod
2514 3890 2556 3937 si
2606 3891 2724 3952 quis
2789 3896 2978 3952 praeter
3026 3891 3275 3938 humanae
3320 3893 3681 3951 generationis

2041 3963 2208 4025 legem
2243 3961 2311 4009 sit
2345 3964 2524 4019 homo,
2559 3960 2797 4021 ad_illius
2846 3962 3094 4010 humanm
3144 3963 3460 4011 substantias
3499 3964 3685 4011 Verita-

2041 4040 2145 4083 tem
2186 4034 2517 4093 probandam
2574 4034 2656 4082 vel
2717 4033 3142 4095 improbandam,
3191 4034 3302 4082 ba-c
3350 4036 3682 4082 mortalitatis

2042 4110 2095 4155 et
2126 4104 2543 4153 immortalitatis
2578 4106 2795 4153 inventa
2829 4118 2933 4152 non
2979 4105 3199 4152 faciunt.
3249 4106 3301 4152 Si
3358 4107 3476 4165 quis
3537 4104 3679 4153 enirn

2041 4178 2181 4227 dicat
2204 4178 2470 4226 Christum
2499 4192 2606 4225 non
2654 4192 2769 4225 esse
2819 4191 3004 4225 verum
3054 4178 3343 4229 hominem.
3392 4177 3515 4237 quia
3570 4186 3689 4237 post.

2040 4255 2317 4312 peccatum
2344 4252 2638 4311 primorum
2670 4254 2949 4310 parentum
3009 4248 3153 4295 nulla
3196 4246 3461 4295 moriendi
3512 4261 3693 4296 neces-

2040 4320 2193 4369 sitate
2247 4324 2475 4375 tenetur,
2542 4324 2633 4368 aut
2695 4324 2816 4367 ante
2865 4320 3307 4367 resurrectionem
3384 4332 3532 4365 suam
3584 4334 3693 4368 non

2040 4392 2200 4440 fuisse
2239 4391 2429 4439 talem‘.
2450 4392 2633 4453 quales
2682 4394 2803 4452 pnst
2864 4404 3200 4438 communem
3247 4388 3488 4436 omnium
3520 4404 3700 4439 resur-

2044 4462 2341 4511 rectionem
2375 4461 2539 4510 futuri
2576 4467 2703 4509 sunt
2737 4462 2899 4515 beati,
2930 4476 2992 4509 eo
3032 4464 3172 4521 quod
3228 4475 3415 4523 passus
3457 4464 3553 4513 est,
3588 4475 3695 4509 non

2047 4526 2311 4597 procedit.
2342 4533 2459 4581 Non
2520 4534 2665 4582 enim
2710 4534 2823 4595 lege
2883 4534 3103 4595 peccati,
3157 4533 3257 4581 hoc
3314 4540 3395 4581 est
3451 4533 3694 4583 ministra

2048 4606 2282 4653 humana
2314 4605 2773 4666 concupiscentia,
2835 4619 2897 4651 ex
2954 4618 3097 4652 mare
3148 4610 3198 4652 et
3248 4604 3445 4652 femina
3476 4606 3693 4663 genitus

2046 4683 2143 4733 est,
2178 4677 2406 4739 ideoque
2434 4691 2532 4724 nec
2581 4674 2831 4737 originali
2892 4682 3061 4733 reatu,
3122 4690 3221 4723 nec
3279 4676 3532 4738 peccandi
3590 4690 3688 4725 nec

2042 4746 2285 4809 patiendi
2312 4748 2417 4795 ulla
2452 4748 2785 4803 necessitate,
2817 4761 2915 4795 nec
2957 4753 3079 4795 ante
3117 4760 3215 4795 nec
3242 4752 3360 4809 post
3383 4750 3685 4812 passionem

2043 4823 2291 4875 tenetur;
2324 4818 2417 4865 sed
2450 4816 2591 4865 sicut
2620 4819 2899 4865 voluntare
2945 4832 3067 4865 caro
3114 4816 3284 4865 factus
3344 4824 3440 4879 est,
3482 4820 3555 4865 ita
3598 4832 3688 4866 vo-

2042 4891 2247 4938 luntate
2283 4894 2335 4937 et
2366 4903 2551 4950 passus
2574 4892 2676 4947 est,
2727 4894 2777 4935 et
2829 4890 3138 4947 resurrexit,
3190 4895 3242 4938 et
3289 4892 3401 4937 sine
3443 4891 3685 4949 passione

2042 4961 2222 5023 aliqua
2255 4960 2511 5021 deinceps
2556 4959 2911 5020 permanebit.
2964 4960 3228 5016 Quoniam
3282 4968 3457 5008 tamen
3503 4960 3685 5007 divina

2043 5032 2393 5094 dispositione
2451 5032 2627 5078 omnis
2678 5033 2915 5078 humana
2964 5047 3085 5080 caro
3136 5032 3207 5089 ﬁt,
3232 5038 3323 5080 aut
3362 5046 3426 5079 ex
3458 5045 3601 5079 mare
3633 5035 3688 5079 et

2042 5102 2260 5159 femina,
2294 5107 2385 5149 aut
2414 5116 2477 5149 ex
2512 5115 2654 5149 mare
2702 5103 2815 5149 sine
2861 5102 3075 5159 femina,
3128 5108 3217 5151 aut
3266 5105 3379 5151 sine
3433 5117 3576 5150 mare
3622 5116 3683 5149 ex

2043 5176 2259 5229 femina,
2315 5180 2408 5222 aut
2455 5175 2569 5221 sine
2620 5186 2764 5220 mare
2796 5178 2847 5220 et
2894 5174 3110 5231 femina,
3154 5176 3391 5235 oportuit
3440 5178 3498 5220 ut
3545 5173 3691 5220 Chri-

2045 5250 2175 5294 stus.
2208 5249 2299 5293 aut
2332 5258 2439 5292 non
2481 5244 2649 5299 fieret,
2700 5250 2791 5290 aut
2844 5244 3022 5307 aliquo
3054 5248 3273 5294 istorum
3324 5248 3557 5305 quatuor
3586 5258 3693 5290 mo-

2046 5317 2233 5364 dorum
2262 5315 2411 5363 fieret
2440 5328 2578 5362 caro.
2610 5314 2743 5362 Cum
2774 5319 2971 5371 autem;
2993 5318 3150 5364 trium
3183 5315 3463 5362 modorum
3511 5328 3695 5361 exem-

2047 5388 2276 5450 plaipsa
2328 5385 2557 5433 faciente
2602 5386 2711 5447 jam
2761 5388 3177 5445 prmcessissent,
3229 5386 3394 5433 Adam
3461 5398 3697 5446 namque

2047 5472 2219 5520 neque
2251 5472 2313 5505 ex
2345 5471 2491 5505 mare
2526 5470 2701 5519 neque
2767 5470 2830 5504 ex
2876 5457 3095 5518 femina,
3147 5457 3234 5504 sed
3283 5470 3345 5503 ex
3382 5459 3537 5504 terrm
3569 5456 3697 5504 limo

2048 5530 2437 5594 plasmaverat;
2498 5530 2659 5575 Evam
2722 5541 2851 5575 vero
2912 5542 2971 5575 ex
3029 5541 3173 5575 mare
3234 5528 3347 5575 sine
3408 5528 3605 5574 femina
3636 5540 3700 5575 ex

2050 5605 2195 5649 costa
2225 5600 2384 5657 Ades;
2439 5604 2663 5646 caeteros
2706 5604 2882 5645 autem
2933 5612 3281 5661 quoscunque
3340 5611 3403 5645 ex
3453 5610 3594 5643 mare
3645 5600 3699 5645 et

2051 5673 2279 5729 femina;
2312 5675 2561 5731 quartum
2592 5671 2682 5732 qui
2732 5668 2980 5723 restabat,
3038 5671 3090 5717 in
3154 5672 3329 5732 seipso
3378 5670 3491 5716 sine
3549 5680 3693 5716 mare

2054 5758 2116 5795 ex
2177 5740 2379 5791 femina
2430 5755 2552 5789 caro
2604 5740 2796 5796 factus,
2856 5741 3109 5797 ostendit,
3169 5740 3419 5804 quamvis
3472 5739 3689 5802 quidam

2052 5816 2214 5880 (sicut
2235 5814 2344 5876 jam
2378 5810 2629 5862 diximus)
2659 5812 2867 5861 mentiti
2898 5817 3025 5861 sunt
3058 5826 3272 5863 carnem
3321 5816 3437 5876 ejus
3485 5811 3694 5859 noviter
