4046 6180
380 332 513 385 1395

376 459 544 507 fuisse
575 456 882 505 formatum.
915 446 1020 498 Sed
1049 446 1153 494 hoc
1183 443 1351 493 refelli
1410 443 1588 504 potest
1648 438 1749 486 hac

378 534 561 596 quitur
589 527 818 583 ratione,
854 521 1109 586 quoniam
1169 518 1376 566 scilicet
1407 515 1543 571 htBC,
1597 512 1733 560 sicut
1789 505 1865 556 illi
1918 504 2032 596 opi-

382 572 599 659 iiautur,
634 599 840 649 noviter
871 572 1102 642 iormata
1163 602 1308 646 caro,
1343 591 1434 636 aut
1467 585 1541 633 ita
1602 583 1716 629 visa
1762 581 1841 627 est
1871 572 2038 624 oculis

384 650 1086 729 hominum,utputarctur
1147 675 1264 709 esse.
1324 659 1430 707 tale
1484 669 1676 715 corpus
1738 650 1879 715 quod
1946 659 2040 709 per

386 745 704 809 originalem
734 721 1154 800 assumptionem
1192 733 1257 780 ab
1292 731 1513 778 homine
1546 725 1814 774 diceretur
1856 721 2040 769 huma-

389 791 537 873 ηυξ),
568 814 711 878 quod
742 791 934 860 tamen.
957 819 1163 860 revera,
1191 803 1292 852 hoc
1352 805 1430 850 est
1477 797 1701 847 veritate
1744 794 1898 842 dictm
1935 791 2038 838 ori-

390 861 692 951 ginis,iion
725 884 865 931 esset
921 880 1240 931 humanum,
1302 874 1500 933 quippe
1554 866 1698 932 quod
1757 878 1865 913 non
1925 861 2043 910 dico

393 936 753 1021 Bulli’posnm,
783 953 875 1000 sed
905 951 1022 1021 dico
1051 948 1182 996 nulli
1215 941 1457 1006 originali
1512 954 1686 1005 pcenm
1723 936 2044 1021 sub-iaceret.

392 1005 873 1096 secundum
921 1020 1084 1084 hujus
1143 1005 1398 1096 temporis
1449 1016 1646 1061 statum
1699 1005 2048 1096 probabiliter

394 1078 774 1165 ddjungimus;
827 1100 918 1144 aut
969 1078 1109 1139 n'ova
1159 1087 1404 1152 quaedam
1461 1088 1658 1146 [master
1715 1078 2045 1136 originalem,

392 1149 683 1223 ut'dict’um
717 1149 816 1224 est,
848 1149 1289 1223 assuuiptionem,
1324 1171 1442 1221 quae
1478 1167 1585 1203 non
1646 1151 1754 1199 sola
1795 1149 2050 1210 opinione

395 1245 622 1300 dicatur,
655 1239 748 1289 sed
780 1221 955 1298 reipsa
1003 1221 1068 1282 sit
1131 1245 1260 1279 vera
1303 1226 1540 1277 hominis
1576 1229 1784 1282 natura,
1817 1221 1880 1268 ad
1915 1224 2052 1266 tem-

395 1330 498 1380 pus
527 1292 755 1363 formata
787 1292 900 1364 est';
939 1321 1040 1355 nec
1070 1303 1356 1365 subjacens
1387 1311 1561 1362 pusum
1619 1292 1899 1358 originalis
1931 1303 2053 1351 pec-

399 1366 519 1444 cati,
552 1389 653 1436 hoc
700 1388 779 1432 est
826 1393 945 1444 qua:
1007 1391 1102 1441 pro
1156 1378 1379 1438 peccato
1426 1372 1720 1434 primorum
1770 1366 2054 1428 parentum

401 1458 654 1510 omnibus
685 1470 750 1505 ex
781 1434 859 1502 eis
891 1464 985 1514 per
1009 1434 1508 1509 concupiscentiam
1556 1436 1875 1500 genitis,qui
1899 1434 2056 1481 etiam

403 1533 523 1581 ideo
554 1527 806 1592 originali
858 1508 1114 1592 tenentur
1175 1508 1348 1570 reatu,
1402 1516 1602 1592 inﬂicta
1661 1514 1757 1558 est.
1815 1508 2056 1592 Sre'nsnsf

409 1603 531 1650 llaac
562 1574 774 1647 noviter
805 1591 1101 1642 sccundum
1130 1588 1340 1650 aliquos
1398 1583 1628 1632 formata
1674 1592 1798 1628 caro
1846 1574 2060 1633 Christi,

410 1677 503 1722 aut
532 1671 644 1718 visa
673 1671 754 1716 est
783 1663 924 1728 quod
955 1675 1064 1709 non
1099 1649 1232 1714 fuit,
1261 1656 1510 1704 videlicet
1536 1666 1652 1702 esse
1694 1664 1787 1712 per
1824 1649 2064 1710 origina-

411 1745 515 1792 lem
548 1719 967 1799 assumpti-onem
1030 1732 1096 1780 ab
1155 1728 1373 1777 homine
1437 1737 1634 1784 corpus
1688 1719 1940 1774 hominis,
1973 1723 2065 1766 aut

414 1816 552 1863 sicut
577 1825 684 1860 non
713 1809 830 1863 fuit,
864 1819 964 1853 nec
996 1803 1108 1850 visa
1165 1803 1247 1849 est

417 1885 530 1933 visa
559 1888 638 1931 est
669 1859 954 1942 quodnon
981 1872 1104 1933 fuit,
1137 1870 1247 1920 imo
1271 1868 1316 1916 si
1359 1867 1501 1927 quod
1554 1865 1666 1912 visa
1696 1873 1776 1912 est
1807 1875 1915 1911 non
1950 1859 2066 1916 fuit,

418 1956 616 2005 scilicet
652 1935 746 2016 per
775 1949 1198 2009 assumptioncm
1232 1943 1429 1991 factam
1487 1939 1551 1988 ab
1609 1935 1830 1985 homine
1883 1947 2070 1982 verum

418 2006 893 2084 honiinis'corpus,
955 2006 1213 2067 Divinitas
1278 2016 1460 2076 aperte
1525 2009 1769 2073 arguitur
1824 2006 2071 2063 mentita,

419 2114 539 2166 quas
572 2078 915 2152 ostenderet;
948 2090 1100 2166 quasi
1135 2103 1146 2138 :
1180 2088 1254 2136 Eo
1286 2084 1433 2166 quod
1479 2081 1812 2164 ostenderet.
1835 2078 2070 2166 homini-

419 2149 536 2228 bus,
568 2183 664 2233 per
695 2180 784 2216 eas
808 2149 927 2229 quas
965 2149 1163 2210 -solent
1222 2172 1337 2207 esse
1396 2155 1676 2202 hominum
1739 2149 2072 2210 originaliter

421 2224 841 2304 assumptorum—
873 2235 1244 2298 proprietates,
1301 2241 1499 2290 corpus
1560 2225 1702 2288 quod
1767 2237 1873 2271 non
1933 2224 2075 2270 esset

419 2293 625 2367 verum:
657 2293 892 2373 qualiter
922 2293 1126 2353 dictum
1160 2307 1258 2358 est,
1288 2300 1391 2348 hoc
1448 2303 1546 2358 est,
1600 2310 1694 2359 per
1755 2293 2074 2354 assumptio-

423 2399 543 2436 nem
569 2363 761 2432 factam
792 2379 858 2426 ab
889 2377 1107 2425 homine
1147 2386 1378 2434 corpus;
1429 2374 1482 2418 et
1530 2381 1648 2416 cum
1694 2379 1800 2414 non
1835 2369 1973 2414 esset
2005 2363 2076 2410 ita

427 2435 632 2506 verum,
665 2456 778 2498 tum
824 2447 1143 2495 fallerentur
1191 2443 1244 2490 hi
1295 2440 1384 2503 qui
1437 2435 1857 2486 secundumhoc
1889 2447 2074 2481 Verum

429 2539 546 2574 esse
575 2520 984 2570 arbitrarentur.
1011 2517 1076 2562 At
1119 2515 1162 2562 si
1207 2526 1366 2568 nova,
1395 2515 1588 2572 praeter
1635 2507 2077 2569 assumptionem,

428 2606 661 2657 veraque
693 2592 866 2649 reipsa
898 2600 1002 2635 non
1035 2601 1095 2634 cx
1146 2583 1362 2632 homine
1419 2585 1631 2640 sumpta
1683 2592 1805 2625 caro
1848 2576 2076 2624 formata

433 2671 530 2720 est,
562 2648 689 2727 quo,
720 2648 780 2709 id
807 2664 886 2708 est
920 2658 985 2707 ad
1021 2655 1168 2719 quid,
1190 2659 1242 2703 et
1274 2653 1436 2727 cujus
1480 2648 1729 2699 utilitatis
1762 2661 1939 2703 causa,
1967 2652 2078 2695 tau-

433 2724 593 2802 quam
615 2735 692 2783 rei
723 2733 877 2782 factm
908 2731 1035 2802 ﬁcta
1058 2732 1156 2802 est,
1186 2730 1356 2802 tanta,
1390 2724 1440 2772 id
1472 2727 1551 2772 est
1582 2727 1659 2770 tot
1705 2734 2076 2783 personarum,

433 2792 524 2858 vel
543 2807 610 2856 ab
640 2804 932 2856 Abraham,
957 2800 1041 2849 vel
1060 2800 1124 2849 ab
1160 2797 1326 2848 Adam
1357 2809 1523 2857 usque
1568 2796 1632 2842 ad
1681 2792 1948 2842 Christum
1993 2806 2078 2853 ge-

435 2875 731 2932 nerationis
761 2871 1176 2938 ejustragmdia,
1223 2870 1322 2916 hoc
1371 2871 1450 2915 est
1500 2864 1574 2914 rei
1606 2865 1741 2914 adeo
1783 2865 1903 2913 altas
1936 2868 2080 2912 tanta

436 2935 860 3001 humiliatio‘fut
890 2946 979 2992 ille
1007 2942 1161 3005 cujus
1190 2939 1468 3001 generatio
1513 2940 1629 2986 erat
1671 2935 1788 2984 sine
1818 2939 2077 2997 tempore,

435 3026 785 3088 generaretur
818 3018 874 3066 in
907 3023 1165 3079 tempore.
1199 3013 1296 3088 Ubi
1317 3014 1430 3088 est,
1463 3010 1618 3088 cujus
1667 3009 1915 3058 videlicet
1978 3007 2082 3056 uti-

434 3080 599 3146 Iitatis
631 3093 735 3141 tino
794 3091 892 3139 fuit
945 3094 1126 3138 tantus
1188 3085 1419 3134 ambitus
1482 3080 1763 3146 passionis,
1797 3081 1862 3129 ad
1922 3094 2082 3142 quam

1010 321 1078 374 IN
1121 319 1385 374 LIBRUM
1425 315 1514 370 DE
1556 309 1833 368 DUABUS
1874 302 2179 361 NATUBIS
2217 301 2305 354 ET
2345 299 2485 353 UNA
2525 291 2850 351 PERSONA
2891 287 3165 344 CHRISTI

1795 446 1916 497 qua:
1945 443 2031 478 se-
2064 429 2108 494 Α
2209 426 2319 474 Non
2377 421 2614 472 ascendit
2644 421 2701 467 in
2725 416 2928 473 oculum,
2961 414 3086 474 etc.|
3116 412 3166 461 Si
3197 414 3367 460 tamen
3425 409 3574 472 hujus
3613 422 3732 458 erro-

2146 496 2220 547 ris
2245 497 2364 551 fuit,
2398 493 2719 544 utcrederet
2752 501 2948 550 corpus
2980 485 3176 535 Christi
3209 496 3313 531 non
3362 495 3482 530 vere
3521 481 3658 528 fuisse
3683 493 3734 527 ex

2143 569 2381 628 homine,
2413 566 2505 615 sed
2537 566 2811 624 sumptum
2845 574 2907 608 ex
2942 563 3085 607 terra
3138 555 3370 609 aliunde,
3402 558 3548 614 atque
3591 565 3616 598 a
3649 551 3736 600 Deo

2144 625 2432 692 formatum
2466 641 2516 686 in
2555 637 2709 691 coelo,
2741 634 2883 697 quod
2917 632 2993 679 illi
3036 627 3234 678 idcirco
3293 629 3456 675 visum
3495 625 3638 672 fuisse
3674 626 3739 670 vi-

2146 715 2318 769 detur,
2356 711 2606 774 quoniam
2641 712 2779 756 recte
2817 703 3053 754 creditur
3102 701 3341 749 Christus
3397 712 3512 746 cum
3554 710 3739 757 corpore

2147 787 2201 834 in
2229 767 2420 834 cminin
2453 780 2780 833 ascendisse,
2832 781 2884 824 et
2940 777 3094 838 putat
3141 786 3261 820 cum
3321 784 3385 818 eo
3435 781 3547 816 cum
3577 781 3668 829 quo
3693 767 3742 814 de

2151 858 2280 906 cmlo
2313 855 2702 910 descenderat;
2736 849 2879 913 quod
2911 848 3016 896 tale
3050 845 3351 906 exemplum
3384 843 3628 895 continet,
3668 840 3749 887 hoc

2153 933 2234 979 est
2261 927 2406 990 quod
2439 927 2553 974 haec
2585 909 2767 987 ipsius
2789 915 3073 979 hvangelii
3136 915 3302 964 verba
3359 913 3638 975 signiﬁcare
3687 909 3748 956 vi-

3614 285 3721 337 I396

2155 980 2366 1054 dentlur,
2404 980 2745 1060 quibusipse
2776 991 3020 1039 Christus
3049 989 3140 1043 ait,
3173 989 3278 1035 ita:
3312 986 3427 1033 Non
3467 981 3683 1031 ascendit
3707 980 3748 1028 in

2157 1052 2366 1124 coelum,
2401 1052 2501 1116 nisi
2529 1065 2619 1128 qui
2656 1052 2934 1113 descendit
2966 1061 3030 1109 de
3063 1060 3219 1107 coelo.
3252 1056 3403 1113 Quod
3441 1055 3588 1128 longe
3627 1052 3751 1100 aliter

2159 1137 2478 1202 intelligitur
2506 1153 2516 1186 :
2549 1124 2677 1186 nam
2711 1136 2774 1183 de
2805 1133 3011 1181 Christo
3043 1136 3094 1178 et
3123 1130 3374 1178 omnibus
3405 1125 3652 1174 salvandis
3676 1124 3754 1200 hoc

2160 1193 2364 1260 dictum
2389 1220 2484 1271 est,
2519 1213 2572 1257 et
2602 1211 2685 1255 est
2712 1205 3001 1254 verborum
3052 1203 3249 1250 veritas
3298 1195 3673 1259 irretragabilis,
3720 1193 3753 1241 si

2161 1284 2278 1346 quis
2311 1294 2419 1330 non
2452 1266 2653 1329 nesciat
2683 1291 2818 1332 eam,
2850 1289 2968 1338 quae
2996 1278 3075 1321 est
3125 1273 3328 1319 ratione
3381 1267 3622 1316 consortii
3653 1266 3758 1327 capi-

2162 1339 2228 1402 tis
2261 1356 2312 1400 et
2342 1351 2724 1403 membrorum,
2753 1345 3151 1409 junctissimam
3185 1339 3466 1389 unitatem.

2226 1422 2331 1470 Sed
2356 1430 2505 1482 satas,
2538 1418 2661 1485 etc.]
2719 1407 2979 1478 Superius
3035 1419 3239 1469 auctor,
3297 1411 3486 1459 volens
3537 1407 3759 1468 disputare

2166 1503 2351 1546 contra
2405 1479 2717 1558 Opinionem
2774 1491 2915 1539 illam
2972 1502 3078 1549 qua
3138 1486 3274 1535 forte
3329 1485 3450 1547 quis
3508 1487 3642 1545 putat
3684 1479 3760 1554 hu-

2167 1583 2380 1619 manam
2440 1550 2688 1616 naturam
2749 1561 2806 1611 in
2866 1559 3074 1609 Christo
3139 1558 3302 1606 fuisse
3381 1569 3486 1603 non
3559 1569 3586 1601 a
3635 1550 3762 1601 Maria

2168 1646 2434 1703 sumptam
2467 1637 2713 1685 dividens
2742 1635 2814 1682 ita
2837 1633 2945 1680 ait:
3006 1629 3172 1678 Natus
3237 1642 3300 1677 ex
3347 1627 3519 1676 Maria
3553 1625 3764 1676 Christus,

2169 1694 2383 1762 aut-ab
2446 1723 2509 1758 ea
2566 1719 2784 1755 carnem
2842 1704 3131 1751 humanam
3190 1699 3366 1755 traxit,
3429 1704 3518 1745 aut
3577 1694 3764 1742 minime.

2023 1765 2065 1837 si
2096 1795 2141 1857 Β
2173 1781 2380 1832 Deinde
2417 1783 2609 1857 contra
2633 1777 2758 1826 illos
2813 1774 2906 1854 qui
2961 1776 3154 1835 putant
3201 1773 3348 1857 quod
3392 1784 3423 1816 a
3468 1767 3623 1857 Maria
3649 1765 3767 1813 mini-

2174 1869 2258 1905 me
2290 1851 2526 1909 traxerit,
2560 1846 2875 1911 disputavit,
2931 1849 2984 1893 et
3044 1857 3138 1905 per
3194 1842 3352 1905 plura
3391 1853 3509 1903 quae
3538 1837 3650 1911 inde
3676 1850 3769 1896 pro-

2173 1923 2354 1974 venire
2385 1909 3127 1978 videnturinconvenientia,
3159 1913 3479 1976 opinionem
3523 1909 3651 1957 illam
3691 1919 3768 1954 cm-

2173 1998 2303 2047 nino
2333 1992 2676 2057 improbavit.
2713 1989 2868 2040 Unde
2918 2000 3065 2036 nunc
3111 1985 3176 2033 ad
3224 1984 3385 2033 aliam
3431 1979 3681 2045 praedicta:
3710 1977 3770 2024 dio

2174 2069 2400 2120 visionis
2458 2071 2665 2129 partem
2722 2062 2910 2111 volens
2973 2059 3221 2119 transire,
3276 2062 3332 2106 et
3389 2069 3612 2104 errorem
3654 2058 3772 2112 Euty-

2176 2143 2289 2193 cbis
2318 2142 2382 2190 de
2414 2124 2728 2188 naturarum
2760 2137 2812 2183 in
2836 2134 3046 2182 Christo
3090 2136 3210 2193 post
3253 2131 3682 2179 resurrectionem
3708 2124 3772 2172 ad-

2179 2214 2379 2266 unione
2411 2213 2707 2263 destruere.
2759 2205 2836 2256 ait
2883 2205 2988 2254 ita:
3044 2204 3145 2254 Sed
3195 2203 3327 2252 satis
3373 2201 3569 2250 dictum
3609 2200 3774 2245 videtur

2177 2290 2242 2339 de
2273 2302 2336 2336 ea
2366 2284 2644 2335 divisionis
2677 2285 2844 2344 parte,
2880 2278 2924 2326 si
2975 2275 3222 2325 videlicet
3273 2290 3476 2336 corpus
3511 2272 3639 2336 quod
3659 2270 3776 2344 Chri-

2179 2367 2292 2410 stus
2323 2359 2550 2420 excepit,
2597 2342 2708 2403 non
2757 2353 3006 2400 credatur
3060 2354 3399 2410 assumptum
3444 2362 3505 2395 ex
3553 2343 3711 2395 Maria.
3736 2342 3773 2389 Si

2177 2449 2308 2484 vero
2340 2434 2676 2492 assumptum
2709 2441 2770 2475 ex
2819 2423 3018 2483 Maria;
3069 2423 3462 2480 conﬁrmativa,
3509 2434 3599 2482 pro
3644 2431 3694 2464 ea:
3718 2415 3775 2462 di-

2178 2506 2266 2564 cit,
2301 2506 2342 2553 si
2377 2505 2713 2563 assumptum
2746 2502 2846 2555 est,
2878 2497 3070 2560 quasi:
3121 2495 3270 2552 Quod
3337 2495 3520 2555 utique
3573 2497 3658 2545 est,
3705 2501 3775 2536 ue-

2182 2592 2284 2642 que
2321 2576 2460 2626 sicut
2502 2573 2768 2637 Eutyches
2819 2569 2914 2628 ait,
2975 2567 3272 2632 permansit
3327 2567 3561 2628 perfecta
3596 2565 3778 2611 humana

2181 2641 2474 2712 divinaque
2503 2651 2713 2705 natura,
2746 2644 2799 2692 id
2832 2643 3021 2698 tribus,
3056 2649 3155 2689 etc.
3205 2641 3625 2702 Disputationem
3665 2645 3777 2680 suam

2182 2737 2212 2772 a
2256 2721 2521 2771 divisione
2582 2716 2791 2779 incipit,
2854 2720 2909 2766 et
2965 2715 3162 2764 divinas
3216 2714 3572 2774 humanaeque
3625 2713 3780 2755 natura

2183 2794 2620 2857 conjunctionem
2662 2792 2716 2839 in
2773 2789 3006 2844 Christo,
3039 2801 3146 2846 qua
3197 2800 3363 2848 supra
3419 2789 3601 2833 contra
3641 2780 3785 2828 Nesto-

2185 2867 2322 2917 rium
2355 2879 2462 2915 non
2495 2879 2590 2928 per
2641 2861 3036 2926 appositionem
3097 2874 3238 2915 esse,
3296 2859 3386 2907 hic
3448 2860 3624 2905 contra
3663 2851 3782 2910 Euty-

2183 2939 2318 2988 chen
2347 2950 2454 2986 non
2490 2920 2606 2984 esse
2663 2920 2760 2998 per
2822 2931 3249 2980 commistionem
3310 2927 3565 2979 ostendit.
3595 2920 3778 2975 Commi-

2184 3012 2285 3061 stio
2345 3022 2581 3070 namque
2629 3012 2710 3055 est
2755 3019 2849 3068 per
2900 3003 3353 3066 compositionem
3409 2998 3639 3050 confusio
3697 3005 3784 3057 qua

2191 3097 2299 3132 non
2333 3082 2439 3130 nisi
2469 3066 2523 3128 in
2560 3078 2731 3128 tribus
2753 3066 2930 3127 modis
2961 3077 3036 3124 ﬁt.
3068 3076 3122 3124 Si
3153 3075 3318 3137 igitur
3357 3075 3412 3122 in
3450 3071 3644 3120 Christo
3682 3066 3782 3116 divi-

435 3167 641 3218 oblatus
673 3163 858 3218 fuisse,
889 3160 1015 3223 quia
1046 3157 1217 3206 voluit
1247 3155 1478 3204 dicitur?
1514 3153 1750 3202 Sensus:
1786 3153 1900 3212 Qua
1943 3151 2078 3200 utili-
2113 3142 2154 3207 C
2195 3172 2262 3206 na
2294 3157 2637 3217 humanaque
2676 3158 2869 3200 natura
2922 3164 3020 3213 per
3068 3147 3498 3198 commistionem
3537 3145 3781 3205 conjuncta!

435 3243 543 3289 tate
563 3237 730 3287 voluit
754 3235 906 3298 pati?
940 3233 1044 3294 Ego
1067 3229 1268 3294 quippe
1293 3232 1454 3298 puto,‘
1473 3241 1565 3298 ne_
1590 3224 1645 3274 in
1694 3225 1910 3275 homine
1958 3226 2082 3289 qui-

438 3312 558 3360 dem
590 3310 679 3372 qni
712 3295 888 3370 potest
935 3316 1132 3358 errare,
1184 3299 1385 3372 nedum
1425 3295 1496 3372 “in
1549 3296 1658 3345 Deo
1706 3298 1797 3359 qui
1847 3311 1954 3346 non
1993 3312 2086 3360 po-

440 3387 560 3433 test.
594 3367 894 3427 non—stulte
925 3374 1060 3433 ﬁeri,
1097 3370 1241 3434 quod
1302 3367 1565 3418 inutiliter
1622 3368 1820 3417 factum
1879 3373 1974 3418 est.
2032 3369 2085 3418 Si

442 3453 565 3515 quis
594 3464 719 3497 vero
751 3447 893 3496 dicat
922 3444 1064 3506 quod
1094 3445 1206 3490 haec
1222 3441 1420 3515 Christi
1454 3453 1562 3488 non
1586 3452 1651 3488 ex
1699 3438 1917 3488 homine
1951 3440 2089 3489 facta

444 3510 760 3579 incarnatio,
793 3521 845 3566 et
876 3515 1115 3578 ejusdem
1147 3513 1453 3561 voluntaria
1481 3513 1656 3574 passio
1707 3510 1910 3560 utiliter
1950 3513 2090 3561 facta

449 3599 545 3651 est,
579 3604 760 3656 quaero
790 3587 855 3636 ad
887 3600 1048 3652 quam
1085 3585 1362 3656 utilitatem
1397 3583 1539 3656 facta
1584 3582 1898 3645 probabitur
1943 3587 2090 3632 tanta

450 3654 727 3714 humilitas
781 3657 1063 3717 Divinitas,
1124 3654 1267 3718 quod
1334 3654 1584 3703 videlicet
1638 3654 1779 3702 Deus
1835 3660 2090 3712 aeternus,

452 3733 821 3797 temporaliter
849 3737 1134 3792 generatus
1182 3731 1235 3774 et
1295 3739 1484 3788 passus
1540 3725 1624 3780 sit,
1683 3723 1727 3772 si
1785 3725 1947 3774 homo
1997 3722 2090 3786 qui

447 3796 608 3872 periit
636 3806 856 3868 peccato
911 3802 1202 3864 primorum
1259 3801 1559 3859 parentum,
1610 3796 1885 3857 temporali
1933 3810 2093 3858 gene-

446 3866 652 3929 ratione
683 3889 743 3924 ac
769 3873 1019 3937 passione
1062 3869 1254 3920 Christi
1313 3881 1422 3916 non
1477 3871 1557 3915 est
1613 3867 1884 3916 salt-atus?
1941 3866 2091 3924 Quod

445 3949 633 4011 utique
657 3945 953 3995 secundum
984 3942 1196 4005 aliquos
1223 3953 1330 3988 non
1363 3943 1459 3998 est,
1492 3939 1742 3999 quoniam
1777 3943 1840 3986 ab
1891 3937 1970 3986 eis
2006 3951 2093 3986 ne-

447 4027 602 4081 gatur
632 4033 747 4067 esse
778 4015 973 4065 Christi
1008 4029 1072 4062 ea
1105 4028 1224 4076 qua:
1257 4016 1337 4061 est
1387 4011 1684 4059 secundum
1735 4025 1946 4058 carnem
2004 4025 2092 4073 ge-

443 4094 726 4142 neratione
755 4092 1078 4148 assumptus.
1111 4087 1316 4133 Rursus
1364 4083 1544 4145 igitur,
1603 4083 1742 4130 sicut
1797 4096 1945 4131 error
1988 4081 2092 4131 Eu-

441 4163 633 4228 tychis,
671 4161 818 4226 quod
855 4161 909 4208 in
974 4156 1406 4228 praecedentibus
1467 4155 1668 4203 dictum
1718 4159 1813 4210 est,
1867 4154 2095 4216 sumpsit

442 4225 767 4301 principium
799 4231 866 4280 ab
896 4230 1080 4279 eodem
1115 4227 1261 4276 fonte
1298 4240 1474 4275 causa:
1516 4240 1546 4275 a
1599 4239 1706 4288 quo
1758 4225 1982 4274 Nestorii
2015 4239 2093 4274 er-

441 4297 548 4358 ror.
576 4297 702 4371 quia
751 4305 954 4353 scilicet
1004 4306 1229 4362 uterque
1269 4312 1377 4346 non
1428 4301 1579 4357 putat
1625 4309 1869 4346 naturam
1923 4297 2092 4360 dupli-

445 4393 558 4430 cem
592 4368 705 4428 esse
736 4380 790 4426 in
819 4376 997 4438 aliquo
1024 4372 1140 4421 sine
1197 4371 1357 4433 dup'i.
1381 4389 1402 4414 ιε
1438 4372 1555 4418 Eunt:
1609 4383 1870 4432 personae,
1907 4370 1980 4418 ita
2025 4368 2092 4418 ad

445 4453 690 4501 eumdem
725 4452 882 4500 ﬁnem
916 4446 1193 4501 relabitur,
1227 4449 1285 4494 ut
1337 4443 1587 4492 videlicet
1633 4443 2087 4505 quemadmodum

2191 3231 2335 3283 sunt,
2358 3228 2411 3274 id
2435 3212 2668 3273 non—nisi
2697 3223 2870 3270 tribus
2895 3220 3033 3269 efﬁci
3082 3219 3256 3282 potuit
3299 3219 3512 3274 modis;
3536 3221 3585 3264 et
3613 3212 3780 3273 quibus.

2192 3297 2455 3346 divisione
2487 3295 2739 3353 declarat,
2769 3291 2988 3340 dicens:
3028 3290 3135 3339 Aut
3177 3291 3321 3339 enim
3373 3286 3612 3338 divinitas
3649 3289 3780 3332 trans-

2193 3372 2294 3422 lata
2324 3369 2488 3417 estin
2525 3362 2933 3417 immanitatem,
2981 3367 3074 3410 aut
3123 3362 3431 3409 humanitas
3479 3360 3532 3407 ia
3582 3353 3782 3404 divinita-

2193 3448 2316 3495 tem,
2350 3444 2442 3488 aut
2506 3443 2747 3499 utrasque
2805 3436 2880 3483 ita
2931 3434 2988 3482 in
3041 3447 3096 3481 se
3155 3436 3472 3494 temperatae
3529 3429 3783 3484 suntatque

2194 3513 2508 3568 commistae,
2570 3513 2625 3558 ut
2659 3496 2868 3555 vneutra
2937 3505 3240 3553 substantia
3300 3507 3515 3551 teneret
3569 3496 3783 3562 propriam

2193 3587 2436 3635 formam.
2483 3582 2574 3630 [-Iic
2631 3579 2919 3628 dicendum
2975 3577 3208 3634 videtur,
3267 3576 3414 3638 quod
3475 3585 3648 3622 eorum
3697 3577 3783 3638 qua!

2193 3670 2318 3706 vere
2354 3655 2646 3704 miscentur
2675 3663 2962 3711 corporum
3032 3652 3258 3702 naturae,
3287 3637 3294 3638 ί
3321 3659 3432 3694 non
3491 3644 3588 3692 nisi
3627 3652 3705 3702 per
3726 3637 3787 3683 de-

2195 3727 2622 3778 nominationem
2677 3722 2930 3770 dicuntur
2988 3719 3244 3776 misceri;
3325 3731 3422 3779 per
3482 3714 3784 3779 subiectorum

2196 3806 2375 3850 tamen
2409 3808 2694 3859 corporum
2727 3793 3024 3848 misturam,
3057 3795 3197 3839 recte
3247 3795 3299 3838 et
3325 3777 3541 3850 absque
3594 3777 3784 3832 denomi-

2197 3871 2432 3922 nationis
2463 3851 2618 3931 trepo
2675 3865 2932 3915 dicuntur
2993 3861 3270 3911 confundi.
3323 3862 3393 3911 Ut
3447 3857 3626 3908 albedo
3666 3859 3707 3902 et
3730 3851 3784 3931 ui-

2196 3944 2364 4008 gredo
2395 3923 2735 4003 nequaquam
2797 3937 3110 3993 miscentur,
3171 3932 3432 3996 quoniam
3490 3923 3782 3989 iueorporales

2197 3997 2340 4069 sunt,
2376 3997 2494 4062 albi'
2517 3997 2693 4059 tamen
2733 4013 2892 4070 atque
2923 4006 3059 4064 nigri
3095 4005 3451 4067 permistione
3504 3997 3781 4049 confundun-

2196 4093 2301 4137 tur.
2333 4066 2498 4147 Igitur
2530 4083 2641 4131 sola
2673 4080 2764 4129 illa
2792 4066 2912 4142 quas
2949 4066 3108 4133 sunt,
3128 4076 3374 4147 misceri;
3431 4073 3524 4123 illa
3570 4084 3677 4147 vero
3703 4066 3782 4128 qui-

2195 4160 2297 4208 bus
2351 4141 2493 4216 s'uut,
2555 4141 2826 4202 confundi
2890 4150 3221 4211 contingere.
3279 4146 3436 4196 Unde
3502 4141 3779 4194 manifestum

2196 4234 2276 4281 est
2304 4227 2446 4290 quod
2483 4225 2737 4274 divinitas
2785 4227 2840 4272 et
2880 4222 3190 4270 humanitas
3235 4232 3358 4282 qua:
3389 4219 3453 4266 de
3487 4216 3671 4265 Christo
3693 4219 3780 4258 rere

2195 4302 2576 4366 praedicantur,
2609 4298 2664 4346 in
2695 4299 2933 4358 ipsorum
2967 4307 3079 4341 non
3112 4293 3231 4340 dico
3265 4305 3376 4340 non
3411 4295 3564 4346 recte,
3608 4286 3682 4335 sed
3714 4293 3780 4330 nec

2198 4358 2358 4423 etiam
2395 4367 2825 4428 denominative,
2884 4366 2988 4414 dici
3045 4368 3273 4427 possunt
3329 4363 3387 4412 in
3449 4376 3504 4410 se
3546 4358 3780 4424 permitte:

2198 4456 2372 4507 neque
2408 4455 2537 4490 vero
2569 4438 2663 4488 Dei
2696 4444 2856 4500 atque
2912 4437 3145 4484 hominis
3196 4436 3250 4482 in
3297 4434 3486 4483 eodem
3517 4430 3672 4492 aliqua
3696 4438 3777 4486 pcr-

445 4524 740 4573 secundum
771 4519 1096 4573 Nestorium,
1129 4519 1200 4565 ita
1231 4529 1448 4580 quoque
1478 4518 1773 4563 secundum
1813 4514 2089 4578 Eutychen
2126 4510 2170 4574 D
2204 4495 2456 4565 mistioue
2489 4512 2747 4571 confusae,
2771 4495 3035 4572 quoniam
3061 4508 3176 4569 ipse
3205 4506 3424 4568 quidem
3479 4504 3610 4552 Deus
3656 4506 3697 4547 et
3718 4495 3782 4542 lio-

445 4609 615 4658 genus
636 4595 933 4642 humanum
968 4603 1076 4638 non
1114 4589 1180 4637 sit
1217 4589 1590 4646 salvatum;et
1631 4601 1794 4636 unum
1835 4586 1935 4636 hoc
1965 4587 2098 4636 infe-

448 4669 613 4722 ratur,
643 4665 835 4726 repetit
886 4663 1116 4711 dicens:
1177 4660 1460 4716 Quoniam.
1526 4662 1818 4707 secundum
1869 4672 2009 4715 eum,
2053 4654 2096 4706 si

447 4742 622 4785 tamen
654 4735 770 4784 haec
803 4734 917 4796 ejus
950 4732 1050 4781 fuit
1081 4730 1282 4793 opinio,
1323 4744 1431 4778 non
1463 4734 1544 4778 est
1595 4729 1791 4779 Christi
1851 4729 2096 4777 incarna-

445 4807 590 4857 tione
621 4810 948 4865 assumptus,
982 4805 1027 4852 is
1083 4803 1172 4865 qui
1235 4809 1378 4850 esset
1429 4815 1588 4862 agger,
1622 4801 1674 4849 id
1733 4805 1812 4849 est
1864 4801 2100 4848 humana

445 4876 766 4936 substantia,
794 4889 914 4938 qua:
947 4877 1000 4923 in
1033 4872 1220 4937 primis
1253 4875 1583 4937 parentibus,
1629 4877 1681 4921 et
1739 4874 1992 4935 deinceps
2042 4873 2097 4920 in

446 4947 786 4998 omnibusex
820 4948 895 4996 eis
949 4959 1044 5008 per
1101 4945 1592 5005 concupiscentiam
1656 4945 1942 5007 generatis,
1989 4945 2100 4992 ori-

448 5020 612 5084 ginali
671 5023 823 5067 reatu
878 5020 1210 5073 tenerentur,
1272 5020 1324 5063 et
1380 5013 1627 5078 originali
1684 5016 1813 5064 vitio
1866 5016 2096 5076 inﬁrma,

449 5087 793 5156 passionibns
840 5087 1171 5145 laborasset;
1225 5091 1275 5135 et
1337 5085 1458 5135 ideo
1505 5086 1804 5135 salvatione
1862 5100 2096 5149 curaque

449 5160 602 5223 (ordo
624 5161 909 5210 verborum
933 5171 1227 5206 conversus
1255 5162 1352 5219 est,
1377 5171 1472 5220 pro
1509 5171 1638 5206 cura
1676 5158 2096 5220 salvationeque)

448 5236 630 5297 egeret
661 5245 672 5280 :
709 5245 854 5288 cura,
888 5234 946 5279 ut
976 5229 1062 5276 hic
1092 5228 1321 5292 qualiter
1377 5235 1647 5279 auctorem
1697 5245 1854 5279 suum
1899 5230 2098 5280 coleret

452 5306 836 5360 instrueretur,
893 5305 1074 5351 reatus
1123 5305 1270 5351 certa
1321 5303 1674 5363 promissione
1716 5301 2093 5359 dimitteretur,

449 5376 902 5439 concupiscentiae
955 5374 1115 5422 ardor
1166 5371 1539 5430 minoraretur,
1570 5376 1838 5435 postremo
1887 5387 1949 5422 ex
1985 5378 2094 5423 toto

449 5445 629 5497 omnis
659 5448 774 5508 ejus
833 5445 897 5493 ad
954 5445 1288 5506 peccandum
1352 5449 1544 5502 motus,
1604 5449 1656 5493 et
1716 5444 1875 5493 etiam
1908 5448 2094 5494 vitium

450 5516 1090 5575 tolleretur;salvatione
1125 5530 1270 5572 vero,
1326 5521 1382 5564 ut
1441 5530 1534 5577 pro
1581 5522 1798 5578 peccato
1844 5531 1950 5566 non
2003 5532 2096 5581 pu-

451 5589 680 5649 niretur,
712 5593 765 5636 ct
796 5600 904 5636 non
943 5587 1100 5636 modo
1139 5588 1254 5636 sine
1285 5591 1521 5650 peccati,
1555 5602 1738 5636 verum
1781 5586 1940 5637 etiam
1982 5591 2096 5637 sine

452 5658 846 5722 inquietatione
869 5656 1047 5717 aliqua
1085 5657 1341 5718 deinceps
1377 5663 1696 5706 servaretur.
1733 5659 1876 5706 Hanc
1913 5665 2094 5707 autem

454 5726 1227 5805 sententiam,_quod_Chris_tus
1251 5742 1358 5776 non
1397 5730 1746 5790 assumpserit
1791 5743 1987 5792 corpus
2033 5744 2095 5778 ex

457 5797 696 5854 homine,
725 5798 937 5846 videtur
964 5797 1233 5858 Eutyches
1268 5798 1489 5848 traxisse
1540 5802 1748 5862 (suppte)
1805 5813 1866 5847 ex
1922 5801 2098 5849 verbis

458 5869 730 5930 Evangelii
749 5866 991 5922 Joannis,
1017 5867 1106 5916 ubi
1126 5867 1324 5931 legitur
1343 5871 1518 5933 ipsum
1539 5870 1829 5922 Dominum
1875 5871 2090 5921 dixisse.

2212 4600 2294 4634 mo
2327 4590 2420 4639 est,
2453 4580 2543 4646 qui
2602 4582 2702 4629 sibi
2751 4579 2874 4643 ipsi,
2933 4578 3140 4628 etiamsi
3203 4577 3498 4626 secundum
3555 4587 3606 4622 se
3657 4573 3780 4618 totum

2204 4669 2495 4719 corporeus
2529 4659 2686 4707 esset,
2726 4639 3033 4714 permisceri
3093 4663 3200 4698 non
3254 4653 3454 4712 posset.
3483 4645 3644 4695 Omnis
3681 4639 3778 4688 enim

2206 4712 2487 4793 perinistio
2548 4712 2888 4772 diversorum
2946 4729 3043 4771 est.
3106 4721 3209 4770 Sed
3282 4734 3456 4781 neque
3507 4720 3558 4767 in
3599 4712 3780 4763 illosunt

2209 4792 2348 4850 unus
2383 4800 2474 4863 qui
2505 4797 2650 4845 Deus
2681 4798 2765 4851 sit,
2827 4800 2880 4843 et
2934 4795 3064 4843 alter
3107 4794 3201 4855 qui
3250 4792 3319 4842 sit
3363 4793 3518 4840 homo
3550 4804 3562 4837 :
3589 4793 3775 4848 quorum.

2203 4859 2414 4923 etiamsi
2446 4869 2558 4917 fieri
2623 4873 2820 4932 posset,
2858 4868 3202 4930 permistione
3264 4864 3508 4912 divinitas
3553 4866 3598 4908 et
3645 4859 3775 4904 hum:-

2204 4945 2346 4992 nitas
2405 4928 2713 4990 dicerentur
2759 4928 3160 4987 deu'ominative
3241 4934 3540 4998 permisceri
3593 4936 3638 4978 et
3680 4928 3776 4998 rectt

2204 5014 2482 5073 confundi,
2515 5013 2668 5074 quasi
2726 5016 2906 5060 tamen
2968 5011 3022 5057 in
3071 5008 3164 5056 illo
3218 4990 3324 5056 sint
3354 5018 3518 5055 unum
3549 5001 3655 5064 quid
3677 4990 3774 5059 quod

2202 5087 2270 5135 sit
2297 5067 2545 5140 Deus,'et-
2567 5083 2711 5132 aliud
2743 5082 2886 5146 quod
2922 5081 2990 5130 sit
3023 5080 3202 5128 homo.
3234 5080 3320 5129 Sic
3347 5079 3400 5126 in
3447 5074 3664 5140 quolibet
3690 5067 3778 5146 lari

2202 5156 2348 5206 mine
2383 5161 2462 5205 est
2492 5141 2928 5219 quiddam—quod
2960 5158 3039 5202 est
3069 5153 3270 5207 anima,
3309 5155 3361 5199 et
3406 5146 3546 5219 aliud
3586 5141 3763 5219 quod-est

2203 5245 2414 5292 corpus,
2447 5211 2522 5277 de.
2543 5241 2772 5290 quorum
2800 5211 3058 5274 videlicet
3089 5225 3180 5273 Dei
3240 5229 3293 5273 et
3339 5218 3564 5271 hominis
3602 5220 3645 5265 in
3670 5211 3772 5288 Chri-

2204 5281 2663 5363 sto.permistione
2690 5297 2996 5359 disputans,
3030 5297 3212 5345 dicat:
3270 5301 3362 5344 aut
3395 5294 3533 5342 Deus
3579 5303 3624 5338 in
3652 5281 3773 5361 homi-

2200 5389 2271 5424 ne
2297 5373 2592 5424 translatus
2624 5376 2721 5425 est,
2763 5354 2853 5418 aut
2883 5354 3042 5417 homo
3090 5370 3144 5416 in
3189 5369 3372 5422 Deum,
3419 5371 3506 5414 aut
3543 5360 3716 5422 utrique
3736 5354 3769 5400 ill

2202 5461 2256 5494 se
2285 5446 2358 5493 ita
2391 5443 2670 5505 temperati
2701 5446 2860 5504 atque
2892 5440 3184 5495 commisti,
3229 5444 3284 5486 ut
3336 5441 3518 5485 neuter
3567 5429 3768 5505 promittit

2201 5491 2700 5565 formam’retineat.
2758 5491 2838 5560 Sic
2897 5491 3303 5559 denominative
3361 5508 3425 5555 de
3481 5491 3712 5552 divinitate
3737 5491 3772 5566 ei

2201 5586 2530 5636 humanitate
2561 5584 2800 5649 loquitur
2835 5584 3049 5642 dicens,
3089 5588 3182 5631 aut
3211 5577 3456 5630 divinitas
3492 5577 3540 5625 in
3595 5572 3773 5621 bumam'

2201 5665 2358 5708 tatem
2394 5659 2651 5706 translata
2681 5661 2781 5715 est,
2806 5661 2907 5703 etc.

2263 5729 2367 5779 Sed
2393 5729 2728 5787 sidivimtas,
2760 5705 2883 5791 etc.]
2935 5725 2990 5774 Si
3049 5729 3381 5786 assumptum
3435 5724 3512 5769 est
3563 5729 3617 5765 ex
3649 5705 3769 5791 Mari:

2201 5815 2397 5860 corpus
2427 5798 2641 5856 Christi,
2677 5773 2882 5860 nequeJ
2907 5800 3027 5858 post
3072 5773 3508 5843 resurrectionem
3547 5773 3769 5860 permulti“

2209 5850 2449 5935 per-tecta
2515 5850 2782 5921 humana.
2838 5850 3125 5929 divinaque
3206 5871 3410 5921 natura,
3491 5859 3649 5924 quibus
3705 5850 3772 5896 hoc
