4030 6186
187 255 334 309 1397

1265 250 1590 306 GILBERTI
1629 249 1972 306 ΡΟΒΒΕΤᾸΞ
2012 249 2543 305 COMMENTARIA.

3469 247 3604 302 1398

178 380 304 428 ﬁeri
337 376 530 435 modis,
564 377 608 426 si
639 390 829 426 verum
868 381 1028 436 esset,
1061 375 1374 439 contingere
1433 375 1849 438 deberet,juxta
1881 376 1933 441 Α
1963 374 2072 427 bat.
2106 379 2349 424 mortuos
2380 373 2688 423 suscitabat.
2721 372 2855 419 Dum
2917 384 3041 420 vero
3103 385 3132 420 a
3196 385 3294 420 suo
3353 371 3614 436 discipulo

182 450 407 500 illorum
444 462 565 512 quas
598 462 722 496 vere
752 448 1075 510 permisceri,
1110 451 1202 496 aut
1231 447 1286 496 in
1345 461 1401 496 se
1457 444 1716 495 confundi
1763 461 1850 494 so-

181 522 308 571 lent
337 520 623 580 rationem,
657 519 857 568 divisit.
890 521 1043 570 Nunc
1083 533 1146 568 eo
1178 519 1367 567 ordine
1400 532 1508 581 quo
1562 518 1750 566 modos
1789 516 1854 565 il-

183 592 274 641 los
309 590 720 646 enumeraverit,
755 605 785 638 a
814 591 997 640 divina
1027 594 1082 640 et
1109 590 1346 638 humana
1385 594 1596 645 natura,
1630 602 1750 651 quas
1799 588 1853 634 iu

183 666 405 714 Christo
439 678 563 712 vere
598 666 655 712 et
686 662 918 726 perfecte
955 665 1098 716 sunt.
1159 662 1385 711 diversis
1442 661 1743 709 rationibus
1781 673 1856 706 re-

185 738 382 786 movit.
417 736 578 793 Quasi
613 749 625 783 :
666 735 718 783 Si
769 747 878 782 non
933 731 1232 796 permansit
1288 732 1343 781 in
1375 733 1582 781 Christo
1612 730 1855 793 perfecta

187 809 440 856 humana
472 805 763 868 divinaque
797 810 1010 860 natura,
1048 809 1139 853 aut
1194 805 1446 853 divinitas
1503 804 1555 852 in
1610 801 1854 850 humani-

185 883 378 932 tatem,
410 882 509 926 etc.
546 877 648 925 Sed
680 877 723 924 si
751 875 1009 924 divinitas
1039 875 1299 924 translata
1329 879 1408 924 est
1451 873 1504 921 in
1553 874 1852 922 humanita-

186 953 329 1010 tem,
364 950 466 998 hoc
498 953 581 996 est
610 949 653 996 si
674 948 938 1007 Christus,
978 951 1267 1009 antequam
1321 947 1387 995 de
1447 946 1612 995 Maria
1659 958 1854 1006 corpus

187 1025 512 1076 assumeret,
537 1023 650 1068 erat
681 1019 796 1068 sine
828 1019 982 1068 initio
1011 1019 1170 1075 Deus,
1203 1017 1422 1081 quando
1458 1015 1690 1066 surrexit
1721 1029 1849 1063 con-

188 1094 447 1142 versione
481 1090 786 1140 divinitatis
818 1091 872 1139 in
929 1095 1178 1139 naturam
1238 1090 1491 1152 corporis,
1526 1089 1683 1136 desiit
1738 1100 1851 1135 esse

186 1165 358 1220 Deus,
392 1163 594 1212 factum
628 1163 794 1211 estin
837 1161 927 1211 illa
984 1161 1339 1211 translatione
1400 1160 1652 1224 quiddam
1707 1159 1847 1221 quod

190 1236 346 1285 credi
379 1234 532 1283 nefas
563 1238 664 1292 est,
694 1237 753 1283 ut
776 1233 1028 1282 videlicet
1058 1230 1412 1290 humanitate,
1454 1233 1555 1282 hoc
1617 1235 1696 1280 est
1755 1229 1848 1277 hu-

186 1321 354 1357 mana
387 1312 581 1356 natura
609 1309 962 1370 permanente
1020 1305 1075 1354 in
1139 1305 1439 1354 substantia
1498 1298 1846 1352 immutabili.

189 1379 472 1435 divinitas,
507 1380 610 1428 hoc
666 1383 746 1428 est
803 1377 988 1428 divina
1043 1377 1279 1427 essentia
1333 1380 1652 1431 verteretur,
1702 1371 1846 1437 quod

190 1465 356 1515 quam
389 1451 680 1502 absurdum
714 1450 783 1500 sit
813 1454 865 1499 et
892 1451 1084 1499 rationi
1110 1449 1456 1504 contrarium,
1489 1447 1725 1497 declarat
1773 1447 1846 1496 di-

189 1539 326 1574 cens
361 1541 373 1574 :
406 1529 456 1574 et
487 1524 629 1586 quod
663 1525 933 1579 existeret,
961 1522 1064 1571 hoc
1094 1525 1174 1571 est
1203 1521 1432 1570 existere
1481 1520 1718 1577 deberet,
1752 1534 1843 1568 na-

189 1598 441 1646 turaliter
488 1595 741 1659 passibile
793 1599 952 1658 atque
1009 1593 1283 1654 mutabile,
1346 1592 1578 1655 idipsum
1637 1597 1843 1641 remoto

191 1670 345 1717 omni
378 1668 672 1730 sophistico
704 1667 838 1724 loco,
889 1670 1011 1716 actu
1069 1679 1147 1715 rei
1205 1669 1543 1728 permaneret
1593 1665 1841 1713 immuta-

191 1739 301 1788 bile
333 1754 346 1798 ;
381 1739 432 1787 id
463 1752 588 1787 vero
620 1738 764 1800 quod
800 1741 943 1786 recte
981 1737 1217 1786 creditur
1272 1735 1591 1785 naturaliter
1647 1735 1842 1785 immu-
1873 1743 1918 1808 Β

193 1811 357 1859 labile
391 1814 551 1873 atque
583 1808 912 1872 impassibile
944 1811 1243 1858 verteretur
1272 1808 1326 1856 in
1358 1821 1469 1856 rem
1514 1809 1839 1856 mutabilem.

193 1881 309 1929 Hoc
336 1879 518 1944 igitur,
574 1881 627 1928 in
679 1879 782 1929 hoc
844 1883 1042 1937 autem,
1105 1885 1164 1928 ut
1223 1877 1469 1927 videlicet
1509 1878 1839 1928 immutabile

191 1949 289 1999 ﬂat
323 1951 602 2003 mutabile.
633 1955 683 2000 et
714 1950 970 1999 mutabile
1015 1949 1107 1998 ﬁat
1153 1947 1506 2006 immutabile,
1541 1950 1691 1998 nulla
1739 1952 1840 2000 nisi

191 2022 335 2071 forte
357 2021 652 2084 sophistica
681 2023 890 2071 ratione
923 2022 1204 2084 contingit.

257 2095 360 2143 Sed
388 2094 630 2154 humana,
658 2094 780 2159 etc.]
837 2093 989 2152 Quod
1046 2093 1299 2142 divinitas
1355 2092 1411 2141 in
1451 2093 1839 2144 humanitatem

190 2165 472 2215 transferri
510 2179 618 2214 non
653 2167 841 2228 potuit,
875 2165 1146 2222 ostendit;
1173 2179 1315 2212 nunc
1344 2165 1486 2228 quod
1521 2179 1620 2213 nec
1651 2165 1836 2214 huma-

192 2240 335 2286 nitas
367 2238 421 2286 in
455 2237 749 2293 divitatem,
807 2237 1112 2297 ingreditur
1168 2238 1556 2287 demonstrare.
1617 2238 1778 2296 Quasi
1824 2251 1837 2286 :

191 2309 460 2358 Divinitas
491 2309 545 2356 in
580 2310 962 2358 humanitatem
993 2323 1100 2358 non
1133 2313 1212 2358 est
1278 2311 1553 2359 translata.
1586 2310 1687 2360 Sed
1737 2311 1840 2361 hu-

196 2394 360 2428 mana
394 2380 672 2428 naturain
721 2378 1059 2428 divinitatem
1119 2393 1236 2428 esse
1291 2394 1552 2428 conversa
1612 2382 1838 2432 forsitan

193 2452 464 2512 videatur,
494 2449 544 2498 id
580 2455 660 2499 est
691 2451 858 2498 videri
892 2455 1070 2514 potest
1095 2464 1158 2498 ex
1193 2451 1369 2499 verbis
1416 2451 1715 2509 Athanasii,
1747 2455 1838 2516 qui

193 2536 314 2571 cum
342 2521 562 2571 dixisset
590 2522 655 2571 de
689 2523 896 2570 Christo
928 2521 1090 2584 quod,
1122 2521 1246 2570 licet
1277 2523 1415 2570 Deus
1466 2523 1534 2571 sit
1577 2528 1628 2572 et
1657 2524 1836 2580 homo,

193 2607 304 2642 non
338 2594 445 2642 duo
478 2598 674 2653 tamen,
706 2593 798 2642 sed
831 2607 972 2642 unus
1034 2597 1114 2642 est
1169 2593 1429 2650 Christus,
1468 2599 1519 2643 et
1547 2597 1840 2660 explanans

192 2665 426 2730 qualiter
455 2680 594 2715 unus
629 2666 960 2730 subjecisset,
1019 2679 1157 2714 unus
1216 2671 1393 2715 autem
1452 2681 1561 2716 non
1614 2683 1839 2718 conver-

193 2739 346 2786 sione
376 2737 676 2787 divinitatis
705 2739 760 2786 in
789 2751 1024 2791 carnem.
1055 2736 1279 2795 addidit,
1335 2739 1427 2786 sed
1475 2741 1838 2802 assumptione

191 2808 546 2858 humanitatis
604 2810 660 2858 in
723 2809 914 2858 Deum.
975 2809 1251 2871 Tanquam
1332 2810 1522 2858 volens
1590 2809 1839 2875 intelligi,

191 2880 340 2944 quod
373 2880 622 2929 divinitas
677 2879 894 2944 quidem
953 2881 1007 2929 in
1065 2878 1274 2929 Christo
1334 2881 1472 2931 sicut
1530 2890 1665 2944 erat,
1724 2886 1838 2932 sine

191 2952 350 3000 initio
381 2954 680 3011 manserit;
712 2953 1017 3002 humanitas
1054 2965 1182 3001 vero
1236 2953 1294 3001 in
1351 2953 1688 3004 divinitatem
1733 2955 1838 3003 sal-

190 3029 301 3073 tem
359 3031 480 3088 post
534 3027 978 3075 resurrectionem
1030 3039 1288 3074 conversa
1342 3027 1426 3075 sit.
1485 3029 1651 3087 Quem
1720 3044 1837 3078 sen-

191 3110 310 3144 sum
342 3096 655 3174 conﬁrmare
689 3097 944 3146 videntur
977 3097 1135 3146 etiam
1192 3096 1378 3146 Hilarii
1436 3101 1600 3148 verba
1656 3099 1831 3149 dicen-
1867 3110 1909 3174 ρ

191 3171 259 3217 tis
292 3180 305 3214 :
337 3169 574 3217 Christus
602 3173 727 3219 ante
788 3169 1095 3230 passionem
1150 3169 1347 3231 partim
1404 3169 1583 3227 homo,
1641 3175 1835 3234 partim

189 3241 348 3295 Deus,
387 3240 442 3288 in
475 3240 721 3300 passione
778 3243 924 3289 totus
977 3239 1158 3299 homo,
1216 3244 1337 3302 post
1392 3243 1837 3292 resurrectionem

187 3316 337 3361 totus
365 3315 520 3362 Deus.
552 3313 706 3362 Unde
739 3318 790 3362 et
849 3315 903 3362 in
955 3314 1252 3362 Germanias
1314 3314 1576 3377 partibus,
1621 3318 1839 3378 quidam

188 3384 378 3432 volens
410 3391 649 3434 astruere
685 3385 828 3449 quod
863 3397 970 3433 non
1006 3384 1165 3433 modo
1190 3385 1406 3440 Christi.
1437 3401 1624 3436 verum
1675 3387 1838 3438 etiam

192 3457 431 3504 omnium
467 3456 845 3506 salvandorum
878 3459 1116 3505 humana
1145 3459 1464 3516 substantia,
1494 3474 1524 3508 a
1569 3461 1677 3509 Deo
1721 3466 1843 3523 post

192 3527 637 3576 resurrectionem
670 3527 927 3576 desinens
983 3542 1099 3576 esse
1155 3528 1411 3585 humana,
1471 3529 1560 3579 ﬂet
1617 3532 1839 3584 divina:

193 3601 255 3646 ut
287 3598 425 3645 sicut
453 3598 592 3646 Deus
628 3598 824 3660 ubique
855 3601 1001 3647 totus
1031 3601 1126 3656 est,
1164 3599 1239 3648 ita
1285 3613 1500 3663 quoque
1558 3603 1844 3666 unusquis-

197 3682 301 3732 que
334 3669 612 3718 beatorum
645 3668 844 3733 ubique
901 3674 1045 3718 totus
1102 3671 1188 3728 sit,
1247 3669 1388 3720 inter
1444 3671 1614 3722 multa
1676 3690 1841 3727 sacras

195 3739 489 3804 Scriptura:
519 3743 683 3790 verba
714 3743 907 3805 quibus
939 3743 1084 3790 hunc
1115 3756 1348 3792 errorem
1398 3759 1553 3794 suum
1601 3751 1842 3797 astruere

192 3826 352 3876 posse
405 3812 505 3861 sibi
561 3811 733 3862 visum
793 3817 894 3872 est,
953 3815 1209 3876 praedicta
1265 3815 1539 3865 Athanasii
1596 3819 1758 3868 verba
1788 3821 1840 3868 in

193 3885 436 3948 ejusdem
468 3887 740 3947 opinionis
771 3891 1144 3950 argumentum
1197 3888 1436 3939 adduxit.
1484 3890 1583 3940 Hic
1643 3896 1841 3951 tamen,

191 3957 235 4004 si
268 3956 470 4018 prOprii
508 3958 744 4005 nominis
773 3959 855 4006 sui
912 3958 1066 4007 titulo
1128 3959 1362 4008 haeretici
1421 3963 1702 4024 quaesisset
1747 3965 1843 4014 ho-

193 4041 402 4098 norem,
434 4029 805 4077 ceclesiasticaa
867 4030 1203 4079 auctoritatis
1261 4034 1529 4082 sententia
1579 4036 1691 4084 ﬁeri
1725 4050 1843 4098 pos-

191 4105 270 4147 set
301 4097 530 4160 insignis
563 4112 572 4146 :
606 4101 698 4148 sed
725 4099 853 4163 quia
880 4101 1040 4149 tacito
1073 4103 1293 4151 nomine
1343 4118 1440 4153 suo
1483 4105 1704 4155 haeresis
1727 4097 1845 4154 ino-

189 4184 270 4218 vas
301 4171 506 4219 zizania
538 4185 799 4233 generoso
833 4171 1024 4220 semini
1058 4174 1206 4222 verbi
1245 4173 1413 4223 divini
1468 4178 1708 4226 occultus
1764 4192 1841 4226 sa-

189 4245 294 4298 tor,
331 4256 439 4290 non
472 4245 579 4290 tam
616 4241 814 4290 litteris
846 4256 1006 4306 quam
1040 4242 1216 4292 lituris
1251 4246 1452 4308 injecit,
1484 4248 1594 4310 ipse
1627 4250 1842 4310 quidem

189 4313 405 4374 ignotus
437 4312 741 4362 hominibus
777 4313 1158 4378 indemnisque
1213 4317 1473 4366 manebit.
1531 4318 1705 4367 Verba
1760 4332 1844 4368 ve-

190 4397 250 4432 ro
283 4383 582 4442 Athanasii,
605 4398 713 4432 non
746 4398 808 4433 eo
871 4399 976 4447 quo
1033 4386 1194 4447 hujus
1251 4389 1444 4436 erroris
1501 4394 1687 4437 auctor
1733 4390 1846 4438 vult

187 4455 414 4518 intelligi
447 4470 625 4512 sensu,
654 4457 968 4519 accipienda
997 4464 1124 4508 sunt
1159 4473 1171 4506 :
1202 4474 1321 4508 cum
1381 4459 1522 4508 enim
1568 4462 1649 4508 vir
1691 4475 1835 4509 sanie

187 4527 572 4585 ﬂdeidixisset,
613 4541 721 4576 non
753 4529 1103 4578 conversione
1153 4529 1447 4579 divinitatis
1495 4532 1549 4580 in
1599 4545 1833 4589 carnem,

187 4598 412 4649 minime
445 4600 744 4664 subjnnxit,
777 4602 869 4650 sed
902 4605 1274 4661 conversione,
1329 4605 1436 4653 imo
1486 4605 1577 4655 sed
1627 4619 1837 4653 assum-

185 4673 375 4735 ptione
407 4671 758 4722 humanitatis
784 4672 839 4722 in
875 4674 1057 4723 Deum.
1094 4675 1288 4740 Utique
1348 4690 1470 4725 vere
1529 4681 1690 4740 atque
1747 4679 1839 4726 cir-

183 4747 491 4806 cumspecte
522 4758 534 4793 :
563 4743 845 4793 conversio
878 4758 1111 4808 namque
1145 4748 1384 4795 demutat
1434 4747 1790 4798 substantiam
1821 4765 1835 4809 ;

189 4814 492 4877 assumptio
524 4829 652 4864 vero
681 4830 790 4864 non
824 4816 1082 4865 demutat.
1131 4817 1232 4866 Sed
1285 4826 1365 4868 est
1407 4818 1700 4879 assumptio
1752 4820 1838 4868 de-

179 4887 331 4949 jecti.
360 4891 416 4936 ut
440 4886 688 4937 videlicet
744 4887 888 4952 quod
945 4887 1186 4938 vilicavit
1233 4888 1486 4954 dejectio,
1541 4891 1832 4954 gloriosum

186 4955 379 5006 reddat
403 4961 718 5022 assumptio.
753 4960 838 5008 Sic
866 4960 1028 5023 igitur
1059 4959 1297 5010 humana
1343 4960 1396 5008 in
1429 4962 1642 5011 Christo
1687 4971 1836 5014 natu-

186 5043 247 5077 ra
279 5034 419 5077 recte
477 5029 794 5094 intelligitur
851 5046 959 5080 non
1020 5037 1296 5093 assumpta
1335 5035 1706 5093 conversione,
1739 5038 1831 5086 sed

185 5104 467 5162 assumpta
495 5102 887 5162 gloriﬁcatione
919 5104 969 5151 iu
1004 5105 1188 5152 Deum.
1222 5106 1528 5153 Secundum
1561 5105 1700 5156 hanc
1749 5123 1835 5157 ra-

183 5170 391 5222 tionem
424 5173 514 5221 illa
542 5188 662 5238 quas
688 5175 846 5224 modo
899 5175 1438 5226 commemoravimus
1493 5176 1677 5227 Hilarii
1712 5195 1832 5230 ver-

182 5244 256 5294 ba
287 5242 642 5308 intelligenda
671 5247 938 5296 videntur.
976 5247 1073 5306 Qui
1126 5248 1267 5296 enim
1323 5253 1375 5297 et
1429 5255 1720 5312 antequam
1777 5254 1830 5302 in

182 5329 344 5364 cruce
374 5322 664 5378 pateretur,
694 5323 746 5366 et
801 5318 925 5368 dum
982 5324 1271 5382 pateretur,
1311 5325 1363 5368 et
1413 5319 1478 5369 de
1519 5327 1689 5370 morte
1749 5338 1833 5372 su-

179 5385 406 5434 scitatus
437 5399 560 5436 vere
599 5389 733 5436 Deus
765 5392 816 5437 et
846 5389 1008 5438 homo
1065 5396 1177 5439 erat
1233 5394 1285 5439 et
1341 5394 1437 5452 est,
1469 5397 1591 5440 ante
1622 5392 1831 5453 passio-

180 5469 308 5504 nem
343 5458 535 5518 partim
567 5459 744 5516 homo,
796 5463 987 5522 partim
1042 5462 1199 5522 Deus,
1243 5461 1409 5510 fuisse
1459 5461 1672 5520 dicitur,
1703 5465 1830 5527 quia

178 5529 313 5575 tunc
345 5531 398 5576 et
444 5528 681 5579 humana
739 5539 897 5594 prout
951 5532 1163 5582 volebat
1216 5534 1524 5582 inﬁrmitate
1574 5533 1830 5596 jejunans

179 5598 479 5654 esuriebat,
538 5602 821 5652 ambulans
874 5603 1187 5659 lassabatur,
1246 5609 1297 5653 et
1359 5604 1667 5667 hujusmodi
1712 5606 1830 5655 aliis

180 5675 386 5720 nostrae
435 5673 771 5724 necessitatis
826 5676 1226 5724 inﬁrmitatibus
1272 5690 1395 5725 vere
1453 5678 1744 5734 laborabat.
1777 5683 1828 5728 et

178 5743 371 5792 divina
405 5751 567 5806 prout
620 5748 974 5796 conveniebat
1029 5751 1290 5810 potestate
1350 5747 1710 5800 mercenarios
1761 5750 1826 5800 de

179 5813 393 5877 templo
425 5815 690 5879 ejiciebat,
753 5818 991 5870 inﬁrmos
1045 5819 1287 5879 sanabat,
1337 5826 1552 5883 peccata
1597 5821 1828 5873 dimitte-

1963 447 2293 504 tradebatur,
2327 461 2356 496 a
2382 444 2644 494 ministris
2674 443 2980 506 principum
3042 442 3345 502 tenebatur,
3404 459 3434 492 a
3465 446 3612 505 prin-

1963 518 2560 583 cipibusjudicabatur,
2597 516 2737 564 inter
2800 515 3037 562 latrones
3099 515 3462 572 occidebatur,
3505 517 3613 566 fere

1963 589 2097 638 nihil
2125 589 2322 638 divinae
2380 594 2508 637 tunc
2565 587 2843 649 potestatis
2904 585 3213 642 ostendens,
3253 587 3342 633 sed
3404 591 3612 637 tantum

1963 658 2051 709 illa
2080 675 2201 724 quin
2270 666 2466 709 nostrae
2529 664 2655 706 sunt
2713 657 3038 704 inlirmitatis
3104 657 3399 720 sustinens,
3461 661 3611 721 quasi

1963 737 2106 779 totus
2161 731 2444 780 videbatur
2502 730 2680 778 homo.
2739 730 2868 777 Cum
2929 731 3105 774 autem
3179 741 3467 786 resurgens
3546 745 3609 778 ex

1962 804 2204 862 mortuis,
2237 803 2347 866 jam
2382 816 2488 850 non
2521 803 2764 856 moritur,
2800 813 2898 847 nec
2935 812 3076 846 mors
3112 798 3185 845 illi
3234 798 3370 846 ultra
3433 799 3607 847 domi-

1963 875 2194 927 nabitur,
2229 875 2507 923 abstinens
2537 888 2566 921 a
2592 872 2730 927 cibo.
2763 876 2920 934 atque
2979 870 3269 917 comedens
3327 871 3442 917 sine
3484 884 3607 918 esu-

1962 946 2058 1005 rie,
2093 946 2276 994 clauso
2325 946 2506 994 exiens
2564 946 2824 1007 sepulcro,
2886 941 3078 990 clausis
3139 940 3319 1001 ianuis
3377 940 3603 1002 intrans,

1962 1021 2131 1066 totum
2169 1017 2309 1079 quod
2342 1016 2489 1072 vivit,
2525 1017 2630 1064 Deo
2667 1016 2869 1068 vivens,
2926 1013 3058 1060 nihil
3118 1026 3302 1060 eorum
3335 1026 3454 1074 quas
3505 1027 3601 1061 no-

1961 1095 2084 1137 stras
2115 1087 2436 1137 inﬁrmitatis
2471 1092 2614 1143 sunt,
2651 1087 2743 1134 sed
2776 1090 2983 1132 tantum
3034 1098 3096 1131 ea
3152 1097 3270 1145 qum
3315 1088 3441 1131 sunt
3467 1083 3602 1132 divi-

1962 1173 2044 1208 na;
2079 1157 2478 1222 gloriﬁcationis
2536 1158 2844 1212 ostendens,
2910 1154 3058 1218 quasi
3125 1159 3267 1202 totus
3326 1159 3406 1204 est
3445 1157 3600 1209 Deus.

1960 1234 2050 1295 qui
2087 1237 2268 1281 tamen
2301 1231 2549 1280 humanm
2603 1228 2965 1278 subsistentia;
3030 1229 3252 1276 veritate
3309 1242 3470 1277 verus
3526 1235 3604 1279 est

1957 1303 2136 1361 homo,
2172 1308 2222 1351 et
2250 1303 2471 1350 veritate
2504 1301 2700 1350 divina:
2750 1299 3017 1355 essentire,
3049 1313 3209 1346 verus
3265 1300 3422 1348 Deus.
3481 1298 3600 1348 Non

1956 1374 2120 1440 igitur
2151 1372 2427 1424 Athanasii
2459 1387 2555 1420 seu
2583 1370 2766 1420 llilarii
2797 1371 2960 1419 verba
2991 1384 3052 1418 eo
3084 1384 3240 1440 sensu
3285 1369 3602 1432 accipienda

1956 1451 2101 1504 sunt,
2150 1451 2208 1494 ut
2265 1443 2596 1507 intelligatur
2646 1442 2887 1490 Christus
2948 1439 3215 1504 praedictis
3267 1441 3601 1504 temporibus

1955 1517 2166 1568 essendi
2196 1516 2339 1564 vices
2377 1515 2428 1562 in
2490 1529 2545 1562 se
2604 1513 2914 1570 alternasse,
2969 1513 3058 1560 sed
3119 1511 3423 1560 alterutrius
3472 1511 3599 1560 sub-

1953 1589 2163 1638 stantias
2208 1585 2628 1650 proprietatibus
2685 1584 2828 1646 quod
2888 1587 3022 1631 erat
3066 1583 3354 1630 exeruisse.
3413 1581 3596 1644 Itaque

1953 1659 2202 1724 quamvis
2239 1659 2475 1707 humana
2503 1662 2695 1706 natura
2728 1657 2782 1704 in
2809 1655 2978 1704 Deum
3039 1658 3311 1716 assumpta
3367 1655 3450 1711 sit,
3485 1668 3595 1703 non

1951 1736 2128 1782 tamen
2164 1737 2242 1779 est
2271 1731 2324 1778 in
2359 1729 2692 1777 divinitatem
2725 1740 3000 1776 conversa.
3065 1726 3174 1774 Hoc
3229 1739 3373 1780 vero,
3409 1730 3466 1774 ut
3495 1725 3595 1773 ali-

1948 1819 2054 1868 quo
2085 1806 2326 1866 tempore
2359 1802 2426 1850 sit
2477 1802 2531 1848 in
2582 1800 2915 1848 divinitatem
2961 1811 3237 1852 conversa,
3286 1795 3396 1859 qui.
3432 1797 3483 1845 id
3514 1802 3593 1846 est

1947 1867 2217 1940 quomodo
2244 1873 2354 1922 fieri
2393 1871 2620 1934 potest?
2651 1871 2812 1928 Quasi
2847 1884 2859 1917 :
2922 1868 3081 1917 Nullo
3149 1868 3326 1917 modo.
3386 1867 3448 1916 Et
3489 1867 3592 1916 hoc

1946 1947 2129 1996 volens
2161 1945 2460 2000 ostendere,
2494 1947 2674 2004 partes
2705 1941 2956 1996 hominis,
3004 1954 3135 2003 quas
3179 1940 3442 1994 Christus,
3473 1953 3592 1987 cum

1946 2019 2098 2068 ﬂeret
2127 2017 2308 2072 homo,
2343 2015 2650 2075 assumpsit,
2688 2015 2965 2061 enumerat
2998 2027 3010 2068 ;
3038 2017 3089 2059 et
3135 2011 3277 2072 quod
3313 2012 3364 2058 in
3398 2011 3592 2058 divini-

1945 2095 2105 2140 tatem
2138 2088 2379 2137 converti
2408 2101 2513 2134 non
2549 2090 2856 2149 potuerunt,
2891 2085 3238 2131 demonstrat.
3293 2085 3378 2131 Ait
3414 2097 3541 2141 ergo
3577 2094 3589 2129 :

1945 2159 2224 2219 Divinitas,
2257 2159 2358 2207 hoc
2392 2161 2471 2205 est
2498 2157 2639 2203 Deus
2670 2154 2836 2203 Filius
2873 2155 2976 2209 Dei,
3027 2152 3273 2201 Christus
3321 2151 3588 2213 videlicet,

1946 2233 2001 2282 in
2037 2247 2099 2281 ea
2134 2245 2240 2294 qua
2297 2230 2411 2290 ipse
2469 2228 2642 2276 factus
2703 2231 2782 2274 est
2839 2225 3016 2284 homo,
3070 2225 3418 2285 generatione
3473 2237 3588 2283 sua,

1945 2305 2153 2356 scilicet
2183 2308 2236 2351 et
2266 2304 2574 2359 humanam,
2606 2300 2710 2348 hoc
2740 2304 2820 2347 est
2881 2297 3197 2347 rationalem
3263 2298 3495 2345 animam
3538 2302 3589 2345 et

1946 2393 2141 2444 corpus
2173 2377 2425 2439 suscepit.
2458 2375 2649 2436 Supple
2681 2389 2698 2420 .·
2728 2372 2962 2431 Quorum
3022 2377 3272 2419 neutrum
3337 2371 3390 2418 in
3453 2371 3590 2444 divi-

1947 2443 2167 2501 nitatem
2203 2450 2377 2511 potuit
2406 2447 2560 2495 verti.
2592 2445 2702 2493 Etsi
2762 2446 2903 2492 enim
2969 2457 3051 2491 res
3083 2445 3134 2490 in
3195 2457 3302 2490 rem
3343 2443 3472 2490 verti
3527 2455 3587 2490 ac

1945 2518 2295 2572 transmutari
2354 2521 2549 2582 potest,
2605 2530 2713 2566 non
2767 2521 2940 2565 tamen
3011 2515 3182 2562 omnis
3243 2513 3296 2561 in
3354 2528 3588 2562 omnem.

1945 2594 2071 2652 Quae
2106 2597 2302 2646 autem,
2337 2595 2390 2638 et
2444 2591 2497 2637 in
2550 2601 2727 2649 quam,
2786 2593 2838 2635 ct
2889 2601 3053 2649 quare
3113 2586 3280 2646 possit
3335 2589 3426 2633 aut
3482 2599 3591 2634 non

1945 2667 2130 2729 possit,
2163 2664 2394 2726 primum
2445 2661 2723 2715 divisione,
2783 2659 2906 2706 dein
2960 2656 3219 2718 exemplis
3280 2657 3469 2718 aperit,
3514 2658 3589 2704 di-

1945 2727 2117 2785 cens:
2168 2737 2298 2784 Nam
2355 2746 2472 2780 cum
2533 2731 2648 2779 alia;
2711 2729 3128 2778 substantiarum
3187 2727 3586 2775 subsistentium

1947 2808 2057 2856 sint
2086 2797 2374 2870 corporeae,
2409 2804 2523 2852 alite
2557 2802 2910 2863 incorporeas,
2972 2798 3292 2862 generaliter
3343 2798 3586 2857 dicimus,

1944 2880 2086 2943 quod
2120 2891 2294 2940 neque
2321 2887 2578 2938 corporea
2629 2875 2681 2921 in
2733 2872 3125 2932 incorporeum,
3179 2882 3352 2931 neque
3410 2870 3590 2916 incor—

1944 2941 2109 3016 porca
2137 2951 2192 2999 in
2225 2962 2337 2998 eam
2392 2959 2513 3010 quas
2578 2947 2658 2993 est
2705 2956 2918 3004 corpus,
2979 2941 3171 3016 mutari
3235 2941 3590 3016 potest._Nec

1944 3011 2070 3070 vero
2103 3021 2195 3069 illa
2224 3033 2343 3083 quas
2375 3021 2503 3065 sunt
2533 3017 2869 3076 incorporea,
2904 3016 3112 3060 mutant
3142 3012 3195 3058 in
3242 3025 3297 3059 se
3359 3011 3586 3058 invicem

1949 3081 2325 3155 proprias,sive
2359 3085 2756 3141 substantiales,
2807 3084 2916 3132 sive
2971 3081 3322 3130 accidentales
3368 3081 3586 3130 formas.

1949 3152 2104 3213 Vere.
2161 3163 2282 3211 Sola
2339 3161 2481 3208 enim
2540 3157 2628 3206 illa
2690 3155 2884 3205 mutari
2938 3152 3438 3216 transformarique,
3491 3154 3591 3201 hoc

1945 3241 2024 3286 est
2080 3232 2550 3285 transformatione
2640 3226 2855 3282 mutari,
2909 3226 2995 3275 vel
3062 3225 3354 3273 mutatione
3412 3229 3591 3273 trans-

1943 3308 2162 3358 formari
2194 3308 2249 3355 in
2281 3320 2336 3354 se
2369 3304 2596 3353 invicem
2630 3303 2872 3364 possunt,
2905 3312 3024 3361 qua:
3065 3297 3266 3344 habent
3309 3310 3588 3345 commune

1945 3380 2244 3442 subjectum
2276 3378 2440 3426 unius
2470 3375 2564 3431 rei,
2599 3373 2797 3422 scilicet
2859 3368 3114 3420 materiae.
3174 3369 3334 3426 Quasi
3367 3384 3378 3416 :
3437 3368 3587 3426 Quod

1945 3441 2054 3502 non
2085 3453 2286 3499 habent
2317 3445 2677 3509 incorporalia
2717 3458 2834 3491 cum
2899 3441 3269 3503 corporalibus
3323 3455 3424 3489 nec
3479 3455 3590 3488 cor-

1945 3523 2149 3588 poralia
2175 3524 2315 3571 inter
2343 3535 2416 3568 se.
2467 3519 2614 3568 Sicut
2676 3517 2819 3565 enim
2879 3514 3232 3575 prmdicturus
3289 3518 3384 3568 est,
3437 3513 3587 3561 nullo

1946 3595 2184 3645 materias
2213 3595 2404 3643 nititur
2435 3591 2788 3640 fundamento
2848 3589 3286 3648 incorporeorum
3344 3593 3534 3633 natura
3572 3598 3585 3633 ε

1945 3667 2056 3717 sola
2086 3673 2262 3716 autem
2289 3669 2342 3713 et
2365 3664 2544 3712 omnia
2568 3673 2791 3723 corpora
2826 3659 3026 3706 habent
3057 3661 3263 3705 natura:
3307 3670 3418 3704 sure
3458 3657 3585 3704 sub-

1941 3740 2133 3805 jectam
2192 3736 2486 3792 materiam,
2545 3734 2774 3792 ideoque
2834 3743 2944 3778 non
3000 3728 3100 3776 nisi
3161 3742 3387 3805 corpora
3417 3727 3471 3775 in
3537 3741 3592 3776 se

1946 3800 2140 3861 mutari
2172 3813 2417 3872 possunt.
2448 3805 2765 3855 Nec'tamen
2801 3802 2913 3850 haec
2977 3802 3174 3858 omnia,
3213 3800 3303 3848 sed
3364 3815 3423 3848 ea
3473 3803 3594 3848 tan-

1946 3890 2058 3934 tum
2087 3871 2206 3946 qua:
2237 3881 2290 3930 in
2328 3895 2383 3929 se
2416 3892 2524 3928 non
2557 3875 2714 3926 modo
2749 3875 2942 3929 facere,
2974 3873 3060 3946 vel
3091 3873 3220 3946 pati,
3258 3871 3347 3920 sed
3411 3875 3463 3920 et
3517 3871 3592 3920 fa-

1948 3971 2066 4006 cere
2098 3944 2151 4004 et
2179 3953 2287 4017 pati
2320 3955 2564 4016 possunt,
2601 3947 2652 3996 id
2688 3961 2832 4002 vero,
2871 3944 3015 4008 quod
3073 3944 3273 3992 scilicet
3327 3957 3434 3991 non
3483 3957 3594 3991 om-

1949 4029 2038 4077 nia
2067 4015 2194 4090 qute
2219 4015 2380 4074 unius
2409 4019 2647 4071 materias
2697 4017 2898 4090 habent
2951 4030 3234 4064 commune
3275 4015 3596 4076 subjectum,

1948 4101 2036 4148 sed
2070 4087 2122 4148 et
2148 4115 2212 4147 ea
2241 4111 2361 4160 qum
2394 4100 2447 4144 et
2477 4094 2648 4141 facere
2685 4093 2736 4137 et
2761 4089 2885 4150 pati,
2919 4092 2971 4135 et
3015 4102 3119 4134 non
3184 4087 3300 4134 liiCO
3357 4088 3407 4133 in
3455 4100 3596 4148 quaa-

1948 4171 2080 4221 libet
2109 4171 2227 4224 alia.
2256 4157 2346 4217 sed
2385 4169 2435 4214 in
2465 4181 2520 4214 se
2571 4162 2801 4212 invicem
2841 4163 3085 4221 possunt,
3136 4158 3453 4219 probabitur
3494 4157 3595 4204 hoc

1948 4244 2126 4297 modo,
2162 4241 2211 4288 id
2245 4244 2324 4287 est
2354 4238 2436 4286 his
2467 4248 2586 4299 quze
2618 4236 2918 4292 sequuntur
2947 4229 3223 4287 exemplis.

2010 4313 2183 4376 Neque
2211 4308 2393 4372 enim]
2423 4297 2582 4365 Quasi
2617 4319 2628 4351 :
2661 4301 2798 4349 Vere
2831 4313 2938 4347 non
2970 4300 3167 4351 omnia.
3189 4301 3289 4345 etc.
3323 4297 3419 4345 zEs
3447 4297 3589 4346 enim

1949 4396 2055 4432 non
2086 4368 2262 4445 potest
2316 4368 2524 4428 naturas
2572 4369 2968 4445 consuetudine
3021 4368 3310 4445 permutari
3348 4368 3399 4445 in
3457 4368 3592 4430 lapi-

1951 4439 2366 4516 dem,quamvis
2397 4449 2533 4510 lapis
2567 4447 2618 4492 in
2657 4459 2729 4492 tes
2778 4441 2999 4516 mutari-
3022 4439 3206 4516 possit.
3264 4440 3591 4516 Lapis_nam-

1949 4540 2052 4588 que
2082 4509 2194 4588 pati
2226 4524 2416 4585 potest.
2449 4509 2555 4567 non
2589 4521 2767 4588 tamen
2825 4526 2928 4560 aere
2979 4511 3253 4588 faciente,_
3279 4510 3369 4556 sed
3420 4509 3589 4588 igne:

1948 4581 2257 4660 lapis-enim
2289 4593 2498 4641 solutus
2529 4589 2700 4638 calore
2725 4585 2776 4660 in
2817 4598 2890 4632 aes
2936 4583 3202 4660 vertitur._
3239 4581 3420 4660 itaque
3452 4584 3590 4660 ignis

1946 4654 2018 4719 in'
2033 4668 2262 4730 lapidem
2293 4665 2436 4719 facit,
2468 4661 2559 4710 sed
2589 4671 2696 4708 non
2730 4657 2794 4705 ab
2826 4655 3118 4730 eopatitur
3147 4669 3158 4710 ;
3191 4654 3588 4730 lapis_patitur,

1947 4741 2038 4790 sed
2077 4723 2183 4789 non
2218 4739 2284 4786 ab
2316 4751 2419 4785 tere
2452 4751 2465 4794 ;
2497 4746 2571 4782 tes
2599 4744 2728 4778 vero
2760 4741 2860 4776 nec
2896 4725 2948 4773 in
2984 4725 3209 4786 lapidem
3257 4723 3399 4782 facit,
3433 4739 3534 4773 nec
3561 4741 3591 4775 a

1946 4810 2124 4873 lapide
2152 4811 2366 4872 patitur.
2405 4809 2476 4855 Ac
2502 4817 2598 4867 per
2628 4802 2885 4873 hoc,Anon
2946 4795 3050 4844 nisi
3095 4796 3336 4873 faciendi
3397 4801 3450 4845 et
3489 4811 3592 4873 pa-

1946 4867 2112 4933 tiendi
2145 4867 2312 4930 vicem
2348 4877 2596 4930 reddunt,
2621 4871 2943 4934 quod‘esset
2991 4873 3042 4916 et
3089 4867 3262 4916 facere
3311 4872 3363 4915 et
3391 4867 3500 4931 pati
3533 4870 3586 4917 in

1945 4968 2017 5003 se.
2049 4953 2232 5015 Neque
2258 4965 2383 4998 vero
2415 4947 2573 5002 idem,
2609 4943 2854 4990 videlicet
2883 4953 2980 5015 aes,
3006 4938 3296 5015 permutari
3331 4944 3503 4999 potest
3530 4941 3584 4989 in

1944 5011 2185 5073 herbam.
2216 5024 2344 5073 Nam
2372 5017 2535 5068 herba
2595 5016 2810 5078 quidem
2860 5016 2912 5059 et
2959 5011 3088 5058 facit
3134 5016 3186 5058 et
3227 5011 3461 5072 patitur;
3493 5012 3583 5059 sed

1943 5109 2050 5145 non
2086 5096 2142 5143 in
2165 5109 2237 5141 ms
2266 5092 2351 5140 vel
2381 5091 2446 5139 ab
2475 5101 2615 5144 tere;
2649 5089 2700 5132 et
2726 5097 2799 5132 tes
2825 5080 3070 5129 similiter
3099 5085 3151 5129 et
3194 5079 3322 5129 facit
3369 5085 3420 5129 et
3451 5083 3586 5142 pati-

1942 5174 2046 5223 tur.
2079 5167 2170 5216 sed
2202 5179 2309 5214 non
2341 5165 2395 5211 in
2424 5162 2639 5210 herbam
2675 5155 2755 5203 vel
2787 5154 2854 5202 ab
2887 5153 3068 5200 herba.

2002 5222 2106 5288 Nec
2135 5234 2416 5296 quodlibet,
2452 5229 2579 5296 etc.]
2609 5225 2767 5286 Quasi
2803 5225 2922 5273 :Es
2951 5223 3149 5296 uecﬂin
3197 5222 3426 5296 lapidem
3488 5237 3585 5270 nec

1941 5314 1994 5360 in
2028 5293 2245 5358 herbam
2281 5309 2455 5369 potest
2488 5293 2702 5354 mutari.
2748 5312 2844 5346 nec
2892 5295 3169 5369 quodlibet
3218 5293 3359 5369 aliud
3391 5307 3584 5369 corpus

1941 5384 1994 5432 iu
2027 5365 2303 5444 quodlibet
2359 5376 2503 5425 aliud
2561 5367 3172 5444 transﬁgurari_potest,
3237 5367 3287 5410 et
3332 5365 3583 5444 Δοιῃηὶηο

1940 5437 2089 5506 nulla
2121 5467 2204 5500 res
2253 5451 2306 5498 in
2366 5449 2548 5500 aliam.
2607 5445 2708 5492 nisi
2768 5446 2820 5490 et
2875 5437 3059 5487 eadem
3118 5437 3183 5483 sit
3241 5437 3459 5484 materia
3503 5451 3581 5486 re-

1938 5540 2054 5576 rum
2083 5525 2135 5573 in
2169 5538 2223 5571 se
2255 5519 2666 5572 transeuntium,
2701 5518 2750 5561 et
2782 5509 2939 5559 etiam
2974 5523 3003 5555 a
3047 5520 3102 5555 se
3160 5506 3335 5554 facere
3385 5511 3436 5554 et
3470 5508 3578 5570 pati

1938 5600 2166 5662 possint.
2203 5596 2307 5642 Hoc
2337 5598 2512 5640 autem
2546 5591 2599 5638 in
2631 5585 2840 5636 duabus
2885 5579 3190 5656 novissimis
3243 5579 3404 5626 rebus
3467 5593 3578 5628 ma-

1939 5649 2128 5718 iiifeste
2161 5664 2441 5726 exemplat,
2476 5663 2657 5710 dicens
2689 5673 2701 5708 :
2735 5655 2805 5704 Ut
2836 5666 2956 5726 cum
2989 5649 3172 5698 viuum
3218 5655 3377 5712 aliine
3423 5666 3576 5726 aqua:

1936 5741 2249 5800 miscentur,
2313 5725 2535 5800 utraque
2591 5736 2717 5781 sntit
2773 5725 2917 5783 talia,
2975 5737 3096 5787 quas
3179 5725 3576 5800 communirent

1936 5815 2034 5869 sibi
2061 5798 2696 5874 actum-passionemque,
2727 5801 2828 5850 hoc
2894 5802 2994 5855 est,
3047 5809 3168 5860 qute
3219 5799 3272 5844 et
3317 5798 3370 5844 in
3405 5812 3461 5845 se
3491 5798 3574 5846 in-
