  <div class='ocr_page' id='page_1' title='image "/cluster/home/n/w/nwhite01/storage/ocr_20150623/64/hvd.32044073505125/705.png"; bbox 0 0 4030 6186; ppageno 0'>
   <div class='ocr_carea' id='block_1_1' title="bbox 474 232 608 287">
    <p class='ocr_par' dir='ltr' id='par_1_1' title="bbox 474 232 608 287">
     <span class='ocr_line' id='line_1_1' title="bbox 474 232 608 287; baseline -0.03 0"><span class='ocrx_word' id='word_1_1' title='bbox 474 232 608 287; x_wconf 73' lang='grc'><strong>1399</strong></span> 
     </span>
    </p>
   </div>
   <div class='ocr_carea' id='block_1_2' title="bbox 1098 208 3257 279">
    <p class='ocr_par' dir='ltr' id='par_1_2' title="bbox 1098 208 3257 279">
     <span class='ocr_line' id='line_1_2' title="bbox 1098 208 3257 279; baseline -0.002 -2"><span class='ocrx_word' id='word_1_2' title='bbox 1098 225 1171 279; x_wconf 84' lang='grc' dir='ltr'><strong>ΙΝ</strong></span> <span class='ocrx_word' id='word_1_3' title='bbox 1209 221 1475 278; x_wconf 83' lang='lat' dir='ltr'><strong>LIBRUM</strong></span> <span class='ocrx_word' id='word_1_4' title='bbox 1517 220 1606 276; x_wconf 86' lang='lat' dir='ltr'><strong>DE</strong></span> <span class='ocrx_word' id='word_1_5' title='bbox 1648 214 1929 275; x_wconf 85' lang='lat' dir='ltr'><strong>DUABUS</strong></span> <span class='ocrx_word' id='word_1_6' title='bbox 1968 208 2273 267; x_wconf 81' lang='lat' dir='ltr'><strong>NATURIS</strong></span> <span class='ocrx_word' id='word_1_7' title='bbox 2312 210 2399 264; x_wconf 90' lang='lat' dir='ltr'><strong>ET</strong></span> <span class='ocrx_word' id='word_1_8' title='bbox 2438 212 2577 267; x_wconf 77' lang='lat' dir='ltr'><strong>UNA</strong></span> <span class='ocrx_word' id='word_1_9' title='bbox 2618 213 2940 271; x_wconf 78' lang='lat' dir='ltr'><strong>PERSONA</strong></span> <span class='ocrx_word' id='word_1_10' title='bbox 2982 217 3257 274; x_wconf 83' lang='lat' dir='ltr'><strong>CHRISTI</strong></span> 
     </span>
    </p>
   </div>
   <div class='ocr_carea' id='block_1_3' title="bbox 3695 229 3799 281">
    <p class='ocr_par' dir='ltr' id='par_1_3' title="bbox 3695 229 3799 281">
     <span class='ocr_line' id='line_1_3' title="bbox 3695 229 3799 281; baseline 0.019 -2"><span class='ocrx_word' id='word_1_11' title='bbox 3695 229 3799 281; x_wconf 62' lang='lat' dir='ltr'><strong>H00</strong></span> 
     </span>
    </p>
   </div>
   <div class='ocr_carea' id='block_1_4' title="bbox 470 328 3805 415">
    <p class='ocr_par' dir='ltr' id='par_1_4' title="bbox 470 328 3805 415">
     <span class='ocr_line' id='line_1_4' title="bbox 470 328 3805 415; baseline -0.002 -12"><span class='ocrx_word' id='word_1_12' title='bbox 470 355 643 404; x_wconf 85' lang='lat' dir='ltr'><strong>vicem</strong></span> <span class='ocrx_word' id='word_1_13' title='bbox 679 354 857 415; x_wconf 79' lang='lat' dir='ltr'><strong>agant,</strong></span> <span class='ocrx_word' id='word_1_14' title='bbox 885 354 938 400; x_wconf 86' lang='lat' dir='ltr'><strong>et</strong></span> <span class='ocrx_word' id='word_1_15' title='bbox 968 364 997 399; x_wconf 90' lang='lat' dir='ltr'><strong>a</strong></span> <span class='ocrx_word' id='word_1_16' title='bbox 1032 363 1088 398; x_wconf 88' lang='lat' dir='ltr'><strong>ss</strong></span> <span class='ocrx_word' id='word_1_17' title='bbox 1120 346 1349 397; x_wconf 78' lang='lat' dir='ltr'><strong>invicem</strong></span> <span class='ocrx_word' id='word_1_18' title='bbox 1382 346 1675 411; x_wconf 82' lang='lat' dir='ltr'><strong>patiantur.</strong></span> <span class='ocrx_word' id='word_1_19' title='bbox 1724 343 1881 391; x_wconf 85' lang='lat' dir='ltr'><strong>Vere.</strong></span> <span class='ocrx_word' id='word_1_20' title='bbox 1940 338 2125 415; x_wconf 76' lang='lat' dir='ltr'><strong>Potest</strong></span> <span class='ocrx_word' id='word_1_21' title='bbox 2158 335 2207 401; x_wconf 79' lang='grc' dir='ltr'><strong>Α</strong></span> <span class='ocrx_word' id='word_1_22' title='bbox 2240 328 2391 415; x_wconf 75' lang='lat' dir='ltr'><strong>Nunc</strong></span> <span class='ocrx_word' id='word_1_23' title='bbox 2421 339 2560 398; x_wconf 87' lang='lat' dir='ltr'><strong>quod</strong></span> <span class='ocrx_word' id='word_1_24' title='bbox 2595 353 2771 404; x_wconf 88' lang='lat' dir='ltr'><strong>neque</strong></span> <span class='ocrx_word' id='word_1_25' title='bbox 2803 342 3120 406; x_wconf 86' lang='lat' dir='ltr'><strong>incorporea</strong></span> <span class='ocrx_word' id='word_1_26' title='bbox 3164 345 3309 394; x_wconf 87' lang='lat' dir='ltr'><strong>inter</strong></span> <span class='ocrx_word' id='word_1_27' title='bbox 3358 360 3429 401; x_wconf 86' lang='lat' dir='ltr'><strong>se.</strong></span> <span class='ocrx_word' id='word_1_28' title='bbox 3462 358 3620 410; x_wconf 81' lang='lat' dir='ltr'><strong>neque</strong></span> <span class='ocrx_word' id='word_1_29' title='bbox 3663 364 3805 413; x_wconf 79' lang='lat' dir='ltr'><strong>corpo-</strong></span> 
     </span>
    </p>
   </div>
   <div class='ocr_carea' id='block_1_5' title="bbox 477 410 2124 490">
    <p class='ocr_par' dir='ltr' id='par_1_5' title="bbox 477 410 2124 490">
     <span class='ocr_line' id='line_1_5' title="bbox 477 410 2124 490; baseline -0.01 -15"><span class='ocrx_word' id='word_1_30' title='bbox 477 426 622 476; x_wconf 87' lang='lat' dir='ltr'><strong>enim</strong></span> <span class='ocrx_word' id='word_1_31' title='bbox 652 410 885 487; x_wconf 40' lang='lat' dir='ltr'><strong>qu&#39;alitas</strong></span> <span class='ocrx_word' id='word_1_32' title='bbox 941 436 1093 485; x_wconf 71' lang='lat' dir='ltr'><strong>aquas</strong></span> <span class='ocrx_word' id='word_1_33' title='bbox 1152 420 1351 484; x_wconf 88' lang='lat' dir='ltr'><strong>aliquid</strong></span> <span class='ocrx_word' id='word_1_34' title='bbox 1388 410 1515 482; x_wconf 80' lang='lat' dir='ltr'><strong>pati</strong></span> <span class='ocrx_word' id='word_1_35' title='bbox 1574 433 1602 466; x_wconf 90' lang='lat' dir='ltr'><strong>a</strong></span> <span class='ocrx_word' id='word_1_36' title='bbox 1658 416 1912 490; x_wconf 79' lang='lat' dir='ltr'><strong>qualitate</strong></span> <span class='ocrx_word' id='word_1_37' title='bbox 1959 410 2124 490; x_wconf 62' lang='lat' dir='ltr'><strong>vini&#39;2</strong></span> 
     </span>
    </p>
   </div>
   <div class='ocr_carea' id='block_1_6' title="bbox 478 482 2127 561">
    <p class='ocr_par' dir='ltr' id='par_1_6' title="bbox 478 482 2127 561">
     <span class='ocr_line' id='line_1_6' title="bbox 478 482 2127 561; baseline -0.012 -15"><span class='ocrx_word' id='word_1_38' title='bbox 478 482 831 561; x_wconf 41' lang='lat' dir='ltr'><strong>potest-item.</strong></span> <span class='ocrx_word' id='word_1_39' title='bbox 870 482 1006 542; x_wconf 46' lang='lat' dir='ltr'><strong>boc_</strong></span> <span class='ocrx_word' id='word_1_40' title='bbox 1034 498 1131 548; x_wconf 90' lang='lat' dir='ltr'><strong>est,</strong></span> <span class='ocrx_word' id='word_1_41' title='bbox 1191 482 1435 540; x_wconf 79' lang='lat' dir='ltr'><strong>similiter</strong></span> <span class='ocrx_word' id='word_1_42' title='bbox 1482 491 1712 554; x_wconf 87' lang='lat' dir='ltr'><strong>qualitas</strong></span> <span class='ocrx_word' id='word_1_43' title='bbox 1768 484 1878 535; x_wconf 91' lang='lat' dir='ltr'><strong>viui</strong></span> <span class='ocrx_word' id='word_1_44' title='bbox 1925 482 2127 561; x_wconf 76' lang='lat' dir='ltr'><strong>aliquid</strong></span> 
     </span>
    </p>
   </div>
   <div class='ocr_carea' id='block_1_7' title="bbox 482 553 2129 634">
    <p class='ocr_par' dir='ltr' id='par_1_7' title="bbox 482 553 2129 634">
     <span class='ocr_line' id='line_1_7' title="bbox 482 553 2129 634; baseline -0.012 -16"><span class='ocrx_word' id='word_1_45' title='bbox 482 553 594 634; x_wconf 71' lang='lat' dir='ltr'><strong>pati</strong></span> <span class='ocrx_word' id='word_1_46' title='bbox 620 583 649 617; x_wconf 89' lang='lat' dir='ltr'><strong>a</strong></span> <span class='ocrx_word' id='word_1_47' title='bbox 677 567 935 629; x_wconf 72' lang='lat' dir='ltr'><strong>qualitate</strong></span> <span class='ocrx_word' id='word_1_48' title='bbox 967 578 1138 627; x_wconf 72' lang='lat' dir='ltr'><strong>aquae.</strong></span> <span class='ocrx_word' id='word_1_49' title='bbox 1170 564 1318 622; x_wconf 89' lang='lat' dir='ltr'><strong>Quod</strong></span> <span class='ocrx_word' id='word_1_50' title='bbox 1381 563 1456 611; x_wconf 87' lang='lat' dir='ltr'><strong>ait</strong></span> <span class='ocrx_word' id='word_1_51' title='bbox 1511 561 1820 634; x_wconf 85' lang='lat' dir='ltr'><strong>qualitatem</strong></span> <span class='ocrx_word' id='word_1_52' title='bbox 1878 555 2005 634; x_wconf 84' lang='lat' dir='ltr'><strong>pati,</strong></span> <span class='ocrx_word' id='word_1_53' title='bbox 2037 553 2129 634; x_wconf 78' lang='lat' dir='ltr'><strong>de-</strong></span> 
     </span>
    </p>
   </div>
   <div class='ocr_carea' id='block_1_8' title="bbox 483 624 2132 698">
    <p class='ocr_par' dir='ltr' id='par_1_8' title="bbox 483 624 2132 698">
     <span class='ocr_line' id='line_1_8' title="bbox 483 624 2132 698; baseline -0.012 -8"><span class='ocrx_word' id='word_1_54' title='bbox 483 624 785 690; x_wconf 71' lang='lat' dir='ltr'><strong>nominatio</strong></span> <span class='ocrx_word' id='word_1_55' title='bbox 819 642 900 686; x_wconf 89' lang='lat' dir='ltr'><strong>est</strong></span> <span class='ocrx_word' id='word_1_56' title='bbox 930 652 942 685; x_wconf 91' lang='lat'><strong>:</strong></span> <span class='ocrx_word' id='word_1_57' title='bbox 972 624 1097 697; x_wconf 79' lang='lat' dir='ltr'><strong>quia</strong></span> <span class='ocrx_word' id='word_1_58' title='bbox 1126 649 1360 698; x_wconf 84' lang='lat' dir='ltr'><strong>namque</strong></span> <span class='ocrx_word' id='word_1_59' title='bbox 1396 636 1445 683; x_wconf 88' lang='lat' dir='ltr'><strong>id</strong></span> <span class='ocrx_word' id='word_1_60' title='bbox 1496 624 1639 695; x_wconf 82' lang='lat' dir='ltr'><strong>quod</strong></span> <span class='ocrx_word' id='word_1_61' title='bbox 1691 632 1846 694; x_wconf 88' lang='lat' dir='ltr'><strong>quale</strong></span> <span class='ocrx_word' id='word_1_62' title='bbox 1887 632 1967 674; x_wconf 82' lang='lat' dir='ltr'><strong>est</strong></span> <span class='ocrx_word' id='word_1_63' title='bbox 1998 624 2132 673; x_wconf 89' lang='lat' dir='ltr'><strong>adeo</strong></span> 
     </span>
    </p>
   </div>
   <div class='ocr_carea' id='block_1_9' title="bbox 484 699 2136 778">
    <p class='ocr_par' dir='ltr' id='par_1_9' title="bbox 484 699 2136 778">
     <span class='ocr_line' id='line_1_9' title="bbox 484 699 2136 778; baseline -0.01 -16"><span class='ocrx_word' id='word_1_64' title='bbox 484 714 703 778; x_wconf 88' lang='lat' dir='ltr'><strong>patitur.</strong></span> <span class='ocrx_word' id='word_1_65' title='bbox 738 716 797 759; x_wconf 90' lang='lat' dir='ltr'><strong>ut</strong></span> <span class='ocrx_word' id='word_1_66' title='bbox 830 710 1059 771; x_wconf 77' lang='lat' dir='ltr'><strong>qualitas</strong></span> <span class='ocrx_word' id='word_1_67' title='bbox 1089 710 1207 769; x_wconf 87' lang='lat' dir='ltr'><strong>ejus</strong></span> <span class='ocrx_word' id='word_1_68' title='bbox 1237 708 1303 755; x_wconf 89' lang='lat' dir='ltr'><strong>ab</strong></span> <span class='ocrx_word' id='word_1_69' title='bbox 1330 708 1446 770; x_wconf 89' lang='lat' dir='ltr'><strong>ipso</strong></span> <span class='ocrx_word' id='word_1_70' title='bbox 1478 707 1706 755; x_wconf 82' lang='lat' dir='ltr'><strong>recedat.</strong></span> <span class='ocrx_word' id='word_1_71' title='bbox 1742 702 1969 778; x_wconf 79' lang='lat' dir='ltr'><strong>qualitas</strong></span> <span class='ocrx_word' id='word_1_72' title='bbox 2002 699 2136 778; x_wconf 29' lang='lat' dir='ltr'><strong>“ipsa</strong></span> 
     </span>
    </p>
   </div>
   <div class='ocr_carea' id='block_1_10' title="bbox 486 771 2135 848">
    <p class='ocr_par' dir='ltr' id='par_1_10' title="bbox 486 771 2135 848">
     <span class='ocr_line' id='line_1_10' title="bbox 486 771 2135 848; baseline -0.011 -16"><span class='ocrx_word' id='word_1_73' title='bbox 486 771 593 848; x_wconf 73' lang='lat' dir='ltr'><strong>pati</strong></span> <span class='ocrx_word' id='word_1_74' title='bbox 625 783 839 830; x_wconf 90' lang='lat' dir='ltr'><strong>dicitur.</strong></span> <span class='ocrx_word' id='word_1_75' title='bbox 868 780 949 829; x_wconf 89' lang='lat' dir='ltr'><strong>Fit</strong></span> <span class='ocrx_word' id='word_1_76' title='bbox 1004 786 1179 827; x_wconf 89' lang='lat' dir='ltr'><strong>autem</strong></span> <span class='ocrx_word' id='word_1_77' title='bbox 1241 778 1355 827; x_wconf 65' lang='lat' dir='ltr'><strong>hinc</strong></span> <span class='ocrx_word' id='word_1_78' title='bbox 1418 778 1613 840; x_wconf 82' lang='lat' dir='ltr'><strong>passio,</strong></span> <span class='ocrx_word' id='word_1_79' title='bbox 1677 775 1759 821; x_wconf 88' lang='lat' dir='ltr'><strong>vel</strong></span> <span class='ocrx_word' id='word_1_80' title='bbox 1836 776 1889 819; x_wconf 89' lang='lat' dir='ltr'><strong>in</strong></span> <span class='ocrx_word' id='word_1_81' title='bbox 1970 771 2135 848; x_wconf 78' lang='lat' dir='ltr'><strong>altero</strong></span> 
     </span>
    </p>
   </div>
   <div class='ocr_carea' id='block_1_11' title="bbox 490 839 2135 913">
    <p class='ocr_par' dir='ltr' id='par_1_11' title="bbox 490 839 2135 913">
     <span class='ocr_line' id='line_1_11' title="bbox 490 839 2135 913; baseline -0.012 -7"><span class='ocrx_word' id='word_1_82' title='bbox 490 839 717 911; x_wconf 68' lang='lat' dir='ltr'><strong>tantum,</strong></span> <span class='ocrx_word' id='word_1_83' title='bbox 741 852 826 900; x_wconf 90' lang='lat' dir='ltr'><strong>vel</strong></span> <span class='ocrx_word' id='word_1_84' title='bbox 858 855 910 900; x_wconf 91' lang='lat' dir='ltr'><strong>in</strong></span> <span class='ocrx_word' id='word_1_85' title='bbox 948 858 1223 913; x_wconf 89' lang='lat' dir='ltr'><strong>utroque:</strong></span> <span class='ocrx_word' id='word_1_86' title='bbox 1282 851 1371 898; x_wconf 87' lang='lat' dir='ltr'><strong>sed</strong></span> <span class='ocrx_word' id='word_1_87' title='bbox 1424 839 1464 896; x_wconf 85' lang='lat' dir='ltr'><strong>si</strong></span> <span class='ocrx_word' id='word_1_88' title='bbox 1512 851 1564 897; x_wconf 94' lang='lat' dir='ltr'><strong>in</strong></span> <span class='ocrx_word' id='word_1_89' title='bbox 1615 848 1781 896; x_wconf 90' lang='lat' dir='ltr'><strong>altero</strong></span> <span class='ocrx_word' id='word_1_90' title='bbox 1825 849 2054 899; x_wconf 87' lang='lat' dir='ltr'><strong>tantum,</strong></span> <span class='ocrx_word' id='word_1_91' title='bbox 2085 839 2135 887; x_wconf 89' lang='lat' dir='ltr'>id</span> 
     </span>
    </p>
   </div>
   <div class='ocr_carea' id='block_1_12' title="bbox 494 917 2138 989">
    <p class='ocr_par' dir='ltr' id='par_1_12' title="bbox 494 917 2138 989">
     <span class='ocr_line' id='line_1_12' title="bbox 494 917 2138 989; baseline -0.011 -13"><span class='ocrx_word' id='word_1_92' title='bbox 494 926 638 989; x_wconf 89' lang='lat' dir='ltr'><strong>quod</strong></span> <span class='ocrx_word' id='word_1_93' title='bbox 669 938 885 987; x_wconf 85' lang='lat' dir='ltr'><strong>passum</strong></span> <span class='ocrx_word' id='word_1_94' title='bbox 922 929 1001 972; x_wconf 88' lang='lat' dir='ltr'><strong>est</strong></span> <span class='ocrx_word' id='word_1_95' title='bbox 1029 927 1339 985; x_wconf 89' lang='lat' dir='ltr'><strong>corruptum</strong></span> <span class='ocrx_word' id='word_1_96' title='bbox 1391 923 1603 978; x_wconf 87' lang='lat' dir='ltr'><strong>dicitur,</strong></span> <span class='ocrx_word' id='word_1_97' title='bbox 1650 934 1757 968; x_wconf 90' lang='lat' dir='ltr'><strong>non</strong></span> <span class='ocrx_word' id='word_1_98' title='bbox 1810 917 2138 989; x_wconf 78' lang='lat' dir='ltr'><strong>immistum;</strong></span> 
     </span>
    </p>
   </div>
   <div class='ocr_carea' id='block_1_13' title="bbox 490 987 2143 1059">
    <p class='ocr_par' dir='ltr' id='par_1_13' title="bbox 490 987 2143 1059">
     <span class='ocr_line' id='line_1_13' title="bbox 490 987 2143 1059; baseline -0.01 -10"><span class='ocrx_word' id='word_1_99' title='bbox 490 987 534 1049; x_wconf 75' lang='lat' dir='ltr'><strong>si</strong></span> <span class='ocrx_word' id='word_1_100' title='bbox 580 1012 708 1047; x_wconf 88' lang='lat' dir='ltr'><strong>vero</strong></span> <span class='ocrx_word' id='word_1_101' title='bbox 766 999 819 1045; x_wconf 91' lang='lat' dir='ltr'><strong>in</strong></span> <span class='ocrx_word' id='word_1_102' title='bbox 890 1001 1135 1059; x_wconf 86' lang='lat' dir='ltr'><strong>utroque,</strong></span> <span class='ocrx_word' id='word_1_103' title='bbox 1198 1001 1488 1057; x_wconf 89' lang='lat' dir='ltr'><strong>utrumque</strong></span> <span class='ocrx_word' id='word_1_104' title='bbox 1546 998 1773 1041; x_wconf 77' lang='lat' dir='ltr'><strong>vocatur</strong></span> <span class='ocrx_word' id='word_1_105' title='bbox 1826 987 2143 1038; x_wconf 85' lang='lat' dir='ltr'><strong>immistum.</strong></span> 
     </span>
    </p>
   </div>
   <div class='ocr_carea' id='block_1_14' title="bbox 490 1064 2146 1130">
    <p class='ocr_par' dir='ltr' id='par_1_14' title="bbox 490 1064 2146 1130">
     <span class='ocr_line' id='line_1_14' title="bbox 490 1064 2146 1130; baseline -0.008 -12"><span class='ocrx_word' id='word_1_106' title='bbox 490 1070 640 1129; x_wconf 89' lang='lat' dir='ltr'><strong>Quod</strong></span> <span class='ocrx_word' id='word_1_107' title='bbox 673 1068 901 1130; x_wconf 78' lang='lat' dir='ltr'><strong>qualiter</strong></span> <span class='ocrx_word' id='word_1_108' title='bbox 931 1065 1228 1127; x_wconf 68' lang='lat' dir='ltr'><strong>contingat,</strong></span> <span class='ocrx_word' id='word_1_109' title='bbox 1262 1067 1460 1114; x_wconf 83' lang='lat' dir='ltr'><strong>eisdem</strong></span> <span class='ocrx_word' id='word_1_110' title='bbox 1517 1064 1624 1112; x_wconf 90' lang='lat' dir='ltr'><strong>vini</strong></span> <span class='ocrx_word' id='word_1_111' title='bbox 1683 1067 1736 1111; x_wconf 90' lang='lat' dir='ltr'><strong>et</strong></span> <span class='ocrx_word' id='word_1_112' title='bbox 1781 1074 1934 1125; x_wconf 60' lang='lat' dir='ltr'><strong>aqua;</strong></span> <span class='ocrx_word' id='word_1_113' title='bbox 1966 1070 2146 1107; x_wconf 83' lang='lat' dir='ltr'><strong>exem—</strong></span> 
     </span>
    </p>
   </div>
   <div class='ocr_carea' id='block_1_15' title="bbox 500 1138 1246 1204">
    <p class='ocr_par' dir='ltr' id='par_1_15' title="bbox 500 1138 1246 1204">
     <span class='ocr_line' id='line_1_15' title="bbox 500 1138 1246 1204; baseline -0.003 -16"><span class='ocrx_word' id='word_1_114' title='bbox 500 1140 603 1204; x_wconf 88' lang='lat' dir='ltr'><strong>plis</strong></span> <span class='ocrx_word' id='word_1_115' title='bbox 634 1138 986 1193; x_wconf 86' lang='lat' dir='ltr'><strong>demonstrat,</strong></span> <span class='ocrx_word' id='word_1_116' title='bbox 1018 1138 1201 1185; x_wconf 86' lang='lat' dir='ltr'><strong>dicens</strong></span> <span class='ocrx_word' id='word_1_117' title='bbox 1235 1153 1246 1186; x_wconf 91' lang='lat'>:</span> 
     </span>
    </p>
   </div>
   <div class='ocr_carea' id='block_1_16' title="bbox 557 1199 2149 1274">
    <p class='ocr_par' dir='ltr' id='par_1_16' title="bbox 557 1199 2149 1274">
     <span class='ocr_line' id='line_1_16' title="bbox 557 1199 2149 1274; baseline -0.008 -17"><span class='ocrx_word' id='word_1_118' title='bbox 557 1214 727 1273; x_wconf 77' lang='lat' dir='ltr'><strong>Atque</strong></span> <span class='ocrx_word' id='word_1_119' title='bbox 784 1209 999 1266; x_wconf 74' lang='lat' dir='ltr'><strong>idcirco,</strong></span> <span class='ocrx_word' id='word_1_120' title='bbox 1050 1207 1174 1274; x_wconf 89' lang='lat' dir='ltr'><strong>etc.]</strong></span> <span class='ocrx_word' id='word_1_121' title='bbox 1230 1206 1433 1265; x_wconf 77' lang='lat' dir='ltr'><strong>Quasi:</strong></span> <span class='ocrx_word' id='word_1_122' title='bbox 1498 1206 1674 1255; x_wconf 88' lang='lat' dir='ltr'><strong>Potest</strong></span> <span class='ocrx_word' id='word_1_123' title='bbox 1733 1202 1845 1252; x_wconf 88' lang='lat' dir='ltr'><strong>vini</strong></span> <span class='ocrx_word' id='word_1_124' title='bbox 1902 1199 2149 1274; x_wconf 68' lang='lat' dir='ltr'><strong>qualitas,</strong></span> 
     </span>
    </p>
   </div>
   <div class='ocr_carea' id='block_1_17' title="bbox 499 1270 2153 1343">
    <p class='ocr_par' dir='ltr' id='par_1_17' title="bbox 499 1270 2153 1343">
     <span class='ocr_line' id='line_1_17' title="bbox 499 1270 2153 1343; baseline -0.01 -12"><span class='ocrx_word' id='word_1_125' title='bbox 499 1287 598 1332; x_wconf 89' lang='lat' dir='ltr'><strong>etc.</strong></span> <span class='ocrx_word' id='word_1_126' title='bbox 631 1270 807 1341; x_wconf 62' lang='lat' dir='ltr'><strong>Atque</strong></span> <span class='ocrx_word' id='word_1_127' title='bbox 841 1281 1061 1338; x_wconf 88' lang='lat' dir='ltr'><strong>idcirco,</strong></span> <span class='ocrx_word' id='word_1_128' title='bbox 1096 1270 1325 1343; x_wconf 49' lang='lat' dir='ltr'><strong>si-aane</strong></span> <span class='ocrx_word' id='word_1_129' title='bbox 1356 1277 1572 1339; x_wconf 85' lang='lat' dir='ltr'><strong>quidem</strong></span> <span class='ocrx_word' id='word_1_130' title='bbox 1625 1276 1723 1324; x_wconf 81' lang='lat' dir='ltr'><strong>fuit</strong></span> <span class='ocrx_word' id='word_1_131' title='bbox 1766 1275 2013 1328; x_wconf 90' lang='lat' dir='ltr'><strong>multum,</strong></span> <span class='ocrx_word' id='word_1_132' title='bbox 2042 1270 2153 1317; x_wconf 84' lang='lat' dir='ltr'><strong>vini</strong></span> 
     </span>
    </p>
   </div>
   <div class='ocr_carea' id='block_1_18' title="bbox 497 1344 2157 1411">
    <p class='ocr_par' dir='ltr' id='par_1_18' title="bbox 497 1344 2157 1411">
     <span class='ocr_line' id='line_1_18' title="bbox 497 1344 2157 1411; baseline -0.007 -12"><span class='ocrx_word' id='word_1_133' title='bbox 497 1365 628 1399; x_wconf 90' lang='lat' dir='ltr'><strong>vero</strong></span> <span class='ocrx_word' id='word_1_134' title='bbox 662 1348 828 1398; x_wconf 81' lang='lat' dir='ltr'><strong>fuerit</strong></span> <span class='ocrx_word' id='word_1_135' title='bbox 855 1350 1154 1411; x_wconf 82' lang='lat' dir='ltr'><strong>paululum,</strong></span> <span class='ocrx_word' id='word_1_136' title='bbox 1216 1352 1401 1396; x_wconf 90' lang='lat' dir='ltr'><strong>vinum</strong></span> <span class='ocrx_word' id='word_1_137' title='bbox 1463 1352 1516 1395; x_wconf 90' lang='lat' dir='ltr'><strong>et</strong></span> <span class='ocrx_word' id='word_1_138' title='bbox 1568 1360 1705 1409; x_wconf 86' lang='lat' dir='ltr'><strong>aqua</strong></span> <span class='ocrx_word' id='word_1_139' title='bbox 1761 1359 1866 1393; x_wconf 89' lang='lat' dir='ltr'><strong>non</strong></span> <span class='ocrx_word' id='word_1_140' title='bbox 1902 1344 2157 1391; x_wconf 89' lang='lat' dir='ltr'><strong>dicuntur</strong></span> 
     </span>
    </p>
   </div>
   <div class='ocr_carea' id='block_1_19' title="bbox 501 1416 2157 1477">
    <p class='ocr_par' dir='ltr' id='par_1_19' title="bbox 501 1416 2157 1477">
     <span class='ocr_line' id='line_1_19' title="bbox 501 1416 2157 1477; baseline -0.007 -7"><span class='ocrx_word' id='word_1_141' title='bbox 501 1421 760 1475; x_wconf 87' lang='lat' dir='ltr'><strong>immista,</strong></span> <span class='ocrx_word' id='word_1_142' title='bbox 796 1421 888 1469; x_wconf 87' lang='lat' dir='ltr'><strong>sed</strong></span> <span class='ocrx_word' id='word_1_143' title='bbox 949 1420 1195 1477; x_wconf 89' lang='lat' dir='ltr'><strong>alterum,</strong></span> <span class='ocrx_word' id='word_1_144' title='bbox 1240 1419 1293 1469; x_wconf 89' lang='lat' dir='ltr'><strong>id</strong></span> <span class='ocrx_word' id='word_1_145' title='bbox 1345 1424 1425 1467; x_wconf 86' lang='lat' dir='ltr'><strong>est</strong></span> <span class='ocrx_word' id='word_1_146' title='bbox 1474 1419 1658 1467; x_wconf 91' lang='lat' dir='ltr'><strong>vinum</strong></span> <span class='ocrx_word' id='word_1_147' title='bbox 1720 1416 1915 1465; x_wconf 84' lang='lat' dir='ltr'><strong>dicitur</strong></span> <span class='ocrx_word' id='word_1_148' title='bbox 1972 1426 2157 1462; x_wconf 89' lang='lat' dir='ltr'><strong>corru-</strong></span> 
     </span>
    </p>
   </div>
   <div class='ocr_carea' id='block_1_20' title="bbox 502 1488 2159 1559">
    <p class='ocr_par' dir='ltr' id='par_1_20' title="bbox 502 1488 2159 1559">
     <span class='ocr_line' id='line_1_20' title="bbox 502 1488 2159 1559; baseline -0.007 -16"><span class='ocrx_word' id='word_1_149' title='bbox 502 1499 652 1559; x_wconf 88' lang='lat' dir='ltr'><strong>ptum</strong></span> <span class='ocrx_word' id='word_1_150' title='bbox 687 1494 945 1557; x_wconf 77' lang='lat' dir='ltr'><strong>qualitate</strong></span> <span class='ocrx_word' id='word_1_151' title='bbox 977 1492 1212 1548; x_wconf 90' lang='lat' dir='ltr'><strong>alterius,</strong></span> <span class='ocrx_word' id='word_1_152' title='bbox 1245 1492 1298 1540; x_wconf 89' lang='lat' dir='ltr'><strong>id</strong></span> <span class='ocrx_word' id='word_1_153' title='bbox 1332 1496 1413 1540; x_wconf 89' lang='lat' dir='ltr'><strong>est</strong></span> <span class='ocrx_word' id='word_1_154' title='bbox 1447 1505 1621 1553; x_wconf 65' lang='lat' dir='ltr'><strong>aquae.</strong></span> <span class='ocrx_word' id='word_1_155' title='bbox 1675 1490 1786 1538; x_wconf 84' lang='lat' dir='ltr'><strong>Hoc</strong></span> <span class='ocrx_word' id='word_1_156' title='bbox 1844 1488 1985 1536; x_wconf 90' lang='lat' dir='ltr'><strong>enim</strong></span> <span class='ocrx_word' id='word_1_157' title='bbox 2042 1498 2159 1532; x_wconf 89' lang='lat' dir='ltr'><strong>ma-</strong></span> 
     </span>
    </p>
   </div>
   <div class='ocr_carea' id='block_1_21' title="bbox 502 1561 2161 1629">
    <p class='ocr_par' dir='ltr' id='par_1_21' title="bbox 502 1561 2161 1629">
     <span class='ocr_line' id='line_1_21' title="bbox 502 1561 2161 1629; baseline -0.008 -12"><span class='ocrx_word' id='word_1_158' title='bbox 502 1569 766 1618; x_wconf 79' lang='lat' dir='ltr'><strong>nifestum</strong></span> <span class='ocrx_word' id='word_1_159' title='bbox 788 1572 886 1622; x_wconf 89' lang='lat' dir='ltr'><strong>est,</strong></span> <span class='ocrx_word' id='word_1_160' title='bbox 920 1566 1062 1628; x_wconf 91' lang='lat' dir='ltr'><strong>quod</strong></span> <span class='ocrx_word' id='word_1_161' title='bbox 1096 1564 1138 1613; x_wconf 90' lang='lat' dir='ltr'><strong>si</strong></span> <span class='ocrx_word' id='word_1_162' title='bbox 1172 1567 1292 1629; x_wconf 91' lang='lat' dir='ltr'><strong>quis</strong></span> <span class='ocrx_word' id='word_1_163' title='bbox 1323 1565 1519 1613; x_wconf 81' lang='lat' dir='ltr'><strong>fundat</strong></span> <span class='ocrx_word' id='word_1_164' title='bbox 1564 1565 1768 1617; x_wconf 89' lang='lat' dir='ltr'><strong>vinum,</strong></span> <span class='ocrx_word' id='word_1_165' title='bbox 1827 1561 1970 1624; x_wconf 90' lang='lat' dir='ltr'><strong>quod</strong></span> <span class='ocrx_word' id='word_1_166' title='bbox 2030 1573 2161 1622; x_wconf 89' lang='lat' dir='ltr'><strong>pau-</strong></span> 
     </span>
    </p>
   </div>
   <div class='ocr_carea' id='block_1_22' title="bbox 504 1631 2159 1699">
    <p class='ocr_par' dir='ltr' id='par_1_22' title="bbox 504 1631 2159 1699">
     <span class='ocr_line' id='line_1_22' title="bbox 504 1631 2159 1699; baseline -0.007 -10"><span class='ocrx_word' id='word_1_167' title='bbox 504 1640 675 1689; x_wconf 90' lang='lat' dir='ltr'><strong>lulum</strong></span> <span class='ocrx_word' id='word_1_168' title='bbox 710 1643 809 1695; x_wconf 89' lang='lat' dir='ltr'><strong>est,</strong></span> <span class='ocrx_word' id='word_1_169' title='bbox 847 1638 900 1686; x_wconf 90' lang='lat' dir='ltr'><strong>in</strong></span> <span class='ocrx_word' id='word_1_170' title='bbox 937 1652 1099 1695; x_wconf 90' lang='lat' dir='ltr'><strong>mare,</strong></span> <span class='ocrx_word' id='word_1_171' title='bbox 1135 1638 1278 1699; x_wconf 89' lang='lat' dir='ltr'><strong>quod</strong></span> <span class='ocrx_word' id='word_1_172' title='bbox 1336 1636 1587 1685; x_wconf 84' lang='lat' dir='ltr'><strong>videlicet</strong></span> <span class='ocrx_word' id='word_1_173' title='bbox 1641 1635 1867 1683; x_wconf 90' lang='lat' dir='ltr'><strong>multum</strong></span> <span class='ocrx_word' id='word_1_174' title='bbox 1928 1636 2023 1688; x_wconf 85' lang='lat' dir='ltr'><strong>est,</strong></span> <span class='ocrx_word' id='word_1_175' title='bbox 2083 1631 2159 1677; x_wconf 83' lang='lat' dir='ltr'><strong>vi-</strong></span> 
     </span>
    </p>
   </div>
   <div class='ocr_carea' id='block_1_23' title="bbox 2235 623 3044 687">
    <p class='ocr_par' dir='ltr' id='par_1_23' title="bbox 2235 623 3044 687">
     <span class='ocr_line' id='line_1_23' title="bbox 2235 623 3044 687; baseline 0.005 -16"><span class='ocrx_word' id='word_1_176' title='bbox 2235 623 2466 685; x_wconf 78' lang='lat' dir='ltr'><strong>juugit:</strong></span> <span class='ocrx_word' id='word_1_177' title='bbox 2526 627 2779 687; x_wconf 87' lang='lat' dir='ltr'><strong>quoniam</strong></span> <span class='ocrx_word' id='word_1_178' title='bbox 2842 628 3044 675; x_wconf 75' lang='lat' dir='ltr'><strong>scilicet</strong></span> 
     </span>
    </p>
   </div>
   <div class='ocr_carea' id='block_1_24' title="bbox 2241 406 3803 477">
    <p class='ocr_par' dir='ltr' id='par_1_24' title="bbox 2241 406 3803 477">
     <span class='ocr_line' id='line_1_24' title="bbox 2241 406 3803 477; baseline 0.009 -23"><span class='ocrx_word' id='word_1_179' title='bbox 2241 419 2331 455; x_wconf 86' lang='lat' dir='ltr'><strong>rea</strong></span> <span class='ocrx_word' id='word_1_180' title='bbox 2366 406 2419 455; x_wconf 90' lang='lat' dir='ltr'><strong>in</strong></span> <span class='ocrx_word' id='word_1_181' title='bbox 2449 424 2705 473; x_wconf 78' lang='lat' dir='ltr'><strong>Corporea</strong></span> <span class='ocrx_word' id='word_1_182' title='bbox 2741 416 3033 474; x_wconf 87' lang='lat' dir='ltr'><strong>permutari</strong></span> <span class='ocrx_word' id='word_1_183' title='bbox 3062 422 3309 477; x_wconf 85' lang='lat' dir='ltr'><strong>possunt.</strong></span> <span class='ocrx_word' id='word_1_184' title='bbox 3366 406 3591 465; x_wconf 77' lang='lat' dir='ltr'><strong>ostendit</strong></span> <span class='ocrx_word' id='word_1_185' title='bbox 3636 406 3803 471; x_wconf 74' lang='lat' dir='ltr'><strong>dicens:</strong></span> 
     </span>
    </p>
   </div>
   <div class='ocr_carea' id='block_1_25' title="bbox 2237 480 3809 551">
    <p class='ocr_par' dir='ltr' id='par_1_25' title="bbox 2237 480 3809 551">
     <span class='ocr_line' id='line_1_25' title="bbox 2237 480 3809 551; baseline 0.008 -23"><span class='ocrx_word' id='word_1_186' title='bbox 2237 480 2505 541; x_wconf 81' lang='lat' dir='ltr'><strong>Corporea</strong></span> <span class='ocrx_word' id='word_1_187' title='bbox 2537 496 2661 531; x_wconf 87' lang='lat' dir='ltr'><strong>vero</strong></span> <span class='ocrx_word' id='word_1_188' title='bbox 2693 484 2745 532; x_wconf 94' lang='lat' dir='ltr'><strong>in</strong></span> <span class='ocrx_word' id='word_1_189' title='bbox 2779 483 3097 546; x_wconf 81' lang='lat' dir='ltr'><strong>incOrporea</strong></span> <span class='ocrx_word' id='word_1_190' title='bbox 3158 488 3304 534; x_wconf 91' lang='lat' dir='ltr'><strong>nulla</strong></span> <span class='ocrx_word' id='word_1_191' title='bbox 3363 486 3565 535; x_wconf 83' lang='lat' dir='ltr'><strong>ratione</strong></span> <span class='ocrx_word' id='word_1_192' title='bbox 3618 498 3809 551; x_wconf 80' lang='lat' dir='ltr'><strong>poterunt</strong></span> 
     </span>
    </p>
   </div>
   <div class='ocr_carea' id='block_1_26' title="bbox 2240 554 3808 618">
    <p class='ocr_par' dir='ltr' id='par_1_26' title="bbox 2240 554 3808 618">
     <span class='ocr_line' id='line_1_26' title="bbox 2240 554 3808 618; baseline 0.009 -21"><span class='ocrx_word' id='word_1_193' title='bbox 2240 554 2559 613; x_wconf 89' lang='lat' dir='ltr'><strong>permntari,</strong></span> <span class='ocrx_word' id='word_1_194' title='bbox 2588 559 2640 602; x_wconf 92' lang='lat' dir='ltr'><strong>et</strong></span> <span class='ocrx_word' id='word_1_195' title='bbox 2674 556 2807 616; x_wconf 92' lang='lat' dir='ltr'><strong>quod</strong></span> <span class='ocrx_word' id='word_1_196' title='bbox 2866 559 3209 618; x_wconf 85' lang='lat' dir='ltr'><strong>permutandi</strong></span> <span class='ocrx_word' id='word_1_197' title='bbox 3263 558 3394 606; x_wconf 82' lang='lat' dir='ltr'><strong>ratio</strong></span> <span class='ocrx_word' id='word_1_198' title='bbox 3452 561 3578 607; x_wconf 80' lang='lat' dir='ltr'><strong>desit</strong></span> <span class='ocrx_word' id='word_1_199' title='bbox 3604 561 3702 617; x_wconf 75' lang='lat' dir='ltr'><strong>illis,</strong></span> <span class='ocrx_word' id='word_1_200' title='bbox 3727 566 3808 611; x_wconf 81' lang='lat' dir='ltr'><strong>sub-</strong></span> 
     </span>
    </p>
   </div>
   <div class='ocr_carea' id='block_1_27' title="bbox 3127 632 3809 694">
    <p class='ocr_par' dir='ltr' id='par_1_27' title="bbox 3127 632 3809 694">
     <span class='ocr_line' id='line_1_27' title="bbox 3127 632 3809 694; baseline 0.007 -18"><span class='ocrx_word' id='word_1_201' title='bbox 3127 643 3381 690; x_wconf 88' lang='lat' dir='ltr'><strong>corporea</strong></span> <span class='ocrx_word' id='word_1_202' title='bbox 3438 634 3489 677; x_wconf 89' lang='lat' dir='ltr'><strong>et</strong></span> <span class='ocrx_word' id='word_1_203' title='bbox 3566 632 3809 694; x_wconf 70' lang='lat' dir='ltr'><strong>incorporei</strong></span> 
     </span>
    </p>
   </div>
   <div class='ocr_carea' id='block_1_28' title="bbox 2244 694 3809 764">
    <p class='ocr_par' dir='ltr' id='par_1_28' title="bbox 2244 694 3809 764">
     <span class='ocr_line' id='line_1_28' title="bbox 2244 694 3809 764; baseline 0.008 -24"><span class='ocrx_word' id='word_1_204' title='bbox 2244 694 2391 742; x_wconf 87' lang='lat' dir='ltr'><strong>nulla</strong></span> <span class='ocrx_word' id='word_1_205' title='bbox 2424 695 2523 743; x_wconf 92' lang='lat' dir='ltr'><strong>sibi</strong></span> <span class='ocrx_word' id='word_1_206' title='bbox 2551 698 2825 745; x_wconf 85' lang='lat' dir='ltr'><strong>communi</strong></span> <span class='ocrx_word' id='word_1_207' title='bbox 2856 701 3079 747; x_wconf 85' lang='lat' dir='ltr'><strong>materia</strong></span> <span class='ocrx_word' id='word_1_208' title='bbox 3110 700 3347 762; x_wconf 80' lang='lat' dir='ltr'><strong>subjecta</strong></span> <span class='ocrx_word' id='word_1_209' title='bbox 3394 701 3700 763; x_wconf 79' lang='lat' dir='ltr'><strong>participant,</strong></span> <span class='ocrx_word' id='word_1_210' title='bbox 3730 718 3809 764; x_wconf 70' lang='lat' dir='ltr'><strong>qua:</strong></span> 
     </span>
    </p>
   </div>
   <div class='ocr_carea' id='block_1_29' title="bbox 2245 764 3810 835">
    <p class='ocr_par' dir='ltr' id='par_1_29' title="bbox 2245 764 3810 835">
     <span class='ocr_line' id='line_1_29' title="bbox 2245 764 3810 835; baseline 0.007 -23"><span class='ocrx_word' id='word_1_211' title='bbox 2245 764 2462 826; x_wconf 80' lang='lat' dir='ltr'><strong>quidem</strong></span> <span class='ocrx_word' id='word_1_212' title='bbox 2487 782 2596 816; x_wconf 74' lang='lat' dir='ltr'><strong>suae</strong></span> <span class='ocrx_word' id='word_1_213' title='bbox 2647 770 3012 819; x_wconf 69' lang='lat' dir='ltr'><strong>subsistentiee</strong></span> <span class='ocrx_word' id='word_1_214' title='bbox 3056 786 3272 833; x_wconf 82' lang='lat' dir='ltr'><strong>genere.</strong></span> <span class='ocrx_word' id='word_1_215' title='bbox 3314 787 3469 834; x_wconf 90' lang='lat' dir='ltr'><strong>quam</strong></span> <span class='ocrx_word' id='word_1_216' title='bbox 3515 779 3709 835; x_wconf 82' lang='lat' dir='ltr'><strong>utroque</strong></span> <span class='ocrx_word' id='word_1_217' title='bbox 3748 778 3810 823; x_wconf 73' lang='lat' dir='ltr'><strong>ali-</strong></span> 
     </span>
    </p>
   </div>
   <div class='ocr_carea' id='block_1_30' title="bbox 2248 837 3812 900">
    <p class='ocr_par' dir='ltr' id='par_1_30' title="bbox 2248 837 3812 900">
     <span class='ocr_line' id='line_1_30' title="bbox 2248 837 3812 900; baseline 0.007 -18"><span class='ocrx_word' id='word_1_218' title='bbox 2248 838 2373 897; x_wconf 88' lang='lat' dir='ltr'><strong>quid</strong></span> <span class='ocrx_word' id='word_1_219' title='bbox 2409 837 2492 891; x_wconf 83' lang='lat' dir='ltr'><strong>sit,</strong></span> <span class='ocrx_word' id='word_1_220' title='bbox 2523 844 2758 895; x_wconf 80' lang='lat' dir='ltr'><strong>maneat,</strong></span> <span class='ocrx_word' id='word_1_221' title='bbox 2791 844 2881 887; x_wconf 86' lang='lat' dir='ltr'><strong>sed</strong></span> <span class='ocrx_word' id='word_1_222' title='bbox 2914 845 3131 890; x_wconf 78' lang='lat' dir='ltr'><strong>alterius</strong></span> <span class='ocrx_word' id='word_1_223' title='bbox 3166 844 3409 900; x_wconf 81' lang='lat' dir='ltr'><strong>alterum,</strong></span> <span class='ocrx_word' id='word_1_224' title='bbox 3457 843 3535 892; x_wconf 78' lang='lat' dir='ltr'><strong>vel</strong></span> <span class='ocrx_word' id='word_1_225' title='bbox 3582 846 3812 894; x_wconf 77' lang='lat' dir='ltr'><strong>alterumue</strong></span> 
     </span>
    </p>
   </div>
   <div class='ocr_carea' id='block_1_31' title="bbox 2253 911 3813 979">
    <p class='ocr_par' dir='ltr' id='par_1_31' title="bbox 2253 911 3813 979">
     <span class='ocr_line' id='line_1_31' title="bbox 2253 911 3813 979; baseline 0.007 -24"><span class='ocrx_word' id='word_1_226' title='bbox 2253 912 2540 972; x_wconf 86' lang='lat' dir='ltr'><strong>utrumque</strong></span> <span class='ocrx_word' id='word_1_227' title='bbox 2573 911 2925 974; x_wconf 78' lang='lat' dir='ltr'><strong>qualitatibus</strong></span> <span class='ocrx_word' id='word_1_228' title='bbox 2956 916 3239 977; x_wconf 74' lang='lat' dir='ltr'><strong>susceptis,</strong></span> <span class='ocrx_word' id='word_1_229' title='bbox 3284 917 3338 965; x_wconf 86' lang='lat' dir='ltr'><strong>in</strong></span> <span class='ocrx_word' id='word_1_230' title='bbox 3380 916 3624 965; x_wconf 74' lang='lat' dir='ltr'><strong>alterutra</strong></span> <span class='ocrx_word' id='word_1_231' title='bbox 3662 931 3813 979; x_wconf 77' lang='lat' dir='ltr'><strong>permu-</strong></span> 
     </span>
    </p>
   </div>
   <div class='ocr_carea' id='block_1_32' title="bbox 2254 985 2411 1029">
    <p class='ocr_par' dir='ltr' id='par_1_32' title="bbox 2254 985 2411 1029">
     <span class='ocr_line' id='line_1_32' title="bbox 2254 985 2411 1029; baseline 0 0"><span class='ocrx_word' id='word_1_232' title='bbox 2254 985 2411 1029; x_wconf 89' lang='lat' dir='ltr'><strong>tetur.</strong></span> 
     </span>
    </p>
   </div>
   <div class='ocr_carea' id='block_1_33' title="bbox 2320 1052 3814 1123">
    <p class='ocr_par' dir='ltr' id='par_1_33' title="bbox 2320 1052 3814 1123">
     <span class='ocr_line' id='line_1_33' title="bbox 2320 1052 3814 1123; baseline 0.007 -24"><span class='ocrx_word' id='word_1_233' title='bbox 2320 1052 2497 1100; x_wconf 73' lang='lat' dir='ltr'><strong>Omnis</strong></span> <span class='ocrx_word' id='word_1_234' title='bbox 2526 1055 2684 1111; x_wconf 71' lang='lat' dir='ltr'><strong>enim,</strong></span> <span class='ocrx_word' id='word_1_235' title='bbox 2720 1058 2842 1119; x_wconf 88' lang='lat' dir='ltr'><strong>etc.]</strong></span> <span class='ocrx_word' id='word_1_236' title='bbox 2873 1056 3034 1115; x_wconf 86' lang='lat' dir='ltr'><strong>Quasi</strong></span> <span class='ocrx_word' id='word_1_237' title='bbox 3070 1070 3080 1105; x_wconf 94' lang='lat'>:</span> <span class='ocrx_word' id='word_1_238' title='bbox 3131 1059 3453 1123; x_wconf 79' lang='lat' dir='ltr'><strong>Corporibus</strong></span> <span class='ocrx_word' id='word_1_239' title='bbox 3496 1064 3545 1107; x_wconf 90' lang='lat' dir='ltr'><strong>et</strong></span> <span class='ocrx_word' id='word_1_240' title='bbox 3589 1060 3814 1121; x_wconf 53' lang='lat' dir='ltr'><strong>incorpore</strong></span> 
     </span>
    </p>
   </div>
   <div class='ocr_carea' id='block_1_34' title="bbox 2258 1123 3815 1197">
    <p class='ocr_par' dir='ltr' id='par_1_34' title="bbox 2258 1123 3815 1197">
     <span class='ocr_line' id='line_1_34' title="bbox 2258 1123 3815 1197; baseline 0.007 -26"><span class='ocrx_word' id='word_1_241' title='bbox 2258 1123 2421 1197; x_wconf 74' lang='lat' dir='ltr'><strong>libus</strong></span> <span class='ocrx_word' id='word_1_242' title='bbox 2461 1126 2604 1173; x_wconf 90' lang='lat' dir='ltr'><strong>nulla</strong></span> <span class='ocrx_word' id='word_1_243' title='bbox 2660 1132 2741 1175; x_wconf 81' lang='lat' dir='ltr'><strong>est</strong></span> <span class='ocrx_word' id='word_1_244' title='bbox 2796 1128 3097 1177; x_wconf 86' lang='lat' dir='ltr'><strong>communis</strong></span> <span class='ocrx_word' id='word_1_245' title='bbox 3182 1130 3424 1179; x_wconf 83' lang='lat' dir='ltr'><strong>materia.</strong></span> <span class='ocrx_word' id='word_1_246' title='bbox 3496 1130 3626 1180; x_wconf 85' lang='lat' dir='ltr'><strong>Vere</strong></span> <span class='ocrx_word' id='word_1_247' title='bbox 3678 1136 3815 1197; x_wconf 77' lang='lat' dir='ltr'><strong>utique.</strong></span> 
     </span>
    </p>
   </div>
   <div class='ocr_carea' id='block_1_35' title="bbox 2260 1194 3817 1264">
    <p class='ocr_par' dir='ltr' id='par_1_35' title="bbox 2260 1194 3817 1264">
     <span class='ocr_line' id='line_1_35' title="bbox 2260 1194 3817 1264; baseline 0.007 -23"><span class='ocrx_word' id='word_1_248' title='bbox 2260 1194 2515 1255; x_wconf 89' lang='lat' dir='ltr'><strong>quoniam</strong></span> <span class='ocrx_word' id='word_1_249' title='bbox 2585 1198 2727 1246; x_wconf 89' lang='lat' dir='ltr'><strong>nulla</strong></span> <span class='ocrx_word' id='word_1_250' title='bbox 2774 1200 2994 1248; x_wconf 90' lang='lat' dir='ltr'><strong>omnino</strong></span> <span class='ocrx_word' id='word_1_251' title='bbox 3060 1205 3139 1249; x_wconf 87' lang='lat' dir='ltr'><strong>est</strong></span> <span class='ocrx_word' id='word_1_252' title='bbox 3189 1203 3617 1264; x_wconf 90' lang='lat' dir='ltr'><strong>incorporeorum</strong></span> <span class='ocrx_word' id='word_1_253' title='bbox 3650 1194 3817 1252; x_wconf 63' lang='lat' dir='ltr'><strong>materia</strong></span> 
     </span>
    </p>
   </div>
   <div class='ocr_carea' id='block_1_36' title="bbox 2261 1266 3821 1335">
    <p class='ocr_par' dir='ltr' id='par_1_36' title="bbox 2261 1266 3821 1335">
     <span class='ocr_line' id='line_1_36' title="bbox 2261 1266 3821 1335; baseline 0.008 -24"><span class='ocrx_word' id='word_1_254' title='bbox 2261 1266 2411 1323; x_wconf 87' lang='lat' dir='ltr'><strong>Quod</strong></span> <span class='ocrx_word' id='word_1_255' title='bbox 2444 1266 2517 1316; x_wconf 89' lang='lat' dir='ltr'><strong>ait</strong></span> <span class='ocrx_word' id='word_1_256' title='bbox 2548 1269 2657 1316; x_wconf 87' lang='lat' dir='ltr'><strong>ita:</strong></span> <span class='ocrx_word' id='word_1_257' title='bbox 2722 1270 2906 1319; x_wconf 84' lang='lat' dir='ltr'><strong>Omnis</strong></span> <span class='ocrx_word' id='word_1_258' title='bbox 2963 1276 3103 1321; x_wconf 88' lang='lat' dir='ltr'><strong>enim</strong></span> <span class='ocrx_word' id='word_1_259' title='bbox 3164 1282 3355 1322; x_wconf 88' lang='lat' dir='ltr'><strong>natura</strong></span> <span class='ocrx_word' id='word_1_260' title='bbox 3415 1274 3709 1335; x_wconf 72' lang='lat' dir='ltr'><strong>incorporea:</strong></span> <span class='ocrx_word' id='word_1_261' title='bbox 3744 1279 3821 1323; x_wconf 78' lang='lat' dir='ltr'><strong>sub-</strong></span> 
     </span>
    </p>
   </div>
   <div class='ocr_carea' id='block_1_37' title="bbox 2263 1336 3819 1404">
    <p class='ocr_par' dir='ltr' id='par_1_37' title="bbox 2263 1336 3819 1404">
     <span class='ocr_line' id='line_1_37' title="bbox 2263 1336 3819 1404; baseline 0.007 -21"><span class='ocrx_word' id='word_1_262' title='bbox 2263 1336 2475 1386; x_wconf 67' lang='lat' dir='ltr'><strong>stantias</strong></span> <span class='ocrx_word' id='word_1_263' title='bbox 2522 1340 2641 1388; x_wconf 88' lang='lat' dir='ltr'><strong>talis</strong></span> <span class='ocrx_word' id='word_1_264' title='bbox 2695 1347 2793 1397; x_wconf 86' lang='lat' dir='ltr'><strong>est,</strong></span> <span class='ocrx_word' id='word_1_265' title='bbox 2854 1344 2995 1404; x_wconf 92' lang='lat' dir='ltr'><strong>quod</strong></span> <span class='ocrx_word' id='word_1_266' title='bbox 3058 1344 3202 1392; x_wconf 91' lang='lat' dir='ltr'><strong>nullo</strong></span> <span class='ocrx_word' id='word_1_267' title='bbox 3262 1344 3609 1393; x_wconf 85' lang='lat' dir='ltr'><strong>fundamento</strong></span> <span class='ocrx_word' id='word_1_268' title='bbox 3656 1348 3819 1396; x_wconf 64' lang='lat' dir='ltr'><strong>materie</strong></span> 
     </span>
    </p>
   </div>
   <div class='ocr_carea' id='block_1_38' title="bbox 2267 1407 3823 1483">
    <p class='ocr_par' dir='ltr' id='par_1_38' title="bbox 2267 1407 3823 1483">
     <span class='ocr_line' id='line_1_38' title="bbox 2267 1407 3823 1483; baseline 0.007 -28"><span class='ocrx_word' id='word_1_269' title='bbox 2267 1407 2633 1483; x_wconf 30' lang='lat' dir='ltr'><strong>nititursNam</strong></span> <span class='ocrx_word' id='word_1_270' title='bbox 2670 1427 2768 1461; x_wconf 88' lang='lat' dir='ltr'><strong>nec</strong></span> <span class='ocrx_word' id='word_1_271' title='bbox 2798 1414 2958 1462; x_wconf 90' lang='lat' dir='ltr'><strong>etiam</strong></span> <span class='ocrx_word' id='word_1_272' title='bbox 2992 1413 3096 1483; x_wconf 76' lang='grc' dir='ltr'>ὕλη</span> <span class='ocrx_word' id='word_1_273' title='bbox 3129 1421 3307 1477; x_wconf 74' lang='lat' dir='ltr'><strong>potest</strong></span> <span class='ocrx_word' id='word_1_274' title='bbox 3342 1432 3532 1466; x_wconf 89' lang='lat' dir='ltr'><strong>eorum</strong></span> <span class='ocrx_word' id='word_1_275' title='bbox 3584 1432 3679 1466; x_wconf 72' lang='lat' dir='ltr'><strong>esse</strong></span> <span class='ocrx_word' id='word_1_276' title='bbox 3711 1432 3823 1466; x_wconf 66' lang='lat' dir='ltr'><strong>mam-</strong></span> 
     </span>
    </p>
   </div>
   <div class='ocr_carea' id='block_1_39' title="bbox 2268 1478 3823 1551">
    <p class='ocr_par' dir='ltr' id='par_1_39' title="bbox 2268 1478 3823 1551">
     <span class='ocr_line' id='line_1_39' title="bbox 2268 1478 3823 1551; baseline 0.006 -24"><span class='ocrx_word' id='word_1_277' title='bbox 2268 1478 2366 1528; x_wconf 89' lang='lat' dir='ltr'><strong>ria.</strong></span> <span class='ocrx_word' id='word_1_278' title='bbox 2399 1482 2615 1531; x_wconf 88' lang='lat' dir='ltr'><strong>Nullum</strong></span> <span class='ocrx_word' id='word_1_279' title='bbox 2648 1499 2776 1533; x_wconf 87' lang='lat' dir='ltr'><strong>vero</strong></span> <span class='ocrx_word' id='word_1_280' title='bbox 2801 1500 2996 1548; x_wconf 89' lang='lat' dir='ltr'><strong>corpus</strong></span> <span class='ocrx_word' id='word_1_281' title='bbox 3027 1478 3108 1536; x_wconf 81' lang='lat' dir='ltr'><strong>est</strong></span> <span class='ocrx_word' id='word_1_282' title='bbox 3142 1489 3245 1549; x_wconf 90' lang='lat' dir='ltr'><strong>cui,</strong></span> <span class='ocrx_word' id='word_1_283' title='bbox 3299 1489 3402 1536; x_wconf 90' lang='lat' dir='ltr'><strong>hoc</strong></span> <span class='ocrx_word' id='word_1_284' title='bbox 3448 1498 3524 1537; x_wconf 89' lang='lat' dir='ltr'><strong>est</strong></span> <span class='ocrx_word' id='word_1_285' title='bbox 3578 1489 3705 1551; x_wconf 80' lang='lat' dir='ltr'><strong>cujus</strong></span> <span class='ocrx_word' id='word_1_286' title='bbox 3726 1498 3823 1538; x_wconf 48' lang='lat' dir='ltr'><strong>natu.</strong></span> 
     </span>
    </p>
   </div>
   <div class='ocr_carea' id='block_1_40' title="bbox 2269 1557 3823 1628">
    <p class='ocr_par' dir='ltr' id='par_1_40' title="bbox 2269 1557 3823 1628">
     <span class='ocr_line' id='line_1_40' title="bbox 2269 1557 3823 1628; baseline 0.008 -30"><span class='ocrx_word' id='word_1_287' title='bbox 2269 1566 2341 1628; x_wconf 58' lang='lat' dir='ltr'><strong>ree</strong></span> <span class='ocrx_word' id='word_1_288' title='bbox 2376 1567 2481 1602; x_wconf 92' lang='lat' dir='ltr'><strong>non</strong></span> <span class='ocrx_word' id='word_1_289' title='bbox 2516 1558 2585 1604; x_wconf 86' lang='lat' dir='ltr'><strong>sit</strong></span> <span class='ocrx_word' id='word_1_290' title='bbox 2615 1557 2859 1619; x_wconf 86' lang='lat' dir='ltr'><strong>subjecta</strong></span> <span class='ocrx_word' id='word_1_291' title='bbox 2889 1561 3112 1609; x_wconf 86' lang='lat' dir='ltr'><strong>materia</strong></span> <span class='ocrx_word' id='word_1_292' title='bbox 3138 1575 3156 1621; x_wconf 80' lang='lat'><strong>,°</strong></span> <span class='ocrx_word' id='word_1_293' title='bbox 3188 1575 3310 1609; x_wconf 87' lang='lat' dir='ltr'><strong>nam</strong></span> <span class='ocrx_word' id='word_1_294' title='bbox 3346 1559 3454 1628; x_wconf 70' lang='grc' dir='ltr'><strong>ὕλη</strong></span> <span class='ocrx_word' id='word_1_295' title='bbox 3484 1563 3678 1624; x_wconf 86' lang='lat' dir='ltr'><strong>quidem</strong></span> <span class='ocrx_word' id='word_1_296' title='bbox 3704 1577 3823 1622; x_wconf 51' lang='lat' dir='ltr'><strong>carpis</strong></span> 
     </span>
    </p>
   </div>
   <div class='ocr_carea' id='block_1_41' title="bbox 2272 1623 3822 1697">
    <p class='ocr_par' dir='ltr' id='par_1_41' title="bbox 2272 1623 3822 1697">
     <span class='ocr_line' id='line_1_41' title="bbox 2272 1623 3822 1697; baseline 0.006 -26"><span class='ocrx_word' id='word_1_297' title='bbox 2272 1623 2439 1685; x_wconf 87' lang='lat' dir='ltr'><strong>ribus,</strong></span> <span class='ocrx_word' id='word_1_298' title='bbox 2472 1640 2756 1689; x_wconf 78' lang='lat' dir='ltr'><strong>corporum</strong></span> <span class='ocrx_word' id='word_1_299' title='bbox 2787 1643 2915 1678; x_wconf 86' lang='lat' dir='ltr'><strong>vero</strong></span> <span class='ocrx_word' id='word_1_300' title='bbox 2942 1633 3147 1681; x_wconf 89' lang='lat' dir='ltr'><strong>naturis</strong></span> <span class='ocrx_word' id='word_1_301' title='bbox 3177 1634 3382 1681; x_wconf 70' lang='lat' dir='ltr'><strong>steteris</strong></span> <span class='ocrx_word' id='word_1_302' title='bbox 3413 1623 3453 1681; x_wconf 69' lang='grc' dir='ltr'><strong>δ’</strong></span> <span class='ocrx_word' id='word_1_303' title='bbox 3501 1623 3657 1697; x_wconf 79' lang='lat' dir='ltr'><strong>prima</strong></span> <span class='ocrx_word' id='word_1_304' title='bbox 3696 1633 3822 1681; x_wconf 51' lang='lat' dir='ltr'><strong>subeo»</strong></span> 
     </span>
    </p>
   </div>
   <div class='ocr_carea' id='block_1_42' title="bbox 506 1695 2876 1768">
    <p class='ocr_par' dir='ltr' id='par_1_42' title="bbox 506 1695 2876 1768">
     <span class='ocr_line' id='line_1_42' title="bbox 506 1695 2876 1768; baseline -0.005 -7"><span class='ocrx_word' id='word_1_305' title='bbox 506 1727 635 1762; x_wconf 90' lang='lat' dir='ltr'><strong>num</strong></span> <span class='ocrx_word' id='word_1_306' title='bbox 674 1726 781 1760; x_wconf 90' lang='lat' dir='ltr'><strong>non</strong></span> <span class='ocrx_word' id='word_1_307' title='bbox 813 1710 1032 1759; x_wconf 90' lang='lat' dir='ltr'><strong>mistum</strong></span> <span class='ocrx_word' id='word_1_308' title='bbox 1098 1695 1180 1759; x_wconf 74' lang='lat' dir='ltr'><strong>est</strong></span> <span class='ocrx_word' id='word_1_309' title='bbox 1245 1710 1403 1768; x_wconf 89' lang='lat' dir='ltr'><strong>mari,</strong></span> <span class='ocrx_word' id='word_1_310' title='bbox 1436 1712 1527 1757; x_wconf 87' lang='lat' dir='ltr'><strong>sed</strong></span> <span class='ocrx_word' id='word_1_311' title='bbox 1590 1712 1676 1756; x_wconf 86' lang='lat' dir='ltr'><strong>est</strong></span> <span class='ocrx_word' id='word_1_312' title='bbox 1736 1710 2045 1767; x_wconf 85' lang='lat' dir='ltr'><strong>corruptum</strong></span> <span class='ocrx_word' id='word_1_313' title='bbox 2104 1700 2158 1749; x_wconf 91' lang='lat' dir='ltr'><strong>in</strong></span> <span class='ocrx_word' id='word_1_314' title='bbox 2190 1695 2238 1759; x_wconf 88' lang='lat' dir='ltr'><strong>B</strong></span> <span class='ocrx_word' id='word_1_315' title='bbox 2266 1698 2451 1754; x_wconf 84' lang='lat' dir='ltr'><strong>tentia,</strong></span> <span class='ocrx_word' id='word_1_316' title='bbox 2487 1699 2602 1761; x_wconf 87' lang='lat' dir='ltr'><strong>ipsa</strong></span> <span class='ocrx_word' id='word_1_317' title='bbox 2632 1715 2876 1763; x_wconf 86' lang='lat' dir='ltr'><strong>corpora.</strong></span> 
     </span>
    </p>
   </div>
   <div class='ocr_carea' id='block_1_43' title="bbox 506 1777 2155 1846">
    <p class='ocr_par' dir='ltr' id='par_1_43' title="bbox 506 1777 2155 1846">
     <span class='ocr_line' id='line_1_43' title="bbox 506 1777 2155 1846; baseline -0.006 -13"><span class='ocrx_word' id='word_1_318' title='bbox 506 1784 640 1833; x_wconf 88' lang='lat' dir='ltr'><strong>mari</strong></span> <span class='ocrx_word' id='word_1_319' title='bbox 676 1798 688 1832; x_wconf 90' lang='lat'><strong>:</strong></span> <span class='ocrx_word' id='word_1_320' title='bbox 721 1784 847 1846; x_wconf 87' lang='lat' dir='ltr'><strong>quia</strong></span> <span class='ocrx_word' id='word_1_321' title='bbox 878 1796 1023 1831; x_wconf 88' lang='lat' dir='ltr'><strong>mare</strong></span> <span class='ocrx_word' id='word_1_322' title='bbox 1054 1781 1339 1844; x_wconf 80' lang='lat' dir='ltr'><strong>pristinam</strong></span> <span class='ocrx_word' id='word_1_323' title='bbox 1374 1782 1455 1829; x_wconf 90' lang='lat' dir='ltr'><strong>sui</strong></span> <span class='ocrx_word' id='word_1_324' title='bbox 1513 1779 1713 1829; x_wconf 85' lang='lat' dir='ltr'><strong>retinet</strong></span> <span class='ocrx_word' id='word_1_325' title='bbox 1772 1777 2089 1842; x_wconf 81' lang='lat' dir='ltr'><strong>qualitatem</strong></span> <span class='ocrx_word' id='word_1_326' title='bbox 2130 1789 2155 1823; x_wconf 93' lang='lat' dir='ltr'><strong>e</strong></span> 
     </span>
    </p>
   </div>
   <div class='ocr_carea' id='block_1_44' title="bbox 506 1848 2165 1911">
    <p class='ocr_par' dir='ltr' id='par_1_44' title="bbox 506 1848 2165 1911">
     <span class='ocr_line' id='line_1_44' title="bbox 506 1848 2165 1911; baseline -0.006 -7"><span class='ocrx_word' id='word_1_327' title='bbox 506 1867 725 1911; x_wconf 86' lang='lat' dir='ltr'><strong>nomen,</strong></span> <span class='ocrx_word' id='word_1_328' title='bbox 763 1854 949 1901; x_wconf 89' lang='lat' dir='ltr'><strong>vinum</strong></span> <span class='ocrx_word' id='word_1_329' title='bbox 984 1858 1162 1902; x_wconf 89' lang='lat' dir='ltr'><strong>autem</strong></span> <span class='ocrx_word' id='word_1_330' title='bbox 1216 1866 1317 1901; x_wconf 89' lang='lat' dir='ltr'><strong>nec</strong></span> <span class='ocrx_word' id='word_1_331' title='bbox 1380 1866 1574 1900; x_wconf 87' lang='lat' dir='ltr'><strong>nomen</strong></span> <span class='ocrx_word' id='word_1_332' title='bbox 1633 1851 1829 1901; x_wconf 88' lang='lat' dir='ltr'><strong>retinet</strong></span> <span class='ocrx_word' id='word_1_333' title='bbox 1875 1848 2007 1905; x_wconf 92' lang='lat' dir='ltr'><strong>vini,</strong></span> <span class='ocrx_word' id='word_1_334' title='bbox 2043 1858 2165 1901; x_wconf 64' lang='lat' dir='ltr'><strong>necs</strong></span> 
     </span>
    </p>
   </div>
   <div class='ocr_carea' id='block_1_45' title="bbox 514 1917 2165 1993">
    <p class='ocr_par' dir='ltr' id='par_1_45' title="bbox 514 1917 2165 1993">
     <span class='ocr_line' id='line_1_45' title="bbox 514 1917 2165 1993; baseline -0.006 -17"><span class='ocrx_word' id='word_1_335' title='bbox 514 1926 829 1993; x_wconf 82' lang='lat' dir='ltr'><strong>qualitatem</strong></span> <span class='ocrx_word' id='word_1_336' title='bbox 864 1940 877 1983; x_wconf 89' lang='lat'><strong>;</strong></span> <span class='ocrx_word' id='word_1_337' title='bbox 911 1930 962 1974; x_wconf 90' lang='lat' dir='ltr'><strong>et</strong></span> <span class='ocrx_word' id='word_1_338' title='bbox 992 1939 1096 1987; x_wconf 84' lang='lat' dir='ltr'><strong>qua</strong></span> <span class='ocrx_word' id='word_1_339' title='bbox 1126 1925 1191 1972; x_wconf 88' lang='lat' dir='ltr'><strong>de</strong></span> <span class='ocrx_word' id='word_1_340' title='bbox 1217 1939 1379 1972; x_wconf 89' lang='lat' dir='ltr'><strong>causa</strong></span> <span class='ocrx_word' id='word_1_341' title='bbox 1428 1924 1530 1972; x_wconf 87' lang='lat' dir='ltr'><strong>hoc</strong></span> <span class='ocrx_word' id='word_1_342' title='bbox 1587 1924 1697 1977; x_wconf 86' lang='lat' dir='ltr'><strong>ﬁat,</strong></span> <span class='ocrx_word' id='word_1_343' title='bbox 1749 1920 2029 1985; x_wconf 82' lang='lat' dir='ltr'><strong>subjungit</strong></span> <span class='ocrx_word' id='word_1_344' title='bbox 2085 1917 2165 1966; x_wconf 90' lang='lat' dir='ltr'><strong>di-</strong></span> 
     </span>
    </p>
   </div>
   <div class='ocr_carea' id='block_1_46' title="bbox 518 1994 2166 2059">
    <p class='ocr_par' dir='ltr' id='par_1_46' title="bbox 518 1994 2166 2059">
     <span class='ocr_line' id='line_1_46' title="bbox 518 1994 2166 2059; baseline -0.007 -10"><span class='ocrx_word' id='word_1_345' title='bbox 518 2014 689 2050; x_wconf 85' lang='lat' dir='ltr'><strong>cens:</strong></span> <span class='ocrx_word' id='word_1_346' title='bbox 749 1997 952 2046; x_wconf 88' lang='lat' dir='ltr'><strong>Idcirco</strong></span> <span class='ocrx_word' id='word_1_347' title='bbox 1012 1995 1197 2059; x_wconf 89' lang='lat' dir='ltr'><strong>utique</strong></span> <span class='ocrx_word' id='word_1_348' title='bbox 1256 1996 1515 2058; x_wconf 87' lang='lat' dir='ltr'><strong>quoniam</strong></span> <span class='ocrx_word' id='word_1_349' title='bbox 1574 1994 1804 2056; x_wconf 89' lang='lat' dir='ltr'><strong>qualitas</strong></span> <span class='ocrx_word' id='word_1_350' title='bbox 1860 2006 2012 2055; x_wconf 67' lang='lat' dir='ltr'><strong>aqua:</strong></span> <span class='ocrx_word' id='word_1_351' title='bbox 2071 2005 2166 2053; x_wconf 89' lang='lat' dir='ltr'><strong>pro</strong></span> 
     </span>
    </p>
   </div>
   <div class='ocr_carea' id='block_1_47' title="bbox 523 2065 2169 2131">
    <p class='ocr_par' dir='ltr' id='par_1_47' title="bbox 523 2065 2169 2131">
     <span class='ocr_line' id='line_1_47' title="bbox 523 2065 2169 2131; baseline -0.008 -9"><span class='ocrx_word' id='word_1_352' title='bbox 523 2070 871 2123; x_wconf 79' lang='lat' dir='ltr'><strong>multitudine</strong></span> <span class='ocrx_word' id='word_1_353' title='bbox 898 2068 979 2116; x_wconf 89' lang='lat' dir='ltr'><strong>sui</strong></span> <span class='ocrx_word' id='word_1_354' title='bbox 1010 2068 1063 2115; x_wconf 92' lang='lat' dir='ltr'><strong>in</strong></span> <span class='ocrx_word' id='word_1_355' title='bbox 1096 2082 1200 2131; x_wconf 90' lang='lat' dir='ltr'><strong>quo</strong></span> <span class='ocrx_word' id='word_1_356' title='bbox 1259 2071 1339 2116; x_wconf 90' lang='lat' dir='ltr'><strong>est</strong></span> <span class='ocrx_word' id='word_1_357' title='bbox 1399 2066 1640 2129; x_wconf 73' lang='lat' dir='ltr'><strong>corporis</strong></span> <span class='ocrx_word' id='word_1_358' title='bbox 1689 2065 1825 2113; x_wconf 89' lang='lat' dir='ltr'><strong>nihil</strong></span> <span class='ocrx_word' id='word_1_359' title='bbox 1878 2078 2031 2127; x_wconf 85' lang='lat' dir='ltr'><strong>passa</strong></span> <span class='ocrx_word' id='word_1_360' title='bbox 2088 2065 2169 2110; x_wconf 89' lang='lat' dir='ltr'><strong>est</strong></span> 
     </span>
    </p>
   </div>
   <div class='ocr_carea' id='block_1_48' title="bbox 526 2137 2169 2206">
    <p class='ocr_par' dir='ltr' id='par_1_48' title="bbox 526 2137 2169 2206">
     <span class='ocr_line' id='line_1_48' title="bbox 526 2137 2169 2206; baseline -0.008 -12"><span class='ocrx_word' id='word_1_361' title='bbox 526 2160 557 2194; x_wconf 92' lang='lat' dir='ltr'><strong>a</strong></span> <span class='ocrx_word' id='word_1_362' title='bbox 590 2143 843 2206; x_wconf 85' lang='lat' dir='ltr'><strong>qualitate</strong></span> <span class='ocrx_word' id='word_1_363' title='bbox 877 2138 1007 2195; x_wconf 88' lang='lat' dir='ltr'><strong>viui,</strong></span> <span class='ocrx_word' id='word_1_364' title='bbox 1042 2142 1133 2186; x_wconf 87' lang='lat' dir='ltr'><strong>sed</strong></span> <span class='ocrx_word' id='word_1_365' title='bbox 1165 2146 1385 2187; x_wconf 80' lang='lat' dir='ltr'><strong>econtra</strong></span> <span class='ocrx_word' id='word_1_366' title='bbox 1419 2140 1598 2199; x_wconf 80' lang='lat' dir='ltr'><strong>potius</strong></span> <span class='ocrx_word' id='word_1_367' title='bbox 1628 2152 1691 2186; x_wconf 89' lang='lat' dir='ltr'><strong>ea</strong></span> <span class='ocrx_word' id='word_1_368' title='bbox 1752 2151 1870 2199; x_wconf 67' lang='lat' dir='ltr'><strong>quae</strong></span> <span class='ocrx_word' id='word_1_369' title='bbox 1920 2137 2058 2183; x_wconf 83' lang='lat' dir='ltr'><strong>dicta</strong></span> <span class='ocrx_word' id='word_1_370' title='bbox 2091 2138 2169 2181; x_wconf 81' lang='lat' dir='ltr'><strong>est</strong></span> 
     </span>
    </p>
   </div>
   <div class='ocr_carea' id='block_1_49' title="bbox 527 2206 2165 2275">
    <p class='ocr_par' dir='ltr' id='par_1_49' title="bbox 527 2206 2165 2275">
     <span class='ocr_line' id='line_1_49' title="bbox 527 2206 2165 2275; baseline -0.009 -10"><span class='ocrx_word' id='word_1_371' title='bbox 527 2216 610 2265; x_wconf 86' lang='lat' dir='ltr'><strong>sui</strong></span> <span class='ocrx_word' id='word_1_372' title='bbox 644 2212 883 2275; x_wconf 83' lang='lat' dir='ltr'><strong>corporis</strong></span> <span class='ocrx_word' id='word_1_373' title='bbox 914 2209 1277 2264; x_wconf 89' lang='lat' dir='ltr'><strong>multitudine,</strong></span> <span class='ocrx_word' id='word_1_374' title='bbox 1312 2210 1660 2257; x_wconf 84' lang='lat' dir='ltr'><strong>commutavit</strong></span> <span class='ocrx_word' id='word_1_375' title='bbox 1714 2222 1765 2255; x_wconf 84' lang='lat' dir='ltr'><strong>in</strong></span> <span class='ocrx_word' id='word_1_376' title='bbox 1812 2222 1866 2255; x_wconf 91' lang='lat' dir='ltr'><strong>se</strong></span> <span class='ocrx_word' id='word_1_377' title='bbox 1898 2206 2165 2269; x_wconf 86' lang='lat' dir='ltr'><strong>propriam</strong></span> 
     </span>
    </p>
   </div>
   <div class='ocr_carea' id='block_1_50' title="bbox 526 2278 2169 2352">
    <p class='ocr_par' dir='ltr' id='par_1_50' title="bbox 526 2278 2169 2352">
     <span class='ocr_line' id='line_1_50' title="bbox 526 2278 2169 2352; baseline -0.009 -15"><span class='ocrx_word' id='word_1_378' title='bbox 526 2286 841 2352; x_wconf 84' lang='lat' dir='ltr'><strong>qualitatem</strong></span> <span class='ocrx_word' id='word_1_379' title='bbox 878 2282 989 2331; x_wconf 92' lang='lat' dir='ltr'><strong>vini</strong></span> <span class='ocrx_word' id='word_1_380' title='bbox 1020 2287 1103 2330; x_wconf 89' lang='lat' dir='ltr'><strong>:et</strong></span> <span class='ocrx_word' id='word_1_381' title='bbox 1136 2281 1213 2329; x_wconf 89' lang='lat' dir='ltr'><strong>sic</strong></span> <span class='ocrx_word' id='word_1_382' title='bbox 1243 2280 1460 2344; x_wconf 88' lang='lat' dir='ltr'><strong>quidem</strong></span> <span class='ocrx_word' id='word_1_383' title='bbox 1494 2294 1679 2329; x_wconf 91' lang='lat' dir='ltr'><strong>eorum</strong></span> <span class='ocrx_word' id='word_1_384' title='bbox 1720 2293 1841 2343; x_wconf 65' lang='lat' dir='ltr'><strong>quas</strong></span> <span class='ocrx_word' id='word_1_385' title='bbox 1895 2280 1946 2326; x_wconf 93' lang='lat' dir='ltr'><strong>in</strong></span> <span class='ocrx_word' id='word_1_386' title='bbox 2002 2292 2058 2325; x_wconf 87' lang='lat' dir='ltr'><strong>se</strong></span> <span class='ocrx_word' id='word_1_387' title='bbox 2094 2278 2169 2324; x_wconf 87' lang='lat' dir='ltr'><strong>in-</strong></span> 
     </span>
    </p>
   </div>
   <div class='ocr_carea' id='block_1_51' title="bbox 523 2351 2167 2417">
    <p class='ocr_par' dir='ltr' id='par_1_51' title="bbox 523 2351 2167 2417">
     <span class='ocr_line' id='line_1_51' title="bbox 523 2351 2167 2417; baseline -0.007 -10"><span class='ocrx_word' id='word_1_388' title='bbox 523 2351 695 2407; x_wconf 81' lang='lat' dir='ltr'><strong>vicem</strong></span> <span class='ocrx_word' id='word_1_389' title='bbox 728 2362 782 2405; x_wconf 90' lang='lat' dir='ltr'><strong>et</strong></span> <span class='ocrx_word' id='word_1_390' title='bbox 816 2354 923 2417; x_wconf 91' lang='lat' dir='ltr'><strong>pati</strong></span> <span class='ocrx_word' id='word_1_391' title='bbox 961 2360 1013 2402; x_wconf 90' lang='lat' dir='ltr'><strong>et</strong></span> <span class='ocrx_word' id='word_1_392' title='bbox 1055 2353 1230 2401; x_wconf 83' lang='lat' dir='ltr'><strong>facere</strong></span> <span class='ocrx_word' id='word_1_393' title='bbox 1279 2351 1506 2415; x_wconf 78' lang='lat' dir='ltr'><strong>possint,</strong></span> <span class='ocrx_word' id='word_1_394' title='bbox 1567 2354 1797 2399; x_wconf 89' lang='lat' dir='ltr'><strong>alterum</strong></span> <span class='ocrx_word' id='word_1_395' title='bbox 1858 2354 2167 2411; x_wconf 88' lang='lat' dir='ltr'><strong>corruptum</strong></span> 
     </span>
    </p>
   </div>
   <div class='ocr_carea' id='block_1_52' title="bbox 524 2424 2169 2484">
    <p class='ocr_par' dir='ltr' id='par_1_52' title="bbox 524 2424 2169 2484">
     <span class='ocr_line' id='line_1_52' title="bbox 524 2424 2169 2484; baseline -0.007 -6"><span class='ocrx_word' id='word_1_396' title='bbox 524 2424 1219 2484; x_wconf 85' lang='lat' dir='ltr'><strong>dicitur,uoninimistum.</strong></span> <span class='ocrx_word' id='word_1_397' title='bbox 1258 2425 1308 2471; x_wconf 91' lang='lat' dir='ltr'><strong>Si</strong></span> <span class='ocrx_word' id='word_1_398' title='bbox 1376 2437 1505 2471; x_wconf 91' lang='lat' dir='ltr'><strong>vero</strong></span> <span class='ocrx_word' id='word_1_399' title='bbox 1564 2428 1788 2479; x_wconf 58' lang='lat' dir='ltr'><strong>naturae,</strong></span> <span class='ocrx_word' id='word_1_400' title='bbox 1846 2436 1967 2484; x_wconf 68' lang='lat' dir='ltr'><strong>qua:</strong></span> <span class='ocrx_word' id='word_1_401' title='bbox 2028 2436 2056 2467; x_wconf 90' lang='lat' dir='ltr'><strong>a</strong></span> <span class='ocrx_word' id='word_1_402' title='bbox 2114 2434 2169 2468; x_wconf 87' lang='lat' dir='ltr'><strong>se</strong></span> 
     </span>
    </p>
   </div>
   <div class='ocr_carea' id='block_1_53' title="bbox 523 2492 2173 2560">
    <p class='ocr_par' dir='ltr' id='par_1_53' title="bbox 523 2492 2173 2560">
     <span class='ocr_line' id='line_1_53' title="bbox 523 2492 2173 2560; baseline -0.006 -10"><span class='ocrx_word' id='word_1_403' title='bbox 523 2502 700 2551; x_wconf 74' lang='lat' dir='ltr'><strong>facere</strong></span> <span class='ocrx_word' id='word_1_404' title='bbox 737 2502 789 2545; x_wconf 90' lang='lat' dir='ltr'><strong>et</strong></span> <span class='ocrx_word' id='word_1_405' title='bbox 837 2496 946 2560; x_wconf 90' lang='lat' dir='ltr'><strong>pati</strong></span> <span class='ocrx_word' id='word_1_406' title='bbox 1009 2498 1255 2558; x_wconf 83' lang='lat' dir='ltr'><strong>possunt,</strong></span> <span class='ocrx_word' id='word_1_407' title='bbox 1309 2496 1417 2543; x_wconf 89' lang='lat' dir='ltr'><strong>sint</strong></span> <span class='ocrx_word' id='word_1_408' title='bbox 1474 2496 1789 2549; x_wconf 72' lang='lat' dir='ltr'><strong>mediocres,</strong></span> <span class='ocrx_word' id='word_1_409' title='bbox 1827 2500 1874 2541; x_wconf 80' lang='lat' dir='ltr'><strong>et</strong></span> <span class='ocrx_word' id='word_1_410' title='bbox 1942 2492 2173 2555; x_wconf 89' lang='lat' dir='ltr'><strong>qualiter</strong></span> 
     </span>
    </p>
   </div>
   <div class='ocr_carea' id='block_1_54' title="bbox 524 2566 2172 2630">
    <p class='ocr_par' dir='ltr' id='par_1_54' title="bbox 524 2566 2172 2630">
     <span class='ocr_line' id='line_1_54' title="bbox 524 2566 2172 2630; baseline -0.005 -8"><span class='ocrx_word' id='word_1_411' title='bbox 524 2576 627 2622; x_wconf 86' lang='lat' dir='ltr'><strong>hoc</strong></span> <span class='ocrx_word' id='word_1_412' title='bbox 659 2573 725 2620; x_wconf 90' lang='lat' dir='ltr'><strong>sit</strong></span> <span class='ocrx_word' id='word_1_413' title='bbox 756 2570 1023 2625; x_wconf 83' lang='lat' dir='ltr'><strong>dividens,</strong></span> <span class='ocrx_word' id='word_1_414' title='bbox 1058 2568 1293 2618; x_wconf 88' lang='lat' dir='ltr'><strong>ostendit</strong></span> <span class='ocrx_word' id='word_1_415' title='bbox 1328 2567 1631 2629; x_wconf 60' lang='lat' dir='ltr'><strong>cumfaddit</strong></span> <span class='ocrx_word' id='word_1_416' title='bbox 1663 2582 1674 2615; x_wconf 88' lang='lat'><strong>:</strong></span> <span class='ocrx_word' id='word_1_417' title='bbox 1727 2566 1934 2630; x_wconf 83' lang='lat' dir='ltr'><strong>sibique</strong></span> <span class='ocrx_word' id='word_1_418' title='bbox 1991 2580 2172 2628; x_wconf 68' lang='lat' dir='ltr'><strong>aequa-</strong></span> 
     </span>
    </p>
   </div>
   <div class='ocr_carea' id='block_1_55' title="bbox 526 2638 2173 2704">
    <p class='ocr_par' dir='ltr' id='par_1_55' title="bbox 526 2638 2173 2704">
     <span class='ocr_line' id='line_1_55' title="bbox 526 2638 2173 2704; baseline -0.005 -11"><span class='ocrx_word' id='word_1_419' title='bbox 526 2645 621 2699; x_wconf 89' lang='lat' dir='ltr'><strong>les,</strong></span> <span class='ocrx_word' id='word_1_420' title='bbox 654 2644 735 2690; x_wconf 87' lang='lat' dir='ltr'><strong>vel</strong></span> <span class='ocrx_word' id='word_1_421' title='bbox 798 2640 958 2704; x_wconf 87' lang='lat' dir='ltr'><strong>paulo</strong></span> <span class='ocrx_word' id='word_1_422' title='bbox 1019 2640 1331 2702; x_wconf 73' lang='lat' dir='ltr'><strong>inaequales,</strong></span> <span class='ocrx_word' id='word_1_423' title='bbox 1388 2640 1491 2688; x_wconf 68' lang='lat' dir='ltr'><strong>illae</strong></span> <span class='ocrx_word' id='word_1_424' title='bbox 1553 2653 1671 2687; x_wconf 83' lang='lat' dir='ltr'><strong>vero</strong></span> <span class='ocrx_word' id='word_1_425' title='bbox 1728 2638 2061 2697; x_wconf 69' lang='lat' dir='ltr'><strong>miscentur;</strong></span> <span class='ocrx_word' id='word_1_426' title='bbox 2121 2642 2173 2685; x_wconf 88' lang='lat' dir='ltr'><strong>et</strong></span> 
     </span>
    </p>
   </div>
   <div class='ocr_carea' id='block_1_56' title="bbox 526 2710 2174 2777">
    <p class='ocr_par' dir='ltr' id='par_1_56' title="bbox 526 2710 2174 2777">
     <span class='ocr_line' id='line_1_56' title="bbox 526 2710 2174 2777; baseline -0.004 -14"><span class='ocrx_word' id='word_1_427' title='bbox 526 2720 785 2777; x_wconf 83' lang='lat' dir='ltr'><strong>tanquam</strong></span> <span class='ocrx_word' id='word_1_428' title='bbox 837 2710 1111 2761; x_wconf 74' lang='lat' dir='ltr'><strong>difﬁniens</strong></span> <span class='ocrx_word' id='word_1_429' title='bbox 1152 2712 1280 2772; x_wconf 90' lang='lat' dir='ltr'><strong>quid</strong></span> <span class='ocrx_word' id='word_1_430' title='bbox 1341 2712 1410 2759; x_wconf 83' lang='lat' dir='ltr'><strong>sit</strong></span> <span class='ocrx_word' id='word_1_431' title='bbox 1461 2710 1696 2765; x_wconf 76' lang='lat' dir='ltr'><strong>misceri,</strong></span> <span class='ocrx_word' id='word_1_432' title='bbox 1750 2710 1995 2772; x_wconf 70' lang='lat' dir='ltr'><strong>adjungit</strong></span> <span class='ocrx_word' id='word_1_433' title='bbox 2052 2725 2062 2756; x_wconf 95' lang='lat'><strong>:</strong></span> <span class='ocrx_word' id='word_1_434' title='bbox 2122 2715 2174 2757; x_wconf 86' lang='lat' dir='ltr'><strong>et</strong></span> 
     </span>
    </p>
   </div>
   <div class='ocr_carea' id='block_1_57' title="bbox 524 2780 2174 2845">
    <p class='ocr_par' dir='ltr' id='par_1_57' title="bbox 524 2780 2174 2845">
     <span class='ocr_line' id='line_1_57' title="bbox 524 2780 2174 2845; baseline -0.005 -9"><span class='ocrx_word' id='word_1_435' title='bbox 524 2783 890 2836; x_wconf 85' lang='lat' dir='ltr'><strong>mediocribus</strong></span> <span class='ocrx_word' id='word_1_436' title='bbox 932 2786 1069 2830; x_wconf 89' lang='lat' dir='ltr'><strong>inter</strong></span> <span class='ocrx_word' id='word_1_437' title='bbox 1130 2797 1185 2829; x_wconf 86' lang='lat' dir='ltr'><strong>se</strong></span> <span class='ocrx_word' id='word_1_438' title='bbox 1240 2781 1592 2845; x_wconf 89' lang='lat' dir='ltr'><strong>qualitatibus</strong></span> <span class='ocrx_word' id='word_1_439' title='bbox 1649 2787 2033 2844; x_wconf 86' lang='lat' dir='ltr'><strong>temperantur.</strong></span> <span class='ocrx_word' id='word_1_440' title='bbox 2084 2780 2174 2827; x_wconf 87' lang='lat' dir='ltr'><strong>At-</strong></span> 
     </span>
    </p>
   </div>
   <div class='ocr_carea' id='block_1_58' title="bbox 528 2852 2174 2919">
    <p class='ocr_par' dir='ltr' id='par_1_58' title="bbox 528 2852 2174 2919">
     <span class='ocr_line' id='line_1_58' title="bbox 528 2852 2174 2919; baseline -0.004 -15"><span class='ocrx_word' id='word_1_441' title='bbox 528 2870 631 2919; x_wconf 89' lang='lat' dir='ltr'><strong>que</strong></span> <span class='ocrx_word' id='word_1_442' title='bbox 669 2856 783 2904; x_wconf 67' lang='lat' dir='ltr'><strong>hasc</strong></span> <span class='ocrx_word' id='word_1_443' title='bbox 833 2854 1069 2917; x_wconf 86' lang='lat' dir='ltr'><strong>quidem.</strong></span> <span class='ocrx_word' id='word_1_444' title='bbox 1102 2854 1152 2900; x_wconf 93' lang='lat' dir='ltr'><strong>id</strong></span> <span class='ocrx_word' id='word_1_445' title='bbox 1217 2865 1297 2901; x_wconf 81' lang='lat' dir='ltr'><strong>est</strong></span> <span class='ocrx_word' id='word_1_446' title='bbox 1349 2852 1431 2900; x_wconf 75' lang='lat' dir='ltr'><strong>vel</strong></span> <span class='ocrx_word' id='word_1_447' title='bbox 1486 2852 1705 2901; x_wconf 88' lang='lat' dir='ltr'><strong>alterius</strong></span> <span class='ocrx_word' id='word_1_448' title='bbox 1762 2852 2033 2912; x_wconf 79' lang='lat' dir='ltr'><strong>corruptio</strong></span> <span class='ocrx_word' id='word_1_449' title='bbox 2089 2852 2174 2899; x_wconf 91' lang='lat' dir='ltr'><strong>vel</strong></span> 
     </span>
    </p>
   </div>
   <div class='ocr_carea' id='block_1_59' title="bbox 526 2923 2174 2988">
    <p class='ocr_par' dir='ltr' id='par_1_59' title="bbox 526 2923 2174 2988">
     <span class='ocr_line' id='line_1_59' title="bbox 526 2923 2174 2988; baseline -0.003 -12"><span class='ocrx_word' id='word_1_450' title='bbox 526 2929 806 2988; x_wconf 87' lang='lat' dir='ltr'><strong>utriusque</strong></span> <span class='ocrx_word' id='word_1_451' title='bbox 871 2925 1193 2980; x_wconf 89' lang='lat' dir='ltr'><strong>commistio,</strong></span> <span class='ocrx_word' id='word_1_452' title='bbox 1244 2924 1403 2972; x_wconf 85' lang='lat' dir='ltr'><strong>fuerit</strong></span> <span class='ocrx_word' id='word_1_453' title='bbox 1469 2926 1523 2972; x_wconf 92' lang='lat' dir='ltr'><strong>in</strong></span> <span class='ocrx_word' id='word_1_454' title='bbox 1608 2923 2174 2985; x_wconf 63' lang='lat' dir='ltr'><strong>corporibus,&quot;neque</strong></span> 
     </span>
    </p>
   </div>
   <div class='ocr_carea' id='block_1_60' title="bbox 524 2994 2173 3057">
    <p class='ocr_par' dir='ltr' id='par_1_60' title="bbox 524 2994 2173 3057">
     <span class='ocr_line' id='line_1_60' title="bbox 524 2994 2173 3057; baseline -0.004 -9"><span class='ocrx_word' id='word_1_455' title='bbox 524 3013 657 3048; x_wconf 90' lang='lat' dir='ltr'><strong>vero</strong></span> <span class='ocrx_word' id='word_1_456' title='bbox 694 2998 777 3045; x_wconf 90' lang='lat' dir='ltr'><strong>his</strong></span> <span class='ocrx_word' id='word_1_457' title='bbox 808 2997 1077 3052; x_wconf 79' lang='lat' dir='ltr'><strong>omnibus,</strong></span> <span class='ocrx_word' id='word_1_458' title='bbox 1106 2996 1194 3045; x_wconf 87' lang='lat' dir='ltr'><strong>sed</strong></span> <span class='ocrx_word' id='word_1_459' title='bbox 1231 2994 1517 3057; x_wconf 87' lang='lat' dir='ltr'><strong>aliquibus,</strong></span> <span class='ocrx_word' id='word_1_460' title='bbox 1553 2994 1801 3043; x_wconf 83' lang='lat' dir='ltr'><strong>videlicet</strong></span> <span class='ocrx_word' id='word_1_461' title='bbox 1841 2994 1922 3042; x_wconf 85' lang='lat' dir='ltr'><strong>his</strong></span> <span class='ocrx_word' id='word_1_462' title='bbox 1966 2999 2173 3042; x_wconf 89' lang='lat' dir='ltr'><strong>tantum</strong></span> 
     </span>
    </p>
   </div>
   <div class='ocr_carea' id='block_1_61' title="bbox 2337 1769 3823 1841">
    <p class='ocr_par' dir='ltr' id='par_1_61' title="bbox 2337 1769 3823 1841">
     <span class='ocr_line' id='line_1_61' title="bbox 2337 1769 3823 1841; baseline 0.005 -24"><span class='ocrx_word' id='word_1_463' title='bbox 2337 1769 2479 1829; x_wconf 82' lang='lat' dir='ltr'><strong>Quod</strong></span> <span class='ocrx_word' id='word_1_464' title='bbox 2507 1786 2618 1820; x_wconf 83' lang='lat' dir='ltr'><strong>cum</strong></span> <span class='ocrx_word' id='word_1_465' title='bbox 2667 1774 2741 1821; x_wconf 77' lang='lat' dir='ltr'><strong>ita</strong></span> <span class='ocrx_word' id='word_1_466' title='bbox 2800 1775 2884 1831; x_wconf 73' lang='lat' dir='ltr'><strong>sit,</strong></span> <span class='ocrx_word' id='word_1_467' title='bbox 2943 1775 3066 1841; x_wconf 84' lang='lat' dir='ltr'><strong>etc.]</strong></span> <span class='ocrx_word' id='word_1_468' title='bbox 3126 1777 3373 1827; x_wconf 84' lang='lat' dir='ltr'><strong>Breviter</strong></span> <span class='ocrx_word' id='word_1_469' title='bbox 3424 1792 3540 1841; x_wconf 63' lang='lat' dir='ltr'><strong>quae</strong></span> <span class='ocrx_word' id='word_1_470' title='bbox 3597 1777 3759 1826; x_wconf 77' lang='lat' dir='ltr'><strong>dixerat</strong></span> <span class='ocrx_word' id='word_1_471' title='bbox 3794 1782 3823 1824; x_wconf 74' lang='lat' dir='ltr'><strong>in</strong></span> 
     </span>
    </p>
   </div>
   <div class='ocr_carea' id='block_1_62' title="bbox 2274 1844 3825 1911">
    <p class='ocr_par' dir='ltr' id='par_1_62' title="bbox 2274 1844 3825 1911">
     <span class='ocr_line' id='line_1_62' title="bbox 2274 1844 3825 1911; baseline 0.006 -22"><span class='ocrx_word' id='word_1_472' title='bbox 2274 1854 2441 1890; x_wconf 88' lang='lat' dir='ltr'><strong>unum</strong></span> <span class='ocrx_word' id='word_1_473' title='bbox 2474 1844 2800 1899; x_wconf 84' lang='lat' dir='ltr'><strong>conducens,</strong></span> <span class='ocrx_word' id='word_1_474' title='bbox 2831 1846 3114 1907; x_wconf 87' lang='lat' dir='ltr'><strong>concludit,</strong></span> <span class='ocrx_word' id='word_1_475' title='bbox 3148 1848 3289 1911; x_wconf 89' lang='lat' dir='ltr'><strong>quod</strong></span> <span class='ocrx_word' id='word_1_476' title='bbox 3326 1864 3581 1911; x_wconf 86' lang='lat' dir='ltr'><strong>corporea</strong></span> <span class='ocrx_word' id='word_1_477' title='bbox 3624 1854 3670 1897; x_wconf 84' lang='lat' dir='ltr'><strong>et</strong></span> <span class='ocrx_word' id='word_1_478' title='bbox 3708 1850 3825 1898; x_wconf 62' lang='grc' dir='ltr'><strong>πλωι-</strong></span> 
     </span>
    </p>
   </div>
   <div class='ocr_carea' id='block_1_63' title="bbox 2274 1916 3826 1983">
    <p class='ocr_par' dir='ltr' id='par_1_63' title="bbox 2274 1916 3826 1983">
     <span class='ocr_line' id='line_1_63' title="bbox 2274 1916 3826 1983; baseline 0.004 -21"><span class='ocrx_word' id='word_1_479' title='bbox 2274 1928 2441 1976; x_wconf 85' lang='lat' dir='ltr'><strong>porea</strong></span> <span class='ocrx_word' id='word_1_480' title='bbox 2475 1916 2763 1976; x_wconf 88' lang='lat' dir='ltr'><strong>permutari</strong></span> <span class='ocrx_word' id='word_1_481' title='bbox 2801 1931 2911 1966; x_wconf 91' lang='lat' dir='ltr'><strong>non</strong></span> <span class='ocrx_word' id='word_1_482' title='bbox 2948 1924 3195 1982; x_wconf 80' lang='lat' dir='ltr'><strong>possunt.</strong></span> <span class='ocrx_word' id='word_1_483' title='bbox 3234 1922 3317 1969; x_wconf 79' lang='lat' dir='ltr'><strong>Ait</strong></span> <span class='ocrx_word' id='word_1_484' title='bbox 3367 1936 3495 1983; x_wconf 85' lang='lat' dir='ltr'><strong>ergo</strong></span> <span class='ocrx_word' id='word_1_485' title='bbox 3526 1936 3537 1968; x_wconf 87' lang='lat'><strong>:</strong></span> <span class='ocrx_word' id='word_1_486' title='bbox 3588 1921 3713 1977; x_wconf 84' lang='lat' dir='ltr'><strong>Quod</strong></span> <span class='ocrx_word' id='word_1_487' title='bbox 3755 1937 3826 1969; x_wconf 71' lang='lat' dir='ltr'><strong>cum</strong></span> 
     </span>
    </p>
   </div>
   <div class='ocr_carea' id='block_1_64' title="bbox 2276 1989 3829 2055">
    <p class='ocr_par' dir='ltr' id='par_1_64' title="bbox 2276 1989 3829 2055">
     <span class='ocr_line' id='line_1_64' title="bbox 2276 1989 3829 2055; baseline 0.003 -21"><span class='ocrx_word' id='word_1_488' title='bbox 2276 1989 2349 2035; x_wconf 90' lang='lat' dir='ltr'><strong>ita</strong></span> <span class='ocrx_word' id='word_1_489' title='bbox 2378 1990 2463 2047; x_wconf 89' lang='lat' dir='ltr'><strong>sit,</strong></span> <span class='ocrx_word' id='word_1_490' title='bbox 2489 2002 2719 2050; x_wconf 89' lang='lat' dir='ltr'><strong>cumque</strong></span> <span class='ocrx_word' id='word_1_491' title='bbox 2752 2004 2817 2038; x_wconf 89' lang='lat' dir='ltr'><strong>ne</strong></span> <span class='ocrx_word' id='word_1_492' title='bbox 2853 2005 2917 2039; x_wconf 88' lang='lat' dir='ltr'><strong>ea</strong></span> <span class='ocrx_word' id='word_1_493' title='bbox 2949 1991 3167 2053; x_wconf 90' lang='lat' dir='ltr'><strong>quidem</strong></span> <span class='ocrx_word' id='word_1_494' title='bbox 3202 2007 3319 2055; x_wconf 66' lang='lat' dir='ltr'><strong>quae</strong></span> <span class='ocrx_word' id='word_1_495' title='bbox 3355 1993 3664 2041; x_wconf 86' lang='lat' dir='ltr'><strong>naturaliter</strong></span> <span class='ocrx_word' id='word_1_496' title='bbox 3699 1994 3829 2040; x_wconf 73' lang='lat' dir='ltr'><strong>habent</strong></span> 
     </span>
    </p>
   </div>
   <div class='ocr_carea' id='block_1_65' title="bbox 2278 2064 3832 2125">
    <p class='ocr_par' dir='ltr' id='par_1_65' title="bbox 2278 2064 3832 2125">
     <span class='ocr_line' id='line_1_65' title="bbox 2278 2064 3832 2125; baseline 0.001 -16"><span class='ocrx_word' id='word_1_497' title='bbox 2278 2075 2616 2109; x_wconf 89' lang='lat' dir='ltr'><strong>communem</strong></span> <span class='ocrx_word' id='word_1_498' title='bbox 2652 2064 2927 2111; x_wconf 86' lang='lat' dir='ltr'><strong>materiam</strong></span> <span class='ocrx_word' id='word_1_499' title='bbox 2962 2064 3016 2111; x_wconf 91' lang='lat' dir='ltr'><strong>in</strong></span> <span class='ocrx_word' id='word_1_500' title='bbox 3067 2078 3121 2111; x_wconf 87' lang='lat' dir='ltr'><strong>se</strong></span> <span class='ocrx_word' id='word_1_501' title='bbox 3171 2070 3471 2125; x_wconf 84' lang='lat' dir='ltr'><strong>transeant,</strong></span> <span class='ocrx_word' id='word_1_502' title='bbox 3506 2064 3603 2112; x_wconf 80' lang='lat' dir='ltr'><strong>nisi</strong></span> <span class='ocrx_word' id='word_1_503' title='bbox 3646 2064 3832 2112; x_wconf 67' lang='lat' dir='ltr'><strong>illisaosit</strong></span> 
     </span>
    </p>
   </div>
   <div class='ocr_carea' id='block_1_66' title="bbox 2278 2132 3831 2197">
    <p class='ocr_par' dir='ltr' id='par_1_66' title="bbox 2278 2132 3831 2197">
     <span class='ocr_line' id='line_1_66' title="bbox 2278 2132 3831 2197; baseline 0.001 -18"><span class='ocrx_word' id='word_1_504' title='bbox 2278 2136 2516 2193; x_wconf 86' lang='lat' dir='ltr'><strong>potestas</strong></span> <span class='ocrx_word' id='word_1_505' title='bbox 2548 2132 2599 2179; x_wconf 87' lang='lat' dir='ltr'><strong>in</strong></span> <span class='ocrx_word' id='word_1_506' title='bbox 2634 2146 2687 2181; x_wconf 89' lang='lat' dir='ltr'><strong>se</strong></span> <span class='ocrx_word' id='word_1_507' title='bbox 2752 2139 2803 2182; x_wconf 90' lang='lat' dir='ltr'><strong>et</strong></span> <span class='ocrx_word' id='word_1_508' title='bbox 2866 2150 2895 2182; x_wconf 89' lang='lat' dir='ltr'><strong>a</strong></span> <span class='ocrx_word' id='word_1_509' title='bbox 2953 2149 3008 2183; x_wconf 90' lang='lat' dir='ltr'><strong>se</strong></span> <span class='ocrx_word' id='word_1_510' title='bbox 3066 2135 3295 2183; x_wconf 83' lang='lat' dir='ltr'><strong>faciendi</strong></span> <span class='ocrx_word' id='word_1_511' title='bbox 3363 2139 3419 2184; x_wconf 85' lang='lat' dir='ltr'><strong>et</strong></span> <span class='ocrx_word' id='word_1_512' title='bbox 3464 2137 3698 2197; x_wconf 69' lang='lat' dir='ltr'><strong>patiendi,</strong></span> <span class='ocrx_word' id='word_1_513' title='bbox 3726 2138 3831 2183; x_wconf 64' lang='lat' dir='ltr'><strong>multo</strong></span> 
     </span>
    </p>
   </div>
   <div class='ocr_carea' id='block_1_67' title="bbox 2279 2201 3831 2269">
    <p class='ocr_par' dir='ltr' id='par_1_67' title="bbox 2279 2201 3831 2269">
     <span class='ocr_line' id='line_1_67' title="bbox 2279 2201 3831 2269; baseline 0.001 -18"><span class='ocrx_word' id='word_1_514' title='bbox 2279 2201 2525 2264; x_wconf 74' lang='lat' dir='ltr'><strong>magisin</strong></span> <span class='ocrx_word' id='word_1_515' title='bbox 2558 2218 2613 2251; x_wconf 89' lang='lat' dir='ltr'><strong>se</strong></span> <span class='ocrx_word' id='word_1_516' title='bbox 2640 2218 2745 2252; x_wconf 90' lang='lat' dir='ltr'><strong>non</strong></span> <span class='ocrx_word' id='word_1_517' title='bbox 2781 2207 3233 2267; x_wconf 85' lang='lat' dir='ltr'><strong>permutabuntur</strong></span> <span class='ocrx_word' id='word_1_518' title='bbox 3262 2207 3353 2255; x_wconf 91' lang='lat' dir='ltr'><strong>illa</strong></span> <span class='ocrx_word' id='word_1_519' title='bbox 3388 2208 3581 2269; x_wconf 86' lang='lat' dir='ltr'><strong>quibus</strong></span> <span class='ocrx_word' id='word_1_520' title='bbox 3608 2221 3698 2254; x_wconf 87' lang='lat' dir='ltr'><strong>non</strong></span> <span class='ocrx_word' id='word_1_521' title='bbox 3733 2208 3831 2254; x_wconf 70' lang='lat' dir='ltr'><strong>modo</strong></span> 
     </span>
    </p>
   </div>
   <div class='ocr_carea' id='block_1_68' title="bbox 2280 2276 3833 2343">
    <p class='ocr_par' dir='ltr' id='par_1_68' title="bbox 2280 2276 3833 2343">
     <span class='ocr_line' id='line_1_68' title="bbox 2280 2276 3833 2343; baseline 0.001 -20"><span class='ocrx_word' id='word_1_522' title='bbox 2280 2276 2583 2324; x_wconf 90' lang='lat' dir='ltr'><strong>communis</strong></span> <span class='ocrx_word' id='word_1_523' title='bbox 2614 2280 2837 2327; x_wconf 88' lang='lat' dir='ltr'><strong>materia</strong></span> <span class='ocrx_word' id='word_1_524' title='bbox 2866 2293 2976 2327; x_wconf 90' lang='lat' dir='ltr'><strong>non</strong></span> <span class='ocrx_word' id='word_1_525' title='bbox 3010 2285 3107 2334; x_wconf 87' lang='lat' dir='ltr'><strong>est,</strong></span> <span class='ocrx_word' id='word_1_526' title='bbox 3148 2280 3239 2328; x_wconf 90' lang='lat' dir='ltr'><strong>sed</strong></span> <span class='ocrx_word' id='word_1_527' title='bbox 3274 2280 3442 2328; x_wconf 86' lang='lat' dir='ltr'><strong>etiam</strong></span> <span class='ocrx_word' id='word_1_528' title='bbox 3476 2295 3628 2343; x_wconf 88' lang='lat' dir='ltr'><strong>quare</strong></span> <span class='ocrx_word' id='word_1_529' title='bbox 3657 2294 3737 2328; x_wconf 81' lang='lat' dir='ltr'><strong>non</strong></span> <span class='ocrx_word' id='word_1_530' title='bbox 3756 2294 3833 2340; x_wconf 75' lang='lat' dir='ltr'><strong>pos-</strong></span> 
     </span>
    </p>
   </div>
   <div class='ocr_carea' id='block_1_69' title="bbox 2282 2348 3835 2413">
    <p class='ocr_par' dir='ltr' id='par_1_69' title="bbox 2282 2348 3835 2413">
     <span class='ocr_line' id='line_1_69' title="bbox 2282 2348 3835 2413; baseline 0.001 -19"><span class='ocrx_word' id='word_1_531' title='bbox 2282 2348 2349 2395; x_wconf 86' lang='lat' dir='ltr'><strong>sit</strong></span> <span class='ocrx_word' id='word_1_532' title='bbox 2383 2362 2496 2395; x_wconf 88' lang='lat' dir='ltr'><strong>esse</strong></span> <span class='ocrx_word' id='word_1_533' title='bbox 2528 2350 2865 2408; x_wconf 86' lang='lat' dir='ltr'><strong>communis;</strong></span> <span class='ocrx_word' id='word_1_534' title='bbox 2896 2350 3241 2399; x_wconf 81' lang='lat' dir='ltr'><strong>manifestum</strong></span> <span class='ocrx_word' id='word_1_535' title='bbox 3280 2356 3379 2407; x_wconf 89' lang='lat' dir='ltr'><strong>est,</strong></span> <span class='ocrx_word' id='word_1_536' title='bbox 3422 2353 3658 2413; x_wconf 87' lang='lat' dir='ltr'><strong>quoniam</strong></span> <span class='ocrx_word' id='word_1_537' title='bbox 3703 2352 3835 2398; x_wconf 71' lang='lat' dir='ltr'><strong>scilicet</strong></span> 
     </span>
    </p>
   </div>
   <div class='ocr_carea' id='block_1_70' title="bbox 2281 2418 3833 2481">
    <p class='ocr_par' dir='ltr' id='par_1_70' title="bbox 2281 2418 3833 2481">
     <span class='ocr_line' id='line_1_70' title="bbox 2281 2418 3833 2481; baseline 0.001 -15"><span class='ocrx_word' id='word_1_538' title='bbox 2281 2433 2401 2467; x_wconf 91' lang='lat' dir='ltr'><strong>cum</strong></span> <span class='ocrx_word' id='word_1_539' title='bbox 2432 2418 2536 2467; x_wconf 91' lang='lat' dir='ltr'><strong>alia</strong></span> <span class='ocrx_word' id='word_1_540' title='bbox 2566 2434 2650 2467; x_wconf 88' lang='lat' dir='ltr'><strong>res</strong></span> <span class='ocrx_word' id='word_1_541' title='bbox 2682 2420 2870 2469; x_wconf 90' lang='lat' dir='ltr'><strong>nititur</strong></span> <span class='ocrx_word' id='word_1_542' title='bbox 2900 2421 3257 2470; x_wconf 79' lang='lat' dir='ltr'><strong>fundamento</strong></span> <span class='ocrx_word' id='word_1_543' title='bbox 3302 2421 3563 2478; x_wconf 67' lang='lat' dir='ltr'><strong>materiis,</strong></span> <span class='ocrx_word' id='word_1_544' title='bbox 3605 2429 3653 2469; x_wconf 88' lang='lat' dir='ltr'><strong>ut</strong></span> <span class='ocrx_word' id='word_1_545' title='bbox 3692 2436 3833 2481; x_wconf 54' lang='lat' dir='ltr'><strong>corpus</strong></span> 
     </span>
    </p>
   </div>
   <div class='ocr_carea' id='block_1_71' title="bbox 2284 2490 3833 2556">
    <p class='ocr_par' dir='ltr' id='par_1_71' title="bbox 2284 2490 3833 2556">
     <span class='ocr_line' id='line_1_71' title="bbox 2284 2490 3833 2556; baseline 0.002 -19"><span class='ocrx_word' id='word_1_546' title='bbox 2284 2490 2388 2538; x_wconf 90' lang='lat' dir='ltr'><strong>alia</strong></span> <span class='ocrx_word' id='word_1_547' title='bbox 2418 2492 2638 2539; x_wconf 89' lang='lat' dir='ltr'><strong>omnino</strong></span> <span class='ocrx_word' id='word_1_548' title='bbox 2671 2506 2778 2541; x_wconf 91' lang='lat' dir='ltr'><strong>non</strong></span> <span class='ocrx_word' id='word_1_549' title='bbox 2810 2500 2977 2556; x_wconf 79' lang='lat' dir='ltr'><strong>egeat,</strong></span> <span class='ocrx_word' id='word_1_550' title='bbox 3012 2493 3065 2541; x_wconf 90' lang='lat' dir='ltr'><strong>id</strong></span> <span class='ocrx_word' id='word_1_551' title='bbox 3090 2498 3191 2549; x_wconf 89' lang='lat' dir='ltr'><strong>est,</strong></span> <span class='ocrx_word' id='word_1_552' title='bbox 3226 2508 3324 2542; x_wconf 88' lang='lat' dir='ltr'><strong>nec</strong></span> <span class='ocrx_word' id='word_1_553' title='bbox 3358 2494 3522 2543; x_wconf 83' lang='lat' dir='ltr'><strong>etiam</strong></span> <span class='ocrx_word' id='word_1_554' title='bbox 3553 2498 3702 2556; x_wconf 82' lang='lat' dir='ltr'><strong>potest</strong></span> <span class='ocrx_word' id='word_1_555' title='bbox 3736 2506 3833 2553; x_wconf 70' lang='lat' dir='ltr'><strong>egere</strong></span> 
     </span>
    </p>
   </div>
   <div class='ocr_carea' id='block_1_72' title="bbox 2283 2564 3835 2629">
    <p class='ocr_par' dir='ltr' id='par_1_72' title="bbox 2283 2564 3835 2629">
     <span class='ocr_line' id='line_1_72' title="bbox 2283 2564 3835 2629; baseline 0 -18"><span class='ocrx_word' id='word_1_556' title='bbox 2283 2564 2525 2627; x_wconf 84' lang='lat' dir='ltr'><strong>subjecto</strong></span> <span class='ocrx_word' id='word_1_557' title='bbox 2559 2566 2813 2625; x_wconf 64' lang='lat' dir='ltr'><strong>materias,</strong></span> <span class='ocrx_word' id='word_1_558' title='bbox 2846 2571 2904 2615; x_wconf 87' lang='lat' dir='ltr'><strong>ut</strong></span> <span class='ocrx_word' id='word_1_559' title='bbox 2934 2566 3334 2629; x_wconf 81' lang='lat' dir='ltr'><strong>incorporeum.</strong></span> <span class='ocrx_word' id='word_1_560' title='bbox 3374 2568 3508 2616; x_wconf 83' lang='lat' dir='ltr'><strong>Cum</strong></span> <span class='ocrx_word' id='word_1_561' title='bbox 3550 2568 3691 2629; x_wconf 83' lang='lat' dir='ltr'><strong>igitur</strong></span> <span class='ocrx_word' id='word_1_562' title='bbox 3726 2572 3835 2613; x_wconf 77' lang='lat' dir='ltr'><strong>mte-</strong></span> 
     </span>
    </p>
   </div>
   <div class='ocr_carea' id='block_1_73' title="bbox 2283 2636 3837 2704">
    <p class='ocr_par' dir='ltr' id='par_1_73' title="bbox 2283 2636 3837 2704">
     <span class='ocr_line' id='line_1_73' title="bbox 2283 2636 3837 2704; baseline 0 -19"><span class='ocrx_word' id='word_1_563' title='bbox 2283 2636 2377 2685; x_wconf 68' lang='lat' dir='ltr'><strong>riaa</strong></span> <span class='ocrx_word' id='word_1_564' title='bbox 2405 2637 2835 2695; x_wconf 82' lang='lat' dir='ltr'><strong>fundamentum,</strong></span> <span class='ocrx_word' id='word_1_565' title='bbox 2868 2639 3229 2689; x_wconf 88' lang='lat' dir='ltr'><strong>cuiinnititur</strong></span> <span class='ocrx_word' id='word_1_566' title='bbox 3284 2655 3502 2704; x_wconf 86' lang='lat' dir='ltr'><strong>corpus,</strong></span> <span class='ocrx_word' id='word_1_567' title='bbox 3552 2643 3837 2700; x_wconf 80' lang='lat' dir='ltr'><strong>incorporeum</strong></span> 
     </span>
    </p>
   </div>
   <div class='ocr_carea' id='block_1_74' title="bbox 2285 2708 3838 2774">
    <p class='ocr_par' dir='ltr' id='par_1_74' title="bbox 2285 2708 3838 2774">
     <span class='ocr_line' id='line_1_74' title="bbox 2285 2708 3838 2774; baseline 0 -18"><span class='ocrx_word' id='word_1_568' title='bbox 2285 2708 2483 2757; x_wconf 86' lang='lat' dir='ltr'><strong>habere</strong></span> <span class='ocrx_word' id='word_1_569' title='bbox 2517 2723 2624 2757; x_wconf 91' lang='lat' dir='ltr'><strong>non</strong></span> <span class='ocrx_word' id='word_1_570' title='bbox 2657 2712 2841 2771; x_wconf 82' lang='lat' dir='ltr'><strong>possit,</strong></span> <span class='ocrx_word' id='word_1_571' title='bbox 2873 2725 2981 2759; x_wconf 90' lang='lat' dir='ltr'><strong>non</strong></span> <span class='ocrx_word' id='word_1_572' title='bbox 3015 2718 3190 2773; x_wconf 85' lang='lat' dir='ltr'><strong>potest</strong></span> <span class='ocrx_word' id='word_1_573' title='bbox 3221 2711 3329 2760; x_wconf 83' lang='lat' dir='ltr'><strong>ﬁeri</strong></span> <span class='ocrx_word' id='word_1_574' title='bbox 3368 2719 3429 2761; x_wconf 89' lang='lat' dir='ltr'><strong>ut</strong></span> <span class='ocrx_word' id='word_1_575' title='bbox 3478 2727 3656 2774; x_wconf 87' lang='lat' dir='ltr'><strong>corpus</strong></span> <span class='ocrx_word' id='word_1_576' title='bbox 3703 2726 3838 2773; x_wconf 64' lang='lat' dir='ltr'><strong>pernu-</strong></span> 
     </span>
    </p>
   </div>
   <div class='ocr_carea' id='block_1_75' title="bbox 2285 2780 3837 2844">
    <p class='ocr_par' dir='ltr' id='par_1_75' title="bbox 2285 2780 3837 2844">
     <span class='ocr_line' id='line_1_75' title="bbox 2285 2780 3837 2844; baseline -0.001 -16"><span class='ocrx_word' id='word_1_577' title='bbox 2285 2784 2425 2828; x_wconf 92' lang='lat' dir='ltr'><strong>tetur</strong></span> <span class='ocrx_word' id='word_1_578' title='bbox 2456 2780 2509 2826; x_wconf 91' lang='lat' dir='ltr'><strong>in</strong></span> <span class='ocrx_word' id='word_1_579' title='bbox 2545 2780 2934 2841; x_wconf 82' lang='lat' dir='ltr'><strong>incorporalem</strong></span> <span class='ocrx_word' id='word_1_580' title='bbox 2989 2784 3238 2844; x_wconf 80' lang='lat' dir='ltr'><strong>speciem.</strong></span> <span class='ocrx_word' id='word_1_581' title='bbox 3304 2784 3479 2839; x_wconf 86' lang='lat' dir='ltr'><strong>Unde,</strong></span> <span class='ocrx_word' id='word_1_582' title='bbox 3542 2798 3600 2831; x_wconf 85' lang='lat' dir='ltr'><strong>ac</strong></span> <span class='ocrx_word' id='word_1_583' title='bbox 3652 2784 3688 2829; x_wconf 85' lang='lat' dir='ltr'><strong>si</strong></span> <span class='ocrx_word' id='word_1_584' title='bbox 3719 2782 3837 2828; x_wconf 71' lang='lat' dir='ltr'><strong>dicat:</strong></span> 
     </span>
    </p>
   </div>
   <div class='ocr_carea' id='block_1_76' title="bbox 2285 2850 3838 2915">
    <p class='ocr_par' dir='ltr' id='par_1_76' title="bbox 2285 2850 3838 2915">
     <span class='ocr_line' id='line_1_76' title="bbox 2285 2850 3838 2915; baseline -0.002 -17"><span class='ocrx_word' id='word_1_585' title='bbox 2285 2850 2628 2898; x_wconf 81' lang='lat' dir='ltr'><strong>manifestum</strong></span> <span class='ocrx_word' id='word_1_586' title='bbox 2659 2857 2741 2899; x_wconf 88' lang='lat' dir='ltr'><strong>est</strong></span> <span class='ocrx_word' id='word_1_587' title='bbox 2770 2853 3026 2914; x_wconf 91' lang='lat' dir='ltr'><strong>quoniam</strong></span> <span class='ocrx_word' id='word_1_588' title='bbox 3087 2868 3300 2915; x_wconf 85' lang='lat' dir='ltr'><strong>corpus,</strong></span> <span class='ocrx_word' id='word_1_589' title='bbox 3364 2854 3510 2913; x_wconf 85' lang='lat' dir='ltr'><strong>quod</strong></span> <span class='ocrx_word' id='word_1_590' title='bbox 3572 2854 3695 2902; x_wconf 87' lang='lat' dir='ltr'><strong>Deus</strong></span> <span class='ocrx_word' id='word_1_591' title='bbox 3738 2850 3838 2899; x_wconf 67' lang='lat' dir='ltr'><strong>Filius</strong></span> 
     </span>
    </p>
   </div>
   <div class='ocr_carea' id='block_1_77' title="bbox 2283 2921 3839 2989">
    <p class='ocr_par' dir='ltr' id='par_1_77' title="bbox 2283 2921 3839 2989">
     <span class='ocr_line' id='line_1_77' title="bbox 2283 2921 3839 2989; baseline 0 -20"><span class='ocrx_word' id='word_1_592' title='bbox 2283 2922 2398 2977; x_wconf 91' lang='lat' dir='ltr'><strong>Dei,</strong></span> <span class='ocrx_word' id='word_1_593' title='bbox 2430 2921 2672 2970; x_wconf 83' lang='lat' dir='ltr'><strong>Christus</strong></span> <span class='ocrx_word' id='word_1_594' title='bbox 2703 2924 2924 2987; x_wconf 90' lang='lat' dir='ltr'><strong>scilicet,</strong></span> <span class='ocrx_word' id='word_1_595' title='bbox 2960 2926 3264 2987; x_wconf 84' lang='lat' dir='ltr'><strong>assumpsit,</strong></span> <span class='ocrx_word' id='word_1_596' title='bbox 3301 2940 3414 2975; x_wconf 90' lang='lat' dir='ltr'><strong>non</strong></span> <span class='ocrx_word' id='word_1_597' title='bbox 3449 2929 3617 2989; x_wconf 88' lang='lat' dir='ltr'><strong>potuit</strong></span> <span class='ocrx_word' id='word_1_598' title='bbox 3654 2924 3761 2973; x_wconf 80' lang='lat' dir='ltr'><strong>efﬁci</strong></span> <span class='ocrx_word' id='word_1_599' title='bbox 3791 2936 3839 2969; x_wconf 68' lang='lat' dir='ltr'><strong>se-</strong></span> 
     </span>
    </p>
   </div>
   <div class='ocr_carea' id='block_1_78' title="bbox 2285 2994 3031 3045">
    <p class='ocr_par' dir='ltr' id='par_1_78' title="bbox 2285 2994 3031 3045">
     <span class='ocr_line' id='line_1_78' title="bbox 2285 2994 3031 3045; baseline 0.003 -4"><span class='ocrx_word' id='word_1_600' title='bbox 2285 2994 2519 3042; x_wconf 91' lang='lat' dir='ltr'><strong>cundum</strong></span> <span class='ocrx_word' id='word_1_601' title='bbox 2554 2996 2841 3043; x_wconf 84' lang='lat' dir='ltr'><strong>essentiam</strong></span> <span class='ocrx_word' id='word_1_602' title='bbox 2875 2998 3031 3045; x_wconf 89' lang='lat' dir='ltr'><strong>Deus.</strong></span> 
     </span>
    </p>
   </div>
   <div class='ocr_carea' id='block_1_79' title="bbox 526 3061 3835 3134">
    <p class='ocr_par' dir='ltr' id='par_1_79' title="bbox 526 3061 3835 3134">
     <span class='ocr_line' id='line_1_79' title="bbox 526 3061 3835 3134; baseline -0.002 -15"><span class='ocrx_word' id='word_1_603' title='bbox 526 3084 663 3134; x_wconf 68' lang='lat' dir='ltr'><strong>quae,</strong></span> <span class='ocrx_word' id='word_1_604' title='bbox 699 3074 755 3117; x_wconf 91' lang='lat' dir='ltr'><strong>ut</strong></span> <span class='ocrx_word' id='word_1_605' title='bbox 781 3068 984 3116; x_wconf 88' lang='lat' dir='ltr'><strong>dictum</strong></span> <span class='ocrx_word' id='word_1_606' title='bbox 1017 3072 1115 3124; x_wconf 88' lang='lat' dir='ltr'><strong>est,</strong></span> <span class='ocrx_word' id='word_1_607' title='bbox 1148 3081 1179 3115; x_wconf 90' lang='lat' dir='ltr'><strong>a</strong></span> <span class='ocrx_word' id='word_1_608' title='bbox 1234 3068 1425 3129; x_wconf 86' lang='lat' dir='ltr'><strong>seipsis</strong></span> <span class='ocrx_word' id='word_1_609' title='bbox 1482 3071 1533 3115; x_wconf 91' lang='lat' dir='ltr'><strong>et</strong></span> <span class='ocrx_word' id='word_1_610' title='bbox 1586 3067 1757 3115; x_wconf 81' lang='lat' dir='ltr'><strong>facere</strong></span> <span class='ocrx_word' id='word_1_611' title='bbox 1808 3070 1859 3114; x_wconf 90' lang='lat' dir='ltr'><strong>et</strong></span> <span class='ocrx_word' id='word_1_612' title='bbox 1902 3065 2009 3127; x_wconf 91' lang='lat' dir='ltr'><strong>pati</strong></span> <span class='ocrx_word' id='word_1_613' title='bbox 2045 3079 2168 3127; x_wconf 90' lang='lat' dir='ltr'><strong>pos-</strong></span> <span class='ocrx_word' id='word_1_614' title='bbox 2200 3061 2241 3126; x_wconf 86' lang='lat' dir='ltr'>C</span> <span class='ocrx_word' id='word_1_615' title='bbox 2347 3065 2446 3113; x_wconf 81' lang='lat' dir='ltr'><strong>Nec</strong></span> <span class='ocrx_word' id='word_1_616' title='bbox 2475 3080 2608 3121; x_wconf 62' lang='lat' dir='ltr'><strong>vero,</strong></span> <span class='ocrx_word' id='word_1_617' title='bbox 2643 3068 2766 3129; x_wconf 84' lang='lat' dir='ltr'><strong>etc.]</strong></span> <span class='ocrx_word' id='word_1_618' title='bbox 2800 3067 3054 3116; x_wconf 84' lang='lat' dir='ltr'><strong>Probavit</strong></span> <span class='ocrx_word' id='word_1_619' title='bbox 3088 3069 3227 3130; x_wconf 90' lang='lat' dir='ltr'><strong>quod</strong></span> <span class='ocrx_word' id='word_1_620' title='bbox 3263 3070 3460 3117; x_wconf 85' lang='lat' dir='ltr'><strong>Christi</strong></span> <span class='ocrx_word' id='word_1_621' title='bbox 3509 3081 3684 3130; x_wconf 86' lang='lat' dir='ltr'><strong>corpus</strong></span> <span class='ocrx_word' id='word_1_622' title='bbox 3721 3067 3759 3115; x_wconf 86' lang='lat' dir='ltr'><strong>in</strong></span> <span class='ocrx_word' id='word_1_623' title='bbox 3790 3064 3835 3113; x_wconf 83' lang='lat' dir='ltr'><strong>di-</strong></span> 
     </span>
    </p>
   </div>
   <div class='ocr_carea' id='block_1_80' title="bbox 524 3138 2171 3200">
    <p class='ocr_par' dir='ltr' id='par_1_80' title="bbox 524 3138 2171 3200">
     <span class='ocr_line' id='line_1_80' title="bbox 524 3138 2171 3200; baseline -0.004 -10"><span class='ocrx_word' id='word_1_624' title='bbox 524 3147 669 3197; x_wconf 90' lang='lat' dir='ltr'><strong>sunt,</strong></span> <span class='ocrx_word' id='word_1_625' title='bbox 701 3138 972 3188; x_wconf 90' lang='lat' dir='ltr'><strong>communi</strong></span> <span class='ocrx_word' id='word_1_626' title='bbox 1019 3140 1193 3193; x_wconf 89' lang='lat' dir='ltr'><strong>etiam,</strong></span> <span class='ocrx_word' id='word_1_627' title='bbox 1253 3139 1389 3187; x_wconf 79' lang='lat' dir='ltr'><strong>sicut</strong></span> <span class='ocrx_word' id='word_1_628' title='bbox 1446 3138 1675 3200; x_wconf 74' lang='lat' dir='ltr'><strong>dictum,</strong></span> <span class='ocrx_word' id='word_1_629' title='bbox 1701 3140 1825 3197; x_wconf 60' lang='lat' dir='ltr'><strong>0H,!</strong></span> <span class='ocrx_word' id='word_1_630' title='bbox 1856 3142 2015 3200; x_wconf 88' lang='lat' dir='ltr'><strong>atque</strong></span> <span class='ocrx_word' id='word_1_631' title='bbox 2073 3150 2171 3199; x_wconf 79' lang='lat' dir='ltr'><strong>ge-</strong></span> 
     </span>
    </p>
   </div>
   <div class='ocr_carea' id='block_1_81' title="bbox 523 3210 2169 3272">
    <p class='ocr_par' dir='ltr' id='par_1_81' title="bbox 523 3210 2169 3272">
     <span class='ocr_line' id='line_1_81' title="bbox 523 3210 2169 3272; baseline -0.004 -10"><span class='ocrx_word' id='word_1_632' title='bbox 523 3226 651 3263; x_wconf 84' lang='lat' dir='ltr'><strong>nere</strong></span> <span class='ocrx_word' id='word_1_633' title='bbox 688 3211 873 3260; x_wconf 83' lang='lat' dir='ltr'><strong>eadem</strong></span> <span class='ocrx_word' id='word_1_634' title='bbox 906 3210 1145 3267; x_wconf 89' lang='lat' dir='ltr'><strong>materia,</strong></span> <span class='ocrx_word' id='word_1_635' title='bbox 1182 3211 1527 3272; x_wconf 86' lang='lat' dir='ltr'><strong>qualitatibus</strong></span> <span class='ocrx_word' id='word_1_636' title='bbox 1552 3224 1737 3259; x_wconf 90' lang='lat' dir='ltr'><strong>eorum</strong></span> <span class='ocrx_word' id='word_1_637' title='bbox 1764 3224 1883 3272; x_wconf 67' lang='lat' dir='ltr'><strong>quas</strong></span> <span class='ocrx_word' id='word_1_638' title='bbox 1929 3224 2169 3258; x_wconf 91' lang='lat' dir='ltr'><strong>corrum-</strong></span> 
     </span>
    </p>
   </div>
   <div class='ocr_carea' id='block_1_82' title="bbox 525 3281 2171 3347">
    <p class='ocr_par' dir='ltr' id='par_1_82' title="bbox 525 3281 2171 3347">
     <span class='ocr_line' id='line_1_82' title="bbox 525 3281 2171 3347; baseline -0.002 -15"><span class='ocrx_word' id='word_1_639' title='bbox 525 3284 700 3347; x_wconf 84' lang='lat' dir='ltr'><strong>penda</strong></span> <span class='ocrx_word' id='word_1_640' title='bbox 756 3287 881 3330; x_wconf 89' lang='lat' dir='ltr'><strong>sunt</strong></span> <span class='ocrx_word' id='word_1_641' title='bbox 940 3283 1025 3330; x_wconf 90' lang='lat' dir='ltr'><strong>vel</strong></span> <span class='ocrx_word' id='word_1_642' title='bbox 1085 3281 1453 3337; x_wconf 88' lang='lat' dir='ltr'><strong>immiscenda,</strong></span> <span class='ocrx_word' id='word_1_643' title='bbox 1513 3282 1770 3345; x_wconf 85' lang='lat' dir='ltr'><strong>subjecta.</strong></span> <span class='ocrx_word' id='word_1_644' title='bbox 1847 3282 2171 3329; x_wconf 88' lang='lat' dir='ltr'><strong>Generaliter</strong></span> 
     </span>
    </p>
   </div>
   <div class='ocr_carea' id='block_1_83' title="bbox 522 3351 2170 3415">
    <p class='ocr_par' dir='ltr' id='par_1_83' title="bbox 522 3351 2170 3415">
     <span class='ocr_line' id='line_1_83' title="bbox 522 3351 2170 3415; baseline -0.001 -12"><span class='ocrx_word' id='word_1_645' title='bbox 522 3356 662 3403; x_wconf 89' lang='lat' dir='ltr'><strong>enim</strong></span> <span class='ocrx_word' id='word_1_646' title='bbox 702 3368 859 3401; x_wconf 87' lang='lat' dir='ltr'><strong>omne</strong></span> <span class='ocrx_word' id='word_1_647' title='bbox 890 3368 1085 3411; x_wconf 90' lang='lat' dir='ltr'><strong>corpus</strong></span> <span class='ocrx_word' id='word_1_648' title='bbox 1117 3354 1257 3415; x_wconf 90' lang='lat' dir='ltr'><strong>quod</strong></span> <span class='ocrx_word' id='word_1_649' title='bbox 1309 3367 1434 3401; x_wconf 88' lang='lat' dir='ltr'><strong>vere</strong></span> <span class='ocrx_word' id='word_1_650' title='bbox 1481 3354 1775 3401; x_wconf 89' lang='lat' dir='ltr'><strong>secundum</strong></span> <span class='ocrx_word' id='word_1_651' title='bbox 1826 3351 2007 3400; x_wconf 90' lang='lat' dir='ltr'><strong>omnia</strong></span> <span class='ocrx_word' id='word_1_652' title='bbox 2052 3366 2170 3414; x_wconf 74' lang='lat' dir='ltr'><strong>quin</strong></span> 
     </span>
    </p>
   </div>
   <div class='ocr_carea' id='block_1_84' title="bbox 520 3422 2168 3486">
    <p class='ocr_par' dir='ltr' id='par_1_84' title="bbox 520 3422 2168 3486">
     <span class='ocr_line' id='line_1_84' title="bbox 520 3422 2168 3486; baseline -0.002 -12"><span class='ocrx_word' id='word_1_653' title='bbox 520 3425 578 3474; x_wconf 89' lang='lat' dir='ltr'><strong>in</strong></span> <span class='ocrx_word' id='word_1_654' title='bbox 615 3426 729 3486; x_wconf 84' lang='lat' dir='ltr'><strong>ipso</strong></span> <span class='ocrx_word' id='word_1_655' title='bbox 761 3430 888 3473; x_wconf 89' lang='lat' dir='ltr'><strong>sunt</strong></span> <span class='ocrx_word' id='word_1_656' title='bbox 918 3424 1178 3479; x_wconf 86' lang='lat' dir='ltr'><strong>subsistit,</strong></span> <span class='ocrx_word' id='word_1_657' title='bbox 1240 3422 1295 3471; x_wconf 90' lang='lat' dir='ltr'><strong>in</strong></span> <span class='ocrx_word' id='word_1_658' title='bbox 1352 3425 1698 3485; x_wconf 75' lang='lat' dir='ltr'><strong>generatione</strong></span> <span class='ocrx_word' id='word_1_659' title='bbox 1763 3429 1815 3472; x_wconf 92' lang='lat' dir='ltr'><strong>et</strong></span> <span class='ocrx_word' id='word_1_660' title='bbox 1872 3424 2168 3472; x_wconf 88' lang='lat' dir='ltr'><strong>secundum</strong></span> 
     </span>
    </p>
   </div>
   <div class='ocr_carea' id='block_1_85' title="bbox 522 3494 2173 3559">
    <p class='ocr_par' dir='ltr' id='par_1_85' title="bbox 522 3494 2173 3559">
     <span class='ocr_line' id='line_1_85' title="bbox 522 3494 2173 3559; baseline -0.001 -15"><span class='ocrx_word' id='word_1_661' title='bbox 522 3496 703 3559; x_wconf 88' lang='lat' dir='ltr'><strong>aliqua</strong></span> <span class='ocrx_word' id='word_1_662' title='bbox 734 3496 785 3542; x_wconf 89' lang='lat' dir='ltr'><strong>in</strong></span> <span class='ocrx_word' id='word_1_663' title='bbox 820 3496 1186 3555; x_wconf 88' lang='lat' dir='ltr'><strong>corruptione,</strong></span> <span class='ocrx_word' id='word_1_664' title='bbox 1218 3494 1434 3543; x_wconf 87' lang='lat' dir='ltr'><strong>videtur</strong></span> <span class='ocrx_word' id='word_1_665' title='bbox 1487 3495 1704 3551; x_wconf 82' lang='lat' dir='ltr'><strong>habere,</strong></span> <span class='ocrx_word' id='word_1_666' title='bbox 1761 3500 1812 3545; x_wconf 89' lang='lat' dir='ltr'><strong>et</strong></span> <span class='ocrx_word' id='word_1_667' title='bbox 1868 3496 2029 3544; x_wconf 83' lang='lat' dir='ltr'><strong>habet</strong></span> <span class='ocrx_word' id='word_1_668' title='bbox 2089 3510 2173 3543; x_wconf 85' lang='lat' dir='ltr'><strong>re-</strong></span> 
     </span>
    </p>
   </div>
   <div class='ocr_carea' id='block_1_86' title="bbox 520 3563 2169 3635">
    <p class='ocr_par' dir='ltr' id='par_1_86' title="bbox 520 3563 2169 3635">
     <span class='ocr_line' id='line_1_86' title="bbox 520 3563 2169 3635; baseline -0.001 -20"><span class='ocrx_word' id='word_1_669' title='bbox 520 3581 649 3615; x_wconf 81' lang='lat' dir='ltr'><strong>vera</strong></span> <span class='ocrx_word' id='word_1_670' title='bbox 679 3580 1017 3615; x_wconf 90' lang='lat' dir='ltr'><strong>communem</strong></span> <span class='ocrx_word' id='word_1_671' title='bbox 1080 3567 1376 3621; x_wconf 84' lang='lat' dir='ltr'><strong>materiam,</strong></span> <span class='ocrx_word' id='word_1_672' title='bbox 1436 3580 1542 3614; x_wconf 88' lang='lat' dir='ltr'><strong>non</strong></span> <span class='ocrx_word' id='word_1_673' title='bbox 1598 3568 1759 3615; x_wconf 88' lang='lat' dir='ltr'><strong>modo</strong></span> <span class='ocrx_word' id='word_1_674' title='bbox 1818 3563 1978 3635; x_wconf 69' lang='grc' dir='ltr'>ὕλην,</span> <span class='ocrx_word' id='word_1_675' title='bbox 2013 3582 2169 3629; x_wconf 88' lang='lat' dir='ltr'><strong>quam</strong></span> 
     </span>
    </p>
   </div>
   <div class='ocr_carea' id='block_1_87' title="bbox 525 3637 2172 3701">
    <p class='ocr_par' dir='ltr' id='par_1_87' title="bbox 525 3637 2172 3701">
     <span class='ocr_line' id='line_1_87' title="bbox 525 3637 2172 3701; baseline 0 -14"><span class='ocrx_word' id='word_1_676' title='bbox 525 3638 674 3687; x_wconf 84' lang='lat' dir='ltr'><strong>Plato</strong></span> <span class='ocrx_word' id='word_1_677' title='bbox 704 3637 893 3685; x_wconf 89' lang='lat' dir='ltr'><strong>silvam</strong></span> <span class='ocrx_word' id='word_1_678' title='bbox 931 3638 1189 3692; x_wconf 87' lang='lat' dir='ltr'><strong>nominat,</strong></span> <span class='ocrx_word' id='word_1_679' title='bbox 1219 3652 1337 3699; x_wconf 72' lang='lat' dir='ltr'><strong>qum</strong></span> <span class='ocrx_word' id='word_1_680' title='bbox 1368 3637 1582 3699; x_wconf 91' lang='lat' dir='ltr'><strong>quidem</strong></span> <span class='ocrx_word' id='word_1_681' title='bbox 1642 3638 1939 3687; x_wconf 87' lang='lat' dir='ltr'><strong>secundum</strong></span> <span class='ocrx_word' id='word_1_682' title='bbox 2000 3639 2172 3701; x_wconf 87' lang='lat' dir='ltr'><strong>philo-</strong></span> 
     </span>
    </p>
   </div>
   <div class='ocr_carea' id='block_1_88' title="bbox 525 3710 2169 3773">
    <p class='ocr_par' dir='ltr' id='par_1_88' title="bbox 525 3710 2169 3773">
     <span class='ocr_line' id='line_1_88' title="bbox 525 3710 2169 3773; baseline -0.001 -13"><span class='ocrx_word' id='word_1_683' title='bbox 525 3710 725 3772; x_wconf 86' lang='lat' dir='ltr'><strong>sophos</strong></span> <span class='ocrx_word' id='word_1_684' title='bbox 753 3713 851 3769; x_wconf 86' lang='lat' dir='ltr'><strong>est,</strong></span> <span class='ocrx_word' id='word_1_685' title='bbox 884 3710 976 3757; x_wconf 90' lang='lat' dir='ltr'><strong>sed</strong></span> <span class='ocrx_word' id='word_1_686' title='bbox 1037 3723 1145 3757; x_wconf 87' lang='lat' dir='ltr'><strong>non</strong></span> <span class='ocrx_word' id='word_1_687' title='bbox 1212 3715 1292 3757; x_wconf 83' lang='lat' dir='ltr'><strong>est</strong></span> <span class='ocrx_word' id='word_1_688' title='bbox 1350 3710 1569 3773; x_wconf 89' lang='lat' dir='ltr'><strong>aliquid,</strong></span> <span class='ocrx_word' id='word_1_689' title='bbox 1602 3724 1783 3758; x_wconf 82' lang='lat' dir='ltr'><strong>verum</strong></span> <span class='ocrx_word' id='word_1_690' title='bbox 1830 3710 1989 3758; x_wconf 80' lang='lat' dir='ltr'><strong>etiam</strong></span> <span class='ocrx_word' id='word_1_691' title='bbox 2028 3711 2169 3759; x_wconf 86' lang='lat' dir='ltr'><strong>illam</strong></span> 
     </span>
    </p>
   </div>
   <div class='ocr_carea' id='block_1_89' title="bbox 527 3782 2171 3844">
    <p class='ocr_par' dir='ltr' id='par_1_89' title="bbox 527 3782 2171 3844">
     <span class='ocr_line' id='line_1_89' title="bbox 527 3782 2171 3844; baseline 0.002 -17"><span class='ocrx_word' id='word_1_692' title='bbox 527 3796 647 3844; x_wconf 80' lang='lat' dir='ltr'><strong>quas</strong></span> <span class='ocrx_word' id='word_1_693' title='bbox 697 3795 804 3829; x_wconf 90' lang='lat' dir='ltr'><strong>non</strong></span> <span class='ocrx_word' id='word_1_694' title='bbox 865 3795 963 3829; x_wconf 92' lang='lat' dir='ltr'><strong>suo</strong></span> <span class='ocrx_word' id='word_1_695' title='bbox 1012 3782 1231 3830; x_wconf 91' lang='lat' dir='ltr'><strong>nomine</strong></span> <span class='ocrx_word' id='word_1_696' title='bbox 1294 3782 1489 3829; x_wconf 90' lang='lat' dir='ltr'><strong>dicitur</strong></span> <span class='ocrx_word' id='word_1_697' title='bbox 1547 3795 1681 3831; x_wconf 87' lang='lat' dir='ltr'><strong>esse.</strong></span> <span class='ocrx_word' id='word_1_698' title='bbox 1729 3782 1818 3829; x_wconf 85' lang='lat' dir='ltr'><strong>sed</strong></span> <span class='ocrx_word' id='word_1_699' title='bbox 1878 3783 2171 3830; x_wconf 64' lang='lat' dir='ltr'><strong>secundum</strong></span> 
     </span>
    </p>
   </div>
   <div class='ocr_carea' id='block_1_90' title="bbox 528 3852 2170 3916">
    <p class='ocr_par' dir='ltr' id='par_1_90' title="bbox 528 3852 2170 3916">
     <span class='ocr_line' id='line_1_90' title="bbox 528 3852 2170 3916; baseline 0.001 -16"><span class='ocrx_word' id='word_1_700' title='bbox 528 3866 677 3901; x_wconf 88' lang='lat' dir='ltr'><strong>suam</strong></span> <span class='ocrx_word' id='word_1_701' title='bbox 711 3852 1114 3900; x_wconf 86' lang='lat' dir='ltr'><strong>subsistentiam</strong></span> <span class='ocrx_word' id='word_1_702' title='bbox 1166 3857 1478 3916; x_wconf 85' lang='lat' dir='ltr'><strong>perpetuam</strong></span> <span class='ocrx_word' id='word_1_703' title='bbox 1534 3853 1727 3901; x_wconf 82' lang='lat' dir='ltr'><strong>dicitur</strong></span> <span class='ocrx_word' id='word_1_704' title='bbox 1786 3853 1981 3915; x_wconf 86' lang='lat' dir='ltr'><strong>aliquid</strong></span> <span class='ocrx_word' id='word_1_705' title='bbox 2037 3868 2170 3901; x_wconf 68' lang='lat' dir='ltr'><strong>esse.</strong></span> 
     </span>
    </p>
   </div>
   <div class='ocr_carea' id='block_1_91' title="bbox 528 3923 2173 3982">
    <p class='ocr_par' dir='ltr' id='par_1_91' title="bbox 528 3923 2173 3982">
     <span class='ocr_line' id='line_1_91' title="bbox 528 3923 2173 3982; baseline 0.002 -13"><span class='ocrx_word' id='word_1_706' title='bbox 528 3923 736 3982; x_wconf 87' lang='lat' dir='ltr'><strong>Quibus</strong></span> <span class='ocrx_word' id='word_1_707' title='bbox 793 3924 921 3970; x_wconf 88' lang='lat' dir='ltr'><strong>solis</strong></span> <span class='ocrx_word' id='word_1_708' title='bbox 981 3937 1177 3971; x_wconf 90' lang='lat' dir='ltr'><strong>nomen</strong></span> <span class='ocrx_word' id='word_1_709' title='bbox 1239 3925 1474 3972; x_wconf 78' lang='lat' dir='ltr'><strong>materiae</strong></span> <span class='ocrx_word' id='word_1_710' title='bbox 1526 3930 1666 3972; x_wconf 75' lang='lat' dir='ltr'><strong>recte</strong></span> <span class='ocrx_word' id='word_1_711' title='bbox 1731 3925 1999 3972; x_wconf 83' lang='lat' dir='ltr'><strong>convenit.</strong></span> <span class='ocrx_word' id='word_1_712' title='bbox 2034 3925 2173 3973; x_wconf 82' lang='lat' dir='ltr'><strong>Nihil</strong></span> 
     </span>
    </p>
   </div>
   <div class='ocr_carea' id='block_1_92' title="bbox 531 3992 2168 4063">
    <p class='ocr_par' dir='ltr' id='par_1_92' title="bbox 531 3992 2168 4063">
     <span class='ocr_line' id='line_1_92' title="bbox 531 3992 2168 4063; baseline 0.001 -20"><span class='ocrx_word' id='word_1_713' title='bbox 531 3996 672 4043; x_wconf 83' lang='lat' dir='ltr'><strong>enim</strong></span> <span class='ocrx_word' id='word_1_714' title='bbox 708 4008 830 4041; x_wconf 90' lang='lat' dir='ltr'><strong>vere</strong></span> <span class='ocrx_word' id='word_1_715' title='bbox 868 3998 919 4041; x_wconf 87' lang='lat' dir='ltr'><strong>et</strong></span> <span class='ocrx_word' id='word_1_716' title='bbox 952 4008 1049 4041; x_wconf 90' lang='lat' dir='ltr'><strong>suo</strong></span> <span class='ocrx_word' id='word_1_717' title='bbox 1082 3993 1303 4042; x_wconf 89' lang='lat' dir='ltr'><strong>nomine</strong></span> <span class='ocrx_word' id='word_1_718' title='bbox 1341 3994 1566 4041; x_wconf 88' lang='lat' dir='ltr'><strong>materia</strong></span> <span class='ocrx_word' id='word_1_719' title='bbox 1613 4000 1849 4047; x_wconf 81' lang='lat' dir='ltr'><strong>vocatur,</strong></span> <span class='ocrx_word' id='word_1_720' title='bbox 1911 3994 2011 4041; x_wconf 88' lang='lat' dir='ltr'><strong>nisi</strong></span> <span class='ocrx_word' id='word_1_721' title='bbox 2066 3992 2168 4063; x_wconf 78' lang='grc' dir='ltr'>ὕλη</span> 
     </span>
    </p>
   </div>
   <div class='ocr_carea' id='block_1_93' title="bbox 529 4064 2174 4130">
    <p class='ocr_par' dir='ltr' id='par_1_93' title="bbox 529 4064 2174 4130">
     <span class='ocr_line' id='line_1_93' title="bbox 529 4064 2174 4130; baseline 0.001 -17"><span class='ocrx_word' id='word_1_722' title='bbox 529 4079 648 4130; x_wconf 69' lang='lat' dir='ltr'><strong>quas</strong></span> <span class='ocrx_word' id='word_1_723' title='bbox 679 4070 776 4125; x_wconf 82' lang='lat' dir='ltr'><strong>est,</strong></span> <span class='ocrx_word' id='word_1_724' title='bbox 808 4064 899 4112; x_wconf 83' lang='lat' dir='ltr'><strong>sed</strong></span> <span class='ocrx_word' id='word_1_725' title='bbox 959 4078 1065 4112; x_wconf 92' lang='lat' dir='ltr'><strong>non</strong></span> <span class='ocrx_word' id='word_1_726' title='bbox 1125 4064 1326 4127; x_wconf 87' lang='lat' dir='ltr'><strong>aliquid</strong></span> <span class='ocrx_word' id='word_1_727' title='bbox 1386 4070 1465 4113; x_wconf 88' lang='lat' dir='ltr'><strong>est</strong></span> <span class='ocrx_word' id='word_1_728' title='bbox 1498 4082 1509 4123; x_wconf 85' lang='lat'><strong>;</strong></span> <span class='ocrx_word' id='word_1_729' title='bbox 1570 4069 1620 4113; x_wconf 83' lang='lat' dir='ltr'><strong>et</strong></span> <span class='ocrx_word' id='word_1_730' title='bbox 1659 4079 1853 4127; x_wconf 86' lang='lat' dir='ltr'><strong>corpus</strong></span> <span class='ocrx_word' id='word_1_731' title='bbox 1889 4065 2029 4127; x_wconf 91' lang='lat' dir='ltr'><strong>quod</strong></span> <span class='ocrx_word' id='word_1_732' title='bbox 2065 4079 2174 4114; x_wconf 89' lang='lat' dir='ltr'><strong>non</strong></span> 
     </span>
    </p>
   </div>
   <div class='ocr_carea' id='block_1_94' title="bbox 530 4134 2176 4198">
    <p class='ocr_par' dir='ltr' id='par_1_94' title="bbox 530 4134 2176 4198">
     <span class='ocr_line' id='line_1_94' title="bbox 530 4134 2176 4198; baseline 0.001 -14"><span class='ocrx_word' id='word_1_733' title='bbox 530 4143 625 4194; x_wconf 84' lang='lat' dir='ltr'><strong>est,</strong></span> <span class='ocrx_word' id='word_1_734' title='bbox 659 4135 747 4184; x_wconf 88' lang='lat' dir='ltr'><strong>sed</strong></span> <span class='ocrx_word' id='word_1_735' title='bbox 784 4136 984 4197; x_wconf 89' lang='lat' dir='ltr'><strong>aliquid</strong></span> <span class='ocrx_word' id='word_1_736' title='bbox 1018 4140 1115 4183; x_wconf 87' lang='lat' dir='ltr'><strong>est.</strong></span> <span class='ocrx_word' id='word_1_737' title='bbox 1176 4136 1273 4183; x_wconf 89' lang='lat' dir='ltr'><strong>Illa</strong></span> <span class='ocrx_word' id='word_1_738' title='bbox 1331 4137 1510 4198; x_wconf 88' lang='lat' dir='ltr'><strong>itaque</strong></span> <span class='ocrx_word' id='word_1_739' title='bbox 1570 4134 1717 4183; x_wconf 87' lang='lat' dir='ltr'><strong>omni</strong></span> <span class='ocrx_word' id='word_1_740' title='bbox 1778 4148 2064 4197; x_wconf 83' lang='lat' dir='ltr'><strong>corporum</strong></span> <span class='ocrx_word' id='word_1_741' title='bbox 2124 4142 2176 4186; x_wconf 91' lang='lat' dir='ltr'><strong>et</strong></span> 
     </span>
    </p>
   </div>
   <div class='ocr_carea' id='block_1_95' title="bbox 529 4207 2175 4271">
    <p class='ocr_par' dir='ltr' id='par_1_95' title="bbox 529 4207 2175 4271">
     <span class='ocr_line' id='line_1_95' title="bbox 529 4207 2175 4271; baseline -0.001 -14"><span class='ocrx_word' id='word_1_742' title='bbox 529 4222 713 4257; x_wconf 88' lang='lat' dir='ltr'><strong>eorum</strong></span> <span class='ocrx_word' id='word_1_743' title='bbox 746 4222 867 4270; x_wconf 63' lang='lat' dir='ltr'><strong>quae</strong></span> <span class='ocrx_word' id='word_1_744' title='bbox 899 4212 1025 4255; x_wconf 92' lang='lat' dir='ltr'><strong>sunt</strong></span> <span class='ocrx_word' id='word_1_745' title='bbox 1055 4207 1109 4255; x_wconf 92' lang='lat' dir='ltr'><strong>in</strong></span> <span class='ocrx_word' id='word_1_746' title='bbox 1144 4209 1461 4271; x_wconf 79' lang='lat' dir='ltr'><strong>corporibus</strong></span> <span class='ocrx_word' id='word_1_747' title='bbox 1492 4213 1571 4257; x_wconf 88' lang='lat' dir='ltr'><strong>est</strong></span> <span class='ocrx_word' id='word_1_748' title='bbox 1608 4207 1831 4256; x_wconf 89' lang='lat' dir='ltr'><strong>materia</strong></span> <span class='ocrx_word' id='word_1_749' title='bbox 1864 4224 1875 4265; x_wconf 85' lang='lat'><strong>;</strong></span> <span class='ocrx_word' id='word_1_750' title='bbox 1921 4209 2022 4256; x_wconf 87' lang='lat' dir='ltr'><strong>hoc</strong></span> <span class='ocrx_word' id='word_1_751' title='bbox 2052 4222 2175 4256; x_wconf 87' lang='lat' dir='ltr'><strong>vero</strong></span> 
     </span>
    </p>
   </div>
   <div class='ocr_carea' id='block_1_96' title="bbox 527 4277 2174 4341">
    <p class='ocr_par' dir='ltr' id='par_1_96' title="bbox 527 4277 2174 4341">
     <span class='ocr_line' id='line_1_96' title="bbox 527 4277 2174 4341; baseline 0.001 -16"><span class='ocrx_word' id='word_1_752' title='bbox 527 4278 768 4329; x_wconf 88' lang='lat' dir='ltr'><strong>omnium</strong></span> <span class='ocrx_word' id='word_1_753' title='bbox 808 4292 928 4340; x_wconf 66' lang='lat' dir='ltr'><strong>quas</strong></span> <span class='ocrx_word' id='word_1_754' title='bbox 990 4277 1218 4341; x_wconf 78' lang='lat' dir='ltr'><strong>primum</strong></span> <span class='ocrx_word' id='word_1_755' title='bbox 1279 4294 1339 4328; x_wconf 82' lang='lat' dir='ltr'><strong>ac</strong></span> <span class='ocrx_word' id='word_1_756' title='bbox 1401 4284 1716 4339; x_wconf 59' lang='lat' dir='ltr'><strong>perpetuam</strong></span> <span class='ocrx_word' id='word_1_757' title='bbox 1773 4280 2174 4328; x_wconf 80' lang='lat' dir='ltr'><strong>subsistentiam</strong></span> 
     </span>
    </p>
   </div>
   <div class='ocr_carea' id='block_1_97' title="bbox 528 4351 2177 4415">
    <p class='ocr_par' dir='ltr' id='par_1_97' title="bbox 528 4351 2177 4415">
     <span class='ocr_line' id='line_1_97' title="bbox 528 4351 2177 4415; baseline 0 -15"><span class='ocrx_word' id='word_1_758' title='bbox 528 4353 643 4414; x_wconf 89' lang='lat' dir='ltr'><strong>ejus</strong></span> <span class='ocrx_word' id='word_1_759' title='bbox 676 4354 727 4400; x_wconf 93' lang='lat' dir='ltr'><strong>in</strong></span> <span class='ocrx_word' id='word_1_760' title='bbox 765 4351 883 4413; x_wconf 90' lang='lat' dir='ltr'><strong>ipsa</strong></span> <span class='ocrx_word' id='word_1_761' title='bbox 917 4357 1239 4415; x_wconf 89' lang='lat' dir='ltr'><strong>sequuntur.</strong></span> <span class='ocrx_word' id='word_1_762' title='bbox 1269 4353 1369 4401; x_wconf 89' lang='lat' dir='ltr'><strong>Sed</strong></span> <span class='ocrx_word' id='word_1_763' title='bbox 1403 4357 1545 4415; x_wconf 82' lang='lat' dir='ltr'><strong>quod</strong></span> <span class='ocrx_word' id='word_1_764' title='bbox 1595 4352 1707 4399; x_wconf 69' lang='lat' dir='ltr'><strong>INPC</strong></span> <span class='ocrx_word' id='word_1_765' title='bbox 1768 4354 1993 4401; x_wconf 83' lang='lat' dir='ltr'><strong>materia</strong></span> <span class='ocrx_word' id='word_1_766' title='bbox 2039 4367 2177 4400; x_wconf 84' lang='lat' dir='ltr'><strong>com-</strong></span> 
     </span>
    </p>
   </div>
   <div class='ocr_carea' id='block_1_98' title="bbox 2280 3136 3837 3203">
    <p class='ocr_par' dir='ltr' id='par_1_98' title="bbox 2280 3136 3837 3203">
     <span class='ocr_line' id='line_1_98' title="bbox 2280 3136 3837 3203; baseline 0.001 -20"><span class='ocrx_word' id='word_1_767' title='bbox 2280 3136 2559 3186; x_wconf 85' lang='lat' dir='ltr'><strong>vinitatem</strong></span> <span class='ocrx_word' id='word_1_768' title='bbox 2593 3138 2726 3186; x_wconf 84' lang='lat' dir='ltr'><strong>verti</strong></span> <span class='ocrx_word' id='word_1_769' title='bbox 2764 3154 2869 3187; x_wconf 88' lang='lat' dir='ltr'><strong>non</strong></span> <span class='ocrx_word' id='word_1_770' title='bbox 2906 3141 3077 3200; x_wconf 88' lang='lat' dir='ltr'><strong>potuit</strong></span> <span class='ocrx_word' id='word_1_771' title='bbox 3113 3155 3126 3197; x_wconf 84' lang='lat'><strong>;</strong></span> <span class='ocrx_word' id='word_1_772' title='bbox 3162 3142 3321 3189; x_wconf 90' lang='lat' dir='ltr'><strong>modo</strong></span> <span class='ocrx_word' id='word_1_773' title='bbox 3353 3143 3474 3190; x_wconf 90' lang='lat' dir='ltr'><strong>vult</strong></span> <span class='ocrx_word' id='word_1_774' title='bbox 3503 3142 3703 3203; x_wconf 83' lang='lat' dir='ltr'><strong>probare</strong></span> <span class='ocrx_word' id='word_1_775' title='bbox 3745 3136 3837 3199; x_wconf 83' lang='lat' dir='ltr'><strong>quod</strong></span> 
     </span>
    </p>
   </div>
   <div class='ocr_carea' id='block_1_99' title="bbox 2278 3210 3834 3276">
    <p class='ocr_par' dir='ltr' id='par_1_99' title="bbox 2278 3210 3834 3276">
     <span class='ocr_line' id='line_1_99' title="bbox 2278 3210 3834 3276; baseline -0.002 -18"><span class='ocrx_word' id='word_1_776' title='bbox 2278 3223 2377 3258; x_wconf 91' lang='lat' dir='ltr'><strong>nec</strong></span> <span class='ocrx_word' id='word_1_777' title='bbox 2408 3210 2585 3257; x_wconf 90' lang='lat' dir='ltr'><strong>anima</strong></span> <span class='ocrx_word' id='word_1_778' title='bbox 2620 3211 2735 3273; x_wconf 81' lang='lat' dir='ltr'><strong>ejus</strong></span> <span class='ocrx_word' id='word_1_779' title='bbox 2767 3212 2820 3259; x_wconf 92' lang='lat' dir='ltr'><strong>in</strong></span> <span class='ocrx_word' id='word_1_780' title='bbox 2874 3212 3117 3261; x_wconf 87' lang='lat' dir='ltr'><strong>eamdem</strong></span> <span class='ocrx_word' id='word_1_781' title='bbox 3170 3213 3346 3273; x_wconf 91' lang='lat' dir='ltr'><strong>potuit</strong></span> <span class='ocrx_word' id='word_1_782' title='bbox 3396 3214 3685 3276; x_wconf 89' lang='lat' dir='ltr'><strong>permutari.</strong></span> <span class='ocrx_word' id='word_1_783' title='bbox 3722 3210 3834 3266; x_wconf 83' lang='lat' dir='ltr'><strong>Onam</strong></span> 
     </span>
    </p>
   </div>
   <div class='ocr_carea' id='block_1_100' title="bbox 2278 3282 3836 3344">
    <p class='ocr_par' dir='ltr' id='par_1_100' title="bbox 2278 3282 3836 3344">
     <span class='ocr_line' id='line_1_100' title="bbox 2278 3282 3836 3344; baseline 0 -17"><span class='ocrx_word' id='word_1_784' title='bbox 2278 3282 2646 3343; x_wconf 84' lang='lat' dir='ltr'><strong>probationem</strong></span> <span class='ocrx_word' id='word_1_785' title='bbox 2681 3297 2740 3329; x_wconf 84' lang='lat' dir='ltr'><strong>ex</strong></span> <span class='ocrx_word' id='word_1_786' title='bbox 2802 3284 3043 3344; x_wconf 85' lang='lat' dir='ltr'><strong>ejusdem</strong></span> <span class='ocrx_word' id='word_1_787' title='bbox 3103 3285 3324 3333; x_wconf 83' lang='lat' dir='ltr'><strong>rationis</strong></span> <span class='ocrx_word' id='word_1_788' title='bbox 3390 3286 3505 3333; x_wconf 88' lang='lat' dir='ltr'><strong>loco</strong></span> <span class='ocrx_word' id='word_1_789' title='bbox 3561 3286 3754 3333; x_wconf 82' lang='lat' dir='ltr'><strong>deducit.</strong></span> <span class='ocrx_word' id='word_1_790' title='bbox 3778 3292 3836 3341; x_wconf 80' lang='lat' dir='ltr'><strong>per</strong></span> 
     </span>
    </p>
   </div>
   <div class='ocr_carea' id='block_1_101' title="bbox 2280 3350 3834 3417">
    <p class='ocr_par' dir='ltr' id='par_1_101' title="bbox 2280 3350 3834 3417">
     <span class='ocr_line' id='line_1_101' title="bbox 2280 3350 3834 3417; baseline -0.002 -19"><span class='ocrx_word' id='word_1_791' title='bbox 2280 3365 2435 3414; x_wconf 90' lang='lat' dir='ltr'><strong>quam</strong></span> <span class='ocrx_word' id='word_1_792' title='bbox 2474 3352 2614 3399; x_wconf 87' lang='lat' dir='ltr'><strong>idem</strong></span> <span class='ocrx_word' id='word_1_793' title='bbox 2649 3352 2809 3401; x_wconf 78' lang='lat' dir='ltr'><strong>etiam</strong></span> <span class='ocrx_word' id='word_1_794' title='bbox 2840 3355 2907 3402; x_wconf 92' lang='lat' dir='ltr'><strong>de</strong></span> <span class='ocrx_word' id='word_1_795' title='bbox 2940 3369 3162 3417; x_wconf 86' lang='lat' dir='ltr'><strong>corpore</strong></span> <span class='ocrx_word' id='word_1_796' title='bbox 3196 3358 3586 3404; x_wconf 78' lang='lat' dir='ltr'><strong>demonstravit</strong></span> <span class='ocrx_word' id='word_1_797' title='bbox 3614 3367 3624 3400; x_wconf 92' lang='lat'><strong>:</strong></span> <span class='ocrx_word' id='word_1_798' title='bbox 3653 3350 3834 3416; x_wconf 72' lang='lat' dir='ltr'><strong>quoniam</strong></span> 
     </span>
    </p>
   </div>
   <div class='ocr_carea' id='block_1_102' title="bbox 2280 3420 3837 3488">
    <p class='ocr_par' dir='ltr' id='par_1_102' title="bbox 2280 3420 3837 3488">
     <span class='ocr_line' id='line_1_102' title="bbox 2280 3420 3837 3488; baseline 0 -20"><span class='ocrx_word' id='word_1_799' title='bbox 2280 3420 2532 3471; x_wconf 88' lang='lat' dir='ltr'><strong>videlicet</strong></span> <span class='ocrx_word' id='word_1_800' title='bbox 2590 3425 2737 3473; x_wconf 86' lang='lat' dir='ltr'><strong>nulla</strong></span> <span class='ocrx_word' id='word_1_801' title='bbox 2794 3430 2872 3474; x_wconf 90' lang='lat' dir='ltr'><strong>est</strong></span> <span class='ocrx_word' id='word_1_802' title='bbox 2928 3426 3358 3488; x_wconf 86' lang='lat' dir='ltr'><strong>incorporalibus</strong></span> <span class='ocrx_word' id='word_1_803' title='bbox 3419 3429 3694 3475; x_wconf 62' lang='lat' dir='ltr'><strong>communis</strong></span> <span class='ocrx_word' id='word_1_804' title='bbox 3732 3428 3837 3471; x_wconf 77' lang='lat' dir='ltr'><strong>mate-</strong></span> 
     </span>
    </p>
   </div>
   <div class='ocr_carea' id='block_1_103' title="bbox 2280 3494 3839 3559">
    <p class='ocr_par' dir='ltr' id='par_1_103' title="bbox 2280 3494 3839 3559">
     <span class='ocr_line' id='line_1_103' title="bbox 2280 3494 3839 3559; baseline -0.002 -18"><span class='ocrx_word' id='word_1_805' title='bbox 2280 3494 2377 3541; x_wconf 85' lang='lat' dir='ltr'><strong>ria.</strong></span> <span class='ocrx_word' id='word_1_806' title='bbox 2409 3494 2621 3551; x_wconf 89' lang='lat' dir='ltr'><strong>Quasi:</strong></span> <span class='ocrx_word' id='word_1_807' title='bbox 2682 3496 2796 3544; x_wconf 87' lang='lat' dir='ltr'><strong>Non</strong></span> <span class='ocrx_word' id='word_1_808' title='bbox 2857 3502 3033 3558; x_wconf 86' lang='lat' dir='ltr'><strong>potest</strong></span> <span class='ocrx_word' id='word_1_809' title='bbox 3088 3498 3203 3546; x_wconf 80' lang='lat' dir='ltr'><strong>ﬁeri</strong></span> <span class='ocrx_word' id='word_1_810' title='bbox 3266 3503 3325 3546; x_wconf 90' lang='lat' dir='ltr'><strong>ut</strong></span> <span class='ocrx_word' id='word_1_811' title='bbox 3386 3513 3578 3559; x_wconf 84' lang='lat' dir='ltr'><strong>corpus</strong></span> <span class='ocrx_word' id='word_1_812' title='bbox 3630 3498 3674 3543; x_wconf 90' lang='lat' dir='ltr'><strong>in</strong></span> <span class='ocrx_word' id='word_1_813' title='bbox 3723 3496 3839 3541; x_wconf 75' lang='lat' dir='ltr'><strong>incor-</strong></span> 
     </span>
    </p>
   </div>
   <div class='ocr_carea' id='block_1_104' title="bbox 2282 3565 3837 3629">
    <p class='ocr_par' dir='ltr' id='par_1_104' title="bbox 2282 3565 3837 3629">
     <span class='ocr_line' id='line_1_104' title="bbox 2282 3565 3837 3629; baseline 0 -18"><span class='ocrx_word' id='word_1_814' title='bbox 2282 3566 2519 3628; x_wconf 89' lang='lat' dir='ltr'><strong>poralem</strong></span> <span class='ocrx_word' id='word_1_815' title='bbox 2579 3568 2814 3628; x_wconf 84' lang='lat' dir='ltr'><strong>speciem</strong></span> <span class='ocrx_word' id='word_1_816' title='bbox 2875 3574 3226 3629; x_wconf 84' lang='lat' dir='ltr'><strong>permutetur.</strong></span> <span class='ocrx_word' id='word_1_817' title='bbox 3285 3570 3395 3617; x_wconf 80' lang='lat' dir='ltr'><strong>Nec</strong></span> <span class='ocrx_word' id='word_1_818' title='bbox 3455 3583 3578 3617; x_wconf 89' lang='lat' dir='ltr'><strong>vero</strong></span> <span class='ocrx_word' id='word_1_819' title='bbox 3633 3565 3725 3614; x_wconf 76' lang='lat' dir='ltr'><strong>ﬁeri</strong></span> <span class='ocrx_word' id='word_1_820' title='bbox 3779 3576 3837 3623; x_wconf 63' lang='lat' dir='ltr'><strong>PO-</strong></span> 
     </span>
    </p>
   </div>
   <div class='ocr_carea' id='block_1_105' title="bbox 2281 3634 3837 3701">
    <p class='ocr_par' dir='ltr' id='par_1_105' title="bbox 2281 3634 3837 3701">
     <span class='ocr_line' id='line_1_105' title="bbox 2281 3634 3837 3701; baseline -0.005 -17"><span class='ocrx_word' id='word_1_821' title='bbox 2281 3640 2384 3684; x_wconf 84' lang='lat' dir='ltr'><strong>test</strong></span> <span class='ocrx_word' id='word_1_822' title='bbox 2415 3640 2472 3683; x_wconf 91' lang='lat' dir='ltr'><strong>ut</strong></span> <span class='ocrx_word' id='word_1_823' title='bbox 2500 3638 2858 3698; x_wconf 87' lang='lat' dir='ltr'><strong>incorporalia</strong></span> <span class='ocrx_word' id='word_1_824' title='bbox 2888 3643 3262 3701; x_wconf 86' lang='lat' dir='ltr'><strong>permutentur</strong></span> <span class='ocrx_word' id='word_1_825' title='bbox 3305 3639 3357 3687; x_wconf 90' lang='lat' dir='ltr'><strong>in</strong></span> <span class='ocrx_word' id='word_1_826' title='bbox 3412 3653 3525 3687; x_wconf 77' lang='lat' dir='ltr'><strong>sese</strong></span> <span class='ocrx_word' id='word_1_827' title='bbox 3556 3634 3837 3686; x_wconf 74' lang='lat' dir='ltr'><strong>commistione</strong></span> 
     </span>
    </p>
   </div>
   <div class='ocr_carea' id='block_1_106' title="bbox 2283 3707 3836 3773">
    <p class='ocr_par' dir='ltr' id='par_1_106' title="bbox 2283 3707 3836 3773">
     <span class='ocr_line' id='line_1_106' title="bbox 2283 3707 3836 3773; baseline 0 -18"><span class='ocrx_word' id='word_1_828' title='bbox 2283 3708 2475 3768; x_wconf 86' lang='lat' dir='ltr'><strong>aliqua,</strong></span> <span class='ocrx_word' id='word_1_829' title='bbox 2510 3707 2892 3769; x_wconf 61' lang='lat' dir='ltr'><strong>videlicetfsive</strong></span> <span class='ocrx_word' id='word_1_830' title='bbox 2929 3711 3015 3758; x_wconf 91' lang='lat' dir='ltr'><strong>illa</strong></span> <span class='ocrx_word' id='word_1_831' title='bbox 3047 3724 3152 3773; x_wconf 88' lang='lat' dir='ltr'><strong>qua</strong></span> <span class='ocrx_word' id='word_1_832' title='bbox 3187 3715 3441 3759; x_wconf 88' lang='lat' dir='ltr'><strong>manente</strong></span> <span class='ocrx_word' id='word_1_833' title='bbox 3492 3711 3650 3757; x_wconf 86' lang='lat' dir='ltr'><strong>altero</strong></span> <span class='ocrx_word' id='word_1_834' title='bbox 3684 3708 3836 3753; x_wconf 75' lang='lat' dir='ltr'><strong>alterum</strong></span> 
     </span>
    </p>
   </div>
   <div class='ocr_carea' id='block_1_107' title="bbox 2282 3778 3836 3844">
    <p class='ocr_par' dir='ltr' id='par_1_107' title="bbox 2282 3778 3836 3844">
     <span class='ocr_line' id='line_1_107' title="bbox 2282 3778 3836 3844; baseline 0.001 -18"><span class='ocrx_word' id='word_1_835' title='bbox 2282 3782 2656 3840; x_wconf 62' lang='lat' dir='ltr'><strong>eorrumj‘mtur</strong></span> <span class='ocrx_word' id='word_1_836' title='bbox 2686 3780 2847 3841; x_wconf 89' lang='lat' dir='ltr'><strong>(sicut</strong></span> <span class='ocrx_word' id='word_1_837' title='bbox 2881 3795 3044 3844; x_wconf 73' lang='lat' dir='ltr'><strong>supra</strong></span> <span class='ocrx_word' id='word_1_838' title='bbox 3076 3782 3140 3830; x_wconf 89' lang='lat' dir='ltr'><strong>de</strong></span> <span class='ocrx_word' id='word_1_839' title='bbox 3172 3784 3296 3831; x_wconf 91' lang='lat' dir='ltr'><strong>vino</strong></span> <span class='ocrx_word' id='word_1_840' title='bbox 3333 3788 3387 3830; x_wconf 90' lang='lat' dir='ltr'><strong>et</strong></span> <span class='ocrx_word' id='word_1_841' title='bbox 3409 3782 3541 3830; x_wconf 88' lang='lat' dir='ltr'><strong>mari</strong></span> <span class='ocrx_word' id='word_1_842' title='bbox 3571 3781 3737 3827; x_wconf 75' lang='lat' dir='ltr'><strong>dictum</strong></span> <span class='ocrx_word' id='word_1_843' title='bbox 3760 3778 3836 3827; x_wconf 56' lang='lat' dir='ltr'><strong>est).</strong></span> 
     </span>
    </p>
   </div>
   <div class='ocr_carea' id='block_1_108' title="bbox 2285 3847 3840 3915">
    <p class='ocr_par' dir='ltr' id='par_1_108' title="bbox 2285 3847 3840 3915">
     <span class='ocr_line' id='line_1_108' title="bbox 2285 3847 3840 3915; baseline -0.003 -20"><span class='ocrx_word' id='word_1_844' title='bbox 2285 3848 2395 3896; x_wconf 88' lang='lat' dir='ltr'><strong>sive</strong></span> <span class='ocrx_word' id='word_1_845' title='bbox 2429 3850 2516 3896; x_wconf 90' lang='lat' dir='ltr'><strong>illa</strong></span> <span class='ocrx_word' id='word_1_846' title='bbox 2579 3864 2686 3910; x_wconf 86' lang='lat' dir='ltr'><strong>qua</strong></span> <span class='ocrx_word' id='word_1_847' title='bbox 2747 3857 3032 3915; x_wconf 88' lang='lat' dir='ltr'><strong>utrumque</strong></span> <span class='ocrx_word' id='word_1_848' title='bbox 3089 3856 3347 3909; x_wconf 88' lang='lat' dir='ltr'><strong>mutetur,</strong></span> <span class='ocrx_word' id='word_1_849' title='bbox 3411 3854 3547 3900; x_wconf 84' lang='lat' dir='ltr'><strong>sicut</strong></span> <span class='ocrx_word' id='word_1_850' title='bbox 3595 3851 3651 3897; x_wconf 81' lang='lat' dir='ltr'><strong>de</strong></span> <span class='ocrx_word' id='word_1_851' title='bbox 3698 3847 3840 3894; x_wconf 73' lang='lat' dir='ltr'><strong>vinost</strong></span> 
     </span>
    </p>
   </div>
   <div class='ocr_carea' id='block_1_109' title="bbox 2282 3916 3837 3987">
    <p class='ocr_par' dir='ltr' id='par_1_109' title="bbox 2282 3916 3837 3987">
     <span class='ocr_line' id='line_1_109' title="bbox 2282 3916 3837 3987; baseline 0.001 -22"><span class='ocrx_word' id='word_1_852' title='bbox 2282 3934 2419 3981; x_wconf 84' lang='lat' dir='ltr'><strong>aqua</strong></span> <span class='ocrx_word' id='word_1_853' title='bbox 2443 3919 2773 3978; x_wconf 63' lang='lat' dir='ltr'><strong>dictumfest.</strong></span> <span class='ocrx_word' id='word_1_854' title='bbox 2809 3924 2870 3971; x_wconf 88' lang='lat' dir='ltr'><strong>Et</strong></span> <span class='ocrx_word' id='word_1_855' title='bbox 2906 3938 3067 3984; x_wconf 77' lang='lat' dir='ltr'><strong>quare.</strong></span> <span class='ocrx_word' id='word_1_856' title='bbox 3116 3938 3222 3972; x_wconf 88' lang='lat' dir='ltr'><strong>non</strong></span> <span class='ocrx_word' id='word_1_857' title='bbox 3286 3925 3494 3987; x_wconf 78' lang='lat' dir='ltr'><strong>possint</strong></span> <span class='ocrx_word' id='word_1_858' title='bbox 3550 3916 3784 3984; x_wconf 72' lang='lat' dir='ltr'><strong>permutari</strong></span> <span class='ocrx_word' id='word_1_859' title='bbox 3806 3916 3837 3960; x_wconf 83' lang='lat' dir='ltr'><strong>in</strong></span> 
     </span>
    </p>
   </div>
   <div class='ocr_carea' id='block_1_110' title="bbox 2284 3993 3839 4058">
    <p class='ocr_par' dir='ltr' id='par_1_110' title="bbox 2284 3993 3839 4058">
     <span class='ocr_line' id='line_1_110' title="bbox 2284 3993 3839 4058; baseline -0.001 -20"><span class='ocrx_word' id='word_1_860' title='bbox 2284 4006 2397 4038; x_wconf 76' lang='lat' dir='ltr'><strong>sese</strong></span> <span class='ocrx_word' id='word_1_861' title='bbox 2457 3993 2789 4052; x_wconf 75' lang='lat' dir='ltr'><strong>incorporea,</strong></span> <span class='ocrx_word' id='word_1_862' title='bbox 2852 4009 2911 4042; x_wconf 84' lang='lat' dir='ltr'><strong>ex</strong></span> <span class='ocrx_word' id='word_1_863' title='bbox 2973 3996 3134 4058; x_wconf 87' lang='lat' dir='ltr'><strong>hujus</strong></span> <span class='ocrx_word' id='word_1_864' title='bbox 3191 4009 3311 4058; x_wconf 62' lang='lat' dir='ltr'><strong>quae</strong></span> <span class='ocrx_word' id='word_1_865' title='bbox 3388 3994 3623 4057; x_wconf 88' lang='lat' dir='ltr'><strong>sequitur</strong></span> <span class='ocrx_word' id='word_1_866' title='bbox 3669 3998 3839 4039; x_wconf 65' lang='lat' dir='ltr'><strong>maxum?</strong></span> 
     </span>
    </p>
   </div>
   <div class='ocr_carea' id='block_1_111' title="bbox 2285 4060 3838 4129">
    <p class='ocr_par' dir='ltr' id='par_1_111' title="bbox 2285 4060 3838 4129">
     <span class='ocr_line' id='line_1_111' title="bbox 2285 4060 3838 4129; baseline -0.003 -20"><span class='ocrx_word' id='word_1_867' title='bbox 2285 4062 2670 4125; x_wconf 84' lang='lat' dir='ltr'><strong>propositionis</strong></span> <span class='ocrx_word' id='word_1_868' title='bbox 2699 4064 2812 4112; x_wconf 90' lang='lat' dir='ltr'><strong>loco</strong></span> <span class='ocrx_word' id='word_1_869' title='bbox 2844 4072 3043 4114; x_wconf 81' lang='lat' dir='ltr'><strong>certum</strong></span> <span class='ocrx_word' id='word_1_870' title='bbox 3094 4067 3299 4126; x_wconf 84' lang='lat' dir='ltr'><strong>poterit</strong></span> <span class='ocrx_word' id='word_1_871' title='bbox 3342 4080 3479 4114; x_wconf 79' lang='lat' dir='ltr'><strong>esse.</strong></span> <span class='ocrx_word' id='word_1_872' title='bbox 3510 4065 3715 4121; x_wconf 88' lang='lat' dir='ltr'><strong>Quorum</strong></span> <span class='ocrx_word' id='word_1_873' title='bbox 3748 4060 3838 4129; x_wconf 68' lang='lat' dir='ltr'><strong>enim</strong></span> 
     </span>
    </p>
   </div>
   <div class='ocr_carea' id='block_1_112' title="bbox 2284 4132 3840 4198">
    <p class='ocr_par' dir='ltr' id='par_1_112' title="bbox 2284 4132 3840 4198">
     <span class='ocr_line' id='line_1_112' title="bbox 2284 4132 3840 4198; baseline -0.001 -17"><span class='ocrx_word' id='word_1_874' title='bbox 2284 4134 2429 4181; x_wconf 89' lang='lat' dir='ltr'><strong>nulla</strong></span> <span class='ocrx_word' id='word_1_875' title='bbox 2468 4138 2546 4181; x_wconf 85' lang='lat' dir='ltr'><strong>est</strong></span> <span class='ocrx_word' id='word_1_876' title='bbox 2574 4149 2876 4183; x_wconf 83' lang='lat' dir='ltr'><strong>communis</strong></span> <span class='ocrx_word' id='word_1_877' title='bbox 2910 4136 3151 4198; x_wconf 74' lang='lat' dir='ltr'><strong>materia,</strong></span> <span class='ocrx_word' id='word_1_878' title='bbox 3204 4152 3301 4186; x_wconf 88' lang='lat' dir='ltr'><strong>nec</strong></span> <span class='ocrx_word' id='word_1_879' title='bbox 3345 4136 3404 4185; x_wconf 92' lang='lat' dir='ltr'><strong>in</strong></span> <span class='ocrx_word' id='word_1_880' title='bbox 3456 4151 3509 4184; x_wconf 86' lang='lat' dir='ltr'><strong>se</strong></span> <span class='ocrx_word' id='word_1_881' title='bbox 3552 4138 3724 4197; x_wconf 83' lang='lat' dir='ltr'><strong>queunt</strong></span> <span class='ocrx_word' id='word_1_882' title='bbox 3753 4132 3840 4174; x_wconf 65' lang='lat' dir='ltr'><strong>Veni</strong></span> 
     </span>
    </p>
   </div>
   <div class='ocr_carea' id='block_1_113' title="bbox 2284 4204 3838 4271">
    <p class='ocr_par' dir='ltr' id='par_1_113' title="bbox 2284 4204 3838 4271">
     <span class='ocr_line' id='line_1_113' title="bbox 2284 4204 3838 4271; baseline -0.001 -18"><span class='ocrx_word' id='word_1_883' title='bbox 2284 4219 2343 4253; x_wconf 89' lang='lat' dir='ltr'><strong>ac</strong></span> <span class='ocrx_word' id='word_1_884' title='bbox 2377 4208 2692 4265; x_wconf 88' lang='lat' dir='ltr'><strong>permutari.</strong></span> <span class='ocrx_word' id='word_1_885' title='bbox 2724 4206 2840 4256; x_wconf 86' lang='lat' dir='ltr'><strong>Non</strong></span> <span class='ocrx_word' id='word_1_886' title='bbox 2875 4214 3055 4257; x_wconf 86' lang='lat' dir='ltr'><strong>autem</strong></span> <span class='ocrx_word' id='word_1_887' title='bbox 3090 4215 3266 4271; x_wconf 85' lang='lat' dir='ltr'><strong>potest</strong></span> <span class='ocrx_word' id='word_1_888' title='bbox 3296 4222 3415 4257; x_wconf 86' lang='lat' dir='ltr'><strong>esse</strong></span> <span class='ocrx_word' id='word_1_889' title='bbox 3456 4204 3738 4259; x_wconf 79' lang='lat' dir='ltr'><strong>communis,</strong></span> <span class='ocrx_word' id='word_1_890' title='bbox 3762 4210 3838 4260; x_wconf 59' lang='lat' dir='ltr'><strong>qui</strong></span> 
     </span>
    </p>
   </div>
   <div class='ocr_carea' id='block_1_114' title="bbox 2285 4270 3837 4341">
    <p class='ocr_par' dir='ltr' id='par_1_114' title="bbox 2285 4270 3837 4341">
     <span class='ocr_line' id='line_1_114' title="bbox 2285 4270 3837 4341; baseline -0.002 -16"><span class='ocrx_word' id='word_1_891' title='bbox 2285 4276 2507 4325; x_wconf 86' lang='lat' dir='ltr'><strong>omnino</strong></span> <span class='ocrx_word' id='word_1_892' title='bbox 2540 4290 2647 4324; x_wconf 88' lang='lat' dir='ltr'><strong>non</strong></span> <span class='ocrx_word' id='word_1_893' title='bbox 2711 4282 2811 4327; x_wconf 88' lang='lat' dir='ltr'><strong>est.</strong></span> <span class='ocrx_word' id='word_1_894' title='bbox 2873 4270 3099 4328; x_wconf 84' lang='lat' dir='ltr'><strong>Certum</strong></span> <span class='ocrx_word' id='word_1_895' title='bbox 3146 4294 3273 4329; x_wconf 87' lang='lat' dir='ltr'><strong>vero</strong></span> <span class='ocrx_word' id='word_1_896' title='bbox 3330 4286 3413 4328; x_wconf 83' lang='lat' dir='ltr'><strong>est</strong></span> <span class='ocrx_word' id='word_1_897' title='bbox 3475 4279 3701 4341; x_wconf 87' lang='lat' dir='ltr'><strong>quoniam</strong></span> <span class='ocrx_word' id='word_1_898' title='bbox 3744 4270 3837 4318; x_wconf 66' lang='lat' dir='ltr'><strong>nulli</strong></span> 
     </span>
    </p>
   </div>
   <div class='ocr_carea' id='block_1_115' title="bbox 2286 4343 3838 4411">
    <p class='ocr_par' dir='ltr' id='par_1_115' title="bbox 2286 4343 3838 4411">
     <span class='ocr_line' id='line_1_115' title="bbox 2286 4343 3838 4411; baseline -0.007 -16"><span class='ocrx_word' id='word_1_899' title='bbox 2286 4348 2523 4403; x_wconf 87' lang='lat' dir='ltr'><strong>omnino,</strong></span> <span class='ocrx_word' id='word_1_900' title='bbox 2590 4350 2726 4397; x_wconf 73' lang='lat' dir='ltr'><strong>sicut</strong></span> <span class='ocrx_word' id='word_1_901' title='bbox 2782 4352 3098 4411; x_wconf 68' lang='lat' dir='ltr'><strong>praedictum</strong></span> <span class='ocrx_word' id='word_1_902' title='bbox 3155 4358 3251 4407; x_wconf 86' lang='lat' dir='ltr'><strong>est,</strong></span> <span class='ocrx_word' id='word_1_903' title='bbox 3317 4356 3401 4399; x_wconf 88' lang='lat' dir='ltr'><strong>est</strong></span> <span class='ocrx_word' id='word_1_904' title='bbox 3460 4352 3511 4399; x_wconf 93' lang='lat' dir='ltr'><strong>in</strong></span> <span class='ocrx_word' id='word_1_905' title='bbox 3556 4343 3838 4409; x_wconf 74' lang='lat' dir='ltr'><strong>corporalibus</strong></span> 
     </span>
    </p>
   </div>
   <div class='ocr_carea' id='block_1_116' title="bbox 530 4422 3837 4493">
    <p class='ocr_par' dir='ltr' id='par_1_116' title="bbox 530 4422 3837 4493">
     <span class='ocr_line' id='line_1_116' title="bbox 530 4422 3837 4493; baseline 0 -22"><span class='ocrx_word' id='word_1_906' title='bbox 530 4425 710 4471; x_wconf 88' lang='lat' dir='ltr'><strong>munis</strong></span> <span class='ocrx_word' id='word_1_907' title='bbox 741 4428 793 4471; x_wconf 89' lang='lat' dir='ltr'><strong>et</strong></span> <span class='ocrx_word' id='word_1_908' title='bbox 823 4422 1009 4470; x_wconf 86' lang='lat' dir='ltr'><strong>eadem</strong></span> <span class='ocrx_word' id='word_1_909' title='bbox 1043 4424 1281 4471; x_wconf 90' lang='lat' dir='ltr'><strong>omnium</strong></span> <span class='ocrx_word' id='word_1_910' title='bbox 1341 4437 1625 4484; x_wconf 83' lang='lat' dir='ltr'><strong>corporum</strong></span> <span class='ocrx_word' id='word_1_911' title='bbox 1685 4423 1900 4479; x_wconf 85' lang='lat' dir='ltr'><strong>dicitur,</strong></span> <span class='ocrx_word' id='word_1_912' title='bbox 1944 4438 2048 4471; x_wconf 85' lang='lat' dir='ltr'><strong>non</strong></span> <span class='ocrx_word' id='word_1_913' title='bbox 2098 4428 2178 4471; x_wconf 87' lang='lat' dir='ltr'><strong>est</strong></span> <span class='ocrx_word' id='word_1_914' title='bbox 2206 4428 2253 4493; x_wconf 74' lang='grc' dir='ltr'><strong>Β</strong></span> <span class='ocrx_word' id='word_1_915' title='bbox 2288 4422 2447 4469; x_wconf 79' lang='lat' dir='ltr'><strong>rebus</strong></span> <span class='ocrx_word' id='word_1_916' title='bbox 2479 4422 2719 4471; x_wconf 85' lang='lat' dir='ltr'><strong>materia.</strong></span> <span class='ocrx_word' id='word_1_917' title='bbox 2756 4423 3098 4473; x_wconf 71' lang='lat' dir='ltr'><strong>Manifestum</strong></span> <span class='ocrx_word' id='word_1_918' title='bbox 3134 4426 3298 4489; x_wconf 80' lang='lat' dir='ltr'><strong>igitur</strong></span> <span class='ocrx_word' id='word_1_919' title='bbox 3353 4431 3435 4474; x_wconf 86' lang='lat' dir='ltr'><strong>est</strong></span> <span class='ocrx_word' id='word_1_920' title='bbox 3484 4422 3616 4487; x_wconf 84' lang='lat' dir='ltr'><strong>quod</strong></span> <span class='ocrx_word' id='word_1_921' title='bbox 3660 4431 3757 4493; x_wconf 42' lang='lat' dir='ltr'><strong>non”</strong></span> <span class='ocrx_word' id='word_1_922' title='bbox 3786 4426 3837 4493; x_wconf 59' lang='grc' dir='ltr'><strong>ρςτ</strong></span> 
     </span>
    </p>
   </div>
   <div class='ocr_carea' id='block_1_117' title="bbox 530 4494 2159 4558">
    <p class='ocr_par' dir='ltr' id='par_1_117' title="bbox 530 4494 2159 4558">
     <span class='ocr_line' id='line_1_117' title="bbox 530 4494 2159 4558; baseline -0.001 -16"><span class='ocrx_word' id='word_1_923' title='bbox 530 4494 937 4557; x_wconf 79' lang='lat' dir='ltr'><strong>intelligendum</strong></span> <span class='ocrx_word' id='word_1_924' title='bbox 1001 4496 1167 4556; x_wconf 85' lang='lat' dir='ltr'><strong>ipsius</strong></span> <span class='ocrx_word' id='word_1_925' title='bbox 1219 4496 1609 4557; x_wconf 77' lang='lat' dir='ltr'><strong>singularitate,</strong></span> <span class='ocrx_word' id='word_1_926' title='bbox 1669 4497 1761 4543; x_wconf 89' lang='lat' dir='ltr'><strong>sed</strong></span> <span class='ocrx_word' id='word_1_927' title='bbox 1825 4510 1931 4543; x_wconf 90' lang='lat' dir='ltr'><strong>una</strong></span> <span class='ocrx_word' id='word_1_928' title='bbox 1983 4497 2159 4558; x_wconf 87' lang='lat' dir='ltr'><strong>potius</strong></span> 
     </span>
    </p>
   </div>
   <div class='ocr_carea' id='block_1_118' title="bbox 531 4567 2172 4627">
    <p class='ocr_par' dir='ltr' id='par_1_118' title="bbox 531 4567 2172 4627">
     <span class='ocr_line' id='line_1_118' title="bbox 531 4567 2172 4627; baseline 0.001 -12"><span class='ocrx_word' id='word_1_929' title='bbox 531 4569 863 4615; x_wconf 85' lang='lat' dir='ltr'><strong>diversarum</strong></span> <span class='ocrx_word' id='word_1_930' title='bbox 899 4579 1121 4614; x_wconf 92' lang='lat' dir='ltr'><strong>numero</strong></span> <span class='ocrx_word' id='word_1_931' title='bbox 1178 4568 1600 4615; x_wconf 85' lang='lat' dir='ltr'><strong>substantiarum</strong></span> <span class='ocrx_word' id='word_1_932' title='bbox 1660 4567 2057 4627; x_wconf 74' lang='lat' dir='ltr'><strong>conformitate,</strong></span> <span class='ocrx_word' id='word_1_933' title='bbox 2114 4573 2172 4616; x_wconf 87' lang='lat' dir='ltr'><strong>ut</strong></span> 
     </span>
    </p>
   </div>
   <div class='ocr_carea' id='block_1_119' title="bbox 531 4637 2173 4702">
    <p class='ocr_par' dir='ltr' id='par_1_119' title="bbox 531 4637 2173 4702">
     <span class='ocr_line' id='line_1_119' title="bbox 531 4637 2173 4702; baseline 0.001 -16"><span class='ocrx_word' id='word_1_934' title='bbox 531 4639 671 4698; x_wconf 85' lang='lat' dir='ltr'><strong>quod</strong></span> <span class='ocrx_word' id='word_1_935' title='bbox 711 4642 898 4684; x_wconf 82' lang='lat' dir='ltr'><strong>auctor</strong></span> <span class='ocrx_word' id='word_1_936' title='bbox 928 4637 1079 4693; x_wconf 84' lang='lat' dir='ltr'><strong>dicit.</strong></span> <span class='ocrx_word' id='word_1_937' title='bbox 1125 4640 1425 4687; x_wconf 88' lang='lat' dir='ltr'><strong>communis</strong></span> <span class='ocrx_word' id='word_1_938' title='bbox 1476 4644 1529 4687; x_wconf 87' lang='lat' dir='ltr'><strong>et</strong></span> <span class='ocrx_word' id='word_1_939' title='bbox 1583 4640 1786 4699; x_wconf 89' lang='lat' dir='ltr'><strong>eadem,</strong></span> <span class='ocrx_word' id='word_1_940' title='bbox 1846 4640 2173 4702; x_wconf 73' lang='lat' dir='ltr'><strong>intelligatur</strong></span> 
     </span>
    </p>
   </div>
   <div class='ocr_carea' id='block_1_120' title="bbox 533 4709 2175 4761">
    <p class='ocr_par' dir='ltr' id='par_1_120' title="bbox 533 4709 2175 4761">
     <span class='ocr_line' id='line_1_120' title="bbox 533 4709 2175 4761; baseline -0.001 -1"><span class='ocrx_word' id='word_1_941' title='bbox 533 4709 919 4760; x_wconf 84' lang='lat' dir='ltr'><strong>communitate</strong></span> <span class='ocrx_word' id='word_1_942' title='bbox 953 4711 1317 4758; x_wconf 84' lang='lat' dir='ltr'><strong>substantialis</strong></span> <span class='ocrx_word' id='word_1_943' title='bbox 1373 4711 1741 4760; x_wconf 83' lang='lat' dir='ltr'><strong>similitudinis</strong></span> <span class='ocrx_word' id='word_1_944' title='bbox 1786 4714 1989 4761; x_wconf 84' lang='lat' dir='ltr'><strong>eadem.</strong></span> <span class='ocrx_word' id='word_1_945' title='bbox 2038 4712 2175 4760; x_wconf 88' lang='lat' dir='ltr'><strong>Sunt</strong></span> 
     </span>
    </p>
   </div>
   <div class='ocr_carea' id='block_1_121' title="bbox 533 4779 2179 4846">
    <p class='ocr_par' dir='ltr' id='par_1_121' title="bbox 533 4779 2179 4846">
     <span class='ocr_line' id='line_1_121' title="bbox 533 4779 2179 4846; baseline 0.002 -16"><span class='ocrx_word' id='word_1_946' title='bbox 533 4795 659 4843; x_wconf 83' lang='lat' dir='ltr'><strong>ergo</strong></span> <span class='ocrx_word' id='word_1_947' title='bbox 688 4779 899 4827; x_wconf 83' lang='lat' dir='ltr'><strong>diversa</strong></span> <span class='ocrx_word' id='word_1_948' title='bbox 922 4794 1145 4843; x_wconf 89' lang='lat' dir='ltr'><strong>corpora</strong></span> <span class='ocrx_word' id='word_1_949' title='bbox 1168 4783 1375 4832; x_wconf 90' lang='lat' dir='ltr'><strong>illorum</strong></span> <span class='ocrx_word' id='word_1_950' title='bbox 1408 4798 1524 4845; x_wconf 73' lang='lat' dir='ltr'><strong>qua:</strong></span> <span class='ocrx_word' id='word_1_951' title='bbox 1552 4789 1673 4846; x_wconf 89' lang='lat' dir='ltr'><strong>post</strong></span> <span class='ocrx_word' id='word_1_952' title='bbox 1701 4790 1707 4824; x_wconf 75' lang='grc' dir='ltr'>ἱ</span> <span class='ocrx_word' id='word_1_953' title='bbox 1732 4788 1952 4846; x_wconf 85' lang='lat' dir='ltr'><strong>primam</strong></span> <span class='ocrx_word' id='word_1_954' title='bbox 2011 4785 2179 4833; x_wconf 85' lang='lat' dir='ltr'><strong>subsi-</strong></span> 
     </span>
    </p>
   </div>
   <div class='ocr_carea' id='block_1_122' title="bbox 535 4852 2178 4917">
    <p class='ocr_par' dir='ltr' id='par_1_122' title="bbox 535 4852 2178 4917">
     <span class='ocr_line' id='line_1_122' title="bbox 535 4852 2178 4917; baseline 0.001 -16"><span class='ocrx_word' id='word_1_955' title='bbox 535 4852 781 4901; x_wconf 85' lang='lat' dir='ltr'><strong>stentiam</strong></span> <span class='ocrx_word' id='word_1_956' title='bbox 841 4852 893 4898; x_wconf 89' lang='lat' dir='ltr'><strong>in</strong></span> <span class='ocrx_word' id='word_1_957' title='bbox 954 4866 1009 4899; x_wconf 86' lang='lat' dir='ltr'><strong>se</strong></span> <span class='ocrx_word' id='word_1_958' title='bbox 1067 4854 1337 4915; x_wconf 89' lang='lat' dir='ltr'><strong>recipiunt</strong></span> <span class='ocrx_word' id='word_1_959' title='bbox 1398 4870 1505 4903; x_wconf 88' lang='lat' dir='ltr'><strong>una</strong></span> <span class='ocrx_word' id='word_1_960' title='bbox 1552 4854 1976 4917; x_wconf 56' lang='lat' dir='ltr'><strong>conformitate!</strong></span> <span class='ocrx_word' id='word_1_961' title='bbox 2013 4861 2178 4904; x_wconf 84' lang='lat' dir='ltr'><strong>mate-</strong></span> 
     </span>
    </p>
   </div>
   <div class='ocr_carea' id='block_1_123' title="bbox 533 4921 2176 4986">
    <p class='ocr_par' dir='ltr' id='par_1_123' title="bbox 533 4921 2176 4986">
     <span class='ocr_line' id='line_1_123' title="bbox 533 4921 2176 4986; baseline 0.001 -15"><span class='ocrx_word' id='word_1_962' title='bbox 533 4924 688 4976; x_wconf 89' lang='lat' dir='ltr'><strong>riam,</strong></span> <span class='ocrx_word' id='word_1_963' title='bbox 722 4926 776 4970; x_wconf 89' lang='lat' dir='ltr'><strong>et</strong></span> <span class='ocrx_word' id='word_1_964' title='bbox 806 4921 1124 4973; x_wconf 65' lang='lat' dir='ltr'><strong>facitninum</strong></span> <span class='ocrx_word' id='word_1_965' title='bbox 1158 4921 1211 4971; x_wconf 88' lang='lat' dir='ltr'><strong>in</strong></span> <span class='ocrx_word' id='word_1_966' title='bbox 1244 4924 1366 4980; x_wconf 86' lang='lat' dir='ltr'><strong>alio,</strong></span> <span class='ocrx_word' id='word_1_967' title='bbox 1394 4929 1446 4973; x_wconf 87' lang='lat' dir='ltr'><strong>et</strong></span> <span class='ocrx_word' id='word_1_968' title='bbox 1503 4927 1704 4986; x_wconf 73' lang='lat' dir='ltr'><strong>patitur</strong></span> <span class='ocrx_word' id='word_1_969' title='bbox 1761 4927 1826 4973; x_wconf 88' lang='lat' dir='ltr'><strong>ab</strong></span> <span class='ocrx_word' id='word_1_970' title='bbox 1881 4924 2005 4975; x_wconf 89' lang='lat' dir='ltr'><strong>alio.</strong></span> <span class='ocrx_word' id='word_1_971' title='bbox 2054 4924 2176 4980; x_wconf 86' lang='lat' dir='ltr'><strong>Sed,</strong></span> 
     </span>
    </p>
   </div>
   <div class='ocr_carea' id='block_1_124' title="bbox 532 4992 2176 5056">
    <p class='ocr_par' dir='ltr' id='par_1_124' title="bbox 532 4992 2176 5056">
     <span class='ocr_line' id='line_1_124' title="bbox 532 4992 2176 5056; baseline 0.001 -12"><span class='ocrx_word' id='word_1_972' title='bbox 532 4995 673 5044; x_wconf 86' lang='lat' dir='ltr'><strong>sicut</strong></span> <span class='ocrx_word' id='word_1_973' title='bbox 697 4994 806 5056; x_wconf 87' lang='lat' dir='ltr'><strong>jam</strong></span> <span class='ocrx_word' id='word_1_974' title='bbox 839 5006 981 5055; x_wconf 63' lang='lat' dir='ltr'><strong>saepe</strong></span> <span class='ocrx_word' id='word_1_975' title='bbox 1013 4992 1215 5043; x_wconf 91' lang='lat' dir='ltr'><strong>dictum</strong></span> <span class='ocrx_word' id='word_1_976' title='bbox 1248 5000 1342 5053; x_wconf 88' lang='lat' dir='ltr'><strong>est,</strong></span> <span class='ocrx_word' id='word_1_977' title='bbox 1375 5011 1481 5045; x_wconf 91' lang='lat' dir='ltr'><strong>non</strong></span> <span class='ocrx_word' id='word_1_978' title='bbox 1519 5010 1677 5045; x_wconf 89' lang='lat' dir='ltr'><strong>omne</strong></span> <span class='ocrx_word' id='word_1_979' title='bbox 1711 4998 1777 5045; x_wconf 87' lang='lat' dir='ltr'><strong>ab</strong></span> <span class='ocrx_word' id='word_1_980' title='bbox 1812 4998 1975 5054; x_wconf 89' lang='lat' dir='ltr'><strong>omni,</strong></span> <span class='ocrx_word' id='word_1_981' title='bbox 2010 4997 2090 5044; x_wconf 83' lang='lat' dir='ltr'><strong>vel</strong></span> <span class='ocrx_word' id='word_1_982' title='bbox 2124 4998 2176 5045; x_wconf 92' lang='lat' dir='ltr'><strong>in</strong></span> 
     </span>
    </p>
   </div>
   <div class='ocr_carea' id='block_1_125' title="bbox 532 5063 2180 5130">
    <p class='ocr_par' dir='ltr' id='par_1_125' title="bbox 532 5063 2180 5130">
     <span class='ocr_line' id='line_1_125' title="bbox 532 5063 2180 5130; baseline -0.001 -14"><span class='ocrx_word' id='word_1_983' title='bbox 532 5063 700 5124; x_wconf 88' lang='lat' dir='ltr'><strong>omni,</strong></span> <span class='ocrx_word' id='word_1_984' title='bbox 733 5064 815 5112; x_wconf 88' lang='lat' dir='ltr'><strong>vel</strong></span> <span class='ocrx_word' id='word_1_985' title='bbox 846 5064 1021 5112; x_wconf 78' lang='lat' dir='ltr'><strong>facere</strong></span> <span class='ocrx_word' id='word_1_986' title='bbox 1081 5066 1299 5127; x_wconf 89' lang='lat' dir='ltr'><strong>aliquid.</strong></span> <span class='ocrx_word' id='word_1_987' title='bbox 1359 5068 1443 5115; x_wconf 86' lang='lat' dir='ltr'><strong>vei</strong></span> <span class='ocrx_word' id='word_1_988' title='bbox 1502 5068 1609 5129; x_wconf 90' lang='lat' dir='ltr'><strong>pati</strong></span> <span class='ocrx_word' id='word_1_989' title='bbox 1665 5072 1857 5129; x_wconf 85' lang='lat' dir='ltr'><strong>potest.</strong></span> <span class='ocrx_word' id='word_1_990' title='bbox 1890 5068 2180 5130; x_wconf 82' lang='lat' dir='ltr'><strong>Diligenter</strong></span> 
     </span>
    </p>
   </div>
   <div class='ocr_carea' id='block_1_126' title="bbox 531 5136 2176 5201">
    <p class='ocr_par' dir='ltr' id='par_1_126' title="bbox 531 5136 2176 5201">
     <span class='ocr_line' id='line_1_126' title="bbox 531 5136 2176 5201; baseline -0.001 -13"><span class='ocrx_word' id='word_1_991' title='bbox 531 5138 748 5188; x_wconf 75' lang='lat' dir='ltr'><strong>attende</strong></span> <span class='ocrx_word' id='word_1_992' title='bbox 770 5136 933 5199; x_wconf 88' lang='lat' dir='ltr'><strong>quod,</strong></span> <span class='ocrx_word' id='word_1_993' title='bbox 968 5150 1087 5185; x_wconf 89' lang='lat' dir='ltr'><strong>cum</strong></span> <span class='ocrx_word' id='word_1_994' title='bbox 1147 5136 1321 5187; x_wconf 86' lang='lat' dir='ltr'><strong>facere</strong></span> <span class='ocrx_word' id='word_1_995' title='bbox 1384 5140 1511 5187; x_wconf 88' lang='lat' dir='ltr'><strong>solis</strong></span> <span class='ocrx_word' id='word_1_996' title='bbox 1570 5139 1835 5195; x_wconf 88' lang='lat' dir='ltr'><strong>vitalibus,</strong></span> <span class='ocrx_word' id='word_1_997' title='bbox 1888 5141 1993 5201; x_wconf 85' lang='lat' dir='ltr'><strong>pati</strong></span> <span class='ocrx_word' id='word_1_998' title='bbox 2052 5154 2176 5187; x_wconf 89' lang='lat' dir='ltr'><strong>vero</strong></span> 
     </span>
    </p>
   </div>
   <div class='ocr_carea' id='block_1_127' title="bbox 529 5206 2173 5263">
    <p class='ocr_par' dir='ltr' id='par_1_127' title="bbox 529 5206 2173 5263">
     <span class='ocr_line' id='line_1_127' title="bbox 529 5206 2173 5263; baseline -0.001 -5"><span class='ocrx_word' id='word_1_999' title='bbox 529 5209 655 5258; x_wconf 86' lang='lat' dir='ltr'><strong>solis</strong></span> <span class='ocrx_word' id='word_1_1000' title='bbox 687 5206 1033 5257; x_wconf 82' lang='lat' dir='ltr'><strong>sensibilibus</strong></span> <span class='ocrx_word' id='word_1_1001' title='bbox 1063 5208 1335 5263; x_wconf 89' lang='lat' dir='ltr'><strong>convenit,</strong></span> <span class='ocrx_word' id='word_1_1002' title='bbox 1369 5214 1546 5258; x_wconf 80' lang='lat' dir='ltr'><strong>tamen</strong></span> <span class='ocrx_word' id='word_1_1003' title='bbox 1612 5211 1944 5259; x_wconf 72' lang='lat' dir='ltr'><strong>insensibilia</strong></span> <span class='ocrx_word' id='word_1_1004' title='bbox 2002 5216 2051 5259; x_wconf 91' lang='lat' dir='ltr'><strong>et</strong></span> <span class='ocrx_word' id='word_1_1005' title='bbox 2092 5211 2173 5258; x_wconf 90' lang='lat' dir='ltr'><strong>in-</strong></span> 
     </span>
    </p>
   </div>
   <div class='ocr_carea' id='block_1_128' title="bbox 524 5278 2173 5344">
    <p class='ocr_par' dir='ltr' id='par_1_128' title="bbox 524 5278 2173 5344">
     <span class='ocr_line' id='line_1_128' title="bbox 524 5278 2173 5344; baseline 0.004 -20"><span class='ocrx_word' id='word_1_1006' title='bbox 524 5279 766 5329; x_wconf 88' lang='lat' dir='ltr'><strong>vitabilia</strong></span> <span class='ocrx_word' id='word_1_1007' title='bbox 798 5280 927 5327; x_wconf 80' lang='lat' dir='ltr'><strong>dicit</strong></span> <span class='ocrx_word' id='word_1_1008' title='bbox 956 5278 1133 5327; x_wconf 78' lang='lat' dir='ltr'><strong>facere</strong></span> <span class='ocrx_word' id='word_1_1009' title='bbox 1167 5285 1218 5328; x_wconf 91' lang='lat' dir='ltr'><strong>et</strong></span> <span class='ocrx_word' id='word_1_1010' title='bbox 1250 5283 1374 5342; x_wconf 87' lang='lat' dir='ltr'><strong>pati.</strong></span> <span class='ocrx_word' id='word_1_1011' title='bbox 1411 5295 1519 5329; x_wconf 90' lang='lat' dir='ltr'><strong>non</strong></span> <span class='ocrx_word' id='word_1_1012' title='bbox 1548 5284 1734 5344; x_wconf 88' lang='lat' dir='ltr'><strong>utique</strong></span> <span class='ocrx_word' id='word_1_1013' title='bbox 1772 5287 1966 5342; x_wconf 66' lang='lat' dir='ltr'><strong>printer</strong></span> <span class='ocrx_word' id='word_1_1014' title='bbox 2019 5297 2173 5331; x_wconf 85' lang='lat' dir='ltr'><strong>usum</strong></span> 
     </span>
    </p>
   </div>
   <div class='ocr_carea' id='block_1_129' title="bbox 526 5350 2172 5414">
    <p class='ocr_par' dir='ltr' id='par_1_129' title="bbox 526 5350 2172 5414">
     <span class='ocr_line' id='line_1_129' title="bbox 526 5350 2172 5414; baseline 0.002 -16"><span class='ocrx_word' id='word_1_1015' title='bbox 526 5350 941 5411; x_wconf 87' lang='lat' dir='ltr'><strong>Scripturarum,</strong></span> <span class='ocrx_word' id='word_1_1016' title='bbox 980 5350 1030 5397; x_wconf 90' lang='lat' dir='ltr'><strong>in</strong></span> <span class='ocrx_word' id='word_1_1017' title='bbox 1062 5351 1258 5412; x_wconf 88' lang='lat' dir='ltr'><strong>quibus</strong></span> <span class='ocrx_word' id='word_1_1018' title='bbox 1288 5365 1428 5413; x_wconf 77' lang='lat' dir='ltr'><strong>saepe</strong></span> <span class='ocrx_word' id='word_1_1019' title='bbox 1466 5352 1674 5414; x_wconf 83' lang='lat' dir='ltr'><strong>legitur,</strong></span> <span class='ocrx_word' id='word_1_1020' title='bbox 1708 5355 1962 5414; x_wconf 82' lang='lat' dir='ltr'><strong>quoniam</strong></span> <span class='ocrx_word' id='word_1_1021' title='bbox 1999 5367 2172 5402; x_wconf 65' lang='lat' dir='ltr'><strong>cauere</strong></span> 
     </span>
    </p>
   </div>
   <div class='ocr_carea' id='block_1_130' title="bbox 526 5419 2175 5485">
    <p class='ocr_par' dir='ltr' id='par_1_130' title="bbox 526 5419 2175 5485">
     <span class='ocr_line' id='line_1_130' title="bbox 526 5419 2175 5485; baseline 0.002 -17"><span class='ocrx_word' id='word_1_1022' title='bbox 526 5419 749 5481; x_wconf 81' lang='lat' dir='ltr'><strong>faciunt,</strong></span> <span class='ocrx_word' id='word_1_1023' title='bbox 774 5427 825 5469; x_wconf 89' lang='lat' dir='ltr'><strong>et</strong></span> <span class='ocrx_word' id='word_1_1024' title='bbox 853 5436 973 5484; x_wconf 69' lang='lat' dir='ltr'><strong>quas</strong></span> <span class='ocrx_word' id='word_1_1025' title='bbox 1001 5420 1207 5470; x_wconf 90' lang='lat' dir='ltr'><strong>illarum</strong></span> <span class='ocrx_word' id='word_1_1026' title='bbox 1242 5429 1392 5472; x_wconf 85' lang='lat' dir='ltr'><strong>actus</strong></span> <span class='ocrx_word' id='word_1_1027' title='bbox 1420 5425 1719 5485; x_wconf 83' lang='lat' dir='ltr'><strong>suscipiunt</strong></span> <span class='ocrx_word' id='word_1_1028' title='bbox 1752 5425 2047 5485; x_wconf 81' lang='lat' dir='ltr'><strong>patiuntur,</strong></span> <span class='ocrx_word' id='word_1_1029' title='bbox 2070 5438 2175 5473; x_wconf 87' lang='lat' dir='ltr'><strong>ma-</strong></span> 
     </span>
    </p>
   </div>
   <div class='ocr_carea' id='block_1_131' title="bbox 526 5492 2175 5559">
    <p class='ocr_par' dir='ltr' id='par_1_131' title="bbox 526 5492 2175 5559">
     <span class='ocr_line' id='line_1_131' title="bbox 526 5492 2175 5559; baseline 0.004 -18"><span class='ocrx_word' id='word_1_1030' title='bbox 526 5492 667 5541; x_wconf 81' lang='lat' dir='ltr'><strong>xime</strong></span> <span class='ocrx_word' id='word_1_1031' title='bbox 698 5495 739 5541; x_wconf 91' lang='lat' dir='ltr'><strong>si</strong></span> <span class='ocrx_word' id='word_1_1032' title='bbox 772 5493 888 5554; x_wconf 90' lang='lat' dir='ltr'><strong>ejus</strong></span> <span class='ocrx_word' id='word_1_1033' title='bbox 920 5495 1064 5558; x_wconf 89' lang='lat' dir='ltr'><strong>quod</strong></span> <span class='ocrx_word' id='word_1_1034' title='bbox 1097 5499 1273 5545; x_wconf 88' lang='lat' dir='ltr'><strong>actum</strong></span> <span class='ocrx_word' id='word_1_1035' title='bbox 1306 5493 1582 5559; x_wconf 87' lang='lat' dir='ltr'><strong>suscipere</strong></span> <span class='ocrx_word' id='word_1_1036' title='bbox 1636 5496 1832 5545; x_wconf 90' lang='lat' dir='ltr'><strong>dicitur</strong></span> <span class='ocrx_word' id='word_1_1037' title='bbox 1876 5496 2054 5559; x_wconf 87' lang='lat' dir='ltr'><strong>aliqua</strong></span> <span class='ocrx_word' id='word_1_1038' title='bbox 2084 5497 2175 5547; x_wconf 83' lang='lat' dir='ltr'><strong>ﬁat</strong></span> 
     </span>
    </p>
   </div>
   <div class='ocr_carea' id='block_1_132' title="bbox 526 5561 771 5611">
    <p class='ocr_par' dir='ltr' id='par_1_132' title="bbox 526 5561 771 5611">
     <span class='ocr_line' id='line_1_132' title="bbox 526 5561 771 5611; baseline -0.012 0"><span class='ocrx_word' id='word_1_1039' title='bbox 526 5561 771 5611; x_wconf 84' lang='lat' dir='ltr'><strong>mutatio.</strong></span> 
     </span>
    </p>
   </div>
   <div class='ocr_carea' id='block_1_133' title="bbox 592 5633 2171 5703">
    <p class='ocr_par' dir='ltr' id='par_1_133' title="bbox 592 5633 2171 5703">
     <span class='ocr_line' id='line_1_133' title="bbox 592 5633 2171 5703; baseline 0.003 -22"><span class='ocrx_word' id='word_1_1040' title='bbox 592 5633 848 5696; x_wconf 83' lang='lat' dir='ltr'><strong>Corporea</strong></span> <span class='ocrx_word' id='word_1_1041' title='bbox 872 5648 1005 5689; x_wconf 82' lang='lat' dir='ltr'><strong>vero,</strong></span> <span class='ocrx_word' id='word_1_1042' title='bbox 1038 5635 1162 5703; x_wconf 90' lang='lat' dir='ltr'><strong>etc.]</strong></span> <span class='ocrx_word' id='word_1_1043' title='bbox 1192 5636 1340 5695; x_wconf 91' lang='lat' dir='ltr'><strong>Quod</strong></span> <span class='ocrx_word' id='word_1_1044' title='bbox 1377 5650 1603 5698; x_wconf 89' lang='lat' dir='ltr'><strong>corpora</strong></span> <span class='ocrx_word' id='word_1_1045' title='bbox 1650 5637 1894 5699; x_wconf 64' lang='lat' dir='ltr'><strong>quaedam</strong></span> <span class='ocrx_word' id='word_1_1046' title='bbox 1944 5636 2043 5684; x_wconf 86' lang='lat' dir='ltr'><strong>sibi</strong></span> <span class='ocrx_word' id='word_1_1047' title='bbox 2089 5638 2171 5685; x_wconf 87' lang='lat' dir='ltr'><strong>in-</strong></span> 
     </span>
    </p>
   </div>
   <div class='ocr_carea' id='block_1_134' title="bbox 523 5705 2169 5764">
    <p class='ocr_par' dir='ltr' id='par_1_134' title="bbox 523 5705 2169 5764">
     <span class='ocr_line' id='line_1_134' title="bbox 523 5705 2169 5764; baseline 0.005 -15"><span class='ocrx_word' id='word_1_1048' title='bbox 523 5705 692 5752; x_wconf 65' lang='lat' dir='ltr'><strong>vicem</strong></span> <span class='ocrx_word' id='word_1_1049' title='bbox 728 5705 1032 5764; x_wconf 86' lang='lat' dir='ltr'><strong>miscentur,</strong></span> <span class='ocrx_word' id='word_1_1050' title='bbox 1071 5714 1163 5755; x_wconf 90' lang='lat' dir='ltr'><strong>aut</strong></span> <span class='ocrx_word' id='word_1_1051' title='bbox 1219 5709 1383 5758; x_wconf 89' lang='lat' dir='ltr'><strong>altero</strong></span> <span class='ocrx_word' id='word_1_1052' title='bbox 1439 5714 1685 5758; x_wconf 86' lang='lat' dir='ltr'><strong>manente</strong></span> <span class='ocrx_word' id='word_1_1053' title='bbox 1744 5710 1967 5757; x_wconf 84' lang='lat' dir='ltr'><strong>alterum</strong></span> <span class='ocrx_word' id='word_1_1054' title='bbox 2024 5709 2073 5755; x_wconf 92' lang='lat' dir='ltr'><strong>in</strong></span> <span class='ocrx_word' id='word_1_1055' title='bbox 2107 5722 2169 5757; x_wconf 90' lang='lat' dir='ltr'><strong>eo</strong></span> 
     </span>
    </p>
   </div>
   <div class='ocr_carea' id='block_1_135' title="bbox 524 5776 2167 5842">
    <p class='ocr_par' dir='ltr' id='par_1_135' title="bbox 524 5776 2167 5842">
     <span class='ocr_line' id='line_1_135' title="bbox 524 5776 2167 5842; baseline 0.004 -22"><span class='ocrx_word' id='word_1_1056' title='bbox 524 5776 904 5835; x_wconf 87' lang='lat' dir='ltr'><strong>corrumpitur,</strong></span> <span class='ocrx_word' id='word_1_1057' title='bbox 964 5780 1015 5824; x_wconf 90' lang='lat' dir='ltr'><strong>et</strong></span> <span class='ocrx_word' id='word_1_1058' title='bbox 1072 5782 1331 5842; x_wconf 80' lang='lat' dir='ltr'><strong>exemplis</strong></span> <span class='ocrx_word' id='word_1_1059' title='bbox 1405 5785 1458 5829; x_wconf 90' lang='lat' dir='ltr'><strong>et</strong></span> <span class='ocrx_word' id='word_1_1060' title='bbox 1542 5781 1747 5829; x_wconf 88' lang='lat' dir='ltr'><strong>ratione</strong></span> <span class='ocrx_word' id='word_1_1061' title='bbox 1831 5781 2167 5829; x_wconf 87' lang='lat' dir='ltr'><strong>monstravit.</strong></span> 
     </span>
    </p>
   </div>
   <div class='ocr_carea' id='block_1_136' title="bbox 2293 4486 3837 4556">
    <p class='ocr_par' dir='ltr' id='par_1_136' title="bbox 2293 4486 3837 4556">
     <span class='ocr_line' id='line_1_136' title="bbox 2293 4486 3837 4556; baseline -0.008 -16"><span class='ocrx_word' id='word_1_1062' title='bbox 2293 4498 2477 4540; x_wconf 88' lang='lat' dir='ltr'><strong>terunt</strong></span> <span class='ocrx_word' id='word_1_1063' title='bbox 2508 4494 2559 4540; x_wconf 90' lang='lat' dir='ltr'><strong>in</strong></span> <span class='ocrx_word' id='word_1_1064' title='bbox 2590 4508 2644 4541; x_wconf 77' lang='lat' dir='ltr'><strong>se</strong></span> <span class='ocrx_word' id='word_1_1065' title='bbox 2681 4493 2911 4543; x_wconf 85' lang='lat' dir='ltr'><strong>invicem</strong></span> <span class='ocrx_word' id='word_1_1066' title='bbox 2961 4486 3271 4556; x_wconf 74' lang='lat' dir='ltr'><strong>permutari.</strong></span> <span class='ocrx_word' id='word_1_1067' title='bbox 3332 4486 3539 4549; x_wconf 81' lang='lat' dir='ltr'><strong>Recole,</strong></span> <span class='ocrx_word' id='word_1_1068' title='bbox 3594 4494 3631 4540; x_wconf 90' lang='lat' dir='ltr'><strong>si</strong></span> <span class='ocrx_word' id='word_1_1069' title='bbox 3678 4486 3837 4535; x_wconf 68' lang='lat' dir='ltr'><strong>didicisti</strong></span> 
     </span>
    </p>
   </div>
   <div class='ocr_carea' id='block_1_137' title="bbox 2299 4561 3836 4625">
    <p class='ocr_par' dir='ltr' id='par_1_137' title="bbox 2299 4561 3836 4625">
     <span class='ocr_line' id='line_1_137' title="bbox 2299 4561 3836 4625; baseline 0.001 -13"><span class='ocrx_word' id='word_1_1070' title='bbox 2299 4566 2779 4625; x_wconf 80' lang='lat' dir='ltr'><strong>argumentationis</strong></span> <span class='ocrx_word' id='word_1_1071' title='bbox 2810 4568 3129 4615; x_wconf 67' lang='lat' dir='ltr'><strong>necessarias</strong></span> <span class='ocrx_word' id='word_1_1072' title='bbox 3158 4573 3342 4624; x_wconf 90' lang='lat' dir='ltr'><strong>artem,</strong></span> <span class='ocrx_word' id='word_1_1073' title='bbox 3398 4572 3447 4614; x_wconf 85' lang='lat' dir='ltr'><strong>et</strong></span> <span class='ocrx_word' id='word_1_1074' title='bbox 3488 4567 3599 4612; x_wconf 86' lang='lat' dir='ltr'><strong>vide</strong></span> <span class='ocrx_word' id='word_1_1075' title='bbox 3638 4561 3755 4623; x_wconf 64' lang='lat' dir='ltr'><strong>cuius</strong></span> <span class='ocrx_word' id='word_1_1076' title='bbox 3786 4565 3836 4613; x_wconf 57' lang='grc' dir='ltr'><strong>ἔθ’</strong></span> 
     </span>
    </p>
   </div>
   <div class='ocr_carea' id='block_1_138' title="bbox 2282 4628 3835 4701">
    <p class='ocr_par' dir='ltr' id='par_1_138' title="bbox 2282 4628 3835 4701">
     <span class='ocr_line' id='line_1_138' title="bbox 2282 4628 3835 4701; baseline -0.006 -18"><span class='ocrx_word' id='word_1_1077' title='bbox 2282 4636 2427 4683; x_wconf 91' lang='lat' dir='ltr'><strong>neris</strong></span> <span class='ocrx_word' id='word_1_1078' title='bbox 2490 4642 2645 4697; x_wconf 82' lang='lat' dir='ltr'><strong>atque</strong></span> <span class='ocrx_word' id='word_1_1079' title='bbox 2707 4637 2890 4701; x_wconf 63' lang='lat' dir='ltr'><strong>ﬁgurae</strong></span> <span class='ocrx_word' id='word_1_1080' title='bbox 2950 4638 3261 4701; x_wconf 69' lang='lat' dir='ltr'><strong>syllogismo</strong></span> <span class='ocrx_word' id='word_1_1081' title='bbox 3327 4638 3646 4701; x_wconf 82' lang='lat' dir='ltr'><strong>propositum</strong></span> <span class='ocrx_word' id='word_1_1082' title='bbox 3693 4628 3835 4692; x_wconf 26' lang='lat' dir='ltr'><strong>pretist.</strong></span> 
     </span>
    </p>
   </div>
   <div class='ocr_carea' id='block_1_139' title="bbox 2285 4702 3833 4772">
    <p class='ocr_par' dir='ltr' id='par_1_139' title="bbox 2285 4702 3833 4772">
     <span class='ocr_line' id='line_1_139' title="bbox 2285 4702 3833 4772; baseline -0.002 -17"><span class='ocrx_word' id='word_1_1083' title='bbox 2285 4709 2431 4755; x_wconf 81' lang='lat' dir='ltr'><strong>Nunc</strong></span> <span class='ocrx_word' id='word_1_1084' title='bbox 2464 4707 2606 4755; x_wconf 81' lang='lat' dir='ltr'><strong>enim</strong></span> <span class='ocrx_word' id='word_1_1085' title='bbox 2642 4710 3061 4772; x_wconf 72' lang='lat' dir='ltr'><strong>propositionem</strong></span> <span class='ocrx_word' id='word_1_1086' title='bbox 3100 4712 3385 4757; x_wconf 81' lang='lat' dir='ltr'><strong>maximam</strong></span> <span class='ocrx_word' id='word_1_1087' title='bbox 3452 4720 3565 4770; x_wconf 65' lang='lat' dir='ltr'><strong>quae</strong></span> <span class='ocrx_word' id='word_1_1088' title='bbox 3618 4710 3714 4751; x_wconf 64' lang='lat' dir='ltr'><strong>esti</strong></span> <span class='ocrx_word' id='word_1_1089' title='bbox 3745 4702 3833 4753; x_wconf 48' lang='grc' dir='ltr'><strong>ΟΝ</strong></span> 
     </span>
    </p>
   </div>
   <div class='ocr_carea' id='block_1_140' title="bbox 2284 4773 3831 4839">
    <p class='ocr_par' dir='ltr' id='par_1_140' title="bbox 2284 4773 3831 4839">
     <span class='ocr_line' id='line_1_140' title="bbox 2284 4773 3831 4839; baseline -0.005 -12"><span class='ocrx_word' id='word_1_1090' title='bbox 2284 4794 2401 4827; x_wconf 86' lang='lat' dir='ltr'><strong>rum</strong></span> <span class='ocrx_word' id='word_1_1091' title='bbox 2437 4782 2584 4827; x_wconf 85' lang='lat' dir='ltr'><strong>nulla</strong></span> <span class='ocrx_word' id='word_1_1092' title='bbox 2638 4788 2719 4829; x_wconf 87' lang='lat' dir='ltr'><strong>cst</strong></span> <span class='ocrx_word' id='word_1_1093' title='bbox 2775 4784 3073 4829; x_wconf 75' lang='lat' dir='ltr'><strong>Communis</strong></span> <span class='ocrx_word' id='word_1_1094' title='bbox 3143 4782 3379 4839; x_wconf 74' lang='lat' dir='ltr'><strong>materia,</strong></span> <span class='ocrx_word' id='word_1_1095' title='bbox 3413 4794 3519 4829; x_wconf 90' lang='lat' dir='ltr'><strong>non</strong></span> <span class='ocrx_word' id='word_1_1096' title='bbox 3581 4773 3831 4839; x_wconf 63' lang='lat' dir='ltr'><strong>poteruntie</strong></span> 
     </span>
    </p>
   </div>
   <div class='ocr_carea' id='block_1_141' title="bbox 2286 4842 3833 4916">
    <p class='ocr_par' dir='ltr' id='par_1_141' title="bbox 2286 4842 3833 4916">
     <span class='ocr_line' id='line_1_141' title="bbox 2286 4842 3833 4916; baseline -0.006 -19"><span class='ocrx_word' id='word_1_1097' title='bbox 2286 4850 2515 4897; x_wconf 75' lang='lat' dir='ltr'><strong>invicem</strong></span> <span class='ocrx_word' id='word_1_1098' title='bbox 2554 4853 3374 4916; x_wconf 59' lang='lat' dir='ltr'><strong>prrniutari,‘certum;reddidit,</strong></span> <span class='ocrx_word' id='word_1_1099' title='bbox 3397 4852 3538 4913; x_wconf 90' lang='lat' dir='ltr'><strong>quod</strong></span> <span class='ocrx_word' id='word_1_1100' title='bbox 3568 4848 3692 4896; x_wconf 90' lang='lat' dir='ltr'><strong>nulla</strong></span> <span class='ocrx_word' id='word_1_1101' title='bbox 3715 4842 3833 4916; x_wconf 56' lang='lat' dir='ltr'><strong>incol“</strong></span> 
     </span>
    </p>
   </div>
   <div class='ocr_carea' id='block_1_142' title="bbox 2286 4913 3829 4987">
    <p class='ocr_par' dir='ltr' id='par_1_142' title="bbox 2286 4913 3829 4987">
     <span class='ocr_line' id='line_1_142' title="bbox 2286 4913 3829 4987; baseline -0.006 -20"><span class='ocrx_word' id='word_1_1102' title='bbox 2286 4934 2451 4982; x_wconf 90' lang='lat' dir='ltr'><strong>porea</strong></span> <span class='ocrx_word' id='word_1_1103' title='bbox 2483 4923 2533 4969; x_wconf 86' lang='lat' dir='ltr'><strong>in</strong></span> <span class='ocrx_word' id='word_1_1104' title='bbox 2569 4937 2685 4970; x_wconf 81' lang='lat' dir='ltr'><strong>sese.</strong></span> <span class='ocrx_word' id='word_1_1105' title='bbox 2714 4913 3132 4985; x_wconf 45' lang='lat' dir='ltr'><strong>permutantur}</strong></span> <span class='ocrx_word' id='word_1_1106' title='bbox 3178 4940 3286 4987; x_wconf 88' lang='lat' dir='ltr'><strong>quo</strong></span> <span class='ocrx_word' id='word_1_1107' title='bbox 3344 4919 3620 4971; x_wconf 79' lang='lat' dir='ltr'><strong>certissime</strong></span> <span class='ocrx_word' id='word_1_1108' title='bbox 3674 4913 3829 4987; x_wconf 65' lang='lat' dir='ltr'><strong>sumpto.</strong></span> 
     </span>
    </p>
   </div>
   <div class='ocr_carea' id='block_1_143' title="bbox 2288 4979 3829 5057">
    <p class='ocr_par' dir='ltr' id='par_1_143' title="bbox 2288 4979 3829 5057">
     <span class='ocr_line' id='line_1_143' title="bbox 2288 4979 3829 5057; baseline -0.002 -18"><span class='ocrx_word' id='word_1_1109' title='bbox 2288 4979 2510 5040; x_wconf 76' lang='lat' dir='ltr'><strong>assumit</strong></span> <span class='ocrx_word' id='word_1_1110' title='bbox 2540 5008 2551 5041; x_wconf 93' lang='lat'>:</span> <span class='ocrx_word' id='word_1_1111' title='bbox 2586 4993 2687 5041; x_wconf 54' lang='lat' dir='ltr'><strong>Sed</strong></span> <span class='ocrx_word' id='word_1_1112' title='bbox 2716 4979 2900 5042; x_wconf 78' lang='lat' dir='ltr'><strong>anima</strong></span> <span class='ocrx_word' id='word_1_1113' title='bbox 2930 5000 2981 5043; x_wconf 90' lang='lat' dir='ltr'><strong>et</strong></span> <span class='ocrx_word' id='word_1_1114' title='bbox 3010 4979 3149 5043; x_wconf 82' lang='lat' dir='ltr'><strong>Deus</strong></span> <span class='ocrx_word' id='word_1_1115' title='bbox 3195 4979 3335 5043; x_wconf 51' lang='lat' dir='ltr'><strong>sunt</strong></span> <span class='ocrx_word' id='word_1_1116' title='bbox 3393 4995 3694 5053; x_wconf 67' lang='lat' dir='ltr'><strong>incorporeas</strong></span> <span class='ocrx_word' id='word_1_1117' title='bbox 3730 4979 3829 5057; x_wconf 59' lang='grc' dir='ltr'><strong>ειξδέ·</strong></span> 
     </span>
    </p>
   </div>
   <div class='ocr_carea' id='block_1_144' title="bbox 2286 5060 3829 5133">
    <p class='ocr_par' dir='ltr' id='par_1_144' title="bbox 2286 5060 3829 5133">
     <span class='ocr_line' id='line_1_144' title="bbox 2286 5060 3829 5133; baseline -0.008 -23"><span class='ocrx_word' id='word_1_1118' title='bbox 2286 5065 2487 5121; x_wconf 75' lang='lat' dir='ltr'><strong>tantise,</strong></span> <span class='ocrx_word' id='word_1_1119' title='bbox 2522 5070 2573 5113; x_wconf 87' lang='lat' dir='ltr'><strong>et</strong></span> <span class='ocrx_word' id='word_1_1120' title='bbox 2604 5065 2703 5111; x_wconf 84' lang='lat' dir='ltr'><strong>hoc</strong></span> <span class='ocrx_word' id='word_1_1121' title='bbox 2736 5080 2851 5114; x_wconf 88' lang='lat' dir='ltr'><strong>esse</strong></span> <span class='ocrx_word' id='word_1_1122' title='bbox 2916 5072 3057 5114; x_wconf 91' lang='lat' dir='ltr'><strong>recte</strong></span> <span class='ocrx_word' id='word_1_1123' title='bbox 3115 5066 3406 5114; x_wconf 81' lang='lat' dir='ltr'><strong>creduntur</strong></span> <span class='ocrx_word' id='word_1_1124' title='bbox 3434 5080 3446 5123; x_wconf 91' lang='lat'><strong>;</strong></span> <span class='ocrx_word' id='word_1_1125' title='bbox 3478 5061 3611 5125; x_wconf 90' lang='lat' dir='ltr'><strong>quod</strong></span> <span class='ocrx_word' id='word_1_1126' title='bbox 3652 5060 3829 5133; x_wconf 61' lang='lat' dir='ltr'><strong>quoniam</strong></span> 
     </span>
    </p>
   </div>
   <div class='ocr_carea' id='block_1_145' title="bbox 2287 5134 3829 5206">
    <p class='ocr_par' dir='ltr' id='par_1_145' title="bbox 2287 5134 3829 5206">
     <span class='ocr_line' id='line_1_145' title="bbox 2287 5134 3829 5206; baseline -0.015 -11"><span class='ocrx_word' id='word_1_1127' title='bbox 2287 5136 2602 5195; x_wconf 63' lang='lat' dir='ltr'><strong>PTOthiODe</strong></span> <span class='ocrx_word' id='word_1_1128' title='bbox 2640 5151 2746 5184; x_wconf 70' lang='lat' dir='ltr'><strong>non</strong></span> <span class='ocrx_word' id='word_1_1129' title='bbox 2780 5136 3004 5199; x_wconf 79' lang='lat' dir='ltr'><strong>indiget,</strong></span> <span class='ocrx_word' id='word_1_1130' title='bbox 3036 5151 3344 5199; x_wconf 88' lang='lat' dir='ltr'><strong>quanquam</strong></span> <span class='ocrx_word' id='word_1_1131' title='bbox 3366 5134 3829 5206; x_wconf 43' lang='lat' dir='ltr'><strong>&quot;Ayﬂgwmpogsfzf</strong></span> 
     </span>
    </p>
   </div>
   <div class='ocr_carea' id='block_1_146' title="bbox 2285 5193 3824 5269">
    <p class='ocr_par' dir='ltr' id='par_1_146' title="bbox 2285 5193 3824 5269">
     <span class='ocr_line' id='line_1_146' title="bbox 2285 5193 3824 5269; baseline -0.006 -16"><span class='ocrx_word' id='word_1_1132' title='bbox 2285 5193 2609 5267; x_wconf 73' lang='lat' dir='ltr'><strong>corporalem</strong></span> <span class='ocrx_word' id='word_1_1133' title='bbox 2644 5193 2924 5269; x_wconf 75' lang='lat' dir='ltr'><strong>imaginati</strong></span> <span class='ocrx_word' id='word_1_1134' title='bbox 2949 5193 3072 5257; x_wconf 77' lang='lat' dir='ltr'><strong>sunt</strong></span> <span class='ocrx_word' id='word_1_1135' title='bbox 3105 5193 3290 5260; x_wconf 77' lang='lat' dir='ltr'><strong>Deum,</strong></span> <span class='ocrx_word' id='word_1_1136' title='bbox 3319 5207 3478 5255; x_wconf 81' lang='lat' dir='ltr'><strong>infert</strong></span> <span class='ocrx_word' id='word_1_1137' title='bbox 3504 5193 3680 5250; x_wconf 52' lang='lat' dir='ltr'><strong>&#39;dicens</strong></span> <span class='ocrx_word' id='word_1_1138' title='bbox 3704 5193 3714 5243; x_wconf 75' lang='grc' dir='ltr'><em>ἐ</em></span> <span class='ocrx_word' id='word_1_1139' title='bbox 3741 5193 3824 5239; x_wconf 65' lang='grc' dir='ltr'><strong>’Νυῡ</strong></span> 
     </span>
    </p>
   </div>
   <div class='ocr_carea' id='block_1_147' title="bbox 2285 5272 3826 5341">
    <p class='ocr_par' dir='ltr' id='par_1_147' title="bbox 2285 5272 3826 5341">
     <span class='ocr_line' id='line_1_147' title="bbox 2285 5272 3826 5341; baseline -0.008 -18"><span class='ocrx_word' id='word_1_1140' title='bbox 2285 5282 2365 5324; x_wconf 85' lang='lat' dir='ltr'><strong>est</strong></span> <span class='ocrx_word' id='word_1_1141' title='bbox 2394 5275 2557 5339; x_wconf 65' lang='lat' dir='ltr'><strong>igitur</strong></span> <span class='ocrx_word' id='word_1_1142' title='bbox 2591 5279 2825 5328; x_wconf 88' lang='lat' dir='ltr'><strong>humana</strong></span> <span class='ocrx_word' id='word_1_1143' title='bbox 2857 5280 3037 5328; x_wconf 90' lang='lat' dir='ltr'><strong>anima</strong></span> <span class='ocrx_word' id='word_1_1144' title='bbox 3069 5284 3368 5341; x_wconf 82' lang='lat' dir='ltr'><strong>permutata</strong></span> <span class='ocrx_word' id='word_1_1145' title='bbox 3414 5278 3465 5325; x_wconf 90' lang='lat' dir='ltr'><strong>in</strong></span> <span class='ocrx_word' id='word_1_1146' title='bbox 3505 5272 3826 5324; x_wconf 62' lang='lat' dir='ltr'><strong>divinitatem!</strong></span> 
     </span>
    </p>
   </div>
   <div class='ocr_carea' id='block_1_148' title="bbox 2284 5352 3699 5419">
    <p class='ocr_par' dir='ltr' id='par_1_148' title="bbox 2284 5352 3699 5419">
     <span class='ocr_line' id='line_1_148' title="bbox 2284 5352 3699 5419; baseline -0.002 -22"><span class='ocrx_word' id='word_1_1147' title='bbox 2284 5367 2406 5414; x_wconf 86' lang='lat' dir='ltr'><strong>qua,</strong></span> <span class='ocrx_word' id='word_1_1148' title='bbox 2436 5354 2574 5400; x_wconf 78' lang='lat' dir='ltr'><strong>sicut</strong></span> <span class='ocrx_word' id='word_1_1149' title='bbox 2605 5352 2971 5413; x_wconf 83' lang='lat' dir='ltr'><strong>supradictum</strong></span> <span class='ocrx_word' id='word_1_1150' title='bbox 3004 5358 3099 5405; x_wconf 84' lang='lat' dir='ltr'><strong>est.</strong></span> <span class='ocrx_word' id='word_1_1151' title='bbox 3134 5358 3214 5399; x_wconf 76' lang='lat' dir='ltr'><strong>est</strong></span> <span class='ocrx_word' id='word_1_1152' title='bbox 3244 5354 3527 5412; x_wconf 86' lang='lat' dir='ltr'><strong>assumpta.</strong></span> <span class='ocrx_word' id='word_1_1153' title='bbox 3601 5418 3608 5419; x_wconf 13' lang='grc' dir='ltr'>ί</span> <span class='ocrx_word' id='word_1_1154' title='bbox 3692 5412 3699 5419; x_wconf 31' lang='grc' dir='ltr'><strong>θ</strong></span> 
     </span>
    </p>
   </div>
   <div class='ocr_carea' id='block_1_149' title="bbox 2346 5417 3821 5489">
    <p class='ocr_par' dir='ltr' id='par_1_149' title="bbox 2346 5417 3821 5489">
     <span class='ocr_line' id='line_1_149' title="bbox 2346 5417 3821 5489; baseline -0.009 -19"><span class='ocrx_word' id='word_1_1155' title='bbox 2346 5424 2491 5483; x_wconf 81' lang='lat' dir='ltr'><strong>Quod</strong></span> <span class='ocrx_word' id='word_1_1156' title='bbox 2521 5425 2580 5481; x_wconf 79' lang='lat' dir='ltr'><strong>si,</strong></span> <span class='ocrx_word' id='word_1_1157' title='bbox 2614 5423 2739 5489; x_wconf 86' lang='lat' dir='ltr'><strong>etc.]</strong></span> <span class='ocrx_word' id='word_1_1158' title='bbox 2786 5425 2875 5471; x_wconf 89' lang='lat' dir='ltr'><strong>Hic</strong></span> <span class='ocrx_word' id='word_1_1159' title='bbox 2934 5425 3151 5473; x_wconf 90' lang='lat' dir='ltr'><strong>tandem</strong></span> <span class='ocrx_word' id='word_1_1160' title='bbox 3216 5428 3379 5471; x_wconf 88' lang='lat' dir='ltr'><strong>totam</strong></span> <span class='ocrx_word' id='word_1_1161' title='bbox 3437 5417 3821 5489; x_wconf 49' lang='lat' dir='ltr'><strong>ratiocinationem</strong></span> 
     </span>
    </p>
   </div>
   <div class='ocr_carea' id='block_1_150' title="bbox 2282 5487 3823 5561">
    <p class='ocr_par' dir='ltr' id='par_1_150' title="bbox 2282 5487 3823 5561">
     <span class='ocr_line' id='line_1_150' title="bbox 2282 5487 3823 5561; baseline 0.001 -18"><span class='ocrx_word' id='word_1_1162' title='bbox 2282 5496 2335 5543; x_wconf 91' lang='lat' dir='ltr'><strong>in</strong></span> <span class='ocrx_word' id='word_1_1163' title='bbox 2372 5496 2419 5543; x_wconf 90' lang='lat' dir='ltr'><strong>id</strong></span> <span class='ocrx_word' id='word_1_1164' title='bbox 2454 5496 2597 5558; x_wconf 86' lang='lat' dir='ltr'><strong>quod</strong></span> <span class='ocrx_word' id='word_1_1165' title='bbox 2630 5487 3000 5558; x_wconf 79' lang='lat' dir='ltr'><strong>proposuerat,</strong></span> <span class='ocrx_word' id='word_1_1166' title='bbox 3040 5496 3292 5544; x_wconf 78' lang='lat' dir='ltr'><strong>videlicet</strong></span> <span class='ocrx_word' id='word_1_1167' title='bbox 3348 5493 3486 5555; x_wconf 89' lang='lat' dir='ltr'><strong>quod</strong></span> <span class='ocrx_word' id='word_1_1168' title='bbox 3540 5491 3742 5561; x_wconf 50' lang='lat' dir='ltr'><strong>humauf</strong></span> <span class='ocrx_word' id='word_1_1169' title='bbox 3768 5487 3823 5561; x_wconf 55' lang='grc' dir='ltr'><strong><em>οξ</em></strong></span> 
     </span>
    </p>
   </div>
   <div class='ocr_carea' id='block_1_151' title="bbox 2282 5546 3821 5619">
    <p class='ocr_par' dir='ltr' id='par_1_151' title="bbox 2282 5546 3821 5619">
     <span class='ocr_line' id='line_1_151' title="bbox 2282 5546 3821 5619; baseline -0.011 -4"><span class='ocrx_word' id='word_1_1170' title='bbox 2282 5571 2398 5615; x_wconf 86' lang='lat' dir='ltr'><strong>tura</strong></span> <span class='ocrx_word' id='word_1_1171' title='bbox 2432 5546 2538 5615; x_wconf 81' lang='lat' dir='ltr'><strong>non</strong></span> <span class='ocrx_word' id='word_1_1172' title='bbox 2572 5546 2652 5615; x_wconf 76' lang='lat' dir='ltr'><strong>est</strong></span> <span class='ocrx_word' id='word_1_1173' title='bbox 2714 5546 2769 5613; x_wconf 74' lang='lat' dir='ltr'><strong>iii</strong></span> <span class='ocrx_word' id='word_1_1174' title='bbox 2825 5546 3158 5615; x_wconf 76' lang='lat' dir='ltr'><strong>divinitatem</strong></span> <span class='ocrx_word' id='word_1_1175' title='bbox 3213 5546 3486 5619; x_wconf 79' lang='lat' dir='ltr'><strong>conversa,</strong></span> <span class='ocrx_word' id='word_1_1176' title='bbox 3528 5552 3757 5610; x_wconf 74' lang='lat' dir='ltr'><strong>concludit,</strong></span> <span class='ocrx_word' id='word_1_1177' title='bbox 3790 5546 3821 5592; x_wconf 60' lang='lat' dir='ltr'><strong>ei</strong></span> 
     </span>
    </p>
   </div>
   <div class='ocr_carea' id='block_1_152' title="bbox 2278 5628 3816 5699">
    <p class='ocr_par' dir='ltr' id='par_1_152' title="bbox 2278 5628 3816 5699">
     <span class='ocr_line' id='line_1_152' title="bbox 2278 5628 3816 5699; baseline -0.01 -13"><span class='ocrx_word' id='word_1_1178' title='bbox 2278 5638 2514 5686; x_wconf 90' lang='lat' dir='ltr'><strong>breviter</strong></span> <span class='ocrx_word' id='word_1_1179' title='bbox 2544 5638 2595 5685; x_wconf 90' lang='lat' dir='ltr'><strong>in</strong></span> <span class='ocrx_word' id='word_1_1180' title='bbox 2630 5650 2795 5685; x_wconf 91' lang='lat' dir='ltr'><strong>unum</strong></span> <span class='ocrx_word' id='word_1_1181' title='bbox 2828 5639 3159 5697; x_wconf 84' lang='lat' dir='ltr'><strong>conducens,</strong></span> <span class='ocrx_word' id='word_1_1182' title='bbox 3192 5636 3332 5699; x_wconf 92' lang='lat' dir='ltr'><strong>quod</strong></span> <span class='ocrx_word' id='word_1_1183' title='bbox 3366 5647 3521 5697; x_wconf 85' lang='lat' dir='ltr'><strong>supra</strong></span> <span class='ocrx_word' id='word_1_1184' title='bbox 3562 5630 3618 5677; x_wconf 91' lang='lat' dir='ltr'><strong>de</strong></span> <span class='ocrx_word' id='word_1_1185' title='bbox 3648 5628 3816 5699; x_wconf 53' lang='lat' dir='ltr'><strong>carpitth</strong></span> 
     </span>
    </p>
   </div>
   <div class='ocr_carea' id='block_1_153' title="bbox 2279 5693 3813 5763">
    <p class='ocr_par' dir='ltr' id='par_1_153' title="bbox 2279 5693 3813 5763">
     <span class='ocr_line' id='line_1_153' title="bbox 2279 5693 3813 5763; baseline -0.009 -6"><span class='ocrx_word' id='word_1_1186' title='bbox 2279 5724 2423 5757; x_wconf 86' lang='lat' dir='ltr'><strong>nunc</strong></span> <span class='ocrx_word' id='word_1_1187' title='bbox 2482 5710 2545 5757; x_wconf 87' lang='lat' dir='ltr'><strong>de</strong></span> <span class='ocrx_word' id='word_1_1188' title='bbox 2604 5710 2781 5756; x_wconf 88' lang='lat' dir='ltr'><strong>anima</strong></span> <span class='ocrx_word' id='word_1_1189' title='bbox 2839 5693 3155 5757; x_wconf 72' lang='lat' dir='ltr'><strong>necessaria</strong></span> <span class='ocrx_word' id='word_1_1190' title='bbox 3199 5693 3401 5756; x_wconf 75' lang='lat' dir='ltr'><strong>ratione</strong></span> <span class='ocrx_word' id='word_1_1191' title='bbox 3431 5693 3445 5697; x_wconf 43' lang='grc'>⁷</span> <span class='ocrx_word' id='word_1_1192' title='bbox 3474 5702 3705 5752; x_wconf 82' lang='lat' dir='ltr'><strong>intulerat,</strong></span> <span class='ocrx_word' id='word_1_1193' title='bbox 3738 5693 3813 5763; x_wconf 47' lang='lat' dir='ltr'><strong>ait]</strong></span> 
     </span>
    </p>
   </div>
   <div class='ocr_carea' id='block_1_154' title="bbox 2276 5762 3813 5843">
    <p class='ocr_par' dir='ltr' id='par_1_154' title="bbox 2276 5762 3813 5843">
     <span class='ocr_line' id='line_1_154' title="bbox 2276 5762 3813 5843; baseline -0.012 -6"><span class='ocrx_word' id='word_1_1194' title='bbox 2276 5781 2425 5837; x_wconf 83' lang='lat' dir='ltr'><strong>Quod</strong></span> <span class='ocrx_word' id='word_1_1195' title='bbox 2458 5785 2499 5829; x_wconf 81' lang='lat' dir='ltr'><strong>si</strong></span> <span class='ocrx_word' id='word_1_1196' title='bbox 2541 5794 2713 5843; x_wconf 83' lang='lat' dir='ltr'><strong>neque</strong></span> <span class='ocrx_word' id='word_1_1197' title='bbox 2771 5793 2966 5842; x_wconf 86' lang='lat' dir='ltr'><strong>corpus</strong></span> <span class='ocrx_word' id='word_1_1198' title='bbox 3019 5792 3195 5841; x_wconf 69' lang='lat' dir='ltr'><strong>neque</strong></span> <span class='ocrx_word' id='word_1_1199' title='bbox 3256 5780 3429 5827; x_wconf 87' lang='lat' dir='ltr'><strong>anima</strong></span> <span class='ocrx_word' id='word_1_1200' title='bbox 3483 5771 3652 5825; x_wconf 83' lang='lat' dir='ltr'><strong>Christi</strong></span> <span class='ocrx_word' id='word_1_1201' title='bbox 3695 5762 3813 5827; x_wconf 67' lang='grc' dir='ltr'><strong>ροίιιίί</strong></span> 
     </span>
    </p>
   </div>
  </div>
