4046 6180
245 236 378 292 1401

1306 233 1628 288 GILBERTI
1668 234 2014 289 ΡΟΗΗΕΤᾸΞ
2054 235 2588 291 COMMENTARIA.

3518 242 3656 294 14οι

238 359 379 411 verti
432 358 489 408 in
548 356 908 419 divinitatem,
938 362 999 408 ut
1056 359 1265 422 utique,
1297 359 1436 408 sicut
1483 363 1757 408 ostensum
1794 363 1893 417 est,
1926 360 1980 427 Α
2011 361 2294 421 destruxit,
2327 362 2651 426 recapitulat
2678 370 2731 413 et
2767 363 2886 415 ait:
2948 364 3104 415 Nunc
3155 365 3283 415 illud
3345 368 3425 415 est
3472 367 3643 415 mani-

242 446 355 483 non
389 430 585 493 potuit.
617 429 762 479 nullo
795 430 955 479 modo
1014 430 1127 478 ﬂeri
1184 435 1360 493 potuit
1398 434 1455 479 ut
1485 429 1808 487 humanitas,
1840 431 1896 480 id

241 510 325 553 est
349 503 583 551 humana
615 506 826 561 natura,
860 514 980 563 quin
1036 516 1134 563 per
1188 502 1286 550 has
1335 501 1653 563 intelligitur
1699 509 1896 564 partes,

241 576 651 625 converteretur
681 574 734 620 in
766 573 953 621 Deum.

302 644 462 695 Multo
496 647 670 693 minus
702 658 836 699 vero,
867 643 993 707 etc.]
1042 644 1093 692 Si
1156 645 1343 693 divina
1398 648 1451 692 et
1512 644 1752 693 humana
1800 660 1897 693 na-

241 722 368 768 tura
397 717 452 766 in
494 716 703 765 Christo
764 730 858 779 per
912 714 1219 765 mistionem
1280 717 1582 780 conjuncta:
1642 721 1783 774 sunt,
1842 718 1893 764 id

240 804 351 839 non
387 786 490 836 nisi
515 788 685 836 tiibus
712 787 887 835 modis
940 802 1097 849 posse
1152 788 1264 836 ﬁeri
1323 787 1572 850 superius
1610 786 1745 837 dixit
1776 803 1788 839 ;
1820 789 1895 835 vi-

240 861 458 917 delicet,
495 862 538 908 si
572 866 665 909 aut
695 858 949 907 divinitas
993 860 1049 908 in
1110 860 1517 917 humanitatem,
1567 865 1657 909 aut
1704 860 1895 909 huma-

243 932 393 982 nitas
428 931 483 979 in
515 930 849 979 divinitatem
883 932 1280 989 transferretur,
1329 936 1422 979 aut
1480 937 1718 994 utraeque
1753 933 1805 979 in
1840 946 1895 980 se

237 1003 313 1051 ita
361 1003 857 1056 commiscerentur,
908 1006 967 1050 ut
1028 1006 1218 1050 neutra
1274 1001 1577 1051 substantia
1624 1004 1894 1063 prOpriam

240 1074 473 1122 formam
504 1076 773 1121 retineret.
807 1073 960 1131 Quod
1008 1078 1187 1120 autem
1238 1072 1489 1121 divinitas
1537 1087 1592 1121 in
1643 1074 1896 1122 humani-

237 1148 427 1202 tatem,
458 1143 539 1193 vel
572 1144 881 1191 humanitas
938 1142 993 1191 in
1059 1142 1398 1192 divinitatem
1448 1144 1728 1193 transferri
1785 1160 1895 1193 non

236 1217 429 1279 possit,
463 1213 762 1263 manilestis
820 1212 1123 1263 rationibus
1179 1214 1379 1263 docuit.
1442 1215 1494 1263 Si
1555 1230 1680 1263 vero
1728 1220 1897 1264 altera

236 1287 293 1335 in
327 1288 546 1335 alteram
580 1282 809 1333 transire
846 1299 1003 1346 posse
1038 1299 1147 1333 non
1196 1284 1455 1346 creditur,
1499 1286 1668 1334 multo
1717 1288 1897 1334 minus

235 1359 380 1409 credi
441 1362 617 1420 potest
674 1360 983 1405 earumdem
1044 1358 1456 1406 translationem
1530 1357 1624 1406 illo
1700 1358 1893 1406 factam

239 1432 399 1479 modo
460 1443 595 1487 esse,
627 1442 787 1490 quem
822 1427 1080 1489 prasdicta
1136 1426 1331 1477 divisio
1394 1428 1610 1478 tertium
1672 1428 1897 1491 explica-

240 1500 321 1549 vit
351 1515 364 1548 :
400 1499 654 1549 videlicet
684 1504 740 1547 ut
771 1504 1013 1560 utraque,
1045 1499 1098 1548 id
1142 1505 1224 1549 est
1265 1498 1517 1548 divinitas
1565 1505 1617 1549 et
1645 1498 1896 1548 humani-

244 1576 345 1628 tas,
376 1571 433 1619 in
498 1585 613 1619 sese
671 1569 1151 1630 cunfundcrentur,
1206 1568 1484 1633 quoniam,
1543 1571 1681 1619 sicut
1736 1585 1894 1633 snpe-

240 1644 354 1691 rius
380 1642 807 1690 demonstratum
840 1646 936 1699 est,
976 1654 1154 1701 neque
1204 1640 1633 1703 iucorporalitas,
1664 1642 1767 1689 hoc
1814 1647 1895 1691 est

2010 432 2222 487 festum.
2247 436 2544 483 convictam
2596 449 2713 483 esse
2772 436 3093 485 sententiam
3126 436 3381 499 Eutychis
3447 450 3507 485 eo
3557 453 3646 485 no-

2009 503 2171 559 mine,
2206 505 2256 552 id
2288 511 2459 554 estea
2486 507 2737 555 omnibus
2794 513 2918 555 nota
2967 512 3193 567 ratione,
3254 512 3397 570 quod
3458 508 3649 557 videli-

2006 577 2089 621 cet
2123 588 2241 622 cum
2302 590 2409 623 non
2470 576 2571 623 nisi
2632 576 2800 625 tribus
2859 579 3030 625 modis
3088 580 3197 625 ﬁeri
3256 578 3442 639 possit,
3477 584 3533 627 ut
3593 593 3653 627 ex

2006 645 2218 693 duabus
2265 648 2471 695 naturis
2530 662 2636 695 una
2699 649 2971 705 subsistat,
3028 649 3232 697 scilicet
3276 656 3369 698 aut
3398 649 3654 698 divinitas

2005 716 2259 765 translata
2291 720 2358 765 sit
2394 720 2442 765 in
2474 718 2884 778 humanitatem,
2934 726 3027 768 aut
3055 721 3366 769 humanitas
3407 724 3458 769 in
3514 720 3653 769 divi—

2006 785 2248 843 nitatem,
2306 797 2398 837 aut
2457 795 2683 853 utraque
2729 792 2780 839 in
2832 806 2885 840 se
2930 790 3161 841 invicem
3209 796 3460 855 permista
3525 797 3651 852 sint,

2007 858 2210 907 nullum
2244 860 2435 909 borum
2486 868 2701 910 modum
2749 862 2859 911 ﬁeri
2911 864 3168 925 potuisse,
3206 866 3451 925 superius
3514 867 3653 914 dicta

2006 933 2472 990 argumentatione
2503 934 2820 983 declaratur.
2848 935 2999 983 Nunc
3055 942 3216 985 restat
3269 936 3320 983 id
3381 937 3523 999 quod
3565 952 3652 983 su-

2006 1013 2101 1061 pra
2159 1004 2499 1062 promisimus
2551 1018 2648 1053 nos
2708 1008 2869 1066 paulo
2932 1012 3052 1068 post
3111 1009 3489 1068 explicaturos.
3549 1011 3651 1055 sci-

2006 1069 2148 1125 licet,
2184 1076 2240 1120 ut
2264 1074 2549 1124 doceamus
2581 1077 3035 1137 quemadmodum
3087 1079 3348 1126 catholica
3406 1079 3538 1126 iides
3581 1080 3654 1127 di-

2008 1146 2093 1188 cat
2112 1142 2379 1191 Christum
2409 1146 2699 1195 consistere
2734 1153 2786 1196 et
2838 1162 2903 1196 ex
2959 1149 3196 1210 utrisque
3256 1150 3463 1196 naturis
3498 1153 3552 1197 et
3595 1148 3649 1196 in

2007 1213 2267 1276 utrisque.

2072 1287 2151 1334 Ea:
2179 1288 2409 1351 utrisque
2432 1291 2656 1349 naturis,
2688 1293 2811 1356 etc.]
2869 1292 3060 1355 Supra,
3095 1308 3214 1343 cum
3247 1300 3435 1343 contra
3465 1295 3649 1342 Nesto-

2006 1359 2145 1408 rium
2178 1362 2459 1423 disputans
2502 1363 2720 1420 diceret.
2784 1366 2875 1413 Dei
2930 1367 3269 1430 hominisque
3310 1368 3651 1430 conjunctio-

2006 1444 2127 1478 Πρω
2186 1445 2294 1479 non
2353 1432 2465 1481 ﬁeri
2524 1436 2658 1487 κατὰ
2687 1436 2998 1508 παράθεσιν,
3062 1440 3164 1485 hoc
3220 1442 3299 1487 est
3350 1440 3645 1487 secundum

2006 1505 2416 1565 appositionem,
2444 1506 2643 1555 dictum
2674 1505 2838 1556 fuisse
2899 1510 3171 1563 recordor,
3231 1510 3472 1558 diversos
3532 1524 3649 1557 esse

2005 1574 2195 1622 modos
2234 1575 2444 1625 diversa
2499 1577 2601 1625 sibi
2660 1579 2887 1627 invicem
2949 1580 3329 1642 conjungendi.
3419 1582 3480 1628 Et
3541 1582 3647 1629 alia

2008 1644 2222 1707 quidem
2255 1661 2349 1709 per
2377 1649 2887 1710 apprehensionem,
2919 1663 2982 1698 ex
3014 1651 3209 1712 quibus
3240 1666 3346 1699 non
3379 1652 3435 1699 ﬁt
3459 1665 3644 1711 unum,

239 1714 618 1776 incorporeum
650 1712 882 1760 transire
914 1716 1091 1774 potest
1121 1712 1185 1759 ad
1218 1725 1429 1771 corpus,
1464 1716 1521 1760 ut
1568 1712 1768 1760 scilicet
1808 1714 1895 1761 tiat
1926 1704 1973 1769 B
2002 1704 2107 1764 alia
2134 1704 2271 1766 vero.
2298 1732 2390 1780 per
2414 1704 2424 1709 ⁷
2446 1704 2913 1781 compositionem,
2974 1704 3046 1769 ex.
3093 1723 3289 1783 quibus
3348 1736 3513 1771 unum
3551 1704 3647 1769 ali;

244 1798 441 1847 corpus
473 1799 486 1842 ;
519 1782 695 1844 neque
727 1795 912 1831 rursus
944 1796 1234 1831 econverso
1279 1796 1473 1844 corpus
1516 1784 1744 1831 transire
1790 1798 1888 1845 po-

237 1859 344 1905 test
371 1856 436 1903 ad
472 1853 986 1916 incorporalitatem.
1020 1858 1078 1901 ut
1106 1853 1198 1901 ﬁat
1253 1855 1671 1915 incorporeum;
1703 1858 1755 1902 et
1803 1855 1890 1903 hic

240 1940 459 1990 quoque
487 1940 629 1987 saepe
685 1926 798 1988 jam
849 1926 1043 1973 dictam
1094 1924 1286 1985 repetit
1330 1928 1609 1981 rationem,
1659 1926 1884 1974 dicens:

243 1998 690 2058 Quandoquidem
748 1996 851 2053 his,
897 1996 1000 2044 hoc
1057 2000 1138 2044 est
1194 1996 1406 2058 corpori
1452 2001 1503 2045 et
1548 1993 1887 2058 incorporeo,

241 2070 388 2119 nulla
415 2068 719 2117 communis
756 2068 980 2115 materia
1013 2071 1096 2115 est
1128 2068 1388 2129 subjecta,
1424 2081 1544 2131 quin
1593 2070 1888 2116 secundum

237 2154 352 2189 suae
383 2153 657 2203 perpetuae
716 2139 1078 2187 subsistentia
1125 2152 1299 2200 genus
1347 2153 1461 2186 esse
1520 2137 1721 2201 aliquid
1759 2141 1889 2187 reti-

235 2226 392 2266 nens.
425 2212 712 2272 alterutris,
765 2210 818 2259 id
871 2216 950 2259 est
995 2211 1310 2260 alterutrius
1364 2211 1735 2273 qualitatibus,
1769 2226 1889 2273 per-

239 2290 495 2332 mutetur.

299 2356 364 2402 At
398 2352 472 2411 lii,
505 2352 627 2419 etc.]
702 2354 949 2402 Errorem
996 2352 1255 2415 Eutychis
1321 2351 1603 2416 hucusque
1675 2354 1889 2402 destru-

235 2426 333 2482 xit,
371 2438 516 2472 nunc
546 2424 796 2472 eumdem
825 2423 1063 2471 breviter
1114 2431 1521 2481 commemorat,
1574 2430 1631 2473 ut
1677 2426 1728 2473 in
1782 2439 1887 2487 quo

235 2496 485 2545 catholici
538 2510 657 2545 cum
692 2512 755 2545 eo
782 2494 1135 2551 conveniunt,
1169 2502 1222 2545 et
1249 2495 1305 2545 in
1337 2511 1461 2559 quo.
1495 2497 1769 2555 differunt,
1801 2499 1866 2546 ad

241 2570 403 2619 ducta
433 2571 489 2618 in
524 2583 689 2618 unum
720 2576 772 2617 et
805 2568 1047 2617 veritatis
1103 2569 1336 2625 illorum,
1369 2576 1421 2618 et
1474 2570 1715 2633 ﬁgmenti
1773 2571 1889 2633 ejus

238 2642 655 2704 comparatione,
689 2640 881 2688 melius
910 2644 1127 2701 pateat;
1160 2640 1340 2703 quasi:
1394 2641 1654 2691 Divinitas
1700 2646 1753 2691 et
1797 2643 1889 2689 hu-

240 2715 474 2762 manitas
505 2714 561 2760 in
594 2725 708 2760 sese
766 2712 997 2759 transire
1054 2724 1160 2759 non
1218 2717 1461 2772 possunt.
1507 2714 1573 2760 At
1622 2712 1694 2770 hi,
1727 2714 1776 2760 id
1810 2716 1891 2760 est

240 2782 582 2848 Eutychiani,
632 2783 780 2831 aiunt
838 2784 957 2831 ita:
1012 2781 1089 2830 Ex
1146 2782 1357 2831 duabus
1414 2784 1628 2846 quidem
1683 2784 1890 2831 naturis

242 2855 509 2905 Christum
542 2852 855 2909 consistere,
904 2854 959 2900 in
1017 2851 1229 2902 duabus
1274 2867 1398 2902 vero
1447 2852 1703 2912 minime;
1736 2857 1791 2903 et
1824 2868 1889 2902 ex

243 2942 353 2993 quo
385 2941 547 2976 sensu
597 2927 698 2975 hoc
755 2926 955 2981 dicant,
1011 2924 1184 2987 aperit
1239 2926 1462 2974 dicens:
1521 2925 1634 2975 Hoc
1689 2925 1890 2975 scilicet

245 3000 607 3053 iutendentes,
642 2997 902 3059 quoniam
932 3004 1074 3059 quod
1106 2996 1351 3045 consistit
1405 3012 1471 3046 ex
1519 3001 1723 3045 naturis
1762 3002 1885 3045 ante

1998 1789 2127 1850 quid
2159 1790 2231 1846 ﬁt,
2265 1791 2540 1853 conjungi.
2570 1793 2698 1849 Quas
2734 1807 2863 1842 vero
2897 1808 2990 1855 per
3035 1796 3492 1856 compositionem,
3542 1795 3647 1843 alia

1997 1873 2092 1921 per
2117 1862 2542 1911 commistionem
2597 1866 2816 1912 alterius
2873 1867 2959 1913 vel
3020 1865 3315 1929 utriusque,
3375 1866 3479 1914 alia
3534 1867 3647 1914 sine

1999 1933 2388 1981 commistione.
2450 1935 2599 1983 Unde
2654 1936 2997 1984 manifestum
3062 1943 3141 1984 est
3199 1951 3455 1999 quoniam
3488 1950 3648 1985 omne

1998 2004 2355 2065 compositum
2415 2020 2478 2053 ex
2541 2005 2785 2068 utrisque
2828 2010 3297 2067 componentibus,
3359 2011 3451 2055 aut
3534 2009 3649 2068 ejus

1997 2074 2297 2136 proiirietas
2354 2090 2418 2125 ex
2477 2081 2830 2139 utrorumque
2916 2088 3353 2138 componentium
3440 2080 3648 2126 naturis

1999 2147 2292 2195 consistere
2324 2148 2536 2196 dicitur.
2588 2148 2690 2196 Sed
2742 2150 2843 2196 hoc
2903 2149 3292 2211 multipliciter.
3336 2150 3473 2198 sicut
3528 2151 3648 2199 sub-

1997 2220 2189 2269 divisio
2222 2220 2477 2280 praedicta
2506 2220 2757 2275 declarat,
2796 2225 2938 2283 quod
3000 2220 3073 2268 ita
3116 2222 3234 2270 ait:
3282 2222 3355 2269 Ex
3405 2221 3645 2283 utrisque

1998 2288 2206 2340 naturis
2236 2290 2436 2352 aliquid
2475 2292 2787 2346 consistere,
2821 2294 2928 2339 duo
2959 2291 3224 2351 significat
3258 2307 3269 2351 ;
3321 2306 3487 2340 unum
3536 2294 3646 2354 qui-

1998 2364 2137 2419 dem,
2171 2376 2290 2410 cum
2324 2360 2555 2410 dicimus
2594 2361 2798 2425 aliquid
2851 2366 3008 2425 jungi
3059 2378 3122 2412 ex
3180 2363 3388 2412 duabus
3443 2366 3649 2413 naturis

1997 2448 2092 2496 per
2123 2432 2517 2489 confusionem,
2556 2436 2697 2496 quod
2732 2438 2811 2482 est
2838 2435 2927 2487 ita,
2961 2436 3097 2483 sicut
3154 2449 3217 2483 ex
3276 2436 3433 2483 melle
3490 2440 3648 2497 atque

2000 2519 2140 2567 aqua
2173 2503 2377 2566 aliquid
2404 2504 2670 2566 jungitur.
2703 2505 2759 2553 Id
2791 2512 2970 2554 autem
3003 2506 3353 2567 conjunctum
3399 2506 3503 2555 tale
3550 2514 3647 2566 est,

1998 2577 2138 2624 utin
2169 2590 2233 2624 eo
2263 2590 2325 2623 ex
2384 2575 2627 2637 quolibet
2684 2578 2845 2625 modo
2904 2577 3144 2625 confusis
3204 2580 3521 2639 composito,
3555 2580 3649 2626 sci-

1996 2646 2128 2694 licet
2160 2646 2239 2693 vel
2273 2646 2317 2693 si
2374 2661 2485 2695 una
2539 2653 2730 2695 natura
2788 2652 3029 2695 vertatur
3084 2650 3139 2696 in
3202 2649 3442 2705 alterum,
3478 2651 3558 2697 vel
3604 2652 3646 2698 si

1998 2719 2239 2777 utrmque
2278 2714 2331 2762 in
2364 2730 2418 2764 se
2449 2714 2679 2765 invicem
2734 2716 3081 2774 misceantur,
3150 2719 3300 2766 nullo
3364 2718 3522 2767 modo
3573 2727 3647 2766 tu-

1996 2800 2120 2836 men
2154 2791 2396 2849 utraaque
2428 2792 2799 2849 permaneant.

2057 2857 2203 2906 Alter
2258 2872 2374 2904 vero
2431 2858 2613 2905 modus
2660 2864 2752 2915 est,
2817 2858 2941 2924 etc.]
2999 2859 3099 2907 Sed
3170 2860 3463 2921 interponit
3501 2860 3644 2920 quod

1996 2930 2292 2979 secundum
2326 2931 2473 2978 hunc
2503 2930 2720 2978 modum
2754 2929 3026 2992 Eutychus
3082 2932 3171 2983 ait,
3208 2932 3474 2978 Christum
3514 2946 3646 2978 con-

2000 3002 2187 3050 sistere
2218 3016 2283 3049 ex
2338 3002 2577 3063 utrisque
2636 3003 2843 3050 naturis
2879 3015 2891 3059 ;
2952 3002 3077 3050 dein
3127 3002 3253 3049 dicit
3285 3017 3297 3048 :
3334 3003 3481 3050 Alter
3518 3016 3645 3049 vero

241 3068 682 3132 conjunctionem
720 3068 949 3125 duabus,
982 3070 1056 3117 ita
1108 3073 1286 3130 potest
1342 3071 1719 3132 conjunctione
1778 3061 1962 3129 ﬁeriC
2000 3074 2192 3122 modus
2222 3080 2303 3122 est
2350 3061 2680 3121 consistendi
2740 3074 2944 3136 aliquid
3004 3088 3065 3121 ex
3119 3073 3357 3135 utrisque
3423 3076 3644 3129 naturis,

241 3154 433 3197 unum,
468 3140 637 3188 utilia
692 3152 754 3187 ex
814 3137 1012 3202 quibus
1074 3140 1274 3187 dicitur
1329 3144 1598 3201 constare,
1626 3153 1736 3188 non
1783 3154 1891 3189 ma-

239 3216 405 3261 neant
438 3226 451 3267 ;
485 3215 539 3258 et
570 3210 873 3272 exemplum
925 3223 1032 3273 quo
1090 3207 1143 3258 id
1204 3211 1487 3259 ostendere
1533 3212 1736 3267 volunt,
1764 3226 1889 3274 sup-

239 3281 443 3346 ponit:
480 3279 659 3329 Veluti
709 3295 829 3329 cum
885 3282 988 3330 mei
1038 3295 1192 3344 aqua:
1235 3282 1485 3345 junctum
1517 3283 1887 3345 confunditur,

242 3360 497 3404 neutrum
529 3357 728 3413 manet,
763 3354 815 3400 id
846 3357 925 3401 est
956 3366 1133 3413 neque
1191 3354 1295 3402 mei
1352 3356 1548 3403 retinet
1604 3370 1718 3403 esse
1766 3356 1887 3413 mei,

241 3438 420 3488 neque
453 3438 593 3486 aqua
620 3437 734 3472 esse
767 3437 905 3487 aqua
940 3439 952 3483 ;
990 3424 1082 3472 sed
1129 3425 1360 3473 alterum
1408 3426 1625 3474 alterius
1674 3428 1887 3488 copula-

241 3495 391 3545 tione
419 3499 749 3557 corruptum,
781 3495 1038 3556 quiddam
1069 3496 1222 3557 quasi
1266 3497 1446 3544 nescio
1494 3496 1649 3560 cujus
1712 3496 1887 3545 nomi-

243 3570 329 3616 nis
358 3566 575 3615 tertium
602 3567 747 3615 fecit.
779 3567 928 3624 Quod
987 3582 1049 3615 ac
1102 3568 1147 3615 si
1203 3568 1361 3623 dicat,
1404 3582 1580 3631 neque
1629 3575 1710 3617 est
1765 3569 1889 3627 mel,

243 3652 421 3701 neque
456 3651 613 3700 aqua,
662 3637 757 3685 sed
815 3652 879 3685 ex
929 3637 1010 3685 his
1069 3638 1321 3701 quiddam
1358 3652 1544 3687 unum.
1584 3640 1758 3701 Atque
1796 3638 1889 3695 ita,

242 3710 348 3759 hoc
380 3713 459 3757 est
489 3706 784 3757 secundum
815 3708 954 3756 hanc
984 3710 1265 3763 rationem.
1298 3708 1429 3757 illud
1480 3711 1699 3773 quidem
1745 3710 1889 3773 quod

243 3795 305 3830 ex
339 3780 490 3829 melle
550 3785 710 3840 atque
758 3794 897 3841 aqua
950 3778 1167 3829 tertium
1225 3780 1299 3836 ﬁt,
1332 3779 1528 3829 dicitur
1579 3782 1643 3830 ab
1693 3780 1797 3829 illis
1828 3795 1888 3829 ex

243 3851 488 3913 utrisque
537 3854 807 3907 constare,
866 3850 919 3898 in
983 3850 1225 3914 utrisque
1273 3865 1399 3900 vero
1462 3858 1689 3915 negatur
1747 3868 1759 3911 ;
1840 3855 1892 3901 et

245 3936 413 3986 quare
443 3923 497 3970 in
532 3923 773 3984 utrisque
806 3927 1049 3983 negatur.
1083 3923 1377 3985 supponit:
1436 3923 1552 3973 Non
1607 3924 1747 3972 enim
1805 3939 1891 3984 po-

240 3996 369 4044 terit
399 3994 531 4042 illud
582 3995 797 4042 tertium
851 3993 904 4039 in
952 3992 1190 4055 utrisque
1248 3999 1510 4053 constare,
1551 3994 1886 4058 quandoqui~

238 4065 362 4114 dem
422 4068 615 4113 natura
699 4068 1051 4126 utrorumque
1126 4076 1231 4113 non
1313 4071 1612 4127 permanet.
1666 4065 1768 4114 Sed
1825 4080 1890 4114 ex

235 4132 499 4199 utrisque,
534 4134 706 4191 aiunt,
743 4142 881 4184 recte
908 4136 1119 4184 dicitur.
1170 4136 1244 4184 Ex
1292 4138 1533 4201 utrisque
1584 4137 1728 4186 enim
1768 4151 1890 4185 con-

232 4213 376 4257 stare
408 4211 605 4270 potest,
640 4207 769 4256 licet
816 4220 880 4255 ea
923 4221 987 4256 ex
1042 4207 1239 4270 quibus
1284 4210 1653 4272 conjungitur,
1702 4209 1893 4257 alteru-

229 4282 316 4328 tra
346 4279 605 4343 qualitate
667 4292 777 4327 non
837 4283 1116 4328 maneant.
1177 4281 1418 4340 Itemque
1471 4280 1610 4328 idem
1668 4279 1785 4328 aliis
1825 4293 1888 4327 ex

231 4356 385 4415 parte
437 4351 637 4414 repetit
692 4351 889 4409 verbis,
925 4365 990 4400 ne
1046 4350 1200 4414 quasi
1256 4350 1413 4399 alieni
1471 4365 1661 4399 sensus
1694 4365 1889 4413 pravus

2000 3146 2143 3210 quod
2176 3146 2428 3194 videlicet
2456 3144 2591 3194 illud
2649 3144 2851 3208 aliquid
2912 3144 3303 3207 compositione
3364 3159 3527 3193 unum
3575 3146 3647 3193 ita

1994 3216 2241 3281 junctum
2271 3221 2353 3265 est
2382 3231 2445 3265 ex
2480 3216 2689 3265 duabus
2721 3217 2947 3275 naturis,
2984 3223 3042 3265 ut
3084 3216 3173 3264 illa
3224 3222 3403 3265 tamen
3436 3231 3497 3265 ex
3530 3216 3647 3277 qui-

1998 3288 2375 3351 busjunctum
2407 3302 2521 3337 esse
2553 3287 2750 3335 dicitur
2792 3294 3064 3348 maneant,
3115 3302 3213 3335 nec
3257 3288 3436 3349 aliquo
3487 3289 3646 3335 modo

1998 3359 2054 3408 in
2086 3361 2344 3408 alterutra
2370 3364 2672 3416 vertantur,
2700 3357 2905 3407 scilicet
2935 3373 3037 3406 nec
3068 3372 3237 3407 unum
3296 3360 3348 3405 iii
3400 3359 3647 3417 alterum,

1999 3444 2098 3479 nec
2128 3432 2181 3479 in
2213 3444 2267 3478 se
2304 3430 2535 3478 invicem
2565 3435 2807 3492 utraque.
2865 3430 2930 3479 Et
2986 3431 3088 3478 hoc
3142 3430 3395 3477 humanm
3435 3429 3647 3477 fabricas

1999 3499 2344 3550 convenienti
2394 3502 2641 3563 exemplo
2705 3501 2941 3549 declarat
2999 3499 3110 3548 ita:
3145 3499 3213 3548 Ut
3242 3512 3359 3547 cum
3420 3500 3648 3547 dicimus

1999 3586 2252 3621 coronam
2307 3586 2373 3620 ex
2431 3586 2563 3620 auro
2648 3572 2983 3633 gemmisque
3069 3571 3437 3632 compositam.
3494 3571 3645 3628 Quod

2000 3643 2303 3705 exemplum
2336 3648 2478 3692 recte
2517 3643 2583 3691 ad
2651 3642 2706 3690 id
2770 3649 2990 3705 propter
3041 3643 3185 3705 quod
3244 3642 3528 3690 inductum
3568 3648 3647 3691 est

1999 3716 2123 3765 facit
2155 3731 2167 3762 :
2202 3716 2286 3764 hic
2316 3716 2481 3771 enim,
2520 3715 2621 3764 hoc
2653 3720 2732 3764 est
2779 3716 2832 3763 in
2886 3729 3108 3773 coiona,
3140 3728 3316 3776 neque
3370 3728 3562 3762 aurum
3592 3713 3648 3762 in

1999 3801 2234 3851 gemmas
2266 3789 2577 3835 translatum
2610 3792 2707 3845 est,
2733 3799 2906 3848 neque
2943 3800 3152 3848 gemma
3182 3787 3234 3832 in
3282 3798 3470 3833 aurum
3517 3798 3648 3833 con-

1998 3873 2157 3908 versa
2188 3874 2201 3918 ;
2234 3858 2324 3906 sed
2358 3864 2585 3921 utraque
2618 3862 2939 3919 permanent
2973 3857 3116 3919 quod
3152 3860 3308 3905 erant
3361 3860 3649 3919 antequam

2000 3930 2147 3979 ﬁeret
2204 3944 2263 3978 ex
2307 3928 2384 3978 eis
2436 3944 2653 3979 corona.
2713 3930 2865 3987 Quod
2922 3927 3245 3986 intelligitur
3277 3942 3339 3976 ex
3380 3942 3444 3975 co
3502 3929 3649 3991 quod

1999 4001 2425 4064 subjungit,nec
2472 4002 2855 4062 derelinquunt
2912 4001 3184 4062 propriam
3244 4000 3506 4048 formam:
3566 4000 3650 4049 vel

2000 4086 2190 4121 aurum
2226 4072 2369 4120 illam
2406 4085 2511 4134 qua
2546 4076 2660 4120 erat
2717 4085 2927 4124 aurum.
2961 4071 3044 4119 vel
3101 4084 3313 4133 gemma
3361 4069 3501 4118 illam
3543 4085 3649 4132 qua

1999 4149 2110 4192 erat
2139 4158 2367 4207 gemma.
2400 4145 2487 4191 Sic
2549 4150 2601 4191 et
2653 4144 2705 4191 in
2762 4144 3014 4191 omnibus
3068 4156 3175 4189 non
3220 4141 3377 4189 modo
3410 4142 3649 4190 humano

1998 4214 2316 4271 ministerio,
2375 4228 2560 4263 verum
2619 4215 2779 4262 etiam
2840 4214 3155 4261 naturaliter
3208 4212 3317 4260 Deo
3393 4217 3647 4273 operante

1999 4286 2115 4335 sine
2166 4287 2541 4347 componentis
2599 4284 2831 4347 alicujus
2914 4284 3235 4331 confusione
3312 4283 3645 4345 compositis,

2001 4359 2380 4421 componentia
2410 4362 2536 4404 sunt
2565 4358 2705 4418 quod
2740 4360 2910 4410 erant,
2943 4360 3102 4417 atque
3136 4355 3200 4401 dc
3248 4354 3375 4416 ipsis
3430 4368 3646 4415 compo-

230 4422 518 4485 interpres.
560 4423 642 4471 vel
686 4425 913 4472 tacendo
969 4424 1207 4471 rationes
1266 4421 1612 4485 praeteriisse.
1665 4422 1750 4493 vel
1806 4422 1891 4470 dc-
1920 4430 1968 4493 ι)
2002 4430 2116 4477 sitis
2148 4427 2551 4490 praedicantur:
2615 4425 2727 4474 sive
2789 4424 2978 4473 similis
3036 4424 3139 4473 alia
3207 4437 3324 4471 cum
3369 4424 3501 4479 aliis,
3534 4426 3645 4473 sive

232 4496 459 4542 curtatis
491 4498 542 4543 et
577 4494 1087 4543 inconvenientibus
1135 4494 1422 4542 invertisse
1478 4492 1615 4542 forte
1665 4492 1887 4541 dicatur.

233 4563 375 4613 Dicit
405 4566 607 4625 igitur:
664 4566 719 4613 1n
774 4563 1015 4628 utrisque
1064 4578 1216 4623 vero,
1248 4566 1417 4624 aiunt,
1450 4564 1653 4613 naturis
1710 4564 1891 4625 hujus.

230 4635 377 4684 modi
412 4648 583 4683 unum
612 4639 857 4685 constare
922 4649 1031 4685 non
1089 4633 1308 4698 poterit,
1365 4636 1621 4698 quoniam
1680 4648 1741 4683 ea
1772 4647 1892 4697 qua

227 4708 283 4755 in
322 4719 376 4754 se
409 4705 686 4755 transfusa
745 4712 873 4755 sunt
929 4719 1039 4755 non
1098 4710 1339 4762 manent,
1367 4721 1428 4755 ac
1468 4721 1588 4755 cum
1643 4721 1750 4755 non
1784 4720 1891 4755 ma-

228 4782 396 4826 neant
426 4790 534 4825 non
589 4782 735 4834 sunt,
788 4777 1017 4839 ideoque
1048 4778 1113 4826 ab
1164 4774 1264 4825 hoc
1308 4777 1527 4825 nomine
1561 4778 1750 4833 aliena,
1784 4790 1890 4825 non

225 4853 373 4898 recte
409 4849 512 4897 dici
549 4851 802 4911 possunt,
835 4858 1063 4911 utraque
1094 4849 1146 4895 in
1180 4848 1378 4911 quibus
1429 4852 1674 4897 constare
1717 4848 1891 4897 videa-

227 4924 337 4977 tur,
384 4933 505 4968 cum
567 4927 744 4968 tamen
806 4932 916 4968 non
958 4924 1183 4975 constet,
1230 4921 1320 4968 sed
1372 4933 1434 4968 ex
1486 4918 1727 4983 utrisque
1749 4934 1889 4983 ,vere

230 4996 463 5048 constet,
504 4997 685 5041 tamen
744 4993 850 5042 illis
906 4994 1146 5056 utrisque
1204 4991 1494 5041 transfusis
1540 4993 1596 5041 in
1657 5006 1711 5041 se
1760 4992 1893 5041 invi-

233 5078 351 5113 cem
384 5065 688 5114 mutatione
735 5065 1077 5129 qualitatum,
1120 5065 1227 5113 imo
1268 5065 1491 5113 mutatis
1538 5065 1892 5127 qualitatibus

221 5141 581 5197 utrorumque
639 5137 953 5185 eorumdem
1016 5137 1071 5184 in
1124 5150 1178 5185 se
1228 5136 1456 5184 invicem
1509 5134 1889 5185 transfusione.

225 5207 489 5257 Catholici
544 5224 672 5260 vero
733 5212 925 5273 partim
1003 5210 1209 5268 dicunt,
1267 5210 1458 5272 partim
1512 5210 1892 5259 contradicunt

224 5282 379 5345 quod
427 5283 722 5345 opinantur
782 5282 1125 5346 Eutychiani,
1207 5288 1495 5346 utrumque
1576 5281 1721 5331 enim
1806 5298 1887 5332 ra-

223 5352 565 5403 tionabiliter
625 5355 950 5404 confitentur
1013 5370 1026 5405 :
1105 5369 1230 5405 nam
1312 5354 1633 5403 conﬁtentur
1710 5353 1892 5403 Chris-

224 5422 348 5473 tum
380 5427 675 5476 consistere
706 5431 759 5476 et
789 5440 851 5475 ex
892 5428 1131 5490 utrisque
1181 5428 1385 5476 naturis
1432 5429 1484 5475 et
1531 5426 1586 5475 in
1630 5426 1888 5488 utrisque.

228 5496 334 5545 Sed
370 5511 479 5561 qua
509 5497 719 5548 ratione
775 5498 877 5548 hoc
915 5500 1143 5559 dicatur,
1176 5499 1337 5563 paulo
1395 5494 1665 5561 posterius
1719 5498 1894 5560 expli~

226 5567 384 5618 cabo.

285 5638 435 5690 Nunc
464 5640 621 5699 illud,
657 5639 783 5706 etc.]
834 5641 985 5691 Sicut
1040 5642 1157 5691 illas
1206 5642 1402 5706 quibus
1452 5652 1687 5689 errorem
1731 5653 1888 5689 suum

216 5709 493 5775 Eutyches
525 5727 680 5777 posse
752 5717 993 5762 astruere
1043 5713 1143 5762 sibi
1188 5712 1471 5763 videbatur
1521 5712 1759 5761 rationes
1814 5726 1890 5761 re-

220 5783 555 5846 capitulavit,
590 5785 663 5834 ita
695 5797 913 5848 quoque
946 5798 1072 5834 suas
1101 5784 1298 5847 quibus
1342 5783 1589 5833 eumdem
1650 5796 1888 5832 errorem

2002 4513 2097 4563 per
2129 4513 2183 4547 sc
2214 4499 2335 4553 alia,
2368 4497 2481 4546 sive
2516 4496 2606 4545 alii
2649 4510 2984 4559 quaecunque
3028 4495 3466 4558 componentium
3520 4500 3647 4544 sunt

1999 4573 2113 4620 veri
2144 4569 2382 4619 nominis
2413 4570 2795 4626 subsistentiis,
2832 4574 2884 4616 et
2912 4582 3092 4616 earum
3126 4568 3211 4615 illa
3256 4569 3473 4631 pmpria
3524 4582 3643 4631 quas

1998 4642 2144 4692 illius
2176 4643 2330 4706 cujus
2366 4646 2493 4691 sunt
2522 4644 2736 4705 generis
2782 4638 3035 4689 omnibus
3082 4654 3399 4702 semperque
3459 4655 3647 4690 conve-

1999 4714 2159 4764 niunt
2188 4728 2202 4765 :
2237 4729 2333 4762 nec
2365 4719 2570 4762 tantum
2604 4714 2731 4761 dum
2765 4717 2985 4761 manent
3019 4712 3072 4761 in
3124 4710 3266 4759 illius
3305 4712 3653 4774 compositio-

1998 4786 2083 4834 nis
2120 4785 2308 4833 habitu
2361 4786 2757 4846 componentia,
2818 4784 2911 4832 sed
2976 4784 3134 4833 etiam
3196 4788 3485 4845 antequam
3532 4784 3653 4845 ipsa

1993 4856 2103 4919 jam
2134 4856 2418 4905 existentia
2485 4860 2900 4919 componantur,
2957 4860 3010 4904 et
3072 4860 3356 4917 postquam
3392 4869 3422 4902 a
3479 4869 3533 4902 se
3574 4853 3650 4902 in-

1996 4927 2166 4977 vicem
2201 4928 2425 4977 fuerunt
2449 4926 2728 4977 dissoluta.
2766 4927 2895 4975 Nam
2929 4928 3237 4990 quicunque
3282 4925 3518 4975 nondum
3554 4940 3652 4988 ge-

2000 5004 2236 5058 neratus,
2274 4998 2489 5047 futurus
2520 5004 2601 5047 est
2624 4999 2805 5059 homo,
2826 4998 2935 5062 jam
2960 5004 3040 5047 est
3060 5012 3273 5061 corpus,
3300 5002 3355 5046 ut
3380 4997 3648 5045 Antichri-

1997 5076 2130 5119 stus.
2165 5072 2481 5133 Quicunque
2508 5084 2633 5120 vero
2660 5070 2771 5132 jam
2821 5071 3100 5120 dissolutis
3142 5070 3322 5119 anima
3348 5076 3398 5118 et
3427 5083 3647 5125 corpore

1998 5155 2108 5191 non
2142 5148 2221 5191 est
2250 5143 2429 5197 homo,
2463 5141 2750 5202 adhucﬁcst
2780 5146 2831 5191 et
2855 5157 3051 5205 corpus
3108 5148 3160 5190 et
3208 5143 3445 5204 spiritus.
3494 5139 3642 5196 Quod

1998 5214 2256 5275 probatur
2286 5227 2381 5274 per
2412 5213 2502 5261 illa
2534 5212 2777 5276 corporis
2812 5218 2970 5276 atque
3002 5213 3224 5274 spiritUs
3263 5211 3491 5272 propria,
3526 5223 3644 5270 quin

1997 5283 2125 5331 solis
2155 5283 2238 5331 his
2268 5283 2625 5341 generalibus,
2659 5297 2688 5331 a
2733 5284 2929 5346 quibus
2982 5284 3096 5331 haec
3141 5279 3361 5329 nomina
3404 5283 3529 5325 sunt
3559 5279 3643 5324 in-

1998 5352 2127 5411 dita,
2162 5355 2492 5402 conveniunt
2528 5354 2925 5412 subsistentiis;
2957 5367 3075 5416 quas
3111 5366 3233 5399 vero
3279 5350 3341 5396 de
3398 5347 3641 5395 nondum

1996 5426 2268 5489 conceptis
2300 5432 2351 5475 et
2382 5426 2447 5474 de
2476 5426 2589 5490 jam
2648 5428 2921 5475 dissolutis
2976 5427 3245 5481 dicuntur,
3279 5426 3331 5469 ut
3392 5421 3456 5468 de
3498 5419 3645 5469 Anti-

1996 5497 2217 5554 christo,
2250 5498 2391 5560 quod
2415 5502 2495 5546 est
2526 5497 2579 5546 in
2613 5497 2810 5547 lumbis
2844 5495 3102 5559 paternis,
3132 5500 3183 5541 ct
3213 5494 3277 5542 de
3326 5491 3637 5549 Phaetonte,

1996 5569 2139 5633 quod
2173 5575 2254 5619 est
2288 5570 2421 5617 situs
2454 5568 2509 5618 in
2543 5570 2809 5631 sepulcro,
2843 5582 2961 5631 qua:
2994 5579 3167 5626 neque
3200 5564 3265 5615 de
3305 5567 3416 5626 illo,
3462 5579 3640 5626 neque

1996 5643 2061 5690 de
2094 5638 2197 5690 isto
2221 5641 2493 5701 dicentur,
2524 5639 2626 5689 nisi
2649 5644 2700 5688 et
2731 5640 2815 5687 ille
2842 5639 2953 5701 jam
3008 5640 3168 5693 esset,
3196 5642 3248 5685 et
3306 5637 3405 5685 iste
3462 5636 3640 5684 adhuc

1997 5717 2140 5763 esset
2172 5728 2369 5774 genere
2420 5726 2635 5775 corpus.
2683 5712 2786 5759 Etsi
2839 5711 2980 5758 enim
3021 5725 3050 5756 a
3097 5723 3151 5755 se
3200 5709 3424 5756 invicem
3458 5711 3639 5768 partes

1994 5784 2347 5835 dissolutione
2379 5784 2659 5840 recedunt,
2685 5795 2789 5831 non
2837 5785 3016 5830 tamen
3068 5780 3133 5827 ab
3192 5796 3256 5828 eo
3311 5780 3461 5842 cujus
3510 5782 3637 5828 sunt
