4046 6180
459 243 595 300 1403

461 370 664 433 partes,
693 366 737 416 si
770 376 879 417 non
912 366 1218 431 integritate
1275 368 1573 429 compositi,
1636 368 1823 416 saltem
1886 382 2109 417 numero

463 442 564 490 sui.
593 440 749 488 Talia
780 453 903 502 ergo
960 454 1023 489 ex
1079 439 1346 503 aliquibus
1402 440 1724 500 constantia,
1771 453 1878 488 non
1935 439 2107 488 solum

465 511 678 567 exiliis,
711 512 801 559 sed
839 514 892 559 et
950 511 1002 559 in
1062 509 1165 558 illis
1223 515 1467 559 constare
1526 511 1771 567 dicimus,
1805 525 1867 559 ex
1918 512 2112 574 quibus

461 583 755 631 consistere
788 582 1163 641 praedicantur.
1194 582 1345 630 Tunc
1374 584 1533 633 enim.
1568 584 1669 632 hoc
1705 588 1800 643 est,
1834 583 1877 630 si
1908 583 1960 631 in
1997 583 2112 644 ipsa

462 654 849 714 compositione
894 666 999 700 non
1044 658 1479 715 corrumpuntur,
1530 654 1623 703 sed
1699 656 1933 703 retinent
1993 667 2109 702 esse

462 727 605 789 quod
638 732 805 781 erant,
842 740 1128 788 possumus
1160 726 1334 775 dicere
1368 740 1622 776 coronam
1655 728 1705 775 in
1744 728 1966 787 gemmis
2020 741 2111 775 au-

462 809 629 858 roque
663 797 978 847 consistere.
1029 796 1265 846 Gemma:
1318 798 1459 846 enim
1507 802 1633 847 sunt
1676 811 1920 859 gemmae,
1954 803 2109 857 atque

463 882 651 915 aurum
712 873 791 916 est
844 880 1084 916 aurum:
1136 866 1191 915 in
1251 868 1464 931 quibus,
1520 868 1671 932 quasi
1731 870 1890 924 dicat,
1926 870 1977 916 in
2014 882 2110 915 sua

459 941 761 988 substantia
794 939 1239 1001 permanantibus
1270 954 1468 988 corona
1502 942 1763 989 consistit.
1806 940 1955 999 Quod
2001 952 2107 987 non

459 1011 534 1058 ita
559 1011 732 1059 dicere
766 1025 1065 1071 possemus,
1100 1013 1141 1059 si
1175 1011 1257 1059 vel
1309 1011 1553 1067 alterum,
1586 1012 1669 1060 vel
1716 1018 1999 1073 utrumque
2055 1011 2109 1057 in

463 1083 853 1144 compositione
886 1088 1340 1145 corrumperetur.
1370 1085 1495 1131 Nam
1529 1085 1581 1131 in
1620 1084 1795 1147 priore
1844 1083 2110 1143 composi-

463 1153 627 1203 tionis
654 1154 833 1209 modo,
865 1168 971 1203 non
1010 1158 1089 1202 est
1118 1154 1223 1203 mel
1257 1160 1419 1217 atque
1452 1169 1609 1217 aqua,
1646 1154 1701 1202 in
1739 1154 1935 1217 quibus
1980 1167 2108 1202 con-

465 1229 571 1273 stct
602 1225 733 1273 illud
766 1226 909 1289 quod
946 1240 1007 1274 ex
1043 1226 1281 1288 utrisque
1312 1226 1694 1287 compositione
1720 1227 1982 1289 jungitur.

531 1296 655 1344 Cum
692 1296 874 1358 igitur,
907 1296 1031 1359 etc.]
1060 1298 1220 1355 Quasi
1255 1313 1267 1345 :
1314 1298 1445 1345 Cum
1506 1303 1728 1359 utraque
1780 1311 2109 1361 componen-

464 1370 538 1418 tia
563 1372 801 1424 manent,
836 1373 965 1417 tunc
994 1372 1046 1416 et
1075 1371 1127 1415 in
1156 1367 1238 1415 his
1273 1382 1335 1415 ex
1385 1368 1582 1430 quibus
1632 1373 1840 1419 constat
1895 1384 2109 1432 compo-

468 1442 628 1489 situm
664 1438 960 1488 consistere
1018 1440 1229 1487 dicitur.
1293 1439 1461 1499 Igitur
1515 1454 1635 1488 cum
1684 1440 1817 1488 ﬁdes
1846 1440 2109 1489 catholica

466 1512 787 1561 conﬁteatur
817 1515 1071 1573 utrasque
1122 1513 1362 1567 naturas,
1410 1512 1641 1559 divinam
1694 1512 1897 1560 scilicet
1928 1518 1977 1559 et
2010 1512 2108 1559 hu-

468 1597 701 1641 manam,
761 1596 975 1631 manere
1034 1582 1090 1630 in
1150 1582 1373 1642 Christo,
1435 1582 1755 1646 easdemque
1828 1584 2107 1645 persistere

467 1655 582 1702 sine
613 1655 794 1716 aliqua
825 1654 1168 1716 corruptione
1221 1654 1500 1715 perfectas,
1560 1655 1700 1717 quod
1755 1658 1839 1703 est
1900 1668 1998 1703 nec
2028 1656 2107 1703 al-

466 1729 633 1774 terain
663 1724 1009 1774 transmutari
1070 1724 1125 1773 in
1185 1726 1427 1782 alteram,
1478 1725 1597 1788 jure
1654 1723 1783 1774 dicit
1844 1725 2108 1776 Christum

467 1798 777 1851 consistere,
811 1802 863 1845 et
891 1796 945 1844 in
977 1798 1218 1860 utrisque
1275 1798 1482 1846 naturis
1528 1802 1582 1846 et
1638 1812 1700 1845 ex
1759 1798 2015 1861 utrisque.
2048 1800 2111 1847 Et

467 1867 607 1916 sicut
636 1882 798 1929 supra
828 1867 1084 1930 Eutychis
1113 1868 1270 1917 verba
1306 1882 1426 1918 cum
1461 1868 1565 1917 illis
1598 1882 1718 1929 quae
1754 1868 1803 1917 ei
1852 1871 2113 1918 videban-

466 1944 554 1989 tur
580 1940 879 1989 rationibus
911 1941 1207 2003 repetebat,
1243 1944 1300 1988 ut
1335 1940 1531 1989 melius
1595 1942 1709 2003 ejus
1769 1955 1913 1989 error
1958 1947 2113 2005 pate-

466 2016 567 2067 ret,
600 2012 672 2059 ita
702 2017 755 2059 et
781 2011 1167 2060 catholicorum
1202 2012 1365 2059 verba
1404 2026 1523 2059 cum
1574 2026 1760 2060 eorum
1813 2010 2112 2061 rationibus

466 2083 677 2143 repetit.
713 2087 853 2132 utet
886 2084 999 2145 ipsa
1032 2099 1060 2131 a
1110 2082 1359 2131 ﬁdelibus
1401 2086 1689 2132 teneantur
1738 2082 1983 2131 indubia.
2029 2085 2115 2133 Ait

468 2151 731 2213 ergo:In
782 2152 1024 2215 utrisque
1082 2154 1297 2215 quidem
1356 2154 1562 2200 naturis
1622 2151 1886 2200 Christum
1942 2154 2114 2201 consi-

468 2228 624 2279 stere,
656 2223 788 2272 fides
818 2223 1077 2273 catholica
1108 2223 1254 2283 dicit,
1305 2222 1432 2286 quia
1476 2229 1694 2271 manent
1738 2228 1978 2287 utraeque
2006 2240 2016 2283 ;
2050 2239 2111 2272 ex

468 2296 705 2357 utrisque
724 2310 869 2349 vero,
904 2296 1031 2358 quia
1056 2294 1249 2343 Christi
1307 2308 1427 2357 quas
1487 2300 1600 2343 erat
1654 2295 1718 2343 ab
1767 2300 1967 2343 aeterno
2002 2310 2114 2356 per-

469 2382 618 2426 sona,
657 2372 709 2415 et
738 2369 853 2415 sine
882 2366 1061 2429 aliqua
1118 2366 1510 2429 compositione
1587 2382 1690 2415 una
1745 2368 1816 2425 ﬁt,
1850 2381 1956 2415 non
1994 2370 2111 2430 qui-

469 2438 587 2486 dem
621 2438 762 2501 quod
797 2443 925 2493 erat,
958 2438 1009 2486 id
1043 2442 1124 2487 est
1156 2451 1389 2499 persona
1420 2438 1505 2487 vel
1536 2452 1660 2495 una,
1696 2438 1788 2487 sed
1827 2438 1968 2500 quod
2005 2453 2111 2488 nou

471 2515 601 2565 erat,
636 2508 686 2556 id
722 2513 801 2557 est
832 2514 1179 2572 utrarumque
1212 2514 1522 2558 naturarum
1587 2511 1911 2559 adunatione
1960 2525 2069 2559 una
2100 2523 2113 2559 :

470 2584 786 2629 naturarum
820 2580 956 2637 dico,
996 2594 1103 2629 non
1132 2580 1225 2629 illa
1256 2580 1584 2630 adunatione
1617 2582 2112 2644 corruptarum,sed

472 2650 589 2700 sine
653 2652 829 2715 aliqua
889 2653 1232 2715 corruptione
1286 2654 1638 2701 manentium.
1698 2654 1766 2701 Ex
1804 2654 1903 2702 hoc
1936 2659 2113 2703 autem

471 2723 813 2773 manifestum
848 2727 927 2773 est
957 2726 1098 2788 quod
1133 2740 1252 2775 cum
1288 2726 1541 2789 Eutychis
1601 2725 1825 2788 perﬁdia
1878 2730 1931 2775 et
1987 2727 2117 2774 ﬁdes

474 2795 737 2845 catholica
768 2795 910 2845 dicat
943 2796 1212 2845 Christum
1241 2811 1305 2846 ex
1336 2798 1577 2861 utrisque
1610 2798 1815 2845 naturis
1866 2797 2115 2861 junctum

479 2882 611 2924 esse,
646 2881 753 2915 non
782 2872 959 2916 tamen
997 2869 1292 2917 secundum
1347 2883 1463 2917 eam
1517 2867 1962 2928 signiﬁcationem
2018 2870 2118 2918 hoc

478 2938 608 2988 ﬁdes
639 2938 904 2987 catholica
940 2944 1092 2989 tenet
1123 2940 1417 2989 secundum
1476 2954 1635 3003 quam
1685 2940 1953 3002 Eutyches
1998 2955 2116 3003 pro-

474 3010 690 3059 nuntiat
724 3026 737 3068 ;
771 3023 925 3060 vere:
966 3024 1086 3059 nam
1111 3011 1212 3066 ille,
1247 3011 1347 3059 hoc
1378 3016 1456 3059 est
1487 3011 2113 3075 Eutyches,sumittalem

1093 246 1164 299 IN
1205 243 1468 300 LIBRUM
1508 244 1597 298 DE
1639 243 1916 299 DUABUS
1956 242 2258 297 NATURIS
2298 244 2384 297 ET
2425 245 2567 299 UNA
2606 244 2931 300 PERSONA
2972 246 3245 302 CHRISTI

3672 255 3771 307 “Oi

2141 366 2195 432 Α
2224 365 2342 427 lius,
2377 367 2456 416 vel
2487 367 2603 430 ejus
2632 368 2859 431 Spiritus
2889 374 3107 419 sanctus
3138 370 3252 419 sine
3282 370 3431 420 initio
3482 370 3648 428 fuerat,
3692 387 3782 437 per.

2224 452 2411 487 sonam
2441 453 2545 487 non
2580 440 2735 489 aliam
2796 442 3029 503 explere.
3086 441 3188 491 hoc
3244 448 3321 493 est
3375 444 3570 505 plenum
3610 444 3781 496 reddere

2224 523 2508 558 numerum
2539 511 2817 560 Trinitatis
2851 529 2863 571 ;
2897 518 2949 561 et
2980 513 3055 561 ita
3085 513 3340 570 eamdem,
3374 519 3428 562 ut
3459 529 3563 562 cum
3589 516 3783 564 humani-

2224 586 2303 628 tas
2335 596 2491 643 passa
2522 582 2606 642 sit,
2638 583 2690 630 id
2724 588 2804 631 est
2855 599 2975 633 cum
3035 599 3140 632 non
3196 585 3407 641 divinata,
3458 587 3541 634 sed
3588 588 3785 637 humanm

2224 658 2429 702 naturre
2461 657 2747 703 conveniat
2776 655 2971 717 passio,
3021 662 3073 705 et
3129 659 3416 705 secundum
3472 672 3575 705 eam
3628 663 3785 707 tantum

2222 739 2409 786 passus
2441 726 2509 773 sit
2542 726 2800 783 Christus,
2862 742 2985 777 vere
3047 733 3227 777 tamen
3282 729 3479 777 dicatur
3538 729 3660 777 Deus
3704 745 3786 779 esse

2222 811 2427 859 passus.
2464 799 2612 855 Quod
2649 812 2985 862 nequaquam
3024 802 3308 855 diceretur,
3340 802 3379 848 si
3411 800 3542 849 Deus
3589 804 3634 848 et
3667 801 3787 850 homo

2220 867 2355 939 ituri
2386 867 2695 939 παράθεσιν,
2730 870 2829 918 hoc
2860 877 2938 920 est
2969 873 3266 920 secundum
3318 874 3675 933 appositionem
3718 874 3788 921 sibi

2222 937 2451 987 invicem
2467 937 2655 1002 juncti
2689 946 2864 988 essent
2897 942 2948 989 in
2975 940 3209 990 Christo.
3269 943 3371 990 Sed
3421 943 3666 1004 quoniam,
3694 947 3788 991 teste

2221 1024 2368 1058 sacra
2397 1011 2693 1073 Scriptura,
2729 1010 2869 1060 sicut
2899 1013 3075 1061 anima
3108 1014 3385 1062 rationalis
3424 1017 3475 1060 et
3529 1028 3639 1061 caro
3690 1028 3790 1062 unus

2218 1084 2298 1129 est
2334 1080 2513 1137 homo,
2550 1083 2623 1130 ita
2656 1084 2796 1130 Deus
2854 1088 2905 1131 et
2964 1084 3125 1131 homo
3189 1098 3328 1132 unus
3359 1091 3436 1132 est
3462 1085 3689 1143 Christus,
3718 1086 3791 1133 hoc

2218 1157 2298 1201 est
2354 1154 2606 1214 quoniam
2669 1154 2734 1201 de
2798 1168 2906 1202 uno
2957 1154 3302 1216 singulariter
3360 1161 3412 1203 et
3461 1155 3793 1205 individualiter

2220 1222 2432 1271 Christo
2470 1223 2653 1271 divina
2685 1228 2738 1271 et
2762 1224 2998 1272 humana
3030 1231 3246 1282 natura,
3280 1225 3361 1272 his
3410 1238 3525 1287 qua;
3557 1227 3615 1273 ab
3641 1227 3790 1274 eisdem

2219 1298 2345 1341 sunt
2406 1294 2579 1342 indita
2629 1294 2838 1343 Christo
2897 1296 3229 1351 nominibus,
3298 1295 3545 1344 videlicet
3600 1298 3712 1344 Deus
3760 1301 3794 1346 et

2218 1365 2396 1419 homo,
2464 1365 2536 1412 ita
2592 1379 2718 1413 vere
2768 1371 2821 1415 et
2859 1367 2975 1415 sine
3026 1366 3400 1415 translationis
3440 1367 3652 1429 alicujus
3704 1368 3793 1417 sche

2219 1439 2357 1483 mate
2391 1436 2769 1497 praedicantur,
2802 1438 2937 1485 sicut
2987 1438 3051 1485 de
3114 1438 3355 1500 quolibet
3414 1437 3614 1486 homine
3654 1444 3797 1485 natura

2219 1508 2409 1555 animm
2444 1512 2497 1555 et
2527 1507 2721 1565 carnis,
2760 1509 2841 1557 his
2870 1510 3067 1572 quibus
3096 1511 3162 1558 ab
3195 1511 3394 1558 eisdem
3448 1509 3641 1558 naturis
3679 1510 3796 1557 homo

2217 1579 2634 1641 appellationem
2698 1580 2860 1629 habet
2916 1581 3245 1637 nominibus,
3313 1580 3516 1629 scilicet
3572 1580 3723 1629 anima
3764 1587 3798 1628 et

2217 1664 2339 1698 caro
2372 1649 2643 1711 dicuntur,
2677 1654 2958 1714 supposito
2990 1653 3178 1701 eodem
3210 1654 3442 1709 Christo,
3492 1650 3664 1715 quovis
3710 1652 3797 1700 isto-

2145 1737 2183 1800 B
2217 1736 2332 1800 rum
2372 1722 3449 1800 praedicatorum,nominu_m,_alterum,
3500 1729 3550 1773 et
3602 1723 3799 1787 quidquid

2217 1798 2422 1842 natura?
2456 1807 2551 1854 per
2581 1794 2712 1842 illud
2753 1794 2979 1843 alterum
3028 1795 3343 1855 signiﬁcata:
3394 1808 3597 1843 causam
3640 1800 3800 1842 natura-

2213 1864 2333 1912 liter
2362 1864 2659 1922 comitatur,
2690 1866 2886 1927 poterit
2918 1867 3217 1928 praedicari.
3267 1868 3401 1915 Nam
3453 1869 3505 1913 et
3549 1879 3654 1912 cum
3681 1865 3796 1912 homo

2215 1937 2282 1983 sit
2314 1935 2491 1985 anima
2524 1940 2576 1984 et
2607 1951 2820 1999 corpus,
2854 1938 2954 1986 hoc
2987 1939 3122 2000 ejus,
3174 1937 3226 1985 id
3273 1942 3359 1986 est
3406 1936 3631 1985 hominis
3670 1934 3799 1984 nomi-

2216 2022 2298 2065 ne,
2333 2009 2475 2071 quod
2510 2015 2590 2057 est
2620 2008 2815 2058 animal
2848 2011 2929 2057 vel
2990 2011 3251 2059 rationale
3309 2010 3498 2058 eodem
3560 2009 3798 2071 supposito.

2216 2085 2470 2143 poterunt
2500 2096 2622 2130 vere
2663 2083 2960 2144 praedicari.
3015 2083 3129 2131 Non
3188 2083 3350 2131 modo
3412 2082 3498 2130 illa
3558 2095 3661 2143 qua:
3710 2082 3799 2127 sunt

2224 2154 2437 2214 propria
2492 2155 2812 2212 animarum,
2868 2168 3052 2202 verum
3130 2154 3288 2202 etiam
3374 2155 3466 2203 illa
3538 2168 3644 2217 quae
3712 2158 3801 2199 sunt

2223 2227 2435 2288 propria
2470 2239 2775 2286 corporum.
2810 2230 2865 2273 ut
2896 2231 3014 2274 octo
3051 2228 3244 2274 animae
3290 2228 3621 2273 intraverunt
3661 2227 3704 2271 in
3740 2237 3800 2270 ar-

2219 2309 2356 2342 cam.
2394 2292 2486 2341 tlic
2518 2295 2657 2341 enim
2694 2295 2793 2342 hoc
2826 2294 3021 2355 plurali
3055 2296 3292 2348 nomine,
3341 2295 3486 2354 quod
3534 2299 3606 2341 est
3642 2292 3800 2345 animis,

2219 2379 2325 2413 non
2355 2365 2560 2414 animas
2594 2364 2889 2418 hominum,
2923 2366 3013 2412 sed
3048 2367 3189 2426 ipsos
3220 2365 3470 2412 homines
3524 2369 3686 2411 auctor
3718 2376 3802 2423 sup

2218 2439 2399 2499 posuit
2431 2453 2442 2495 ;
2476 2441 2528 2485 et
2558 2438 2699 2499 quod
2734 2450 2839 2485 non
2874 2438 3171 2492 animabus,
3218 2438 3310 2485 sed
3371 2436 3499 2485 solis
3551 2434 3802 2496 corporibus

2219 2508 2489 2568 convenit,
2526 2510 2726 2557 intrare
2759 2509 3021 2565 videlicet,
3068 2509 3399 2570 praedicavit.
3462 2506 3693 2555 Similiter
3737 2519 3804 2569 po-

2219 2585 2321 2629 test
2349 2580 2470 2637 dici,
2503 2581 2774 2643 quoddam
2810 2580 3070 2629 rationale
3100 2585 3181 2628 est
3201 2581 3408 2634 album,
3438 2581 3603 2628 uthoc
3622 2579 3801 2633 nomine,

2220 2652 2361 2715 quod
2394 2658 2474 2701 est
2502 2652 2780 2708 rationale,
2806 2652 2948 2713 quod
2973 2653 3037 2700 ab
3057 2653 3247 2700 animae
3276 2653 3521 2713 potentia
3549 2663 3644 2699 non
3686 2647 3802 2697 modo

2220 2724 2389 2785 ipsius
2421 2723 2629 2778 animm,
2663 2723 2753 2771 sed
2785 2724 2943 2771 etiam
3003 2722 3237 2771 hominis
3295 2736 3497 2771 nomen
3550 2726 3638 2777 est,
3686 2720 3803 2768 homo

2220 2797 2333 2858 ipse
2365 2794 2696 2856 intelligatur
2725 2795 3071 2857 suppositus;
3126 2799 3178 2842 et
3238 2798 3424 2842 tamen
3484 2793 3546 2841 ad
3577 2792 3693 2839 hanc
3717 2804 3803 2850 sup-

2222 2866 2567 2929 positionem,
2624 2865 2811 2913 albedo
2872 2879 2992 2928 quas
3042 2877 3151 2913 non
3206 2866 3422 2922 animm,
3483 2863 3569 2912 sed
3621 2861 3803 2924 corporis

2222 2937 2450 3001 qualitas
2471 2941 2551 2985 est
2566 2950 2689 2984 vere
2713 2936 3018 3000 praedicata.
3053 2937 3180 2983 Item
3208 2935 3311 2983 hoc
3360 2935 3587 2983 hominis
3620 2932 3804 2987 nomine,

2224 3011 2366 3072 quod
2400 3012 2479 3055 est
2508 3022 2704 3071 corpus
2737 3007 2817 3055 vel
2850 3007 3048 3065 album,
3082 3006 3270 3055 eodem
3329 3006 3548 3054 homine
3601 3003 3803 3064 subjecto,

468 3081 917 3145 signiﬁcationem
954 3083 1371 3145 conjunctionis,
1406 3098 1524 3133 cum
1558 3084 1752 3133 dicitur
1783 3099 1845 3133 ex
1883 3088 2108 3148 utraque
2144 3092 2184 3155 ρ
2224 3084 2450 3142 possunt
2478 3093 2602 3155 vere
2634 3078 2911 3155 praedicari
2943 3078 3008 3126 de
3037 3078 3151 3139 ipso
3190 3090 3308 3153 non
3364 3077 3804 3155 modo-corporum:

469 3158 679 3213 natura,
710 3159 766 3203 ut
802 3168 907 3201 non
942 3155 1261 3204 conﬁteatur
1290 3156 1556 3204 Christum
1607 3156 1660 3203 in
1710 3157 1946 3219 utrisque
1977 3171 2109 3205 con-

468 3224 694 3275 sistere:
730 3228 781 3272 et
811 3239 975 3287 quare
1009 3239 1114 3273 non
1154 3226 1472 3274 conﬁteatur
1501 3225 1555 3273 in
1591 3228 1850 3290 utrisque,
1884 3227 2109 3291 subjun-

469 3295 545 3355 git
579 3310 589 3341 :
624 3308 800 3357 neque
832 3295 973 3344 enim
1006 3295 1288 3344 conﬁtetur
1330 3300 1583 3361 utrasque
1631 3312 1870 3347 manere.
1914 3299 2109 3346 Catho-

468 3364 605 3413 licns
634 3379 763 3413 vero
792 3367 958 3414 sumit
997 3380 1111 3415 eam
1163 3366 1611 3427 signiﬁcationem
1665 3368 1993 3418 consistendi
2047 3385 2109 3417 ex

467 3436 727 3498 utrisque,
760 3450 879 3498 quae
945 3438 1014 3486 sit
1070 3438 1247 3501 prima
1303 3439 1376 3487 illi
1428 3440 1824 3499 signiﬁcationi,
1886 3455 2111 3505 eamque

465 3510 768 3559 conservet,
801 3521 921 3568 quas
953 3508 1006 3555 in
1041 3508 1281 3571 utrisque
1313 3511 1603 3559 consistere
1666 3512 1968 3561 conﬁtetur.
2027 3514 2113 3561 Pa-

462 3582 539 3628 tet
570 3577 749 3638 igitur,
775 3580 1031 3640 quoniam
1064 3580 1167 3629 hoc
1192 3582 1335 3643 quod
1370 3582 1568 3631 dicitur
1599 3598 1660 3631 ex
1697 3582 1935 3647 utrisque
1995 3599 2115 3634 con-

467 3649 657 3697 sistere
676 3650 1027 3719 mquivocum
1059 3656 1154 3709 est,
1187 3667 1247 3700 ac
1285 3653 1460 3714 potius
1492 3654 1873 3714 amphibolum,
1912 3660 1963 3704 et
2018 3671 2116 3719 ge-

471 3720 620 3767 mina
645 3717 1055 3781 signiﬁcatione,
1089 3723 1151 3771 ad
1186 3737 1343 3786 quam
1394 3724 1787 3773 rationabiliter
1833 3717 2113 3776 verborum

472 3803 527 3860 se
550 3789 1005 3860 q-ivﬁsmehabet,
1032 3791 1244 3842 diversa
1274 3792 1599 3856 designans;
1633 3798 1685 3843 et
1716 3810 1834 3858 quas
1884 3796 2115 3860 diversa,

471 3858 737 3909 divisione
768 3863 1022 3918 ostendit,
1052 3864 1239 3914 dicens
1272 3878 1285 3913 :
1320 3865 1439 3915 Una
1468 3866 1685 3929 quidem
1726 3858 2114 3929 signiﬁcatione

472 3931 761 3991 designans
794 3946 904 3981 non
937 3948 1155 3983 manere
1189 3938 1533 3995 substantias,
1567 3938 1616 3985 id
1652 3943 1747 3993 est,
1774 3940 1844 3987 ita
1892 3954 1953 3988 ex
1986 3942 2115 3989 utri-

469 4016 611 4073 sque
633 4004 948 4064 consistere,
980 4009 1039 4053 ut
1075 4019 1183 4055 non
1222 4011 1476 4056 maneant
1523 4008 1857 4065 substantiae,
1884 4024 1947 4058 ex
1997 4012 2118 4073 qui-

467 4073 569 4123 bus
600 4072 729 4122 illud
764 4075 907 4138 quod
955 4077 1266 4139 capillatum
1314 4083 1393 4127 est
1436 4079 1646 4127 dicatur
1692 4093 1808 4128 esse
1860 4072 2122 4144 conjunc-

469 4149 628 4203 tum;
690 4146 794 4195 alio
849 4152 1028 4196 autem
1094 4149 1255 4198 modo
1312 4150 1620 4212 signiﬁcans
1667 4151 1740 4200 ita
1784 4165 1847 4200 ex
1881 4153 2121 4217 utrisque

473 4218 842 4280 coniunctum,
879 4225 936 4268 ut
967 4225 1191 4283 utraque
1224 4226 1595 4285 permaneant.

536 4290 639 4337 Hoc
667 4291 835 4351 igitur
863 4292 1123 4353 expedito,
1156 4292 1279 4358 etc.]
1311 4294 1599 4357 Hucusque
1636 4293 1867 4344 Nestorii
1917 4300 1969 4346 et
2028 4297 2125 4347 En-

477 4361 652 4424 tychis
684 4376 892 4411 errores
955 4364 1054 4411 sibi
1116 4364 1343 4413 invicem
1401 4366 1701 4415 contrarios
1758 4372 1809 4415 et
1857 4368 2039 4417 docuit
2074 4372 2123 4419 et

476 4434 763 4482 submovit.
797 4435 949 4483 Nunc
979 4436 1120 4499 quod
1184 4437 1325 4485 inter
1380 4451 1471 4485 eos
1526 4437 1657 4485 ﬁdes
1715 4439 1978 4489 catholica
2022 4454 2127 4489 me-

478 4504 624 4552 dium
659 4508 861 4560 teneat,
895 4504 1067 4566 ponit.
1117 4506 1323 4565 Quasi:
1378 4506 1452 4554 Ex
1513 4509 1753 4569 utrisque
1816 4512 2122 4570 consistere,

475 4575 813 4638 aequivocum
846 4577 929 4625 vel
961 4576 1271 4641 ambiguum
1302 4583 1397 4627 est.
1448 4579 1705 4639 Expedito
1751 4579 1927 4642 igitur,
1956 4583 2007 4631 id
2042 4588 2122 4632 est

477 4647 740 4695 divisione
767 4646 940 4696 soluto
972 4649 1073 4697 hoc
1108 4651 1269 4698 modo
1318 4650 1759 4712 tequivocatiouis
1808 4657 1966 4716 atque
2017 4669 2123 4703 am-

476 4718 770 4788 biguitatis,
805 4719 939 4767 nihil
976 4726 1056 4769 est
1086 4722 1225 4770 ultra
1254 4723 1399 4785 quod
1431 4721 1495 4769 ab
1524 4722 1762 4784 Eutyche
1817 4726 1898 4773 vel
1946 4728 2123 4788 quoli-

475 4788 567 4836 bet
595 4787 697 4835 alio
729 4790 898 4848 possit
923 4791 1140 4852 opponi,
1175 4790 1305 4853 quin
1351 4789 1419 4839 sit
1480 4790 1532 4839 id
1570 4792 1710 4853 quod
1767 4794 1919 4843 ﬁrma
1965 4787 2121 4845 fvera-

479 4871 582 4921 que
614 4858 762 4917 (ordo
795 4871 1104 4917 conversus,
1136 4875 1233 4924 pro
1268 4875 1395 4909 vera
1436 4861 1713 4924 ﬁrmaque)
1744 4875 1757 4911 :
1808 4878 1951 4922 vera,
1988 4880 2123 4929 quo-

481 4930 625 4978 niam
659 4929 848 4977 rescita
885 4945 940 4978 se
993 4931 1197 4992 habet;
1256 4931 1424 4988 ﬁrma,
1478 4934 1734 4993 quoniam
1789 4937 2122 4997 argumentis

480 5001 703 5063 probata
756 5002 885 5049 ﬁdes
942 5003 1205 5053 catholica
1251 5006 1510 5063 oontinet,
1566 5006 1818 5056 videlicet
1855 5009 2118 5060 Christum

483 5072 727 5122 eumdem
756 5086 874 5145 esse
924 5073 1193 5125 hominem
1251 5076 1502 5125 humanae
1551 5078 1861 5128 substantiae
1906 5082 2123 5145 integri-

480 5148 586 5193 tate
650 5143 962 5206 pert‘ectum,
1021 5148 1266 5195 eumdem
1324 5149 1549 5197 veritate
1620 5148 1816 5198 divina:
1876 5143 2120 5202 essen—tia}

478 5215 667 5276 Deum,
700 5219 751 5264 et
781 5218 883 5264 hoc
912 5218 1129 5278 quidem
1182 5222 1365 5268 contra
1421 5218 1699 5281 Eutychen
1754 5234 1872 5269 cum
1930 5222 2121 5273 Nesto-

478 5285 579 5341 rio,
609 5288 964 5351 eamdemque
999 5290 1089 5351 qui
1120 5290 1280 5338 homo
1311 5289 1397 5351 sit,
1426 5292 1561 5339 sicut
1591 5305 1749 5353 supra
1780 5291 1976 5341 dictum
2021 5300 2118 5354 est,

480 5357 749 5419 perfectus
782 5362 941 5423 atque
976 5362 1211 5409 essentia
1242 5375 1399 5410 verus
1431 5364 1587 5418 Deus,
1638 5376 1807 5411 unum
1851 5379 1965 5413 esse
2003 5380 2120 5427 per-

479 5429 647 5477 sonali
680 5433 1007 5492 proprietate
1041 5434 1225 5490 Deum,
1258 5434 1505 5482 essentim
1542 5433 1756 5496 quidem
1790 5437 2027 5493 veritate,
2061 5452 2121 5485 ac

482 5502 573 5549 Dei
603 5500 793 5549 Filium
826 5503 1172 5565 proprietate.
1202 5506 1323 5561 Nec,
1361 5505 1497 5552 sicut
1554 5502 1732 5552 minus
1788 5506 2122 5568 intelligenti-

480 5572 581 5619 bus
640 5571 776 5621 forte
826 5575 1055 5633 videtur,
1115 5576 1282 5625 astrui
1339 5576 1749 5637 quaternitatem
1832 5578 2119 5643 Trinitatis,

481 5643 606 5692 dum
641 5644 819 5701 homo,
854 5647 955 5695 hoc
1000 5654 1083 5697 est
1140 5648 1376 5697 humana
1424 5652 1635 5705 natura,
1690 5646 1907 5697 additur
1957 5665 2122 5713 supra

482 5716 777 5778 perfectum
826 5719 1018 5781 Deum,
1068 5722 1159 5770 sed
1215 5734 1374 5770 unam
1427 5720 1742 5769 individuali
1794 5724 2121 5785 proprietate

486 5802 785 5849 personam,
819 5793 1189 5857 eamdemque,
1220 5806 1340 5857 qua
1371 5792 1508 5842 sicut
1567 5794 1731 5855 Pater,
1760 5794 1841 5843 vel
1884 5795 2001 5857 ejus
2045 5797 2120 5846 Fi-

2224 3164 2411 3199 verum
2443 3152 2600 3198 etiam
2660 3150 2959 3197 animarum
3018 3146 3284 3210 prepria:
3351 3152 3411 3195 ut
3468 3145 3705 3195 rationale
3750 3142 3805 3189 vel

2222 3224 2508 3280 musicum,
2540 3221 2623 3270 vel
2662 3218 2968 3284 liujusmodi
3002 3218 3124 3268 alia.
3158 3218 3221 3268 Et
3270 3218 3599 3281 generaliter
3630 3214 3808 3278 quoties-

2220 3310 2435 3360 cunque
2498 3310 2663 3344 unum
2724 3293 2907 3343 multis
2966 3294 3262 3342 secundum
3346 3294 3585 3342 eamdem
3638 3289 3809 3341 faculta-

2219 3372 2325 3417 tem
2380 3367 2684 3429 appellatur
2738 3364 3066 3421 nominibus,
3146 3364 3392 3427 quolibet
3468 3378 3657 3419 eorum,
3707 3362 3807 3408 facta

2222 3438 2593 3500 suppositione
2650 3439 2727 3485 rei
2784 3438 2941 3499 cujus
2998 3441 3123 3485 sunt
3182 3436 3429 3491 nomina,
3471 3449 3588 3483 vere
3637 3434 3807 3494 possunt

2222 3499 2417 3559 castora
2446 3506 2742 3571 praedicari.
2781 3508 2879 3556 Sed
2911 3521 3019 3556 non
3053 3507 3233 3555 omnia
3266 3507 3557 3569 praedicata
3610 3504 3680 3552 his
3718 3499 3807 3571 qui-

2224 3581 2323 3629 bus
2366 3570 2780 3643 ﬁtisuppositio
2834 3578 3188 3627 conuexionis
3250 3578 3676 3641 consequentiam
3723 3570 3807 3619 red.

2225 3653 2419 3701 deret:
2482 3642 2756 3700 sciendum
2816 3664 3045 3712 namque
3109 3650 3508 3698 connexionum
3566 3642 3807 3721 praedicati-

2224 3739 2409 3773 varum
2438 3724 2568 3772 alias
2610 3723 2827 3787 quidem
2886 3728 3299 3785 consequentes.
3360 3722 3487 3769 alias
3545 3734 3656 3768 vero
3706 3728 3805 3763 acci-

2226 3796 2463 3845 dentales
2492 3809 2606 3843 esse
2640 3809 2651 3842 :
2686 3798 3082 3855 consequentes
3119 3800 3262 3847 sunt,
3319 3797 3383 3841 nt
3439 3802 3723 3854 corporeum
3763 3786 3818 3832 est

2231 3871 2572 3925 coloratum;
2636 3866 3010 3921 accidentales,
3075 3869 3134 3913 ut
3191 3878 3510 3926 corporeum
3583 3867 3652 3909 est
3699 3858 3815 3906 ratio-

2230 3941 2367 3991 nale.
2404 3938 2784 3999 Corporalitati
2844 3950 3080 3998 namque
3139 3936 3286 3985 color
3343 3936 3581 3985 debetur.
3619 3945 3708 3980 non
3752 3940 3815 3989 pO‘

2229 4015 2399 4063 tentia
2431 4008 2796 4070 discernendi,
2829 4022 2948 4070 qum
2981 4009 3119 4056 sicut
3167 4007 3311 4055 color
3373 4006 3499 4055 solis
3550 4000 3813 4066 corporibus.

2229 4086 2303 4134 ita
2335 4084 2464 4133 solis
2504 4080 2786 4144 spiritibus
2843 4081 3137 4139 convenit;
3192 4079 3285 4127 sed
3350 4079 3601 4141 quoniam
3648 4078 3692 4122 in
3738 4080 3812 4116 uno

2230 4170 2425 4220 corpus
2457 4159 2509 4203 et
2539 4154 2781 4215 spiritum
2815 4166 2931 4200 esse
2963 4152 3245 4208 contingit,
3283 4149 3350 4198 de
3409 4150 3501 4198 illo
3544 4159 3656 4220 uno
3704 4152 3813 4220 qam:

2232 4210 2445 4288 cunque
2474 4210 2599 4272 sunt
2630 4222 2944 4271 naturaliter
2977 4219 3217 4283 corporis
3265 4225 3427 4282 atque
3476 4218 3689 4281 spiritus,
3716 4210 3813 4288 sicut

2229 4298 2337 4362 jam
2360 4280 2514 4359 saepe
2551 4296 2771 4354 dictum,
2800 4308 2923 4342 vere
2950 4280 3207 4355 pote—runt
3261 4280 3557 4354 praedicari.
3609 4288 3699 4362 blec
3729 4280 3811 4362 tilio

2236 4355 2396 4419 modo
2431 4355 2782 4416 coiinexionis
2830 4364 3109 4413 veritatem
3168 4362 3428 4426 prasdicta
3484 4355 3810 4409 accidentalitas

2162 4470 2206 4531 Ο
2238 4441 2439 4503 poterit
2468 4438 2745 4499 impedire,
2779 4435 2822 4485 si
2872 4444 2919 4485 et
2962 4438 3102 4498 quod
3154 4436 3494 4498 praedicatur,
3527 4439 3575 4481 et
3609 4444 3698 4493 quo
3728 4438 3811 4483 sup

2240 4512 2429 4531 ..ληειτλ
2465 4510 2516 4531 [ξι
2572 4507 2642 4531 :n:
2681 4510 2769 4531 nn;
2803 4511 3095 4531 ..ηίηηπλλ-...π
3150 4506 3391 4531 nnmrlnm
3445 4504 3679 4531 μηθῖιηωητ
3719 4508 3811 4531 mm-

2240 4512 2432 4575 positio
2465 4510 2537 4559 ﬁt.
2572 4507 2643 4555 illi
2681 4510 2769 4555 uni
2802 4511 3099 4555 secundum
3148 4506 3392 4553 eamdem
3444 4504 3679 4575 rationem
3719 4508 3811 4544 ron-

2229 4573 2469 4630 veniant.
2525 4579 2829 4627 Secundum
2890 4579 3131 4626 eamdem
3193 4576 3456 4625 rationem
3510 4573 3720 4623 dicimus,
3763 4577 3808 4612 ne

2230 4653 2369 4702 forte
2401 4652 2520 4715 quis
2552 4651 2775 4698 audens
2802 4651 2865 4697 de
2893 4665 2955 4698 eo
2987 4650 3131 4708 quod
3165 4662 3361 4709 corpus
3416 4651 3497 4694 est
3538 4646 3646 4693 dici.
3673 4640 3806 4689 albam

2231 4729 2309 4773 est
2338 4737 2547 4786 corpus,
2579 4722 2757 4769 album
2788 4726 2866 4769 est
2900 4718 3227 4768 contrarium
3282 4720 3456 4780 nigro,
3515 4719 3649 4777 putet
3696 4718 3805 4786 posse

2231 4796 2356 4851 dici,
2387 4809 2581 4856 corpus
2640 4797 2719 4841 est
2777 4791 3105 4840 contrarium
3166 4788 3397 4851 corpori.
3436 4786 3803 4860 Quamvisenim

2232 4870 2285 4915 et
2315 4850 2527 4928 corpus,
2561 4870 2612 4913 et
2648 4864 2847 4916 album,
2880 4868 2931 4911 et
2960 4850 3306 4919 contrarium,
3357 4859 3592 4922 ejusdem
3631 4853 3693 4902 rei
3732 4850 3805 4897 sint

2232 4927 2468 4997 nomina,
2527 4951 2632 4984 non
2692 4939 2872 4983 tamen
2930 4933 3228 4981 secundum
3287 4931 3529 4979 eamdem
3587 4927 3804 5004 rationem.

2231 5011 2484 5073 quoniam
2548 5022 2743 5069 corpus
2793 5011 2845 5054 et
2897 5007 3074 5054 album
3163 5020 3192 5052 a
3269 5003 3492 5060 naturis,
3549 5004 3802 5073 contrarium

2231 5069 2416 5129 veroa
2473 5077 2768 5127 disserendi
2833 5079 3040 5126 ratione
3099 5077 3239 5125 idem
3299 5075 3579 5137 appellant.
3632 5069 3803 5143 Ideoqvt

2230 5153 2295 5201 de
2326 5152 2411 5199 illo
2443 5152 2767 5198 contrarium
2830 5164 2938 5197 non
2998 5162 3123 5197 vere
3177 5145 3372 5210 poterit
3429 5141 3692 5207 praedicari,
3732 5141 3803 5215 nisi

2230 5240 2293 5273 eo
2326 5224 2543 5272 nomine
2576 5225 2719 5285 quod
2779 5222 2853 5270 illi
2912 5236 2940 5268 a
2996 5235 3153 5269 causa
3203 5216 3591 5268 contrarietatis
3636 5216 3800 5285 impos:

2229 5301 2346 5344 tum
2378 5299 2458 5343 est
2488 5275 2843 5356 supponatur.
2902 5293 2980 5342 lta
3037 5292 3220 5339 album
3277 5293 3354 5338 est
3404 5275 3798 5336 contrarium.”l

2230 5369 2542 5431 huiusmodi
2575 5365 2680 5415 alio
2722 5367 2941 5415 nomine
2997 5363 3287 5427 cujuslibet
3335 5363 3408 5409 rei
3468 5376 3491 5408 a
3547 5370 3681 5408 causa
3721 5362 3797 5429 επ

2231 5438 2626 5489 contrarietatis
2682 5437 2957 5499 imposito.
3015 5439 3131 5486 Non
3190 5434 3328 5483 enim
3393 5432 3491 5480 sibi
3562 5431 3795 5478 contrane.

2232 5511 2334 5561 nisi
2361 5511 2495 5559 forte
2529 5524 2626 5572 per
2657 5509 3111 5557 denominationis
3158 5512 3367 5569 tropum
3429 5502 3607 5551 albedo
3652 5503 3693 5546 et
3737 5507 3795 5568 mf

2231 5583 2393 5646 gredo
2427 5582 2699 5638 dicuntur,
2732 5580 2820 5628 sed
2855 5594 3029 5628 causa;
3079 5575 3465 5647 contrarietati‘s
3520 5572 3701 5647 albi__et
3745 5576 3796 5609 ω·

2230 5640 2329 5716 gri,
2363 5666 2483 5716 quae
2517 5667 2640 5701 vere
2673 5650 2942 5700 contraria
2998 5655 3123 5698 sunt
3184 5648 3283 5696 sibi
3338 5643 3578 5694 invicem.
3621 5640 3794 5716 Diligen-

2233 5708 2518 5775 tvertamen
2553 5728 2632 5772 est
2654 5723 3059 5781 attendendum,
3093 5719 3238 5784 quod
3282 5732 3395 5767 cum
3445 5716 3623 5762 dicitur
3659 5708 3791 5756 album

2232 5801 2310 5847 est
2341 5797 2610 5853 accidens,
2645 5808 2985 5857 nequaquam
3018 5794 3195 5842 album
3255 5805 3316 5839 ex
3369 5786 3616 5837 albedinis
3656 5787 3788 5829 cson.
