4030 6186
110 238 132 289 1
144 236 250 288 405

1182 230 1505 287 GILBERTI
1543 230 1888 286 PORRETE
1928 230 2463 287 COMMENTARIA.

3391 233 3527 288 1406

104 362 204 412 sed
242 359 438 410 albedo
467 360 585 423 ipsa
646 356 900 409 accidens
954 358 1274 422 appellatur.
1332 358 1482 409 Unde
1546 358 1772 407 manife-
1804 358 1857 424 Α
1885 356 2145 420 loquendi
2174 358 2413 409 rationes
2441 360 2561 424 prae
2583 364 2765 410 mente
2795 359 3215 422 debetjhahere,
3247 362 3530 424 etsecun-

102 438 253 485 stum
304 436 401 487 est.
455 432 598 496 quod
663 430 967 481 disserendi
1033 432 1241 481 ratione
1296 445 1420 481 vere
1466 430 1530 479 de
1589 429 1771 492 aliquo

101 506 403 572 praedicare
437 518 547 553 non
582 518 887 567 possumus,
948 502 1053 552 nisi
1122 504 1364 566 subjecto
1423 503 1768 565 praedicatum

106 580 345 643 quadam
409 590 589 625 rerum
649 576 1069 636 signiﬁcatarum
1128 576 1514 639 consequentia
1572 588 1773 623 conne-

104 655 310 699 ctatur.
338 648 573 710 Ideoque
625 645 890 695 connexio
948 660 1053 709 qua
1114 647 1329 703 dicitur,
1387 646 1528 693 Deus
1584 659 1773 706 passus

109 727 216 776 est.
250 720 500 785 quamvis
558 717 911 767 accidentalis
970 717 1057 774 sit,
1090 732 1216 767 vera
1275 723 1457 767 tamen
1507 721 1604 773 est,
1662 730 1771 764 non

108 794 261 857 quod
293 792 410 856 ipsa
465 790 647 839 Deitas
706 789 887 853 aliqua
944 793 1295 840 conversione
1354 791 1435 839 sui
1508 789 1649 838 facta
1707 788 1775 837 sit

110 868 429 916 humanitas
486 864 953 924 (inconvertibilis,
1018 864 1120 912 hoc
1176 869 1257 912 est
1312 871 1365 911 et
1425 861 1649 911 omnino
1692 863 1773 909 in-

111 936 519 988 commutabilis
551 939 669 995 est),
707 935 799 984 sed
828 935 970 997 quod
1005 949 1035 983 a
1066 936 1287 991 Deitate,
1323 935 1424 983 hoc
1474 939 1553 982 est
1592 950 1621 981 a
1667 934 1773 982 Deo

110 1008 283 1059 fuerit
320 1013 616 1069 assumpta,
645 1021 704 1055 ac
736 1019 829 1068 per
858 1007 958 1055 hoc
1017 1006 1074 1054 in
1136 1005 1269 1055 Filio
1321 1005 1415 1054 Dei
1444 1005 1656 1054 Christo
1689 1006 1774 1051 vi-

110 1079 311 1130 delicet
368 1091 494 1127 vere
552 1078 861 1141 conjuncta,
923 1077 1079 1140 cujus
1131 1077 1532 1138 conjunctionis
1567 1076 1774 1123 ratione

111 1158 260 1200 recte
290 1150 350 1199 ﬁt
407 1162 516 1198 non
575 1150 734 1197 modo
793 1150 846 1196 in
908 1147 1268 1207 naturalibus,
1313 1160 1493 1196 verum
1527 1148 1686 1195 etiam
1720 1146 1775 1193 in

111 1221 439 1285 theologicis
496 1218 865 1279 accidentalis,
926 1222 979 1268 et
1036 1224 1217 1267 tamen
1293 1232 1421 1267 vera
1476 1216 1775 1267 dictionum

111 1294 419 1343 connexio:
453 1305 617 1355 quam
653 1292 779 1354 quia
809 1289 1079 1339 Nestorius
1114 1304 1241 1339 vere
1289 1291 1402 1338 ﬁeri
1464 1303 1618 1351 posse
1668 1303 1777 1337 non

112 1371 290 1428 putat,
324 1378 444 1413 cum
472 1364 582 1426 jam
619 1365 718 1411 hoc
749 1362 1159 1425 exemplaverit,
1201 1362 1303 1411 hac
1358 1361 1673 1410 accidentali
1726 1365 1778 1409 et

114 1452 250 1486 vera
281 1437 638 1491 connexione,
673 1448 796 1498 qua:
827 1439 930 1493 est,
980 1434 1120 1483 Deus
1179 1440 1260 1483 est
1318 1448 1523 1495 passus.
1561 1434 1615 1481 in
1673 1447 1779 1496 qua

113 1507 326 1557 scilicet
352 1506 546 1555 Christi
579 1519 830 1568 persona,
863 1506 963 1554 hoc
1022 1519 1119 1554 suo
1169 1520 1196 1553 a
1243 1502 1546 1554 divinitatis
1595 1518 1779 1553 essen-

123 1580 205 1628 tia
252 1578 493 1637 nomine,
554 1579 700 1642 quod
758 1582 840 1627 est
896 1579 1053 1635 Deus,
1102 1577 1396 1641 supposita,
1457 1577 1779 1641 praedicatur

120 1653 325 1713 passio,
358 1666 477 1715 quae
506 1664 613 1699 non
648 1649 965 1707 divinitatis,
1020 1650 1113 1699 sed
1162 1651 1408 1699 animalis
1447 1649 1778 1699 sensibilita-

3283 423 3324 430 ..ου
3366 423 3516 432 ...ο-..-

1885 443 2013 493 dum
2069 448 2158 483 eas
2212 434 2379 485 verba
2434 435 2683 483 formare.
2742 434 2890 489 Nam,
2942 436 3003 480 ut
3055 433 3375 493 defcmteris
3407 447 3525 498 qua:

1884 515 1949 564 ad
1981 509 2359 574 exponendum
2389 509 2651 567 suscepta:
2686 519 2791 552 non
2831 504 3033 552 faciunt
3092 506 3321 568 paginae.
3354 511 3531 555 tacea-

1882 601 2019 645 mus,
2058 584 2112 631 in
2146 578 2502 645 praedicativis
2560 574 3045 633 enuntiationibus,
3107 590 3214 623 non
3277 583 3379 625 tam
3412 592 3532 641 sup-

1883 657 2110 722 posituri
2134 654 2335 716 aliquid
2392 650 2766 713 praedicamus,
2798 662 2957 722 quam
2992 648 3349 722 praedicaturi
3402 664 3532 711 sup-

1881 720 2152 794 ponimus.
2186 726 2341 774 Prius
2371 724 2513 772 enim
2546 722 2611 770 de
2644 736 2752 794 quo
2802 720 3001 794 aliquid
3056 722 3403 769 enuntiemus
3444 722 3532 769 eli-

1883 792 2075 864 ginnas,
2108 799 2303 848 deinde
2363 799 2427 844 de
2488 794 2624 857 ipso,
2656 793 2741 841 vel
2799 792 3127 841 afﬁrmamus
3160 793 3398 855 aliquid,
3447 793 3531 841 vel

1884 886 2162 936 negamus.
2196 871 2251 919 In
2286 882 2393 932 quo
2447 868 2624 921 etiam,
2681 865 2808 927 quia
2867 864 3043 912 omnis
3104 864 3265 913 dictio
3320 864 3531 912 diversa

1885 934 2168 1007 signiﬁcat,
2203 942 2329 1004 quid
2362 945 2414 988 et
2453 941 2516 987 de
2578 950 2682 999 quo
2741 936 2973 999 diligens
3018 934 3232 984 auditor
3280 936 3526 986 attendit.

1888 1017 2041 1065 Verbi
2075 1013 2263 1076 gratia.
2292 1026 2411 1060 cum
2444 1012 2546 1059 hoc
2604 1023 2799 1058 nomen
2856 1007 2999 1071 quod
3058 1012 3136 1055 est
3179 1021 3371 1070 carpus
3401 1009 3531 1056 sub-

1880 1088 2119 1152 jicimus,
2145 1088 2270 1149 quia
2327 1088 2380 1131 et
2440 1083 2521 1139 id_
2552 1081 2693 1144 quod
2732 1084 2847 1143 pest,
2886 1084 2934 1128 et
2994 1079 3048 1152 id,
3094 1093 3199 1152 quo
3232 1085 3311 1127 est
3337 1094 3530 1152 corpus

1887 1150 2154 1223 designat,
2219 1154 2574 1219 supponimus
2641 1169 2703 1201 eo
2780 1154 2889 1201 sive
2974 1150 3350 1206 subsistentiis,
3416 1150 3528 1198 sive

1888 1222 2029 1296 quod
2088 1245 2150 1279 ea
2203 1228 2480 1285 subsistit;
2539 1225 2623 1274 vel
2680 1224 2905 1287 alicujus
2958 1222 3271 1296 substantiae
3307 1230 3528 1285 partem,

1887 1294 2007 1368 quae
2039 1316 2234 1365 corpus
2270 1298 2483 1361 est,'_vel
2513 1297 2585 1353 id.
2622 1296 2707 1345 vel
2756 1310 2967 1358 corpus,
3000 1294 3154 1358 cujus
3194 1295 3368 1354 ipsum
3409 1308 3532 1357 pars

1888 1366 1984 1429 est.
2026 1380 2211 1439 Itaque
2273 1375 2336 1422 de
2394 1372 2601 1421 Christo
2652 1370 2849 1433 aliquid
2903 1366 3258 1431 praedicaturi,
3315 1368 3529 1431 aliquod

1888 1451 2166 1499 nominum
2200 1448 2333 1509 ejus,
2368 1459 2473 1508 quo
2506 1444 2678 1505 ipsum
2734 1454 3119 1504 supponamus,
3186 1439 3334 1502 prius
3372 1440 3532 1499 “eligi-

1886 1536 2007 1571 mus
2038 1538 2049 1579 ;
2075 1524 2133 1568 ut
2161 1517 2458 1579 cogitantes
2489 1527 2609 1562 eum
2645 1510 2934 1571 hominem,
2968 1511 3070 1558 hoc
3126 1510 3344 1558 nomine
3385 1510 3530 1573 quod

1888 1600 1970 1644 est
2001 1594 2180 1647 homo,
2241 1589 2388 1637 illum
2450 1585 2825 1648 supponimus,
2888 1589 2938 1632 et
2999 1582 3355 1638 divinitatem,
3411 1596 3533 1645 qua:

1889 1671 1970 1716 est
2000 1664 2243 1728 ejusdem
2275 1660 2526 1710 essentia.
2561 1656 2750 1719 de‘illo
2810 1655 3183 1718 praedicamus.
3220 1656 3395 1728 ,Recte
3440 1658 3535 1705 uti-

119 1726 190 1774 lis
220 1729 305 1774 est
335 1723 572 1785 propria,
621 1722 751 1770 item
801 1721 1087 1784 exemplat,
1138 1721 1191 1770 id
1250 1726 1346 1781 est,
1381 1722 1485 1769 alia
1532 1721 1781 1769 acciden-

1889 1721 2176 1803 quefNam
2206 1734 2249 1781 si
2280 1744 2401 1781 eum
2436 1729 2585 1793 prius
2630 1728 2947 1803 subjiciendi
2971 1727 3207 1803 -ratio_ne
3260 1727 3533 1776 hominem

120 1795 245 1858 tali,
280 1801 334 1844 et
364 1800 546 1843 tamen
595 1807 723 1843 vera
764 1793 1117 1849 connexione,
1152 1795 1204 1841 in
1248 1808 1353 1857 qua
1385 1794 1571 1841 eadem
1599 1792 1781 1841 Chris-

120 1870 157 1917 ti
186 1880 441 1929 persona,
472 1865 558 1914 illo
618 1878 716 1913 suo
765 1864 832 1912 ab
890 1863 1246 1913 humanitatis
1308 1862 1657 1913 subsistentia
1690 1879 1781 1913 no-

120 1940 292 1997 mine,
350 1940 496 2003 quod
559 1943 639 1987 est
703 1938 883 1997 homo,
947 1936 1210 2001 subjecta,
1277 1939 1607 1999 prmdicatur
1666 1952 1781 1987 esse

119 2013 324 2063 Filium
379 2012 519 2060 Dei:
574 2012 719 2075 quod
779 2023 885 2058 non
963 2016 1045 2058 est
1115 2015 1411 2059 secundum
1491 2011 1779 2059 humanam

122 2084 555 2150 generationem,
588 2083 679 2130 sed
725 2082 1020 2131 secundum
1082 2082 1339 2131 divinam.
1389 2083 1526 2131 Dicit
1580 2082 1778 2144 itaque,

117 2160 215 2220 qui
262 2157 425 2205 homo
489 2160 589 2209 est.
637 2154 937 2217 appellatur
988 2151 1086 2202 Dei
1144 2155 1355 2203 Filius:
1414 2160 1466 2203 et
1518 2154 1619 2203 hoc
1673 2169 1780 2203 non

117 2228 428 2276 substantia
486 2224 806 2281 divinitatis,
865 2238 985 2288 quae
1042 2224 1390 2273 humanitatis
1476 2227 1531 2274 in
1610 2224 1778 2286 ipsam

116 2296 479 2347 conversione
506 2295 841 2359 provenerit,
902 2296 995 2345 sed
1051 2300 1302 2345 manente
1348 2298 1651 2346 substantia
1680 2297 1782 2345 bu-

119 2371 425 2428 manitatis,
452 2381 590 2431 quae.
623 2369 724 2416 etsi
756 2381 864 2416 non
902 2372 983 2416 est
1021 2368 1074 2416 in
1124 2369 1459 2417 divinitatem
1502 2382 1779 2426 conversa,

121 2448 310 2491 tamen
365 2445 445 2488 est
500 2440 769 2489 divinitati
826 2440 1059 2488 naturali
1114 2439 1319 2489 unitate
1378 2445 1687 2502 conjuncta.
1721 2440 1784 2488 Et

120 2529 253 2565 cum
288 2516 420 2569 haec,
453 2513 505 2561 id
538 2518 618 2562 est
648 2510 903 2561 divinitas
935 2517 987 2561 et
1047 2512 1353 2561 humanitas
1405 2513 1783 2560 discernantur

124 2585 668 2651 permisceanturque
696 2584 1071 2646 intelligentia,
1130 2598 1286 2648 enjus
1347 2588 1584 2647 potestas
1624 2587 1703 2632 est
1731 2588 1785 2632 et

124 2658 427 2721 conjuncta
481 2656 720 2705 dividere
802 2659 854 2704 et
928 2654 1103 2704 divisa
1187 2655 1531 2718 conjungere,
1603 2659 1782 2703 tamen

124 2744 277 2780 unus
335 2729 585 2791 idemque
644 2727 910 2789 personali
970 2727 1312 2790 proprietate,
1373 2732 1425 2775 et
1499 2727 1659 2775 homo
1718 2727 1785 2773 sit

125 2801 250 2851 sine
283 2801 534 2849 humana:
590 2805 799 2848 natura)
858 2800 1203 2862 corruptione
1262 2797 1548 2861 perfectus,
1581 2802 1632 2847 et
1669 2796 1783 2846 sine

123 2872 335 2923 divinas
392 2877 599 2921 naturas
658 2870 834 2934 aliqua
890 2869 1379 2925 transformatione,
1414 2871 1551 2918 Deus
1602 2882 1782 2918 verus.

118 2946 273 2994 Deus
303 2944 535 3009 quidem,
565 2957 628 2992 eo
681 2943 823 3005 quod
883 2944 995 3005 ipse
1044 2942 1114 2991 sit
1170 2956 1232 2991 ex
1292 2941 1384 2991 Dei
1435 2941 1608 2990 Patris
1656 2940 1784 2988 sub-

120 3016 349 3073 stantia,
386 3016 486 3064 hoc
515 3020 680 3064 estex
714 3016 822 3063 Deo
856 3015 1029 3071 Patre,
1080 3014 1376 3062 secundum
1426 3013 1779 3062 substantiam

123 3103 242 3136 non
277 3092 504 3143 creatus,
537 3088 628 3135 sed
662 3087 912 3150 genitus;
948 3086 1107 3135 homo
1140 3100 1269 3135 vero
1296 3099 1358 3134 eo
1389 3085 1533 3148 quod
1575 3098 1636 3133 ex
1668 3084 1781 3131 Ma—
1813 3090 1855 3155 ρ

119 3175 210 3209 ι·ιὸ
269 3159 507 3223 Virgine,
566 3158 863 3207 secundum
927 3158 1283 3206 substantiam
1340 3158 1600 3219 corporis,
1639 3155 1783 3219 quod

121 3233 364 3292 sumpsit
400 3245 458 3279 ex
493 3244 571 3290 ea,
610 3236 662 3278 et
712 3229 1007 3277 secundum
1068 3229 1323 3286 animam,
1379 3241 1537 3291 quam
1587 3226 1791 3288 accepit

120 3306 182 3353 in
214 3317 295 3359 ea,
329 3301 399 3350 sit
430 3305 757 3365 procreatus.

201 3374 440 3437 Itemque,
488 3372 611 3439 etc.]
656 3373 809 3431 Quod
867 3385 1012 3431 vere,
1075 3373 1324 3434 quamvis
1382 3370 1790 3419 accidentaliter

127 3445 368 3507 dicatur,
402 3445 542 3493 Deus
573 3450 651 3493 est
682 3458 888 3506 passus,
944 3442 1105 3492 homo
1163 3446 1245 3491 est
1298 3444 1390 3491 Dei
1427 3442 1607 3499 Filius,
1635 3441 1786 3499 dixit,

126 3524 188 3566 et
219 3518 533 3580 Opinionem
567 3531 673 3580 qua
703 3518 838 3565 forte
869 3517 989 3577 quis
1018 3515 1121 3563 hoc
1176 3530 1362 3564 verum
1421 3529 1535 3563 esse
1596 3528 1787 3563 conce-

130 3591 311 3645 deret,
351 3587 575 3638 removit
600 3591 825 3637 dicens:
874 3587 992 3636 Non
1045 3601 1152 3650 quo
1202 3586 1319 3649 ipsa
1375 3586 1629 3635 divinitas
1687 3586 1786 3634 hu-

133 3663 377 3711 manitas
411 3661 550 3710 facta
599 3660 686 3719 sit,
718 3665 770 3709 et
826 3674 936 3709 non
994 3660 1299 3708 substantia
1347 3658 1663 3720 divinitatis,
1696 3658 1789 3707 sed

129 3732 513 3781 humanitatis.
573 3730 702 3780 Item
761 3730 909 3788 dicit,
962 3730 1369 3779 accidentaliter
1424 3730 1664 3793 quidem,
1697 3729 1788 3777 sed

130 3818 287 3858 vere,
318 3804 461 3867 quod
494 3803 587 3867 qui
650 3804 805 3851 homo
862 3807 959 3864 est,
1022 3805 1161 3851 Deus
1223 3807 1332 3863 est;
1369 3808 1421 3851 et
1477 3817 1642 3863 quare
1686 3801 1789 3850 hoc

129 3875 226 3931 sit,
260 3874 521 3937 supponit
552 3890 564 3924 ς
596 3875 669 3923 Eo
726 3874 869 3937 quod
933 3875 1134 3923 scilicet
1190 3875 1351 3923 homo
1408 3874 1570 3923 fuerit
1620 3890 1648 3923 a
1681 3876 1787 3923 Deo

130 3946 275 3995 Filio
308 3944 420 4003 Dei,
460 3944 511 3993 id
572 3950 651 3993 est
707 3942 919 3993 Christo
976 3951 1320 4008 assumptus;
1380 3944 1481 3993 hoc
1519 3949 1598 3994 est
1644 3945 1786 4007 quod

129 4032 308 4080 snpra
334 4018 543 4064 dixerat
593 4016 657 4064 de
707 4016 1044 4065 humanitate
1096 4018 1190 4074 ita,
1222 4017 1315 4065 sed
1348 4018 1488 4079 quod
1522 4031 1551 4065 a
1586 4017 1786 4065 Deitate

128 4089 241 4139 fuit
274 4090 585 4149 assumpta;
618 4091 670 4136 et
699 4100 991 4136 econverso
1022 4089 1113 4151 qui
1175 4090 1311 4136 Deus
1368 4092 1465 4145 est,
1499 4088 1660 4137 homo
1687 4094 1784 4136 est.

126 4162 203 4209 Et
232 4173 401 4222 quare
435 4159 551 4215 hoc,
585 4157 864 4222 subjungit
900 4172 912 4205 :
949 4158 1210 4217 Quoniam
1269 4159 1506 4218 homine,
1550 4161 1652 4209 hoc
1708 4165 1789 4208 est

130 4232 382 4279 humana
411 4236 623 4288 natura,
653 4234 909 4292 tanquam
960 4230 1096 4279 bene
1135 4229 1367 4278 habente
1417 4231 1602 4278 habitu
1634 4233 1789 4281 vcsti-

128 4309 229 4352 tus
258 4303 328 4349 sit
364 4317 376 4361 ;
408 4301 508 4349 hoc
539 4306 619 4350 est
654 4302 798 4363 quod
846 4303 1093 4363 superius
1141 4303 1382 4351 dixerat:
1428 4301 1561 4359 Quia
1605 4310 1785 4351 tamen

128 4373 411 4423 divinitati
496 4371 795 4422 substantia
852 4373 1204 4422 humanitatis
1282 4373 1512 4421 naturali
1579 4376 1784 4423 unitate

127 4446 430 4520 conjuncta
458 4450 583 4505 est;
634 4459 866 4520 cumque
923 4446 978 4520 in
1022 4446 1219 4520 eadem
1279 4458 1510 4508 persona
1537 4445 1677 4495 aliud
1714 4448 1780 4495 sit
1810 4456 1855 4520 D
1889 4445 2189 4513 Νεειοτίυες
2244 4454 2535 4503 secundam
2623 4448 2906 4511 Eutyches,

127 4517 413 4569 divinitas.
440 4530 559 4581 quae
589 4518 859 4580 suscepit;
892 4516 1037 4566 aliud
1064 4517 1390 4574 humanitas,
1435 4530 1594 4580 quam
1659 4533 1779 4567 sus-

129 4588 317 4651 cepit;
350 4588 491 4638 idem
523 4597 721 4645 tamen,
785 4588 837 4636 id
896 4593 977 4637 est
1032 4590 1217 4637 eadem
1261 4603 1509 4653 persona,
1540 4590 1788 4642 Christus

127 4660 396 4709 videlicet
426 4660 567 4708 Deus
602 4664 682 4707 est
711 4664 871 4724 atque
905 4659 1104 4719 homo;
1139 4660 1239 4708 hoc
1269 4665 1348 4709 est
1403 4661 1545 4724 quod
1595 4664 1788 4723 praedi.

124 4737 298 4785 xerat
328 4748 341 4780 :
374 4733 433 4781 Et
462 4747 580 4781 cum
606 4733 722 4781 haec
777 4732 882 4781 ista
937 4732 1281 4797 intelligentia
1342 4734 1412 4781 ita
1470 4735 1786 4785 discernan-

131 4813 227 4856 tur
256 4804 808 4869 permisceanturque,
837 4810 1013 4853 tamen
1049 4820 1188 4853 unus
1218 4805 1481 4868 idemque,
1529 4812 1583 4855 et
1627 4809 1786 4858 homo

127 4880 209 4927 sit
238 4880 523 4941 perfectus,
558 4883 610 4926 et
638 4879 796 4926 Deus.
828 4879 1054 4926 Attende
1084 4878 1228 4940 quod
1260 4878 1350 4933 ait,
1383 4878 1637 4927 divinitas
1665 4895 1785 4941 quin

127 4952 394 5012 suscepit,
426 4956 475 4996 et
508 4949 748 5011 intellige
778 4949 920 5010 quod
952 4948 1210 5005 Christus,
1255 4950 1343 5010 qui
1402 4953 1525 4998 ante
1570 4964 1785 5014 suscep-

127 5020 345 5071 tionem
378 5020 516 5067 hanc
551 5020 686 5067 Deus
716 5025 846 5074 erat,
878 5018 1126 5080 suscepit,
1159 5018 1384 5081 ideoque
1417 5017 1618 5068 dictum
1649 5035 1781 5077 esse.

128 5092 397 5141 divinitas
426 5092 679 5154 suscepit.
711 5090 835 5155 quia
864 5104 972 5139 non
1003 5096 1213 5149 natura,
1246 5091 1341 5139 sed
1388 5105 1621 5154 persona
1676 5107 1787 5143 sus-

127 5166 284 5226 cepit
314 5167 580 5213 naturam.

200 5236 337 5284 Nam
368 5236 437 5293 si,
462 5239 585 5297 etc.|
614 5237 767 5295 Quod
802 5236 1025 5295 dixerat,
1059 5236 1150 5299 qui
1185 5235 1344 5285 homo
1376 5235 1535 5294 Deus,
1590 5238 1644 5285 et
1693 5238 1784 5300 qui

129 5312 284 5360 Deus
313 5311 491 5370 homo,
525 5314 578 5358 et
612 5325 701 5358 eas
731 5324 866 5373 quas
927 5315 1287 5372 supposuerat
1333 5308 1584 5365 rationes,
1636 5307 1785 5358 vide-

130 5385 266 5432 licet
288 5396 350 5430 eo
375 5381 517 5444 quod
551 5382 710 5431 homo
740 5384 917 5429 luerat
973 5388 1281 5445 assumptus
1330 5395 1360 5430 a
1408 5380 1536 5437 Deo,
1570 5385 1622 5430 et
1650 5395 1785 5444 quo-

130 5457 287 5505 niam
322 5455 457 5502 Deus
490 5454 709 5503 homine
744 5456 983 5510 vestitus.
1044 5456 1217 5504 adhuc
1267 5459 1451 5504 contra
1510 5453 1786 5502 Nestoria-

131 5541 261 5581 nos,
292 5531 344 5575 et
373 5527 517 5590 quod
544 5540 665 5575 cum
698 5528 750 5575 in
784 5527 971 5575 eadem
1004 5541 1234 5589 persona
1282 5526 1426 5576 aliud
1470 5524 1541 5574 sit
1587 5524 1785 5574 divini-

131 5606 242 5661 tas,
276 5600 416 5647 aliud
449 5599 774 5657 humanitas,
826 5601 966 5649 idem
1014 5606 1188 5649 tamen
1248 5602 1385 5649 Deus
1434 5604 1593 5662 atque
1625 5598 1784 5648 homo

133 5676 238 5727 est,
275 5671 449 5720 adhuc
480 5677 670 5720 contra
701 5670 1068 5735 Eutychianos
1124 5672 1374 5722 inculcat.
1427 5672 1530 5721 Sed
1585 5670 1785 5721 oblitus

134 5742 362 5801 recolat,
398 5746 489 5791 aut
538 5743 750 5792 nescius
811 5743 999 5801 discat,
1067 5744 1322 5807 quoniam
1381 5744 1470 5807 qui
1528 5742 1782 5805 loquitur,

134 5828 256 5865 non
286 5813 444 5863 modo
472 5812 686 5864 illorum
738 5814 803 5865 de
855 5814 1051 5878 quibus
1106 5815 1361 5877 loquitur,
1394 5828 1579 5865 verum
1623 5815 1782 5866 etiam

1885 1798 2174 1870 intelligas,
2204 1818 2331 1852 vere
2363 1803 2465 1849 dici
2497 1803 2674 1863 potest
2736 1799 2879 1862 quod
2934 1798 3073 1847 idem
3125 1798 3286 1846 homo
3330 1802 3409 1846 est
3459 1802 3535 1847 at-

1886 1897 1991 1947 que
2024 1869 2181 1933 Deus,
2215 1876 2267 1924 id
2299 1878 2397 1929 est,
2429 1872 2571 1920 idem
2603 1871 2704 1947 qui
2725 1870 2882 1918 homo
2941 1874 3020 1918 est
3071 1869 3218 1947 Dens
3279 1873 3374 1926 est,
3395 1883 3535 1947 quo-

1888 1939 2028 2003 niam
2060 1951 2222 1999 homo
2282 1961 2346 1995 ex
2408 1948 2619 1997 natura,
2674 1943 2815 1989 Deus
2857 1954 2982 1988 vero
3041 1939 3287 1989 similiter
3317 1941 3532 2002 quidem

1887 2040 1949 2073 ex
1982 2026 2191 2076 natura,
2220 2018 2313 2067 sed
2345 2014 2490 2078 quod
2539 2012 2698 2061 simul
2751 2026 2870 2059 cum
2920 2011 3158 2060 humana
3202 2016 3395 2061 natura
3425 2027 3535 2075 qua

1886 2097 2048 2146 homo
2084 2097 2180 2148 est,
2212 2095 2293 2139 est
2323 2090 2483 2137 etiam
2540 2083 2745 2138 divina,
2798 2097 2902 2146 qua
2951 2084 3088 2131 Deus
3139 2088 3235 2137 est.
3269 2084 3535 2145 contingit

1886 2165 2272 2225 assumptione,
2305 2174 2426 2222 qua,
2460 2170 2579 2205 cum
2610 2155 2751 2203 Deus
2808 2158 2963 2211 esset,
3018 2154 3306 2202 humanam
3368 2161 3530 2204 natu-

1887 2252 1996 2287 ram
2061 2233 2369 2295 assumpsit.
2430 2230 2481 2277 Si
2552 2242 2679 2275 vero
2756 2226 3001 2274 eumdem
3062 2226 3330 2273 Christum
3384 2227 3532 2288 prius

1886 2309 2096 2359 ratione
2153 2306 2331 2368 ipsum
2411 2297 2731 2363 subjiciendi
2787 2299 2970 2368 Deum
3041 2297 3327 2354 intelligas,
3388 2298 3529 2346 idem

1885 2381 2028 2430 Deus
2059 2382 2141 2427 est
2172 2367 2329 2438 atque
2361 2373 2535 2431 homo,
2565 2371 2615 2417 id
2650 2374 2745 2429 est,
2783 2367 2922 2416 idem
2956 2369 3045 2431 qui
3082 2369 3223 2416 Deus
3262 2373 3341 2417 est
3370 2368 3530 2418 homo

1887 2458 1967 2501 est
1998 2468 2012 2501 :
2039 2452 2291 2514 quoniam
2348 2450 2541 2493 natura
2599 2444 2737 2490 Deus
2769 2445 2866 2500 est,
2900 2441 3058 2489 homo
3108 2455 3233 2514 vero
3281 2441 3530 2491 similiter

1887 2511 2104 2588 quidem
2138 2524 2351 2575 natura,
2382 2516 2473 2565 sed
2506 2514 2654 2588 quod
2709 2514 2866 2561 simul
2932 2527 3051 2561 cum
3089 2511 3289 2588 divina
3337 2519 3534 2563 natura

1888 2584 1996 2660 qua
2019 2596 2159 2643 Deus
2189 2596 2287 2646 est,
2321 2594 2402 2637 est
2432 2589 2593 2637 etiam
2649 2587 2886 2634 humana
2934 2584 3376 2660 quaghomoest.
3409 2600 3538 2634 con-

1887 2655 2045 2727 tingit
2070 2660 2456 2725 assumptione,
2489 2673 2615 2722 qua,
2679 2671 2797 2706 cum
2857 2662 2995 2705 esset
3053 2655 3212 2711 Dens,
3249 2657 3540 2706 humanam

1889 2746 2138 2793 naturam
2167 2733 2472 2796 assumpsit.
2508 2732 2689 2792 Fitque
2723 2729 2778 2777 in
2811 2742 2873 2777 eo
2936 2728 3151 2790 gemina
3204 2729 3316 2776 sine
3364 2728 3541 2789 aliqua

1888 2807 2207 2861 confusione
2239 2810 2453 2861 natura,
2496 2801 2819 2867 geminaque
2872 2798 2934 2858 (si
3004 2798 3173 2847 mavis
3226 2798 3353 2861 dici)
3408 2799 3539 2848 sub-

1889 2882 2104 2935 stantia,
2138 2877 2414 2942 quoniam,
2475 2876 2611 2922 sicut
2663 2874 2864 2921 dictum
2903 2876 3002 2927 est,
3035 2876 3085 2918 et
3145 2871 3306 2918 homo
3358 2876 3451 2927 est,
3489 2876 3540 2921 et

1889 2958 2047 3009 Deus.
2081 2963 2299 3014 unaque
2355 2961 2478 2996 vere
2530 2942 2851 3014 individuali
2914 2944 3239 3004 proprietate
3288 2956 3535 3004 persona,

1890 3025 2145 3090 quoniam
2177 3022 2320 3068 idem
2354 3019 2513 3065 homo
2541 3017 2729 3090 atque
2789 3013 2949 3061 Deus.
2976 3014 3306 3090 ‘hlediaque
3341 3018 3421 3090 est
3452 3014 3537 3062 via

1892 3084 2169 3147 catholicae
2199 3092 2321 3141 ﬁdei
2352 3090 2493 3138 inter
2523 3088 2655 3136 duas
2689 3086 2921 3133 haereses
2976 3084 3205 3133 Nestorii
3267 3088 3316 3133 et
3380 3087 3535 3147 Euty-

1894 3169 2050 3219 chis:
2106 3167 2244 3215 sicut
2301 3164 2525 3211 virtutes
2576 3172 2789 3223 quoque
2839 3157 3088 3206 vitiorum
3146 3157 3286 3205 inter
3321 3170 3375 3204 se
3408 3171 3534 3205 con-

1890 3239 2181 3290 trariorum
2230 3234 2465 3283 medium
2516 3236 2721 3279 tenent.
2762 3228 2947 3277 Omnis
2995 3226 3138 3276 enim
3186 3229 3354 3276 virtus
3403 3242 3535 3276 con-

1894 3313 2032 3362 sistit
2061 3312 2231 3360 locata
2260 3309 2314 3355 in
2346 3307 2555 3361 decore,
2590 3304 2689 3351 hoc
2719 3305 2815 3357 est,
2873 3301 3047 3349 locata
3104 3300 3298 3348 decora
3345 3300 3396 3348 in
3429 3314 3537 3349 me-

1893 3385 1982 3433 dio
2012 3395 2210 3432 rerum.
2242 3380 2304 3428 Et
2358 3381 2500 3426 recte
2558 3375 2751 3423 dicitur
2797 3372 2968 3421 virtus
3025 3373 3196 3420 locata
3249 3373 3301 3419 in
3361 3373 3535 3421 medio

1891 3470 2090 3509 rerum,
2125 3466 2249 3501 nam
2281 3450 2323 3498 si
2356 3448 2575 3511 quidem
2625 3445 2716 3493 ﬁat
2751 3444 2972 3507 aliquid.
3009 3444 3093 3491 vel
3139 3443 3280 3491 ultra
3322 3444 3405 3492 vel
3453 3444 3537 3492 iu-

1891 3527 1971 3576 fra
2001 3539 2158 3589 quam
2193 3520 2509 3585 oportuerit,
2562 3516 2858 3589 disceditur
2910 3530 2937 3563 a
2996 3516 3211 3563 virtute.
3242 3513 3327 3562 Sic
3352 3515 3535 3589 largi-

1891 3604 1973 3648 tas
2018 3586 2200 3645 media
2256 3598 2335 3643 est
2392 3593 2532 3639 inter
2580 3588 3010 3651 prodigalitatem
3071 3589 3121 3635 et
3177 3586 3452 3634 avaritiam
3516 3600 3529 3635 :

1891 3670 2111 3731 largitas
2140 3668 2281 3715 enim
2314 3665 2404 3713 dat
2434 3662 2628 3716 danda.
2690 3659 2886 3707 retinet
2932 3672 3039 3731 non
3068 3657 3310 3731 danda;
3358 3658 3534 3731 prodi-

1892 3728 2080 3804 galitas
2106 3752 2250 3795 vero,
2289 3737 2429 3785 ultra
2458 3747 2618 3796 quam
2678 3734 2924 3804 Oportcat
2980 3730 3122 3783 facit,
3166 3728 3302 3778 deus
3357 3730 3535 3804 danda

1893 3802 2079 3863 etnon
2113 3810 2327 3870 danda;
2359 3811 2411 3856 et
2441 3804 2667 3855 avaritia
2710 3803 2850 3852 infra
2898 3814 3056 3865 quam
3110 3805 3371 3863 oporteat,
3410 3802 3534 3853 reti-

1896 3900 2028 3935 nens
2058 3883 2237 3933 danda
2275 3886 2327 3931 et
2384 3893 2495 3929 non
2552 3877 2767 3935 danda;
2833 3880 2886 3924 et
2937 3874 3244 3939 hujusmodi
3304 3876 3536 3939 plurima

1891 3960 2034 4006 sunt.
2068 3955 2236 4019 igitur
2264 3954 2435 4002 virtus
2464 3954 2609 4000 tenet
2637 3947 2997 4000 medietatem.
3030 3951 3082 3995 et
3111 3948 3175 3996 ad
3237 3948 3354 4011 ejus
3392 3950 3536 3998 simi-

1890 4027 2175 4077 litudinem
2230 4024 2488 4089 praedicta
2539 4020 2926 4069 catholicorum
2983 4020 3112 4068 ﬁdes
3158 4019 3534 4082 praedictarum

1892 4099 2179 4151 haeresium
2210 4099 2384 4148 media
2414 4100 2510 4145 est.

1955 4174 2204 4234 Quocirca
2233 4173 2281 4219 εἰ
2311 4172 2535 4233 quatuor
2564 4166 2683 4221 haec,
2718 4168 2860 4213 etc...
2918 4166 3088 4211 restat
3145 4169 3199 4211 ul
3243 4180 3302 4213 ea
3333 4166 3404 4214 sit
3448 4182 3531 4217 ee-

1888 4263 1969 4304 ra,
2029 4244 2153 4310 etc.]
2185 4243 2282 4291 Hic
2313 4247 2395 4291 est
2424 4240 2553 4289 ordo
2588 4238 2873 4310 verborum
2907 4250 2918 4310 ς
2970 4235 3044 4284 De
3090 4242 3284 4283 natura
3317 4250 3444 4287 vero
3481 4243 3535 4288 et

1890 4318 1954 4366 de
1987 4305 2237 4377 persona,
2267 4315 2389 4361 item
2424 4324 2530 4357 una
2562 4313 2614 4356 et
2643 4305 2873 4377 duabus,
2907 4306 3046 4354 inter
3092 4320 3147 4353 se
3196 4307 3531 4368 combinatis,

1889 4390 2121 4450 quatuor
2147 4384 2444 4446 specierum
2484 4378 2674 4426 divisio
2734 4376 2989 4450 nascitur,
3027 4388 3252 4438 quarum
3305 4377 3532 4439 primam

2998 4453 3204 4496 tertiani
3268 4451 3530 4510 catholici,

1889 4536 2129 4596 quartam
2191 4530 2322 4579 nulli
2379 4526 2590 4577 Christo
2674 4520 2963 4596 convenire
3020 4524 3372 4596 contendunt.
3430 4526 3533 4576 Sed

1891 4595 2121 4653 Nestorii
2181 4607 2234 4651 et
2287 4598 2541 4663 Eutychis
2598 4595 2886 4659 opiniones
2966 4595 3299 4653 argumentis
3373 4611 3536 4661 supra

1894 4674 2174 4728 destruxit,
2233 4676 2420 4721 contra
2476 4668 2619 4717 illam
2679 4678 2838 4728 quam
2897 4664 3029 4711 nulli
3058 4663 3230 4712 adhuc
3262 4664 3533 4727 dixerunt,

1894 4745 2040 4794 nulla
2124 4746 2437 4807 argumenta
2530 4738 2769 4791 adduxit,
2873 4734 3256 4785 catholicorum
3356 4754 3533 4791 veram

1893 4816 2216 4866 sententiam
2306 4811 2565 4862 submotis
2639 4808 2925 4861 erroribus,
2985 4808 3121 4853 sicut
3184 4808 3233 4856 in
3312 4814 3533 4876 prologo

1893 4902 1989 4937 suo
2047 4889 2383 4948 promiserat,
2441 4883 2505 4931 ad
2577 4881 2820 4929 ultimum
2873 4879 3051 4939 posuit
3099 4893 3111 4936 ;
3172 4896 3291 4943 qua;
3354 4889 3535 4937 omnia

1891 4960 2040 5008 brevi
2102 4957 2535 5021 recapitulatione
2598 4962 3044 5007 commemorans,
3104 4953 3176 5000 ait
3226 4968 3237 5002 :
3298 4956 3536 5013 Quatuor

1892 5030 2007 5079 haec
2040 5045 2137 5080 nec
2164 5031 2300 5078 ultra
2356 5024 2649 5076 secundum
2712 5034 2889 5069 rerum
2940 5025 3383 5076 consuetudinem
3418 5045 3532 5081 esse

1889 5106 2133 5165 possunt,
2166 5100 2311 5164 quod
2362 5096 2610 5146 videlicet
2663 5093 2910 5165 personis
2971 5094 3282 5157 natm-isque
3342 5113 3533 5162 prope.

1891 5163 2022 5231 sitis,
2056 5179 2148 5225 aut
2178 5163 2401 5222 diversae
2430 5174 2655 5222 naturae.
2680 5163 3015 5225 diversteque
3068 5180 3310 5228 personas
3359 5179 3485 5221 sunt
3516 5187 3528 5223 :

1890 5250 1950 5295 ut
1980 5246 2132 5295 Plato
2163 5252 2215 5295 et
2243 5246 2427 5294 Cicero
2489 5241 2715 5289 diversae
2764 5250 3007 5298 persona:
3066 5242 3191 5287 sunt
3241 5254 3531 5306 earumque

1891 5330 2135 5381 personas
2168 5318 2408 5371 diversae,
2436 5318 2530 5363 aut
2586 5324 2694 5360 una
2752 5320 2982 5369 persona
3033 5312 3129 5363 est,
3166 5324 3379 5374 unaque
3438 5329 3532 5364 na.

1889 5394 2010 5437 tura
2043 5403 2054 5437 :
2088 5393 2146 5438 ut
2174 5390 2313 5438 Deus
2344 5388 2493 5435 Pater
2523 5397 2627 5432 una
2659 5392 2889 5443 persona
2919 5382 3014 5435 est,
3042 5392 3253 5441 unaque
3288 5385 3403 5445 téjus
3435 5400 3531 5436 na-

1889 5463 2046 5517 tura;
2079 5464 2170 5507 aut
2200 5460 2423 5507 diversas
2458 5461 2663 5505 natura:
2721 5456 2774 5499 et
2828 5464 2935 5498 una
2980 5462 3207 5510 persona
3246 5468 3257 5503 :
3293 5461 3349 5503 ut
3380 5456 3529 5507 Plato

1890 5545 1998 5580 una
2028 5536 2389 5594 persona-est,
2423 5530 2513 5578 sed
2546 5528 2663 5590 ejus
2694 5525 2934 5594 diversas
2978 5526 3182 5571 natura)
3242 5532 3384 5581 sunt.
3426 5530 3529 5580 illas

1890 5601 2093 5652 scilicet
2117 5618 2237 5667 quae
2269 5593 2397 5653 sunt
2426 5602 2616 5651 animas
2648 5602 2700 5646 et
2729 5593 2968 5657 corporis
2994 5598 3129 5667 ;_aut
3178 5609 3284 5646 una
3317 5606 3527 5661 natura,

1888 5664 2241 5739 personae—que
2273 5676 2496 5725 diversae
2528 5687 2541 5721 :
2569 5676 2629 5721 ut
2658 5671 2830 5727 Pater,
2894 5667 2948 5712 et
3003 5664 3185 5723 Filius,
3235 5674 3287 5717 et
3343 5675 3530 5722 ambo-

1890 5758 2008 5795 rum
2039 5746 2287 5809 Spiritus,
2323 5745 2548 5797 diversas
2581 5754 2825 5808 persona:
2861 5744 2989 5788 sunt
3018 5754 3031 5789 :
3056 5741 3148 5790 sed
3189 5756 3374 5793 eorum
3418 5759 3529 5797 non

1892 5817 1995 5868 nisi
2028 5832 2133 5868 una
2163 5826 2378 5869 natura.
2408 5817 2537 5866 Cum
2570 5834 2695 5883 ergo
2725 5818 2841 5869 hac
2892 5817 2974 5862 est
3027 5828 3381 5879 personarum
3439 5834 3531 5873 na-
