4046 6180
563 219 696 272 MO?

1192 219 1262 272 IN
1303 217 1566 272 LIBRUM
1606 215 1697 270 DE
1736 213 2011 270 DUABUS
2051 211 2355 267 NATURIS
2395 213 2483 269 ET
2525 215 2669 269 UNA
2709 214 3031 270 PERSONA
3072 214 3339 269 CHRISTI

3739 225 3756 273 l
3764 223 3829 276 408

559 347 908 408 turarumque
930 345 1090 394 unius
1134 345 1218 393 vel
1275 344 1607 392 diversarum
1669 355 1796 392 vera
1858 341 2202 404 perfectaque
2233 340 2286 406 Α
2320 341 2560 404 quolibet
2589 342 2828 398 homine.
2861 343 3054 393 animae
3077 342 3410 405 corporisque
3459 346 3831 407 naturae,qnsrnm

558 415 768 472 divisio,
796 417 1084 480 propositis
1113 416 1180 464 ad
1220 414 1491 478 agendum
1549 415 1616 464 de
1676 412 1808 476 ipsis
1857 413 2070 462 Christo
2123 416 2202 459 at-

559 502 664 552 que
696 496 900 547 natura,
929 501 1146 535 necesse
1178 493 1258 536 est
1291 491 1349 535 ut
1383 487 1436 534 in
1469 487 1683 534 Christo
1713 491 1806 534 aut
1849 485 1968 533 duas
2002 490 2205 532 naturas

562 561 692 620 sint,
723 560 904 606 divina
935 564 984 604 et
1019 559 1274 610 humana.
1312 557 1544 619 dumque
1597 571 1860 618 personze,
1898 570 2003 603 una
2045 555 2203 614 Deus,

561 631 724 680 altera
757 630 936 685 homo,
971 634 1027 677 ut
1055 629 1331 676 Nestorius
1361 631 1469 686 ait;
1504 633 1597 676 aut
1630 641 1737 676 una
1794 641 2026 690 persona
2054 625 2206 674 Chri-

563 710 694 756 stus.
733 717 944 764 unaque
976 707 1184 757 natura,
1218 717 1338 765 qua;
1376 703 1623 764 provenit
1680 702 1914 749 humana
1973 699 2028 747 in
2065 698 2206 748 divi-

565 788 687 822 nam
719 788 996 830 conversa,
1025 781 1082 822 ut
1142 773 1413 835 Eutychos
1469 777 1586 833 ait;
1647 780 1737 821 aut
1795 773 1915 820 dum
1963 775 2204 830 naturae;

564 845 749 893 divina
795 849 847 893 et
901 845 1154 902 humana,
1213 845 1307 893 sed
1366 859 1474 893 una
1531 857 1760 906 persona
1817 842 2077 899 Christus,
2116 844 2206 903 qui

558 930 697 965 unus
723 921 803 965 est
836 919 974 965 Deus
1022 922 1073 965 et
1131 917 1310 974 homo,
1363 921 1420 963 ut
1471 914 1734 964 catholica
1793 915 1924 962 ﬁdes
1987 913 2205 971 credit;

557 994 650 1037 aut
682 1003 788 1036 una
819 993 1025 1043 natura,
1060 989 1290 1050 dumque
1325 1000 1589 1049 personze,
1625 987 1767 1048 quod
1804 986 1986 1032 nullus
2031 984 2207 1031 adhuc

557 1058 707 1107 dixit.
740 1059 964 1108 Etdnas
996 1059 1211 1121 quidem
1271 1071 1388 1106 esse
1449 1061 1670 1105 naturas
1729 1057 1968 1118 duasque
2021 1069 2208 1117 perso-

558 1129 738 1179 nasin
798 1144 860 1178 ea
913 1130 1262 1192 responsione
1321 1142 1441 1190 quae
1499 1133 1684 1176 contra
1728 1127 2031 1176 Nestorium
2065 1125 2208 1174 dicta

555 1208 650 1261 est,
679 1201 1044 1259 convicimus;
1075 1213 1234 1248 unam
1267 1213 1393 1248 vero
1458 1213 1742 1258 personam
1801 1212 2068 1260 unamque
2119 1210 2208 1245 na-

553 1276 728 1321 turam
759 1287 874 1321 esse
923 1286 1031 1320 non
1089 1285 1267 1334 posse,
1303 1271 1541 1333 Eutyche
1587 1269 1689 1318 hoc
1719 1284 1833 1318 esse
1867 1275 2205 1330 proponentc

554 1347 988 1394 monstravimus.
1021 1343 1208 1406 Neque
1238 1346 1414 1390 tamen
1447 1341 1730 1403 quicquam
1784 1341 2064 1404 hucusque
2111 1356 2206 1389 ex-

555 1417 692 1464 stitit
721 1421 828 1464 tam
861 1430 1065 1470 amens,
1101 1420 1158 1463 ut
1187 1415 1427 1462 crederet
1459 1412 1511 1460 in
1566 1427 1630 1461 eo
1689 1426 1803 1461 esse
1870 1426 2030 1459 unam
2083 1413 2205 1472 qui-

555 1487 674 1537 dem
709 1493 972 1542 naturam,
1006 1486 1099 1535 sed
1131 1485 1375 1548 geminas
1405 1497 1682 1546 personas.
1749 1483 1802 1531 Si
1862 1489 2038 1530 autem
2082 1498 2208 1546 qua-

553 1564 674 1607 tuor
707 1559 821 1607 hasc
853 1571 950 1607 nec
1005 1557 1142 1606 ultra
1193 1569 1307 1604 esse
1372 1559 1612 1616 possunt,
1649 1558 1706 1602 ut
1764 1554 1818 1602 in
1849 1553 2078 1608 Christo,
2114 1560 2208 1603 aut

554 1630 692 1690 dure,
725 1635 846 1687 etc.;
877 1642 1107 1692 cumque
1139 1628 1272 1675 duas
1322 1624 1538 1688 quidem
1596 1626 2009 1681 convicerimus,
2057 1631 2156 1673 etc.
2192 1641 2204 1684 ;

2319 414 2564 476 quaedam
2599 413 2779 477 aliquo
2809 428 3026 477 genere,
3082 426 3267 462 omnes
3319 412 3471 462 simul
3519 414 3664 476 aliqua
3694 420 3829 468 ratione

2312 486 2661 535 conveniunt.

2384 555 2758 614 Verumtamen,
2819 557 2947 619 etc.]
3009 555 3208 613 Quasi:
3261 556 3412 605 Nunc
3459 556 3745 619 quaerendum
3784 569 3830 609 est

2313 629 2604 690 quomodo,
2636 633 2735 677 etc.
2771 630 3153 677 Verumtamen
3207 641 3347 676 nunc
3407 629 3551 677 etiam
3608 632 3831 678 rationabili-

2313 704 2391 746 ter
2424 705 2544 760 post
2575 701 2666 748 illa
2695 714 2815 762 qua:
2850 700 2992 748 dicta
3021 703 3164 754 sunt,
3204 705 3285 746 est
3339 703 3391 748 et
3431 700 3526 747 alia
3560 703 3739 762 quaestio
3760 717 3830 764 qua

2311 786 2376 820 ex
2410 773 2491 820 his
2521 787 2641 835 qum
2675 772 2935 832 praedicta
2994 779 3120 820 sunt
3182 778 3354 834 potest
3383 773 3552 821 inferri
3595 773 3650 820 ab
3691 773 3749 820 his
3780 779 3831 837 qui

2312 858 2419 892 non
2455 845 2683 892 credunt
2711 843 2900 892 Christi
2933 858 3129 906 corpus
3185 844 3471 892 humanum
3519 850 3736 903 sumptum
3765 862 3831 892 esss

2312 929 2377 963 ex
2409 915 2574 964 Maria
2608 931 2620 971 ;
2654 916 2744 964 sed
2776 915 2924 970 alias,
2958 916 3056 963 hoc
3089 923 3169 964 est
3203 917 3302 964 alio
3341 921 3566 978 tempore
3603 922 3727 979 atque
3748 919 3831 966 aliti.

2313 989 2423 1036 sive
2455 987 2508 1035 in
2543 988 2700 1042 cmlo,
2753 992 2810 1035 ut
2856 987 3142 1049 opinantur
3190 988 3557 1044 Valentiniani,
3587 987 3679 1036 sive
3713 989 3749 1036 in
3773 991 3829 1036 alio

2311 1059 2428 1108 loco
2451 1059 2615 1106 fuisse
2669 1073 2698 1106 a
2752 1059 2959 1106 caeteris
3013 1058 3328 1116 corporibus
3383 1063 3722 1120 sequestratum
3756 1075 3834 1117 pre-

2314 1135 2664 1194 paratumque
2722 1128 3080 1178 incarnationi
3136 1130 3347 1183 Christi,
3380 1130 3516 1190 quod
3568 1131 3614 1176 in
3645 1130 3832 1179 adunatio-

2315 1215 2398 1256 ne,
2432 1201 2482 1248 id
2537 1205 2618 1248 est
2672 1202 2816 1262 quod
2874 1200 3011 1248 facta
3070 1200 3267 1249 divina:
3329 1201 3658 1262 humanasque
3708 1206 3833 1249 natura

2311 1274 2656 1329 adunatione,
2685 1276 2959 1323 videretur
2990 1275 3134 1322 nasci
3166 1289 3228 1322 ac
3260 1273 3480 1336 proferri
3540 1288 3596 1322 ex
3639 1278 3752 1320 utero
3771 1274 3835 1322 lli-

2313 1349 2422 1395 riaa.
2455 1347 2580 1404 Quae
2608 1343 2834 1406 quaestio
2865 1345 2984 1392 talis
3038 1349 3150 1402 est;
3213 1348 3363 1393 aiunt
3407 1346 3538 1392 enim
3594 1343 3834 1392 ita:Sicoi-

2314 1432 2414 1480 pus
2447 1416 2642 1463 Christi
2678 1429 2740 1463 ex
2774 1416 2991 1463 homine
3048 1420 3323 1478 sumptum
3388 1420 3482 1468 est,
3515 1413 3637 1462 sicut
3680 1428 3749 1460 vos
3778 1415 3837 1461 Ci-

2313 1489 2493 1536 tholici
2521 1489 2753 1542 creditis,
2817 1488 2978 1535 homo
3039 1501 3165 1535 vero
3223 1485 3420 1547 omnis,
3451 1488 3577 1533 sicut
3607 1498 3681 1532 vos
3727 1483 3835 1531 dlcllli

2313 1567 2367 1608 et
2395 1574 2582 1610 verum
2615 1574 2748 1618 esse,
2781 1573 2843 1608 ex
2908 1560 3096 1620 prima,
3156 1561 3259 1607 hoc
3320 1563 3400 1606 est
3449 1558 3698 1620 primorum
3721 1570 3836 1619 puen-
3921 1558 3923 1624 ρ

2311 1635 2423 1680 tum
2457 1631 2913 1693 praevaricatione,
2966 1644 3074 1679 non
3141 1631 3316 1678 solum
3375 1630 3639 1679 tenebatur
3683 1631 3836 1688 peccato.
3922 1629 3923 1640 ‘

555 1707 719 1751 restat
751 1708 807 1750 ut
836 1715 896 1748 ea
926 1701 996 1748 sit
1054 1713 1190 1772 vera
1226 1697 1376 1753 ﬁdes,
1435 1711 1594 1772 quam
1648 1696 1912 1772 catholica
1959 1711 2200 1772 pronuu-
2232 1708 2279 1772 Β
2311 1706 2368 1750 ut
2399 1707 2518 1750 actu
2575 1700 2694 1772 ipso
2743 1700 2939 1772 faceret
3001 1701 3145 1763 quod
3204 1714 3311 1748 non
3364 1697 3630 1772 licetAﬁeri,
3653 1700 3694 1745 et
3722 1701 3836 1744 morte.

555 1773 667 1828 tiat,
700 1773 951 1820 videlicet
977 1772 1030 1819 in
1071 1770 1280 1819 Christo
1336 1769 1604 1830 geminam
1656 1782 1771 1816 esse
1819 1767 2196 1829 substantiam,

557 1846 657 1894 hoc
686 1849 767 1893 est
801 1843 1040 1892 divinam
1099 1845 1385 1891 essentiam
1443 1845 1495 1890 et
1552 1843 1844 1890 humanam
1900 1840 2200 1888 subsisten-

554 1917 700 1971 tiam,
725 1915 815 1964 sed
868 1915 1044 1978 ipsum
1100 1928 1214 1962 esse
1275 1926 1435 1962 unam
1485 1926 1789 1974 personam.
1867 1913 2000 1970 Quia
2073 1926 2200 1960 vero

553 1989 717 2052 paulo
771 1994 914 2044 ante,
977 2003 1098 2037 cum
1155 2001 1387 2036 errorem
1445 1985 1702 2048 Eutychis
1787 1999 2198 2048 exponeremus,

553 2060 788 2110 diximus
842 2061 1118 2122 Eutychen
1165 2059 1405 2108 conﬁteri
1453 2059 1586 2106 duas
1639 2056 1856 2118 quidem
1903 2059 1955 2105 in
1986 2058 2199 2104 Christo

553 2137 679 2182 ante
715 2133 1097 2181 adunationem
1131 2132 1291 2180 fuisse
1356 2134 1590 2185 naturas,
1626 2128 1869 2177 divinam
1923 2133 1976 2177 et
2020 2129 2202 2176 huma-

553 2217 696 2257 nam,
731 2219 889 2252 unam
922 2217 1064 2261 vero,
1097 2201 1333 2250 divinam
1366 2201 1587 2259 scilicet,
1641 2213 1758 2247 esse
1816 2203 1938 2260 post
1993 2200 2201 2247 aduna-

551 2275 799 2331 tionem;
850 2288 1081 2336 cumque
1127 2274 1601 2332 interpretarentur
1646 2271 1792 2318 hunc
1843 2284 2079 2318 errorem
2112 2285 2199 2319 ce-

550 2346 660 2395 lare
712 2345 1104 2406 multiplicitate
1161 2346 1455 2393 dictionum
1541 2347 1786 2398 istarum,
1863 2346 2002 2399 ante,
2065 2349 2197 2405 post,

551 2416 818 2478 duplicem
855 2418 1194 2470 sententiam,
1227 2421 1284 2464 ut
1338 2414 1586 2462 videlicet
1640 2413 1754 2461 haec
1801 2413 2078 2469 adunatio,
2111 2421 2202 2462 aut

550 2489 920 2550 generatione,
951 2487 1002 2535 id
1062 2491 1142 2536 est
1195 2488 1436 2547 tempore
1467 2485 1828 2544 generationis
1886 2485 2002 2548 ejus
2032 2484 2198 2542 ﬁeret,

549 2571 670 2606 cum
706 2573 901 2619 corpus
935 2558 1167 2606 hominis
1199 2560 1300 2605 hoc
1327 2556 1620 2604 humanum
1678 2555 1900 2604 minime
1960 2570 2201 2604 sumere-

550 2633 638 2678 tur
695 2644 756 2678 ex
808 2629 989 2684 Maria,
1049 2634 1143 2678 aut
1198 2632 1470 2690 sumptum
1533 2627 1750 2690 quidem
1784 2642 1847 2675 ex
1905 2627 2071 2676 Maria
2110 2643 2202 2690 per

549 2701 1020 2759 resurrectionem,
1080 2701 1131 2748 id
1187 2704 1267 2748 est
1324 2704 1561 2760 tempore
1609 2699 2025 2748 resurrectionis
2056 2698 2204 2748 ﬁeret

551 2771 828 2829 adunatio,
889 2772 952 2821 de
1013 2773 1250 2834 utrisque
1301 2769 1514 2833 quidem
1575 2771 1815 2832 partibus
1869 2769 2084 2826 idonee,
2143 2775 2204 2819 ut

549 2843 794 2900 arbitror,
827 2844 1156 2902 disputatum
1190 2847 1285 2898 est,
1319 2845 1370 2890 et
1401 2841 1545 2903 quod
1577 2841 1690 2890 haec
1739 2841 2014 2895 adunatio,
2051 2841 2200 2889 nullo

551 2918 807 2976 tempore,
841 2915 988 2963 nulla
1020 2915 1243 2963 omnino
1300 2913 1506 2962 ratione
1567 2911 1682 2961 ﬁeri
1740 2913 1935 2975 potuit,
1987 2913 2204 2962 demon-

551 2989 778 3034 stratum
811 2989 909 3034 est.

2311 1778 2371 1820 ut
2405 1771 2712 1821 necessario
2749 1771 3136 1820 dissolveretur
3165 1787 3177 1831 ;
3210 1785 3399 1819 verum
3443 1770 3590 1819 etiam
3640 1772 3731 1816 erat
3760 1781 3837 1828 qui-

2309 1843 2430 1892 dam
2465 1842 2785 1892 necessitate
2840 1842 3134 1903 implicitus
3185 1841 3465 1890 all'ectibus
3509 1838 3838 1902 peccatorum,id
3924 1851 3925 1858 η

2309 1921 2389 1963 est
2420 1914 2682 1977 peccandi
2714 1914 3118 1976 cupiditatibus,
3151 1928 3216 1962 ea
3245 1928 3369 1977 quas
3401 1913 3476 1962 illl
3507 1912 3599 1961 fuit
3626 1924 3747 1972 [usus
3766 1923 3839 1970 pec-

2309 1987 2409 2034 cati
2470 1986 2765 2046 priniorum
2831 1993 3159 2046 parentum:
3226 1990 3283 2032 ut
3346 1999 3464 2032 cum
3539 1986 3683 2030 morte
3742 1980 3838 2036 (sicut

2310 2059 2510 2106 dictum
2575 2060 2673 2116 est)
2733 2062 3004 2105 teneretur
3061 2057 3371 2110 obstrictus,
3430 2060 3592 2104 tamen
3634 2058 3740 2100 esset
3766 2061 3837 2096 rem

2309 2133 2464 2179 etiam
2523 2131 2794 2177 voluntate
2849 2128 3121 2190 peccandi,
3179 2143 3291 2185 cur,
3356 2129 3407 2176 id
3469 2133 3544 2175 est
3593 2140 3680 2188 qua
3705 2123 3832 2171 ratione

2311 2203 2508 2264 poterit
2541 2202 2705 2250 astrui
2735 2202 2874 2262 quod
2936 2200 2990 2248 in
3052 2201 3277 2255 Christo,
3341 2215 3497 2262 quem
3529 2212 3585 2245 ex
3623 2191 3833 2258 hujusmodi

2313 2275 2526 2322 homine
2583 2288 2778 2335 corpus
2836 2274 3187 2333 assumpsisse
3217 2272 3416 2322 dicitis.
3447 2283 3608 2330 neque
3651 2272 3834 2327 peccatum

2309 2346 2538 2408 alicujus
2599 2352 2749 2393 actus
2802 2343 2922 2403 fuit,
2959 2359 3132 2406 neque
3187 2346 3346 2392 etiam
3398 2345 3627 2390 voluntas
3673 2341 3837 2398 ullaprzc-
3926 2341 3927 2378 ἶ

2309 2418 2464 2466 candi
2497 2419 2520 2464 ?
2569 2419 2710 2479 quod
2765 2416 3062 2464 secundum
3107 2414 3546 2478 consequentiam
3593 2412 3764 2458 aliorum
3787 2422 3837 2466 qui

2310 2504 2375 2538 ex
2410 2487 2777 2548 peccatoribus
2824 2487 2935 2534 nati
2981 2493 3125 2540 sunt,
3175 2486 3374 2534 debere
3420 2500 3529 2534 esse
3568 2483 3790 2539 videretur,
3812 2483 3841 2524 et

2310 2561 2550 2607 omnino.
2576 2555 2738 2615 Quasi
2771 2571 2781 2604 ;
2813 2555 2890 2605 Illi
2923 2559 3014 2619 qui
3044 2556 3236 2605 Christi
3301 2572 3496 2620 corpus
3541 2556 3772 2604 humanum
3804 2561 3840 2594 ei

2308 2628 2478 2678 Maria
2506 2633 2780 2689 sumptum
2831 2641 2946 2675 esse
3005 2641 3115 2675 non
3163 2629 3414 2684 credunt,
3465 2629 3533 2674 ita
3575 2625 3781 2686 quarunt,
3812 2623 3841 2664 et

2309 2715 2496 2751 revera
2552 2701 2674 2748 talis
2735 2698 2962 2762 quaestio
3019 2699 3181 2748 habet
3267 2699 3642 2748 dubitationem
3698 2693 3841 2742 omnino
3928 2693 3929 2764 ξ

2311 2773 2865 2830 animadvertendum,
2899 2775 2956 2819 nt
2986 2771 3445 2834 quemadmodum
3495 2765 3761 2829 ambiguitas
3799 2775 3843 2807 ω’·

2311 2845 2582 2906 gumentis
2636 2843 2868 2890 adducta
2924 2841 3153 2897 videtur,
3213 2843 3286 2890 ita
3358 2855 3564 2904 quoque
3614 2835 3842 2906 argumentis

2313 2919 2590 2977 purgetur.
2623 2911 2828 2970 Quibus
2885 2926 3011 2960 vero
3070 2913 3405 2974 argumentis
3452 2910 3606 2959 videri
3640 2913 3771 2970 potest
3789 2905 3844 2950 ad-

2311 2988 2488 3042 ducta,
2530 2991 2582 3034 et
2624 2985 2734 3046 jam
2801 2985 2992 3046 tetigit,
3056 2990 3109 3032 et
3166 2984 3344 3032 adhuc
3402 2983 3633 3040 inculcat,
3661 2992 3751 3027 cum
3773 2978 3842 3022 sit;

613 3057 760 3138 Nunc
812 3056 1166 3138 querendum,
1224 3055 1348 3120 etc.]
1398 3054 1546 3114 Quod
1700 3055 1909 3137 prologi
1959 3057 2040 3104 sui
2073 3070 2202 3119 prte-
2234 3072 2277 3138 Ο
2313 3059 2364 3106 Si
2398 3059 2540 3106 enim
2572 3055 2762 3103 Christi
2808 3070 3005 3138 corpus
3053 3060 3391 3135 assumptum
3445 3059 3522 3103 est
3565 3067 3621 3101 ex
3646 3047 3844 3138 carne’hu-

553 3127 751 3176 latione
810 3129 1071 3188 promisit,
1135 3128 1416 3190 hucusque
1480 3126 1784 3188 partitionis
1837 3142 1948 3176 sua:
1995 3133 2202 3177 servato

552 3200 740 3248 ordine
777 3207 1063 3249 exsecutus
1113 3207 1211 3256 est,
1274 3201 1375 3248 hoc
1430 3203 1530 3258 est,
1595 3200 1826 3260 primum
1886 3200 2112 3249 Nestorii
2157 3207 2210 3250 et

554 3270 827 3331 Eutychis,
861 3273 1001 3320 inter
1032 3286 1087 3320 se
1123 3270 1358 3319 invicem
1418 3271 1720 3318 contrarios
1779 3273 1958 3331 posuit
1988 3276 2042 3320 et
2085 3275 2208 3322 sub-

556 3345 722 3392 movit
752 3357 981 3401 errores,
1015 3344 1209 3392 deinde
1267 3343 1393 3400 quid
1454 3342 1720 3392 catholica
1777 3343 1908 3392 ﬁdes
1969 3344 2209 3394 medium

553 3420 732 3463 teneat
763 3416 964 3464 docuit.
999 3415 1184 3464 Solent
1215 3420 1395 3464 autem
1427 3414 1759 3476 philosophi,
1793 3415 1835 3463 si
1886 3429 1994 3478 qua
2027 3421 2212 3466 tracta-

557 3487 701 3534 tibus
737 3485 849 3532 suis
879 3487 1113 3535 viderint
1147 3488 1473 3548 necessaria,
1529 3486 1614 3534 vel
1667 3501 1787 3549 qum
1843 3485 1978 3536 forte
2033 3488 2211 3549 inqui-

557 3557 748 3606 sitione
781 3557 941 3615 digna
973 3572 1037 3606 ex
1079 3559 1256 3607 verbis
1313 3559 1424 3607 suis
1479 3572 1634 3619 posse
1692 3572 1966 3618 emergere
2026 3574 2211 3609 sense-

558 3626 683 3687 rint,
721 3631 813 3677 aut
870 3633 994 3678 ante
1046 3628 1386 3678 liminaribus
1449 3628 1660 3691 paginis
1722 3633 1980 3691 tanquam
2043 3631 2214 3692 prole-

555 3713 782 3760 gomene
818 3715 1148 3764 praeponere,
1180 3705 1270 3749 aut
1306 3701 1557 3749 omnibus
1597 3699 1875 3761 expositis.
1905 3706 1998 3750 aut
2053 3703 2211 3751 etiam

558 3770 889 3831 epilogorum
964 3772 1218 3820 brevibus
1303 3771 1841 3833 recapitulationibus
1922 3772 2212 3828 Trinitatis.

557 3845 902 3903 postponere.
963 3844 1112 3901 Quod
1179 3843 1434 3906 quoniam
1493 3844 1718 3904 expositi
1783 3844 1962 3904 operis
2013 3851 2214 3907 auctor,

559 3916 611 3960 et
640 3925 701 3960 ex
740 3912 1095 3969 plurimorum
1132 3918 1457 3962 tractatuum
1516 3911 1862 3966 lectionibus,
1909 3917 1961 3961 et
2018 3918 2218 3964 mentis

560 3984 792 4044 proprias
851 3985 1090 4032 consulta
1150 3985 1359 4033 ratione
1419 3984 1698 4042 didicerat,
1763 3984 1932 4032 voluit
1986 3999 2050 4034 ea
2097 4001 2217 4049 quin

561 4067 671 4103 suae
703 4054 1059 4118 disputationi
1121 4056 1523 4119 quodammodo
1581 4054 1732 4103 utilia
1787 4054 1906 4103 visa
1957 4062 2102 4112 sunt.
2165 4063 2218 4109 et

569 4126 686 4187 ejus
716 4130 894 4174 tamen
929 4129 1119 4176 seriem
1153 4126 1224 4175 ibi
1281 4131 1507 4175 tractata
1565 4126 1867 4187 turbarent,
1903 4127 2043 4176 calce
2097 4143 2220 4192 per-

568 4196 694 4245 fecti
729 4196 910 4259 operis
966 4203 1203 4259 tangere,
1255 4202 1306 4247 et
1363 4198 1456 4258 sic,
1504 4199 1762 4260 quoniam
1820 4200 2222 4258 pernecessaria

570 4274 713 4326 sunt,
772 4271 1043 4320 memoriae
1104 4270 1504 4320 commendare.
1564 4270 1691 4320 Haec
1743 4275 1921 4320 autem
1973 4273 2222 4321 suuthu-

567 4356 738 4392 mante
769 4349 978 4392 natura;
1009 4349 1182 4392 status
1240 4343 1456 4399 diversi,
1513 4343 1764 4392 videlicet
1820 4347 1873 4393 et
1930 4349 2220 4407 antequam

565 4418 809 4474 peccaret
840 4415 1020 4470 homo.
1054 4419 1106 4464 et
1138 4421 1420 4476 postquam
1475 4416 1729 4476 peccavit,
1763 4420 1815 4463 et
1859 4415 1905 4463 is
1954 4418 2045 4479 qui
2095 4417 2143 4464 ei
2174 4409 2218 4466 si

568 4499 677 4534 non
731 4491 1006 4549 peccasset
1063 4487 1282 4536 daretur
1340 4487 1393 4534 in
1445 4488 1744 4547 praemium.
1782 4486 2048 4544 Quoniam
2091 4502 2219 4550 ergo

569 4555 654 4604 liis
705 4571 827 4617 quas
866 4558 1022 4607 dicta:
1081 4562 1212 4606 sunt
1285 4557 1792 4606 ratiocinationibus
1859 4560 2062 4607 clarum
2121 4565 2217 4617 est,

567 4625 836 4675 Christum
870 4641 1030 4676 unam
1086 4641 1376 4690 personam
1437 4641 1573 4684 esse,
1606 4631 1661 4676 et
1690 4629 1741 4676 in
1776 4629 1892 4689 ipso
1924 4629 2039 4676 sine
2089 4643 2216 4677 con-

570 4696 783 4745 fusione
815 4698 996 4760 aliqua
1032 4698 1230 4748 divinas
1291 4702 1497 4747 nature
1561 4697 1853 4747 humanam
1916 4712 2030 4748 esse
2090 4714 2221 4748 con-

567 4767 822 4826 iunctam,
878 4774 1019 4817 recte
1081 4770 1346 4832 quaeritur
1401 4769 1454 4817 in
1515 4783 1624 4831 quo
1700 4770 1952 4819 humanm
2013 4776 2220 4819 naturas

573 4842 710 4886 statu
747 4839 987 4888 Christus
1018 4839 1187 4889 factus
1223 4845 1306 4890 est
1344 4840 1524 4889 homo.
1553 4841 1704 4888 Hanc
1760 4840 1937 4904 itaque
1967 4841 2218 4904 quaestio-

573 4923 694 4957 nem
728 4911 895 4972 primo
927 4912 1262 4973 argumentis
1293 4917 1563 4973 quatenus
1620 4911 1864 4960 videatur
1925 4913 1979 4960 in
2019 4914 2224 4961 dubita-

571 4982 772 5031 tionem
827 4982 1062 5038 adducit,
1118 4988 1303 5043 postea
1362 4983 1755 5032 dubitationem
1791 4988 2026 5032 statuum
2085 4985 2219 5033 divi-

572 5053 721 5101 sione
772 5054 992 5101 decutit.
1048 5053 1140 5103 Ait
1198 5066 1370 5117 ergo:
1429 5053 1581 5102 Nunc
1637 5055 1786 5116 quasi
1867 5055 2122 5117 expositis
2173 5060 2225 5104 et

570 5125 857 5174 destructis
907 5124 1181 5173 erroribus
1243 5125 1474 5174 Nestorii
1551 5129 1602 5174 et
1659 5125 1930 5187 Eutychis,
2009 5131 2224 5176 ostensa

571 5196 960 5244 catholicorum
1022 5196 1142 5254 ﬁde,
1173 5209 1336 5245 unam
1395 5211 1512 5245 esse
1542 5210 1830 5258 personam
1880 5197 2094 5256 Christi,
2131 5197 2218 5246 sed

573 5268 812 5330 ejusdem
845 5270 1112 5328 geminam
1163 5281 1278 5315 esse
1339 5271 1586 5315 naturam
1634 5268 2024 5324 conﬁtentium,
2076 5283 2221 5330 quae-

572 5339 798 5386 rendum
826 5343 905 5387 est
947 5338 1217 5400 quomodo
1275 5337 1388 5385 ﬁeri
1443 5336 1682 5399 potuerit
1731 5342 1790 5386 ut
1838 5341 1960 5387 dum
2017 5344 2223 5388 naturae

569 5413 702 5459 adeo
757 5412 1004 5470 diversa,
1063 5410 1205 5473 quod
1267 5409 1414 5458 nullo
1472 5411 1615 5458 inter
1666 5424 1722 5459 se
1796 5424 2009 5471 genere,
2074 5412 2223 5460 nulla

571 5482 780 5531 ratione
811 5485 1129 5542 conformes,
1163 5481 1350 5530 divina
1399 5479 1606 5529 scilicet
1652 5485 1704 5530 et
1747 5481 2003 5538 humana,
2037 5484 2224 5531 misce-

572 5560 777 5611 rentur,
818 5555 918 5604 hoc
961 5561 1060 5616 est,
1119 5552 1507 5618 conjunctione
1566 5553 1799 5617 quadam
1861 5555 1976 5602 sine
2034 5556 2224 5604 confu-

571 5628 721 5674 sione
757 5625 840 5673 sui
877 5627 1230 5676 convenirent
1277 5626 1333 5675 in
1393 5639 1552 5674 unam
1611 5626 1984 5684 substantiam,
2029 5631 2087 5674 ut
2143 5628 2223 5675 vi-

573 5697 763 5745 delicet
793 5695 848 5744 in
881 5712 988 5747 uno
1020 5698 1346 5748 subsistente
1380 5697 1539 5747 simul
1572 5701 1771 5756 essent,
1805 5701 1856 5745 et
1886 5697 1950 5744 de
1986 5698 2078 5746 illo
2114 5712 2223 5747 uno

575 5774 627 5816 et
676 5768 838 5816 simul
894 5775 946 5818 et
1001 5770 1213 5819 divisim
1271 5784 1393 5820 vere
1452 5767 1899 5834 praedicerentur.
1956 5770 2095 5820 sicut
2159 5771 2224 5820 de

2317 3144 2497 3186 mana,
2529 3131 2588 3176 ut
2620 3130 2799 3189 utique
2831 3129 2934 3184 est,
2968 3127 3202 3174 dubitari
3235 3131 3412 3188 potest
3467 3136 3685 3188 qua-nam
3730 3119 3845 3190 vides-

2315 3207 2400 3250 tur
2431 3214 2545 3247 esse
2579 3213 2700 3247 caro
2731 3213 2848 3260 quae
2908 3204 3184 3260 assumpta
3240 3204 3339 3258 est,
3399 3197 3630 3246 videlicet
3675 3205 3726 3240 an
3771 3190 3845 3236 ull!

2315 3273 2489 3335 qualis
2521 3271 2690 3319 Adam
2723 3269 2827 3318 fuit
2855 3275 2976 3332 post
3032 3276 3332 3333 peccatum,
3364 3285 3430 3319 an
3486 3267 3596 3317 talis
3638 3261 3847 3335 qualislnil

2316 3334 2430 3405 ipse
2462 3346 2584 3391 ante
2617 3347 2912 3405 peccatum.
2946 3343 3006 3390 Et
3037 3341 3252 3404 quidem
3309 3343 3434 3390 talis
3477 3344 3716 3398 assumpta
3754 3334 3845 3378 vide-

2317 3421 2423 3470 tur,
2455 3413 2631 3476 qualis
2688 3412 2852 3461 Adam
2909 3412 3009 3460 fuit
3085 3417 3206 3474 post
3266 3417 3556 3475 peccatum.
3608 3409 3714 3456 Eum
3753 3405 3847 3466 quasi

2318 3486 2589 3535 medicina
2613 3489 2856 3546 egentem
2889 3485 3094 3532 salvum
3153 3483 3296 3540 fecit,
3331 3498 3488 3546 quem
3541 3484 3678 3530 etiam
3721 3488 3847 3525 assum-

2320 3562 2441 3624 psit,
2479 3560 2533 3608 id
2561 3563 2660 3614 est,
2685 3572 2878 3619 corpus
2909 3558 3054 3620 quod
3099 3558 3163 3606 de
3214 3573 3389 3607 massa
3445 3562 3737 3621 peccatorum
3781 3549 3849 3596 sola

2319 3633 2490 3695 gratia
2547 3634 2852 3692 separatum
2909 3631 3215 3692 assumpsit.
3271 3633 3340 3678 ab
3401 3628 3538 3678 omni
3597 3635 3717 3675 reatu
3750 3625 3847 3694 atqui!

2322 3703 2431 3751 vitii
2497 3701 2813 3750 necessitate
2871 3701 3181 3756 liberatum,
3212 3715 3333 3749 cum
3394 3702 3774 3759 humana,quam
3811 3705 3850 3736 Il-

2322 3775 2536 3829 militer,
2568 3773 2669 3820 hoc
2695 3776 2771 3820 est
2804 3785 2900 3834 per
2957 3773 3117 3820 solam
3176 3774 3402 3834 gratiam
3447 3771 3702 3832 assumpsit
3723 3766 3848 3812 animi.

2323 3847 2510 3896 eadem
2540 3845 2707 3908 gratia
2739 3842 3073 3904 gloriﬁcavit.
3131 3843 3225 3892 Sin
3281 3857 3410 3892 vero
3457 3844 3603 3892 talem
3650 3836 3849 3908 homines}.

2321 3922 2424 3970 hoc
2455 3926 2535 3968 est
2565 3918 2856 3966 humanam
2913 3922 3179 3974 naturam,
3240 3919 3401 3966 talem
3458 3915 3710 3977 assumpsit
3743 3907 3850 3971 quam

2323 3994 2488 4043 Adam
2557 3990 2660 4037 fuit
2724 3994 2847 4036 ante
2907 3994 3182 4050 peccatum
3213 3990 3378 4050 (quod
3428 3989 3598 4050 utique
3638 3986 3765 4033 facere
3800 3990 3850 4039 ρξ’

2324 4063 2446 4116 tuit.
2483 4061 2734 4124 quoniam
2769 4061 2864 4107 etsi
2902 4060 2964 4107 de
2998 4060 3389 4122 peccatoribus,
3440 4065 3491 4108 et
3541 4072 3627 4121 per
3664 4057 3849 4117 peccatum

2324 4135 2538 4197 genitis,
2593 4145 2703 4179 non
2752 4135 2936 4178 tamen
2980 4145 3078 4190 per
3136 4137 3410 4192 peccatum
3464 4131 3559 4179 hoc
3600 4125 3850 4197 estministra

2327 4195 2572 4267 originali
2610 4203 3045 4263 concupiscentia
3071 4215 3266 4264 corpus
3295 4203 3581 4251 humanum
3621 4195 3848 4255 assumpsit}.

2325 4279 2537 4326 videtur
2565 4273 2780 4334 quidem
2823 4273 3174 4335 assumpsisse
3219 4276 3479 4336 integram
3521 4275 3756 4323 humanam
3794 4277 3850 4311 na-

2327 4356 2522 4406 turam,
2572 4345 2663 4393 sed
2727 4350 2904 4394 tamen
2964 4347 3124 4394 talem
3183 4361 3304 4409 quse
3360 4349 3565 4407 penitus
3614 4355 3700 4391 non
3741 4339 3850 4414 εαετῖξ

2331 4419 2616 4477 medicina,
2666 4431 2773 4480 qua
2826 4418 3098 4466 diceretur
3158 4419 3418 4467 salvanda
3469 4421 3573 4466 sive
3621 4414 3848 4480 salvsta._bl

2331 4497 2512 4541 autem
2571 4477 2897 4537 concedatur
2955 4489 3113 4536 talem
3165 4492 3515 4551 assumpsisse
3563 4485 3704 4549 qualis
3744 4477 3847 4551 Adsis

2329 4564 2429 4612 fuit
2462 4566 2586 4610 ante
2643 4564 2935 4618 peccatum.
2993 4562 3252 4622 quaeritur
3307 4549 3569 4622 quomodo
3619 4555 3707 4602 ﬁeri
3743 4549 3849 4610 potest

2332 4640 2388 4683 ut
2422 4633 2577 4681 talem
2606 4631 2900 4686 hominem,
2963 4631 3065 4678 hoc
3113 4637 3193 4679 est
3242 4631 3528 4679 humanam
3581 4630 3769 4675 naturam
3805 4629 3849 4663 l5-

2329 4701 2621 4767 sumpserit
2676 4702 2850 4762 qualis
2907 4701 3076 4750 Adam
3135 4701 3235 4750 fuit
3289 4708 3413 4750 ante
3479 4705 3726 4762 peccatum.
3768 4690 3845 4767 Cain

2330 4761 2468 4826 tunc
2512 4789 2566 4821 in
2619 4761 2784 4820 Adam
2841 4785 2956 4820 esse
3020 4775 3272 4834 potuerit,
3303 4778 3356 4821 et
3411 4761 3588 4821 eﬂ'ectu
3653 4761 3845 4838 monﬁlﬂl‘

2331 4851 2412 4896 est
2464 4845 2627 4892 fuisse
2685 4845 2940 4904 peccandi
3004 4827 3270 4891 voluntas
3309 4848 3465 4905 atque
3530 4839 3715 4888 affectio.
3757 4827 3844 4905 [Tuli

2331 4920 2529 4968 factum
2562 4920 2658 4971 est,
2691 4914 2744 4963 id
2801 4921 2882 4963 est
2933 4928 2994 4963 ex
3030 4928 3135 4976 qua
3183 4917 3455 4964 voluntate
3509 4917 3642 4962 actus
3664 4907 3844 4976 processit

2332 4996 2391 5041 ut
2421 4990 2620 5038 scilicet
2672 5001 2780 5035 non
2835 4987 2991 5035 modo
3047 4973 3103 5035 in
3156 5001 3210 5035 re
3273 4989 3338 5036 de
3387 5001 3489 5049 qua
3541 4996 3636 5033 non
3679 4973 3844 5027 habuerat

2333 5066 2660 5126 prreceptum
2719 5058 3074 5120 delinqueret,
3133 5072 3316 5108 verum
3391 5060 3542 5107 etiam
3599 5054 3844 5126 _pr§l€l‘§ﬁ_‘f

2333 5116 2406 5181 sis
2436 5116 2631 5179 divinis
2667 5116 2965 5191 praeceptis,
2997 5128 3193 5192 quibus
3223 5130 3417 5178 dictum
3449 5132 3524 5176 est
3567 5124 3642 5173 ei:
3759 5116 3844 5194 “89°

2333 5203 2575 5252 scientiae
2607 5182 2732 5248 boni
2764 5207 2816 5248 et
2846 5182 2969 5248 mali
3005 5182 3071 5248 ne
3131 5202 3398 5254 comedas,
3451 5188 3764 5246 inobedientiie
3789 5182 3844 5261 ,ἐε-

2333 5274 2473 5324 lictis
2529 5276 2802 5321 teneretur
2863 5271 3130 5319 astrictus.
3190 5271 3244 5318 lu
3290 5272 3494 5319 Christo
3525 5281 3631 5315 vero
3656 5275 3728 5311 nec
3749 5262 3842 5303 cum

2334 5347 2588 5394 voluntas
2641 5343 2751 5391 ulla
2803 5344 3058 5404 peccandi
3116 5343 3352 5390 creditur
3379 5343 3549 5393 luisse,
3579 5331 3842 5408 nedum

2332 5418 2445 5479 ipse
2479 5417 2700 5477 peccati,
2752 5395 2851 5462 nec
2899 5415 3054 5463 debet
3104 5415 3269 5470 credi,
3302 5429 3416 5463 cum
3461 5395 3840 5480 praesertim-sill)?

2333 5466 2529 5548 corpus
2588 5466 2879 5548 assumpsit
2929 5485 3171 5534 Christus
3231 5466 3390 5548 quale
3438 5466 3611 5542 corpus
3659 5473 3736 5523 fuit
3767 5466 3840 5548 Adit

2333 5546 2455 5608 ante
2488 5546 2786 5619 peccatum,
2815 5571 2924 5605 non
2969 5557 3217 5606 debuerit
3248 5546 3449 5619 aliqua
3495 5548 3746 5602 necessitate
3775 5546 3840 5619 est!

2331 5611 2572 5678 mortalis
2603 5644 2615 5677 :
2650 5632 2902 5691 quoniam
2927 5627 3088 5676 Adam
3149 5611 3378 5691 quoque;
3431 5626 3469 5674 si
3517 5635 3610 5672 non
3643 5611 3838 5691 pacta-“fl;

2333 5699 2568 5750 creditur
2600 5675 2744 5762 qujod
2806 5699 2950 5748 nulla
3006 5675 3212 5749 ratiorie
3269 5675 3483 5749 mortem
3539 5689 3750 5757 sensisset:

2334 5771 2475 5822 enim
2505 5747 2631 5820 sint;
2677 5770 2841 5820 dubio
2900 5784 3060 5834 pinna
3118 5772 3323 5834 peccati
3370 5764 3625 5818 necessitas
3647 5747 3838 5807 moriendi
