4030 6186
171 224 298 279 1409

161 348 364 397 dicente
425 345 688 394 Domino:
741 346 799 394 In
853 361 1177 412 quacunque
1254 349 1387 397 hora

163 418 416 468 morieris.
454 417 584 465 Cum
617 416 780 478 igitur
831 420 1072 467 Christus
1130 435 1236 468 non
1300 420 1617 483 peccaverit,
1657 414 1802 477 quod

168 491 343 552 utique
376 503 484 536 non
523 488 668 548 fecit,
706 487 746 534 si
777 503 973 551 corpus
1005 492 1130 539 Adin
1162 495 1316 553 quale
1349 495 1463 539 erat
1519 493 1806 550 antequam

163 562 320 611 Adam
355 564 600 621 peccaret
631 563 938 623 assumpsit,
1001 565 1351 624 querendum
1415 566 1496 611 est
1539 575 1633 608 cur
1664 571 1807 607 mor-

165 637 264 680 tem
294 633 539 679 senserit.
578 632 728 690 Quod
764 634 803 679 si
836 632 994 680 talem
1056 640 1249 682 stutum
1303 632 1556 688 hominis,
1589 632 1688 678 hoc
1728 632 1807 677 est

163 705 444 753 humanam
476 707 722 750 naturain
761 704 813 750 in
879 704 964 750 tali
1026 709 1162 751 statu
1224 704 1461 764 suscepit
1492 702 1667 766 qualis
1698 706 1808 748 sta-

164 779 247 823 tus
277 775 418 826 Adae,
454 775 503 821 id
542 775 697 821 estin
733 775 878 836 quali
912 779 1048 823 statu
1081 777 1247 823 Adam
1312 775 1413 823 fuit
1466 777 1586 834 post
1619 786 1807 834 pecca-

167 852 295 897 tum,
329 845 542 893 videtur
576 845 716 893 sicut
752 846 894 899 Adin,
928 846 1001 893 ita
1059 853 1111 893 et
1156 846 1371 894 Christo
1428 860 1533 894 non
1571 843 1805 892 defuisse

165 917 452 965 necessitas
503 921 562 964 ut
616 923 667 964 et
719 917 928 964 delictis
974 916 1346 979 subjiceretur,
1381 924 1432 966 et
1465 915 1806 979 passionibus

167 987 592 1037 confunderetur
623 989 844 1042 invitus,
878 988 1238 1051 obductis-que
1296 987 1608 1036 i‘iecessarim
1661 989 1806 1044 iuno-

165 1060 350 1107 rantias
384 1072 554 1118 pmnm
580 1057 820 1120 judiciis,
851 1059 950 1107 hoc
1000 1065 1079 1106 est
1131 1060 1259 1107 recti
1309 1074 1484 1107 rerum
1541 1057 1805 1105 examinis

163 1130 375 1191 regulis,
415 1131 615 1177 bonum
652 1143 681 1176 a
712 1131 854 1177 male
885 1143 994 1178 non
1049 1129 1258 1180 sincera
1311 1129 1532 1179 rationis
1580 1129 1805 1189 integri-

163 1205 266 1250 tate
308 1199 660 1256 discerneret,
720 1202 974 1262 quoniam
1030 1208 1232 1250 certum
1296 1209 1376 1251 est
1435 1202 1574 1264 quod
1634 1201 1799 1249 Adam

159 1271 333 1320 delicti
383 1273 841 1335 praevaricatione.
879 1271 930 1320 id
983 1278 1062 1321 est
1115 1287 1177 1321 eo
1235 1274 1376 1335 quod
1436 1271 1802 1334 deliuquendo

158 1343 547 1405 prmvaricavit,
608 1345 713 1392 imo
771 1345 1208 1406 praevaricatione
1262 1345 1501 1407 deliquit,
1540 1345 1636 1392 has
1683 1357 1800 1391 om-

155 1429 268 1471 nes,
300 1415 557 1463 videlicet
619 1419 670 1462 et
730 1414 1100 1478 delinquendi,
1144 1421 1196 1464 et
1252 1414 1509 1478 patiendi,
1543 1420 1595 1463 et
1654 1413 1803 1476 igno-

154 1485 308 1534 randi
341 1500 530 1546 pCBDBS
562 1487 815 1549 suscepit.

214 1557 402 1605 Contra
435 1571 575 1621 quos,
622 1557 744 1620 etc.)
810 1558 1006 1614 Quasi:
1064 1557 1144 1606 Illi
1206 1559 1295 1621 qui
1361 1557 1554 1606 Christi
1603 1571 1799 1619 corpus

151 1627 450 1676 humanum
489 1642 553 1678 ex
616 1628 778 1677 Maria
834 1633 1108 1693 sumptum
1177 1643 1294 1679 esse
1327 1644 1436 1679 non
1493 1629 1792 1685 crederent,

1229 223 1552 280 GILBERTI
1591 215 1934 274 ΡΟΒΒΕΤίΕ
1973 215 2506 276 COMMENTARIA.

1481 343 1798 395 comederis,
1833 341 1884 406 Α
1915 345 1993 388 est
2027 346 2264 412 potestas
2298 344 2580 404 puniendi,
2616 358 2721 407 qua
2754 349 2806 392 et
2865 345 2918 393 in
2977 345 3182 409 angelis
3223 348 3330 396 suis
3366 352 3570 412 reperit

3435 226 3571 281 1410

1919 411 2256 472 pravitatem.
2289 415 2496 464 Tertius
2559 419 2727 464 status
2782 419 2862 464 est
2920 421 3037 477 post
3067 416 3337 479 delictum,
3371 411 3567 484 iniquo

1921 496 2066 531 mors
2102 485 2246 533 illum
2280 487 2566 535 subsecuta
2629 493 2724 535 est.
2789 490 2840 536 et
2896 501 2959 534 ex
3016 488 3212 537 divina:
3271 492 3566 540 voluntatis

1919 557 2306 606 constitutione
2339 559 2658 613 necessario,
2687 564 2740 608 et
2795 558 3040 608 similiter
3080 567 3356 622 peccatum
3389 563 3563 624 ipsum

1916 627 2282 692 voluntasque
2315 631 2590 694 peccandi.
2621 630 2685 679 Hi
2743 637 2869 679 sunt
2915 632 3081 693 igitur
3127 636 3233 680 tres
3265 636 3560 685 secundum

1917 710 1981 745 ea
2015 713 2134 758 qua:
2167 701 2310 748 dicta
2349 708 2474 750 sunt
2504 702 2782 750 hominum
2819 706 3009 750 status.
3039 702 3273 759 Quorum
3324 710 3562 754 statuqu

1917 768 2030 817 haec
2066 784 2185 831 quas
2217 772 2412 821 dicturi
2445 787 2630 821 sumus
2681 779 2808 821 sunt
2854 773 2972 822 loca
3005 776 3369 822 summitatum
3403 785 3560 839 atque

1917 840 2330 900 contrariorum,
2369 844 2420 891 id
2474 851 2553 891 est
2602 844 2991 892 contrariarum
3053 846 3153 893 sibi
3209 845 3438 894 invicem
3471 861 3562 895 ex-

1916 909 2261 968 tremitatum,
2296 915 2339 962 is
2396 915 2638 965 videlicet
2692 921 2878 972 status,
2937 918 3028 978 qui
3085 918 3361 979 praemium
3403 923 3559 976 esset,

1915 983 1958 1029 si
1990 981 2042 1030 in
2078 987 2356 1047 prameptis
2393 988 2482 1035 Dei
2518 989 2683 1037 Adam
2717 1003 2934 1037 manere
2974 989 3246 1048 voluisset,
3282 995 3332 1038 et
3379 989 3424 1038 is
3467 991 3560 1053 qui

1915 1067 2088 1114 paeni;
2121 1055 2237 1110 fuit,
2270 1059 2525 1119 quoniam
2560 1060 2612 1106 in
2647 1060 2930 1120 praeceptis
2992 1074 3207 1109 manere
3265 1061 3472 1117 noluit;
3507 1066 3559 1110 et

1913 1138 2036 1172 vere
2066 1125 2118 1172 hi
2152 1127 2259 1174 duo
2316 1129 2717 1190 quodammodo
2777 1132 2891 1179 loca
2945 1145 3108 1192 supra
3160 1134 3556 1180 contrariarum

1913 1194 2052 1244 inter
2081 1209 2136 1244 se
2167 1197 2397 1246 invicem
2432 1202 2831 1249 summitatum:
2867 1201 2920 1248 iu
2952 1202 3042 1249 illo
3074 1203 3213 1250 enim
3245 1206 3355 1264 qui,
3389 1205 3556 1266 quali-

1911 1269 1991 1313 ter
2020 1267 2219 1316 dictum
2253 1275 2349 1326 est,
2383 1272 2659 1332 praemium
2691 1277 2849 1333 esset,
2892 1287 2990 1321 nec
3051 1287 3194 1321 mors
3255 1280 3415 1323 esset
3443 1275 3550 1323 dis-

1911 1337 2213 1395 solutionis,
2248 1353 2346 1388 nec
2400 1347 2682 1402 peccatum
2741 1343 3207 1406 transgressionis,
3238 1359 3339 1394 nec
3396 1343 3555 1394 etiam

1909 1409 2160 1457 voluntas
2190 1411 2298 1458 ulla
2324 1411 2526 1472 peccati
2554 1428 2565 1469 ;
2614 1414 2668 1460 iu
2737 1413 2837 1462 hoc
2895 1428 3023 1461 vero
3079 1413 3168 1476 qui
3201 1421 3283 1463 est
3313 1421 3433 1478 post
3465 1417 3559 1464 de-

1909 1479 2112 1536 lictum,
2144 1487 2196 1530 et
2228 1496 2372 1532 mors
2417 1489 2496 1532 est
2556 1489 2608 1533 et
2657 1491 2955 1545 peccatum,
3015 1492 3066 1534 et
3128 1489 3300 1536 omnis
3351 1490 3557 1538 atfectio

1909 1551 2275 1622 delinquendi,
2308 1554 2597 1618 omniaque
2628 1561 2708 1612 (ut
2740 1557 2976 1605 breviter
3005 1555 3195 1617 dicam)
3253 1571 3349 1619 per
3396 1559 3557 1622 origi-

1909 1621 2030 1672 nale
2082 1622 2272 1673 vitium
2332 1640 2501 1688 prona
2558 1627 2610 1675 in
2667 1627 2983 1688 perniciem,
3047 1631 3098 1676 ct
3155 1629 3288 1678 adeo
3344 1621 3557 1680 infirma

148 1700 333 1760 quales
363 1704 488 1748 sunt
514 1698 906 1757 Valentiniani,
946 1701 1017 1749 ita
1080 1715 1323 1765 quaerere
1386 1700 1470 1749 bis
1519 1713 1797 1763 argutiien-
1832 1703 1880 1767 Β
1912 1694 2055 1754 quod
2086 1709 2186 1744 nec
2238 1697 2396 1746 etiam
2458 1698 2748 1761 quidquam
2814 1700 2932 1762 opis
2995 1700 3048 1747 in
3098 1714 3156 1749 se
3193 1699 3466 1759 habentia,
3497 1707 3555 1752 ut

147 1771 213 1817 tis
244 1774 453 1832 partem
486 1784 636 1818 suam
674 1771 1012 1826 confirmare,
1067 1777 1118 1820 et
1170 1773 1549 1822 catholicorum
1592 1776 1797 1833 partem

149 1840 423 1888 inﬁrmare
476 1855 633 1902 posse
694 1841 968 1890 videntur.
1025 1842 1220 1892 Contra
1275 1857 1410 1906 quos
1461 1844 1800 1904 responden-

149 1910 277 1958 dum
311 1915 390 1959 est
426 1911 518 1966 ita,
572 1917 677 1960 tres
727 1911 980 1961 videlicet
1023 1912 1321 1972 hominum,
1353 1912 1406 1961 id
1440 1918 1521 1962 est
1550 1913 1798 1963 humanas

145 1985 361 2029 natura:
393 1987 562 2030 status
592 1980 821 2042 intelligi
853 1997 1028 2044 posse.
1074 1983 1337 2046 Superius
1394 1985 1595 2032 dictum
1637 1986 1798 2034 fuisse

143 2053 423 2106 recordor,
453 2053 592 2114 quod
628 2052 917 2114 cujuslibet
974 2054 1337 2103 subsistentiis
1386 2055 1528 2103 aliud
1587 2061 1667 2104 est
1710 2071 1799 2105 na-

141 2126 288 2178 tura,
321 2123 461 2170 aliud
514 2128 594 2172 est
645 2129 833 2179 status,
867 2129 919 2172 et
980 2126 1124 2188 quod
1180 2131 1371 2174 natura
1432 2125 1519 2182 sit,
1556 2125 1608 2175 id
1653 2127 1795 2190 quod

138 2192 329 2255 ipsum
362 2193 660 2242 subsistens
692 2201 773 2243 est
829 2197 1051 2258 aliquid.
1109 2197 1317 2246 Caetera
1372 2211 1498 2246 vero
1556 2212 1675 2261 quas
1729 2199 1795 2248 de

139 2265 264 2325 ipso
289 2263 624 2313 extrinsecus
656 2265 731 2312 illi
798 2266 960 2315 afﬂva
1021 2268 1290 2327 dicuntur,
1326 2268 1565 2331 ejusdem
1626 2275 1796 2317 status

141 2339 434 2391 vocantur,
473 2350 534 2384 eo
574 2338 717 2399 quod
777 2351 920 2386 nunc
968 2341 1060 2393 sic,
1103 2353 1246 2387 nunc
1297 2354 1421 2388 vero
1471 2341 1626 2388 aliter
1667 2342 1795 2389 reti-

141 2419 305 2460 nens,
359 2421 418 2453 ea
467 2407 662 2468 quibus
707 2414 786 2456 est
833 2410 1054 2472 aliquid,
1114 2415 1166 2458 et
1212 2413 1440 2459 maxime
1508 2418 1794 2474 perpetuas

140 2476 546 2534 subsistentias,
579 2478 765 2528 divina
799 2481 1073 2530 voluntate
1105 2487 1387 2530 statuatur.
1426 2482 1495 2531 Ut
1550 2497 1676 2545 ergo
1729 2484 1794 2531 de

137 2549 360 2596 caeteris
417 2550 832 2599 subsistentibus
890 2557 982 2600 aut
1055 2554 1286 2602 statibus
1358 2557 1645 2611 taceamus,
1705 2555 1796 2604 ho-

135 2619 345 2667 minem
407 2625 461 2667 et
511 2620 628 2682 ejus
682 2620 800 2670 illos
859 2627 1027 2671 status
1082 2637 1310 2686 quorum
1375 2625 1611 2685 cognitio
1664 2640 1793 2688 pra:-

135 2689 280 2738 senti
333 2689 461 2740 facit
515 2691 888 2754 disputationi,
937 2693 1364 2743 consideremus.
1395 2696 1580 2758 Itaque
1612 2697 1790 2753 homo,

137 2761 229 2823 qui
264 2774 335 2809 ex
365 2775 474 2824 quo
533 2764 711 2826 caapit,
776 2777 1054 2826 nunquam
1109 2766 1269 2814 desiit
1319 2768 1591 2828 perpetuis
1658 2770 1792 2816 sub-

136 2834 406 2883 sistentiis
437 2849 553 2884 esse
584 2851 780 2898 corpus
810 2842 862 2886 et
891 2836 1130 2899 spiritus,
1163 2837 1348 2887 habitu
1397 2839 1794 2902 conjunctionis

132 2902 410 2966 ipsorum,
460 2907 552 2968 qui
608 2908 970 2968 generationis
1026 2913 1078 2957 et
1130 2908 1490 2971 corruptionis
1547 2909 1793 2959 animalis

125 2973 492 3025 subsistentia
543 2982 777 3034 vocatur,
829 2977 1014 3028 divina
1069 2984 1333 3042 potestate
1393 2985 1554 3042 atque
1611 2981 1793 3030 volun-

124 3049 231 3094 tate
265 3047 346 3095 ita
379 3051 634 3132 _statutus
677 3053 794 3132 iest,
859 3051 1150 3132 utnprimo
1208 3065 1384 3132 posse,
1409 3052 1619 3132 deinde
1677 3067 1784 3102 non
1817 3065 1861 3132 ρ

123 3131 286 3179 posse
359 3119 582 3167 dissolvi
639 3125 695 3168 et
750 3135 858 3169 non
917 3121 1136 3170 dissolvi
1180 3128 1322 3172 recte
1390 3123 1619 3186 dicatur,
1674 3139 1784 3175 non

122 3190 266 3250 quod
307 3190 459 3238 Dous
483 3191 592 3239 ulla
630 3205 866 3254 unquam
908 3194 1111 3242 ratione
1158 3193 1383 3256 incipiat
1442 3209 1534 3244 seu
1581 3197 1792 3246 desinat

120 3273 301 3321 posse,
341 3266 587 3324 potestas
643 3262 788 3311 enim
852 3264 972 3326 ejus
1024 3267 1104 3312 est
1153 3270 1388 3327 potestas
1438 3271 1658 3325 interna,
1695 3267 1787 3316 sed

119 3333 265 3394 quod
307 3331 565 3381 omnium
598 3349 716 3396 quae
748 3349 858 3383 sine
907 3335 1147 3398 subjecta
1203 3341 1330 3385 sunt
1385 3338 1653 3399 potestati,
1688 3340 1790 3388 alia

119 3405 413 3458 mutanda,
452 3406 552 3452 alia
583 3419 686 3452 nou
721 3409 996 3460 mutanda,
1060 3408 1172 3455 sola
1226 3413 1439 3456 aeternae
1503 3411 1789 3459 voluntatis

114 3489 226 3523 suae
259 3490 436 3524 causa
467 3478 765 3525 constituit.
799 3479 870 3526 Ex
939 3479 1037 3526 hoc
1094 3477 1257 3539 igitur
1310 3484 1529 3536 statuto,
1564 3483 1789 3543 conjun-

115 3548 297 3594 ctione
361 3549 610 3608 corporis
658 3553 709 3596 et
768 3550 961 3597 anima:
1021 3550 1295 3598 rationalis
1372 3551 1545 3600 factus
1603 3552 1784 3610 homo,

118 3619 296 3678 potuit
359 3617 588 3666 dissolvi
656 3623 708 3668 et
765 3633 873 3667 non
932 3621 1170 3668 dissolvi.
1225 3620 1282 3669 In
1341 3636 1447 3684 quo
1500 3628 1642 3671 statu
1692 3623 1784 3671 Dei

115 3692 408 3746 mandata,
447 3690 646 3752 quibus
673 3693 978 3742 obediendo
1034 3693 1271 3756 praemia,
1323 3709 1430 3744 non
1482 3697 1784 3745 obediendo

113 3775 312 3822 punias
370 3769 701 3824 mereretur,
763 3766 1002 3824 accepit;
1079 3770 1132 3814 et
1182 3764 1484 3815 obediendo
1545 3767 1782 3830 quidem,

102 3845 214 3881 non
252 3849 423 3897 posse
465 3835 684 3884 dissolvi
741 3837 825 3885 vel
882 3850 1122 3898 peccare,
1171 3838 1275 3886 imo
1337 3839 1621 3899 gloriﬁcari
1674 3855 1785 3889 me-

101 3906 328 3962 ruisset,
370 3906 473 3968 qui
527 3911 609 3955 est
655 3907 790 3955 alius
853 3914 1055 3966 status;
1115 3923 1224 3958 non
1283 3911 1584 3960 obediendo
1638 3926 1783 3970 vero,

101 3978 307 4024 meruit
349 3989 471 4025 non
508 3991 661 4037 posse
698 3991 806 4026 non
844 3977 1082 4034 dissolvi,
1118 3979 1202 4028 vel
1261 3994 1370 4028 non
1422 3994 1663 4043 peccare,
1691 3982 1784 4030 sed

102 4049 335 4118 omnino
394 4048 682 4105 confundi,
741 4048 837 4112 qui
895 4054 976 4098 est
1033 4051 1222 4099 tertius
1279 4055 1467 4100 status.
1502 4053 1606 4100 Hos
1657 4068 1783 4118 ergo

98 4117 427 4176 hominum,
465 4118 517 4166 id
556 4123 636 4168 est
665 4120 812 4174 Adae,
845 4124 898 4170 et
928 4121 1186 4185 deinceps
1239 4137 1302 4171 ex
1353 4137 1415 4172 eo
1469 4138 1561 4185 per
1589 4117 1785 4174 concu-

97 4188 396 4249 piscentiae
467 4195 743 4251 peccatum
807 4190 1072 4253 originale
1129 4199 1529 4255 generatorum,
1565 4199 1670 4244 tres
1708 4196 1784 4244 in-

98 4260 415 4322 telligimus
470 4265 657 4318 status,
709 4277 846 4324 quos
907 4264 1022 4326 ipsc
1074 4271 1261 4313 auctor
1300 4265 1522 4327 eXponit
1552 4266 1780 4316 dicens:

101 4331 280 4380 Unum
317 4332 554 4396 quidem
595 4346 748 4395 posse
781 4333 1029 4395 intelligi,
1061 4335 1153 4397 qui
1207 4333 1307 4383 fuit
1362 4335 1515 4396 primi
1547 4338 1781 4398 parentis

95 4402 247 4454 Adae.
276 4403 556 4492 ‘videli‘cet
603 4407 725 4492 qn'te
774 4405 1155 4492 iLnobedientia:
1211 4404 1378 4492 ipsius
1426 4405 1692 4492 delictum,
1725 4407 1778 4492 in
1813 4429 1860 4492 D

96 4485 207 4534 quo
243 4476 402 4522 statu
469 4474 680 4522 tametsi
741 4475 808 4523 ab
867 4490 928 4523 eo
989 4478 1157 4525 Adam
1190 4475 1376 4524 aberat
1433 4488 1596 4532 mors,
1628 4476 1680 4524 id
1705 4481 1784 4524 est

94 4546 354 4606 corporis
425 4550 481 4593 et
530 4547 722 4593 animas
781 4546 1083 4607 dissolutio,
1141 4562 1237 4594 nec
1295 4546 1471 4595 adhuc
1522 4547 1785 4608 polluerat

95 4629 150 4663 se
187 4617 304 4665 ullo
341 4616 557 4665 delicto
589 4632 697 4679 quo
731 4621 1015 4668 meruisset
1071 4617 1276 4680 puniri,
1339 4623 1546 4680 poterat
1604 4632 1784 4668 tamen

94 4685 150 4733 in
185 4702 252 4736 eo
293 4701 428 4736 esse
463 4687 712 4735 voluntas
745 4687 1020 4749 peccandi,
1050 4693 1055 4698 '
1081 4704 1140 4736 ac
1198 4703 1292 4752 per
1353 4693 1466 4744 hoc,
1499 4689 1650 4752 quasi
1703 4691 1787 4738 di-

93 4763 198 4812 cat,
235 4764 362 4807 erat
399 4760 459 4806 in
495 4760 610 4819 ipso
646 4763 877 4820 potestas
927 4761 1210 4810 moriendi.
1267 4762 1414 4810 Alter
1457 4777 1584 4810 vero
1614 4765 1783 4811 status

92 4833 175 4876 est
209 4830 267 4878 in
303 4844 427 4891 quo
492 4830 560 4877 ab
618 4831 716 4879 hac
779 4833 1039 4893 peccandi
1096 4833 1373 4882 voluntate
1420 4838 1472 4882 et
1516 4832 1781 4883 moriendi

89 4905 379 4961 potestate
420 4901 626 4949 mutari
689 4904 972 4964 potuisset,
1008 4905 1046 4950 si
1101 4903 1363 4952 voluisset
1416 4906 1468 4952 in
1503 4906 1783 4968 prameptis

90 4970 187 5019 Dei
253 4985 498 5020 manere
563 4972 803 5030 firmiter,
871 4977 926 5022 ut
981 4975 1185 5022 scilicet
1262 4976 1476 5023 animus
1546 4976 1662 5038 ejus
1716 4977 1781 5024 ad

89 5043 640 5108 transgrediendum
702 5047 902 5094 nullius
965 5048 1278 5095 teutationis
1336 5049 1570 5108 impulsu
1621 5048 1780 5098 etiam

1912 1773 2030 1826 post
2059 1767 2270 1829 lapsum
2301 1767 2357 1817 in
2414 1783 2512 1817 sua
2566 1774 2745 1831 posset
2799 1783 3096 1833 resurgere.
3133 1771 3226 1821 Ille
3283 1787 3407 1822 vero
3439 1788 3552 1823 mc-

1904 1837 2041 1894 dius,
2074 1835 2130 1885 in
2189 1851 2297 1900 quo
2354 1839 2552 1889 scilicet
2589 1840 2876 1902 praesentia
2937 1842 3154 1903 quidem
3209 1844 3413 1904 mortis,
3467 1846 3553 1893 vel

1902 1908 2104 1968 peccati
2135 1908 2336 1965 aberat,
2368 1913 2606 1971 potestas
2635 1923 2761 1958 vero
2801 1911 3103 1973 utriusque,
3133 1912 3187 1960 id
3219 1918 3300 1962 est
3345 1915 3551 1976 peccati

1903 1981 1954 2025 et
1984 1977 2172 2027 mortis
2200 1981 2496 2036 constabat,
2529 1981 2670 2028 inter
2729 1984 3013 2044 utrumque
3075 1983 3389 2044 praedictum
3449 1987 3556 2034 sta-

1904 2054 2016 2098 tum
2049 2051 2343 2100 collocatus
2374 2057 2470 2100 est.

1963 2123 2044 2170 Ea:
2083 2124 2162 2170 his
2193 2125 2374 2186 igitur,
2405 2125 2527 2191 etc.]
2589 2125 2876 2187 Hucusque
2932 2125 3113 2175 divisit
3167 2133 3336 2176 status
3400 2130 3546 2191 Adae,

1902 2192 1983 2240 vel
2016 2207 2203 2242 eorum
2255 2193 2347 2257 qui
2404 2188 2653 2244 humana:
2711 2198 3078 2258 generationis
3141 2197 3273 2256 lege,
3311 2198 3412 2247 hoc
3467 2188 3548 2249 est

1902 2277 1997 2324 per
2057 2266 2335 2328 originalis
2385 2265 2835 2326 concupiscentiae
2904 2273 3179 2328 peccatum
3260 2271 3541 2332 prepagati

1899 2339 2041 2382 sunt.
2068 2334 2301 2392 Quorum
2360 2337 2602 2385 omnium
2651 2337 2704 2386 in
2768 2338 2998 2398 Christo,
3055 2337 3144 2400 qui
3204 2341 3420 2401 quidem
3473 2355 3539 2390 ex

1901 2407 2287 2474 peccatoribus,
2318 2409 2407 2456 sed
2441 2422 2549 2456 non
2583 2408 2696 2470 lege
2729 2411 2933 2472 peccati
2993 2424 3185 2469 corpus
3241 2425 3538 2474 assumpse-

1898 2473 1985 2535 rit,
2016 2477 2210 2538 aliquid
2241 2478 2403 2526 fuisse
2442 2492 2585 2527 nunc
2645 2477 2949 2541 ingreditur
3004 2477 3215 2528 dicere:
3281 2483 3374 2529 sed
3428 2473 3546 2532 om-

1899 2549 2029 2596 nino
2061 2549 2192 2597 nihil
2223 2564 2285 2598 ex
2318 2551 2658 2610 necessitate,
2690 2549 2777 2599 cui
2839 2557 3060 2600 caeteros
3120 2551 3319 2601 addicit
3362 2568 3547 2616 pecca-

1898 2623 2009 2667 tum
2040 2622 2404 2682 generationis
2430 2637 2634 2680 eorum,
2671 2624 2777 2671 imo
2810 2624 2990 2671 omnia
3019 2638 3084 2672 ex
3109 2625 3220 2672 sola
3248 2626 3547 2677 voluntate.

1897 2691 2218 2761 Hoc‘autem
2252 2693 2372 2741 ideo
2403 2693 2549 2753 dicit,
2608 2698 2667 2742 ut
2725 2707 2907 2742 eorum
2975 2697 3066 2757 qui
3125 2695 3319 2745 Christi
3354 2712 3549 2761 corpus

1899 2773 1964 2809 ex
1993 2759 2160 2810 Maria
2195 2767 2468 2825 sumptum
2507 2777 2624 2812 esse
2655 2777 2764 2812 non
2800 2764 3342 2827 credunt,.pr{edicta
3380 2759 3541 2830 argu-

1896 2835 2097 2886 menta,
2129 2834 2533 2894 consequentiae
2587 2847 2696 2882 sum
2755 2834 3018 2882 rationem
3078 2836 3131 2882 iu
3190 2835 3403 2884 Christo
3453 2839 3545 2886 mi-

1899 2901 2043 2951 nime
2095 2902 2268 2952 facere
2325 2904 2521 2953 debere
2583 2905 2919 2967 intelligant;
2978 2904 3072 2968 qui
3129 2920 3236 2955 non
3296 2910 3547 2959 nesciunt

1897 2973 2061 3035 quod,
2095 2975 2338 3036 quamvis
2367 2974 2563 3038 alique
2594 2975 2702 3024 sint
2734 2977 2967 3024 rationes
3015 2991 3134 3040 quas
3183 2978 3237 3026 in
3301 2993 3550 3042 quarum-

1901 3043 2030 3092 libet
2060 3058 2235 3094 rerum
2268 3059 2361 3094 seu
2393 3047 2703 3095 facultatum
2735 3045 3030 3106 generibus
3065 3049 3550 3110 recipiuntur,sunt

1899 3119 2078 3164 tamen
2125 3118 2319 3179 aliqum
2372 3132 2494 3182 quae
2551 3121 2709 3167 certis
2765 3119 2992 3169 addicta:
3055 3122 3364 3182 generibus,
3410 3123 3551 3174 ultra

1900 3185 1987 3234 illa
2022 3201 2116 3236 sua
2173 3188 2286 3236 sive
2346 3189 2766 3247 universalitate,
2822 3191 2933 3239 sive
2996 3191 3390 3252 probabilitate,
3439 3197 3549 3245 sive

1901 3258 2058 3306 etiam
2098 3261 2413 3309 necessitate
2474 3275 2580 3309 non
2640 3262 2860 3309 faciunt.
2918 3263 3126 3320 Quasi:
3175 3265 3240 3313 Hi
3290 3272 3416 3315 sunt
3447 3271 3552 3315 tres

1900 3327 2179 3378 hominum
2213 3335 2416 3390 status;
2468 3345 2527 3379 ex
2576 3331 2657 3378 his
2708 3333 2871 3394 igitur
2922 3334 3098 3382 tribus
3145 3334 3372 3384 statibus
3402 3336 3551 3384 Chri-

1901 3405 2037 3459 stus,
2068 3407 2157 3463 qui
2195 3417 2304 3452 non
2332 3404 2567 3452 humana
2627 3405 2740 3467 lege
2798 3405 2970 3453 factus
3028 3411 3108 3455 est
3162 3408 3321 3456 homo
3353 3423 3546 3472 corpo-

1898 3485 2003 3520 reie
2040 3477 2244 3522 naturae
2302 3488 2413 3523 sum
2471 3475 2870 3537 quodammodo
2929 3476 3142 3532 indidit,
3181 3492 3289 3526 nou
3343 3494 3546 3539 omnes,

1901 3545 1991 3591 sed
2018 3547 2276 3606 singulas,
2309 3548 2409 3594 hoc
2463 3553 2542 3595 est
2593 3547 2810 3610 aliquas
2867 3563 3072 3605 causas,
3105 3560 3156 3598 et
3214 3565 3350 3613 quas
3397 3559 3451 3601 et
3485 3570 3548 3602 ex

1902 3614 2098 3677 quibus
2131 3617 2368 3667 ostendit
2389 3617 2607 3668 dicens:
2640 3619 2768 3667 Nam
2803 3621 2943 3683 quod
2983 3625 3273 3684 assumpsit
3327 3625 3549 3675 mortale

1901 3703 2113 3751 corpus,
2142 3689 2283 3751 quod
2319 3690 2501 3754 utique
2560 3691 2681 3740 ideo
2740 3695 2864 3742 fecit
2921 3698 2979 3742 ut
3023 3709 3053 3742 a
3083 3709 3275 3753 genere
3309 3697 3544 3746 humano

1900 3765 2128 3808 mortem
2179 3761 2404 3822 fugaret,
2457 3765 2765 3825 ponendum
2827 3769 2906 3813 est
2959 3766 3012 3812 in
3072 3780 3134 3813 eo
3189 3772 3345 3819 statu.
3375 3769 3423 3816 id
3467 3772 3548 3817 est

1899 3835 2195 3880 secundum
2227 3834 2329 3882 hoc
2357 3835 2556 3883 factum
2589 3849 2703 3884 8:88
2760 3837 3059 3898 putandum
3111 3845 3212 3892 est,
3247 3841 3392 3902 quod
3427 3845 3548 3902 post

1895 3902 2022 3951 Ada:
2056 3905 2568 3965 praevaricationem,
2627 3903 2800 3954 eidem
2864 3906 2991 3955 Ades
3049 3914 3104 3956 et
3167 3913 3278 3957 toto
3315 3912 3546 3959 humano

1894 3975 2076 4037 generi
2108 3989 2171 4023 ex
2201 3989 2263 4024 eo
2297 3990 2391 4038 per
2446 3977 2939 4039 concupiscentiam
2997 3987 3308 4042 propagato,
3361 3997 3550 4044 pmna-

1893 4045 2030 4102 liter,
2086 4048 2188 4097 hoc
2240 4054 2320 4097 est
2376 4052 2434 4098 ut
2492 4051 2546 4097 in
2606 4063 2668 4099 eo
2731 4055 2870 4100 esset
2933 4065 3076 4100 mors
3129 4053 3332 4116 proprii
3390 4069 3548 4118 poena

1893 4119 2117 4180 peccati,
2165 4119 2426 4168 inﬂictum
2483 4125 2581 4169 est.
2641 4120 2795 4178 Quod
2853 4135 2978 4170 vero
3033 4136 3142 4170 non
3205 4125 3304 4172 fuit
3363 4124 3418 4173 in
3460 4141 3542 4182 eo,

1893 4185 2102 4257 Christo
2135 4188 2354 4243 scilicet,
2387 4189 2638 4238 voluntas
2703 4191 2802 4239 ulla
2859 4191 3086 4254 peccati,
3123 4199 3386 4254 quantum
3433 4197 3545 4257 qui-

1893 4256 2012 4306 dem
2048 4258 2114 4306 ab
2145 4258 2245 4307 hoc
2271 4258 2413 4320 quod
2472 4260 2588 4322 ipse
2647 4264 2727 4309 est
2763 4261 2919 4317 Deus.
2973 4262 3041 4309 ab
3091 4262 3179 4310 ilio
3233 4256 3544 4326 hUjUSmOdi

1894 4329 2144 4376 voluntas
2181 4329 2497 4378 naturaliter
2529 4331 2730 4390 aberat,
2765 4332 2857 4381 sed
2921 4337 3180 4394 quantum
3213 4335 3276 4382 ad
3313 4337 3540 4398 gratiam

1894 4413 1996 4461 qua
2031 4400 2198 4448 factus
2230 4406 2311 4449 est
2341 4401 2519 4460 homo,
2582 4415 2645 4450 ex
2703 4416 2767 4450 eo
2824 4407 3094 4465 sumptum
3147 4410 3228 4453 est
3285 4412 3444 4464 statu,
3488 4408 3538 4455 id

1896 4474 1977 4518 est
2013 4470 2312 4519 secundum
2360 4472 2512 4519 illum
2544 4471 2646 4521 hoc
2703 4472 2750 4521 ei
2810 4475 2995 4522 datum
3055 4478 3136 4524 est
3188 4481 3400 4538 statum,
3453 4481 3543 4542 qui

1894 4555 2011 4590 esse
2049 4542 2326 4603 potuisset,
2363 4543 2462 4591 nisi
2498 4545 2829 4593 voluntatem
2865 4560 3016 4596 suam
3061 4548 3229 4596 Adam
3289 4550 3546 4600 insidian-

1890 4611 1958 4661 tis
1985 4613 2106 4670 sibi,
2140 4613 2191 4660 id
2223 4619 2304 4662 est
2359 4614 2555 4663 diaboli
2611 4615 2893 4666 fraudibus
2955 4619 3295 4681 applicasset.
3327 4621 3390 4668 Et
3429 4622 3544 4672 hinc

1891 4683 2105 4746 quidem
2163 4683 2217 4731 in
2269 4683 2477 4733 Christo
2531 4687 2827 4736 secundum
2889 4687 3007 4737 illos
3076 4689 3300 4738 fuerunt
3355 4697 3540 4752 status,

1890 4757 1980 4818 qui
2039 4754 2138 4803 sibi
2196 4756 2421 4804 invicem
2481 4759 2735 4807 contrarii
2806 4763 3172 4810 summitatum
3230 4763 3344 4812 lora
3395 4771 3540 4814 sunt.

1889 4829 2076 4876 Restat
2108 4827 2278 4889 igitur
2309 4827 2497 4877 tertius
2528 4835 2715 4888 status,
2749 4831 2797 4879 id
2832 4837 2913 4880 est
2941 4832 3172 4889 medius,
3207 4833 3297 4882 ille
3344 4837 3545 4886 scilicet

1889 4901 1978 4962 qui
2014 4914 2076 4948 eo
2107 4905 2344 4961 tempore
2375 4901 2494 4957 fuit,
2528 4915 2646 4949 cum
2685 4917 2784 4951 nec
2814 4918 2958 4952 mors
2993 4905 3195 4961 aderat,
3247 4911 3300 4954 et
3358 4908 3542 4958 adesse

1889 4976 2118 5034 poterat.
2146 4985 2252 5018 non
2287 4972 2446 5020 modo
2479 4987 2640 5033 mors,
2695 4974 2785 5022 sed
2850 4979 2904 5023 et
2964 4978 3150 5024 mortis
3192 4980 3543 5040 prrecursoria

1890 5058 2066 5100 causa,
2101 5043 2202 5092 hoc
2260 5047 2341 5091 est
2395 5044 2645 5093 voluntas
2701 5047 3067 5109 delinquendi.
3127 5051 3184 5098 In
3239 5051 3339 5100 hoc
3380 5053 3542 5113 igitur

1889 5121 2030 5165 statu
2067 5116 2232 5164 Adam
2297 5115 2418 5163 talis
2482 5115 2602 5172 fuit,
2636 5121 2695 5166 ut
2739 5121 3094 5169 manducaret
3141 5137 3200 5170 ac
3224 5122 3451 5181 biberet,
3488 5129 3544 5174 ut

88 5116 428 5175 vacillaret;
493 5129 614 5164 vere
676 5118 887 5180 utique:
953 5125 1078 5166 tunc
1127 5132 1268 5167 enim
1307 5119 1442 5167 foret
1470 5121 1779 5169 addendum

85 5186 160 5242 id,
198 5192 260 5236 ut
309 5202 434 5236 non
504 5187 665 5236 modo
719 5203 824 5236 non
880 5194 1125 5251 peccaret
1182 5193 1274 5238 aut
1326 5204 1544 5252 peccare
1600 5192 1778 5251 vellet,

83 5258 178 5307 sed
215 5274 288 5307 ne
324 5263 529 5322 posset
558 5258 776 5321 quidem
839 5266 932 5309 aut
989 5275 1206 5325 peccare
1260 5267 1352 5310 aut
1411 5262 1548 5310 velle
1602 5261 1782 5310 delin-

84 5343 281 5390 quere,
325 5345 396 5378 ac
433 5343 536 5392 per
568 5331 688 5386 hoc,
726 5333 880 5393 quasi
909 5334 1068 5390 dicat,
1120 5347 1218 5382 nec
1269 5335 1399 5382 mori
1448 5347 1548 5382 nec
1578 5335 1780 5396 passio-

84 5401 256 5450 nibus
283 5402 437 5450 afﬁci
481 5406 676 5462 posset.
728 5402 880 5460 Quod
938 5409 1119 5454 tamen
1182 5419 1314 5454 sane
1379 5405 1781 5467 intelligendum

85 5479 188 5530 est,
230 5490 348 5523 non
386 5475 542 5537 quod
577 5475 778 5524 scilicet
812 5477 966 5534 Deus,
991 5477 1144 5539 cujus
1181 5481 1261 5526 est
1293 5482 1532 5540 potestas
1561 5482 1780 5535 (eterna,

85 5543 235 5593 sicut
261 5545 386 5607 jam
421 5545 685 5603 diximus,
717 5546 926 5596 desinat
982 5561 1220 5612 unquam
1277 5563 1431 5612 posse
1495 5550 1634 5612 quod
1691 5562 1782 5610 po-

78 5616 204 5671 tuit,
241 5617 344 5666 sed
383 5616 542 5678 quod
582 5623 641 5666 ut
688 5615 765 5666 sic
825 5624 982 5680 esset,
1046 5621 1087 5667 si
1135 5634 1240 5669 non
1302 5630 1544 5684 peccaret
1600 5621 1779 5676 homo,

73 5686 271 5737 divina
315 5689 590 5736 voluntas
613 5690 910 5739 constituit.
950 5695 1078 5739 {sam
1124 5692 1379 5752 potestati
1414 5693 1780 5755 delinquendi,

66 5774 183 5823 qua
216 5762 400 5810 etiam
438 5760 540 5821 qui
572 5759 834 5812 assistunt
890 5761 935 5811 ei
1003 5776 1110 5811 non
1137 5773 1263 5812 sunt
1317 5765 1555 5823 stabiles,
1588 5769 1781 5828 prtesto

1889 5193 2106 5250 accepta
2161 5186 2448 5245 digereret.
2511 5193 2570 5237 ut
2625 5189 2896 5239 laberetur
2945 5193 2998 5240 in
3063 5207 3330 5250 somnum,
3365 5201 3416 5244 et
3448 5197 3541 5244 hu-

1881 5259 2120 5323 jusmodi
2171 5258 2273 5307 alia
2316 5257 2514 5308 faceret
2562 5275 2681 5324 quae
2733 5261 2781 5310 ei
2827 5276 2935 5311 non
2976 5264 3269 5314 defuerunt
3303 5266 3542 5316 humana

1888 5331 2122 5396 quidem,
2158 5329 2208 5378 id
2242 5334 2322 5378 est
2350 5332 2600 5380 humanae
2659 5331 2783 5381 vitae
2842 5332 3004 5393 illius,
3037 5350 3141 5398 qua
3199 5339 3252 5384 in
3307 5339 3539 5388 animam

1885 5405 2154 5453 viventem
2207 5401 2377 5449 factus
2430 5401 2618 5463 fuerat,
2688 5403 2963 5466 deputata,
3025 5407 3117 5455 sed
3176 5421 3448 5466 concessa,
3488 5415 3540 5458 et

1885 5476 2013 5525 talia
2063 5486 2182 5536 quas
2239 5472 2436 5521 nullam
2503 5488 2715 5536 poenam
2778 5479 2964 5524 mortis
3015 5480 3266 5540 tanquam
3317 5484 3536 5542 peccato

1884 5548 2164 5596 inferrent.
2230 5542 2357 5600 Quae
2411 5546 2589 5593 omnia
2647 5545 2917 5595 Christum
2989 5548 3237 5598 habuisse
3314 5551 3536 5600 dubium

1885 5631 1995 5667 non
2033 5620 2143 5665 est:
2200 5627 2324 5661 nam
2383 5615 2480 5662 etsi
2529 5614 2700 5664 factus
2757 5616 2858 5665 fuit
2913 5617 3159 5668 Christus
3207 5621 3260 5668 in
3305 5620 3537 5671 animam

1883 5689 2272 5741 viviﬁcantem,
2328 5687 2510 5734 tamen
2560 5686 2700 5735 sicut
2749 5687 2916 5736 Adam
2970 5687 3158 5747 factus,
3220 5694 3279 5739 ut
3337 5692 3540 5742 dictum

1885 5767 1983 5819 est,
2016 5762 2071 5809 in
2099 5754 2332 5806 animam
2393 5753 2678 5814 viventem,
2711 5762 2763 5807 et
2806 5758 3155 5809 manducavit
3216 5765 3268 5810 et
3322 5761 3461 5812 bibit
3490 5767 3543 5814 et
