  <div class='ocr_page' id='page_1' title='image "/cluster/home/n/w/nwhite01/storage/ocr_20150623/64/hvd.32044073505125/711.png"; bbox 0 0 4030 6186; ppageno 0'>
   <div class='ocr_carea' id='block_1_1' title="bbox 615 162 744 217">
    <p class='ocr_par' dir='ltr' id='par_1_1' title="bbox 615 162 744 217">
     <span class='ocr_line' id='line_1_1' title="bbox 615 162 744 217; baseline 0.008 -2"><span class='ocrx_word' id='word_1_1' title='bbox 615 162 744 217; x_wconf 67' lang='lat' dir='ltr'>Mil</span> 
     </span>
    </p>
   </div>
   <div class='ocr_carea' id='block_1_2' title="bbox 1884 158 3864 225">
    <p class='ocr_par' dir='ltr' id='par_1_2' title="bbox 1884 158 3864 225">
     <span class='ocr_line' id='line_1_2' title="bbox 1884 158 3864 225; baseline -0.007 -11"><span class='ocrx_word' id='word_1_2' title='bbox 1884 159 2244 215; x_wconf 75' lang='lat' dir='ltr'>APPENDIX</span> <span class='ocrx_word' id='word_1_3' title='bbox 2282 160 2376 214; x_wconf 63' lang='lat' dir='ltr'>an</span> <span class='ocrx_word' id='word_1_4' title='bbox 2418 158 2743 213; x_wconf 78' lang='lat' dir='ltr'>BOETIUM.</span> <span class='ocrx_word' id='word_1_5' title='bbox 3780 172 3864 225; x_wconf 56' lang='grc' dir='ltr'>ωε</span> 
     </span>
    </p>
   </div>
   <div class='ocr_carea' id='block_1_3' title="bbox 613 282 3865 353">
    <p class='ocr_par' dir='ltr' id='par_1_3' title="bbox 613 282 3865 353">
     <span class='ocr_line' id='line_1_3' title="bbox 613 282 3865 353; baseline 0.002 -18"><span class='ocrx_word' id='word_1_6' title='bbox 613 287 670 336; x_wconf 91' lang='lat' dir='ltr'>in</span> <span class='ocrx_word' id='word_1_7' title='bbox 706 288 912 337; x_wconf 72' lang='lat' dir='ltr'>cmteris</span> <span class='ocrx_word' id='word_1_8' title='bbox 943 301 1061 351; x_wconf 79' lang='lat' dir='ltr'>quae</span> <span class='ocrx_word' id='word_1_9' title='bbox 1094 287 1332 335; x_wconf 88' lang='lat' dir='ltr'>humana</span> <span class='ocrx_word' id='word_1_10' title='bbox 1365 290 1508 335; x_wconf 89' lang='lat' dir='ltr'>statu</span> <span class='ocrx_word' id='word_1_11' title='bbox 1534 285 1705 348; x_wconf 88' lang='lat' dir='ltr'>primo</span> <span class='ocrx_word' id='word_1_12' title='bbox 1763 285 2014 349; x_wconf 75' lang='lat' dir='ltr'>exigebat</span> <span class='ocrx_word' id='word_1_13' title='bbox 2045 289 2254 342; x_wconf 89' lang='lat' dir='ltr'>natura,</span> <span class='ocrx_word' id='word_1_14' title='bbox 2289 287 2339 352; x_wconf 78' lang='grc' dir='ltr'>Α</span> <span class='ocrx_word' id='word_1_15' title='bbox 2371 284 2635 333; x_wconf 83' lang='lat' dir='ltr'>fructibus</span> <span class='ocrx_word' id='word_1_16' title='bbox 2690 282 2834 332; x_wconf 94' lang='lat' dir='ltr'>illam</span> <span class='ocrx_word' id='word_1_17' title='bbox 2892 297 3012 343; x_wconf 72' lang='lat' dir='ltr'>quae</span> <span class='ocrx_word' id='word_1_18' title='bbox 3070 283 3212 334; x_wconf 87' lang='lat' dir='ltr'>dicta</span> <span class='ocrx_word' id='word_1_19' title='bbox 3242 290 3323 333; x_wconf 87' lang='lat' dir='ltr'>est</span> <span class='ocrx_word' id='word_1_20' title='bbox 3372 286 3672 349; x_wconf 75' lang='lat' dir='ltr'>indigentiam</span> <span class='ocrx_word' id='word_1_21' title='bbox 3696 295 3865 353; x_wconf 70' lang='lat' dir='ltr'>explebat,</span> 
     </span>
    </p>
   </div>
   <div class='ocr_carea' id='block_1_4' title="bbox 615 357 2259 421">
    <p class='ocr_par' dir='ltr' id='par_1_4' title="bbox 615 357 2259 421">
     <span class='ocr_line' id='line_1_4' title="bbox 615 357 2259 421; baseline -0.002 -13"><span class='ocrx_word' id='word_1_22' title='bbox 615 359 834 408; x_wconf 86' lang='lat' dir='ltr'>humani</span> <span class='ocrx_word' id='word_1_23' title='bbox 868 358 1110 421; x_wconf 89' lang='lat' dir='ltr'>corporis</span> <span class='ocrx_word' id='word_1_24' title='bbox 1173 358 1348 406; x_wconf 81' lang='lat' dir='ltr'>oflicio</span> <span class='ocrx_word' id='word_1_25' title='bbox 1405 358 1608 420; x_wconf 82' lang='lat' dir='ltr'>absque</span> <span class='ocrx_word' id='word_1_26' title='bbox 1668 358 1984 407; x_wconf 85' lang='lat' dir='ltr'>necessitate</span> <span class='ocrx_word' id='word_1_27' title='bbox 2030 357 2259 419; x_wconf 80' lang='lat' dir='ltr'>alicujus</span> 
     </span>
    </p>
   </div>
   <div class='ocr_carea' id='block_1_5' title="bbox 614 428 2257 495">
    <p class='ocr_par' dir='ltr' id='par_1_5' title="bbox 614 428 2257 495">
     <span class='ocr_line' id='line_1_5' title="bbox 614 428 2257 495; baseline -0.001 -16"><span class='ocrx_word' id='word_1_28' title='bbox 614 429 916 495; x_wconf 75' lang='lat' dir='ltr'>indigentia</span> <span class='ocrx_word' id='word_1_29' title='bbox 953 432 1167 479; x_wconf 85' lang='lat' dir='ltr'>functus</span> <span class='ocrx_word' id='word_1_30' title='bbox 1198 436 1296 479; x_wconf 89' lang='lat' dir='ltr'>est.</span> <span class='ocrx_word' id='word_1_31' title='bbox 1355 430 1537 492; x_wconf 82' lang='lat' dir='ltr'>Neque</span> <span class='ocrx_word' id='word_1_32' title='bbox 1598 429 1739 478; x_wconf 89' lang='lat' dir='ltr'>enim</span> <span class='ocrx_word' id='word_1_33' title='bbox 1774 431 1933 478; x_wconf 87' lang='lat' dir='ltr'>etiam</span> <span class='ocrx_word' id='word_1_34' title='bbox 1982 428 2035 478; x_wconf 90' lang='lat' dir='ltr'>in</span> <span class='ocrx_word' id='word_1_35' title='bbox 2088 429 2257 477; x_wconf 81' lang='lat' dir='ltr'>Adam</span> 
     </span>
    </p>
   </div>
   <div class='ocr_carea' id='block_1_6' title="bbox 611 500 2262 566">
    <p class='ocr_par' dir='ltr' id='par_1_6' title="bbox 611 500 2262 566">
     <span class='ocr_line' id='line_1_6' title="bbox 611 500 2262 566; baseline -0.002 -14"><span class='ocrx_word' id='word_1_36' title='bbox 611 507 762 552; x_wconf 85' lang='lat' dir='ltr'>tanta</span> <span class='ocrx_word' id='word_1_37' title='bbox 792 503 1089 566; x_wconf 77' lang='lat' dir='ltr'>indigentia</span> <span class='ocrx_word' id='word_1_38' title='bbox 1121 508 1249 551; x_wconf 88' lang='lat' dir='ltr'>tunc</span> <span class='ocrx_word' id='word_1_39' title='bbox 1282 501 1446 550; x_wconf 82' lang='lat' dir='ltr'>fuisse</span> <span class='ocrx_word' id='word_1_40' title='bbox 1480 503 1747 551; x_wconf 88' lang='lat' dir='ltr'>credenda</span> <span class='ocrx_word' id='word_1_41' title='bbox 1796 508 1893 558; x_wconf 89' lang='lat' dir='ltr'>est,</span> <span class='ocrx_word' id='word_1_42' title='bbox 1927 506 2131 565; x_wconf 85' lang='lat' dir='ltr'>quanta</span> <span class='ocrx_word' id='word_1_43' title='bbox 2162 500 2262 549; x_wconf 86' lang='lat' dir='ltr'>fuit</span> 
     </span>
    </p>
   </div>
   <div class='ocr_carea' id='block_1_7' title="bbox 609 573 2259 638">
    <p class='ocr_par' dir='ltr' id='par_1_7' title="bbox 609 573 2259 638">
     <span class='ocr_line' id='line_1_7' title="bbox 609 573 2259 638; baseline -0.002 -15"><span class='ocrx_word' id='word_1_44' title='bbox 609 580 729 637; x_wconf 88' lang='lat' dir='ltr'>post</span> <span class='ocrx_word' id='word_1_45' title='bbox 755 581 1069 638; x_wconf 85' lang='lat' dir='ltr'>peccatum:</span> <span class='ocrx_word' id='word_1_46' title='bbox 1118 578 1176 623; x_wconf 90' lang='lat' dir='ltr'>ut</span> <span class='ocrx_word' id='word_1_47' title='bbox 1220 575 1437 637; x_wconf 75' lang='lat' dir='ltr'>scilicet,</span> <span class='ocrx_word' id='word_1_48' title='bbox 1473 573 1577 622; x_wconf 82' lang='lat' dir='ltr'>nisi</span> <span class='ocrx_word' id='word_1_49' title='bbox 1635 575 2026 630; x_wconf 84' lang='lat' dir='ltr'>manducasset,</span> <span class='ocrx_word' id='word_1_50' title='bbox 2080 574 2259 621; x_wconf 81' lang='lat' dir='ltr'>vivere</span> 
     </span>
    </p>
   </div>
   <div class='ocr_carea' id='block_1_8' title="bbox 609 647 2257 712">
    <p class='ocr_par' dir='ltr' id='par_1_8' title="bbox 609 647 2257 712">
     <span class='ocr_line' id='line_1_8' title="bbox 609 647 2257 712; baseline -0.001 -15"><span class='ocrx_word' id='word_1_51' title='bbox 609 662 716 697; x_wconf 89' lang='lat' dir='ltr'>non</span> <span class='ocrx_word' id='word_1_52' title='bbox 748 650 1015 712; x_wconf 81' lang='lat' dir='ltr'>potuisset</span> <span class='ocrx_word' id='word_1_53' title='bbox 1043 663 1055 709; x_wconf 92' lang='lat'>;</span> <span class='ocrx_word' id='word_1_54' title='bbox 1088 649 1178 696; x_wconf 83' lang='lat' dir='ltr'>sed</span> <span class='ocrx_word' id='word_1_55' title='bbox 1204 649 1325 697; x_wconf 85' lang='lat' dir='ltr'>talis</span> <span class='ocrx_word' id='word_1_56' title='bbox 1384 649 1583 710; x_wconf 87' lang='lat' dir='ltr'>potius,</span> <span class='ocrx_word' id='word_1_57' title='bbox 1639 649 1785 711; x_wconf 87' lang='lat' dir='ltr'>quod</span> <span class='ocrx_word' id='word_1_58' title='bbox 1844 649 1887 696; x_wconf 91' lang='lat' dir='ltr'>si</span> <span class='ocrx_word' id='word_1_59' title='bbox 1936 647 2151 710; x_wconf 84' lang='lat' dir='ltr'>quidem</span> <span class='ocrx_word' id='word_1_60' title='bbox 2195 660 2257 696; x_wconf 83' lang='lat' dir='ltr'>ex</span> 
     </span>
    </p>
   </div>
   <div class='ocr_carea' id='block_1_9' title="bbox 608 718 2259 783">
    <p class='ocr_par' dir='ltr' id='par_1_9' title="bbox 608 718 2259 783">
     <span class='ocr_line' id='line_1_9' title="bbox 608 718 2259 783; baseline -0.002 -15"><span class='ocrx_word' id='word_1_61' title='bbox 608 721 753 768; x_wconf 90' lang='lat' dir='ltr'>omni</span> <span class='ocrx_word' id='word_1_62' title='bbox 786 719 931 779; x_wconf 72' lang='lat' dir='ltr'>ligno</span> <span class='ocrx_word' id='word_1_63' title='bbox 964 734 1137 768; x_wconf 85' lang='lat' dir='ltr'>escam</span> <span class='ocrx_word' id='word_1_64' title='bbox 1171 726 1420 779; x_wconf 75' lang='lat' dir='ltr'>sumeret,</span> <span class='ocrx_word' id='word_1_65' title='bbox 1481 734 1695 783; x_wconf 82' lang='lat' dir='ltr'>semper</span> <span class='ocrx_word' id='word_1_66' title='bbox 1746 718 1926 768; x_wconf 83' lang='lat' dir='ltr'>vivere</span> <span class='ocrx_word' id='word_1_67' title='bbox 1974 718 2259 780; x_wconf 87' lang='lat' dir='ltr'>potuisset,</span> 
     </span>
    </p>
   </div>
   <div class='ocr_carea' id='block_1_10' title="bbox 608 790 2256 854">
    <p class='ocr_par' dir='ltr' id='par_1_10' title="bbox 608 790 2256 854">
     <span class='ocr_line' id='line_1_10' title="bbox 608 790 2256 854; baseline 0 -16"><span class='ocrx_word' id='word_1_68' title='bbox 608 792 817 854; x_wconf 89' lang='lat' dir='ltr'>hisque,</span> <span class='ocrx_word' id='word_1_69' title='bbox 851 794 949 841; x_wconf 88' lang='lat' dir='ltr'>hoc</span> <span class='ocrx_word' id='word_1_70' title='bbox 984 795 1065 839; x_wconf 85' lang='lat' dir='ltr'>est</span> <span class='ocrx_word' id='word_1_71' title='bbox 1096 793 1208 840; x_wconf 64' lang='lat' dir='ltr'>haec</span> <span class='ocrx_word' id='word_1_72' title='bbox 1239 791 1499 840; x_wconf 87' lang='lat' dir='ltr'>sumendo</span> <span class='ocrx_word' id='word_1_73' title='bbox 1555 806 1661 840; x_wconf 91' lang='lat' dir='ltr'>non</span> <span class='ocrx_word' id='word_1_74' title='bbox 1720 793 1852 839; x_wconf 89' lang='lat' dir='ltr'>mori</span> <span class='ocrx_word' id='word_1_75' title='bbox 1881 804 1893 840; x_wconf 89' lang='lat'><strong>:</strong></span> <span class='ocrx_word' id='word_1_76' title='bbox 1938 797 1990 840; x_wconf 91' lang='lat' dir='ltr'>et</span> <span class='ocrx_word' id='word_1_77' title='bbox 2038 790 2256 847; x_wconf 91' lang='lat' dir='ltr'>idcirco,</span> 
     </span>
    </p>
   </div>
   <div class='ocr_carea' id='block_1_11' title="bbox 604 860 2256 923">
    <p class='ocr_par' dir='ltr' id='par_1_11' title="bbox 604 860 2256 923">
     <span class='ocr_line' id='line_1_11' title="bbox 604 860 2256 923; baseline -0.001 -14"><span class='ocrx_word' id='word_1_78' title='bbox 604 867 663 910; x_wconf 90' lang='lat' dir='ltr'>ut</span> <span class='ocrx_word' id='word_1_79' title='bbox 714 863 961 912; x_wconf 73' lang='lat' dir='ltr'>videlicet</span> <span class='ocrx_word' id='word_1_80' title='bbox 1022 864 1105 911; x_wconf 79' lang='lat' dir='ltr'>his</span> <span class='ocrx_word' id='word_1_81' title='bbox 1164 877 1375 923; x_wconf 77' lang='lat' dir='ltr'>semper</span> <span class='ocrx_word' id='word_1_82' title='bbox 1433 864 1614 912; x_wconf 87' lang='lat' dir='ltr'>vivere</span> <span class='ocrx_word' id='word_1_83' title='bbox 1672 860 1954 923; x_wconf 88' lang='lat' dir='ltr'>potuisset.</span> <span class='ocrx_word' id='word_1_84' title='bbox 2010 861 2256 911; x_wconf 82' lang='lat' dir='ltr'>Paradisi</span> 
     </span>
    </p>
   </div>
   <div class='ocr_carea' id='block_1_12' title="bbox 603 933 2253 998">
    <p class='ocr_par' dir='ltr' id='par_1_12' title="bbox 603 933 2253 998">
     <span class='ocr_line' id='line_1_12' title="bbox 603 933 2253 998; baseline -0.001 -17"><span class='ocrx_word' id='word_1_85' title='bbox 603 934 866 984; x_wconf 79' lang='lat' dir='ltr'>fructibus</span> <span class='ocrx_word' id='word_1_86' title='bbox 898 935 1149 997; x_wconf 78' lang='lat' dir='ltr'>explebat</span> <span class='ocrx_word' id='word_1_87' title='bbox 1196 949 1311 983; x_wconf 89' lang='lat' dir='ltr'>eam</span> <span class='ocrx_word' id='word_1_88' title='bbox 1372 950 1491 998; x_wconf 74' lang='lat' dir='ltr'>qum</span> <span class='ocrx_word' id='word_1_89' title='bbox 1554 936 1691 984; x_wconf 86' lang='lat' dir='ltr'>dicta</span> <span class='ocrx_word' id='word_1_90' title='bbox 1749 940 1829 983; x_wconf 88' lang='lat' dir='ltr'>est</span> <span class='ocrx_word' id='word_1_91' title='bbox 1884 933 2253 997; x_wconf 77' lang='lat' dir='ltr'>indigentiam.</span> 
     </span>
    </p>
   </div>
   <div class='ocr_carea' id='block_1_13' title="bbox 602 1006 2257 1068">
    <p class='ocr_par' dir='ltr' id='par_1_13' title="bbox 602 1006 2257 1068">
     <span class='ocr_line' id='line_1_13' title="bbox 602 1006 2257 1068; baseline -0.002 -14"><span class='ocrx_word' id='word_1_92' title='bbox 602 1006 715 1055; x_wconf 90' lang='lat' dir='ltr'>Non</span> <span class='ocrx_word' id='word_1_93' title='bbox 748 1008 889 1055; x_wconf 89' lang='lat' dir='ltr'>enim</span> <span class='ocrx_word' id='word_1_94' title='bbox 949 1009 1107 1055; x_wconf 85' lang='lat' dir='ltr'>etiam</span> <span class='ocrx_word' id='word_1_95' title='bbox 1168 1008 1220 1055; x_wconf 90' lang='lat' dir='ltr'>in</span> <span class='ocrx_word' id='word_1_96' title='bbox 1276 1008 1375 1055; x_wconf 88' lang='lat' dir='ltr'>hoc</span> <span class='ocrx_word' id='word_1_97' title='bbox 1441 1007 1635 1068; x_wconf 73' lang='lat' dir='ltr'>pmnali</span> <span class='ocrx_word' id='word_1_98' title='bbox 1670 1011 1811 1055; x_wconf 82' lang='lat' dir='ltr'>statu</span> <span class='ocrx_word' id='word_1_99' title='bbox 1845 1007 2027 1054; x_wconf 89' lang='lat' dir='ltr'>omnia</span> <span class='ocrx_word' id='word_1_100' title='bbox 2057 1006 2257 1068; x_wconf 84' lang='lat' dir='ltr'>quibus</span> 
     </span>
    </p>
   </div>
   <div class='ocr_carea' id='block_1_14' title="bbox 602 1075 2258 1140">
    <p class='ocr_par' dir='ltr' id='par_1_14' title="bbox 602 1075 2258 1140">
     <span class='ocr_line' id='line_1_14' title="bbox 602 1075 2258 1140; baseline 0 -16"><span class='ocrx_word' id='word_1_101' title='bbox 602 1075 843 1140; x_wconf 76' lang='lat' dir='ltr'>indigere</span> <span class='ocrx_word' id='word_1_102' title='bbox 867 1079 1115 1133; x_wconf 87' lang='lat' dir='ltr'>dicimur.</span> <span class='ocrx_word' id='word_1_103' title='bbox 1168 1078 1297 1127; x_wconf 89' lang='lat' dir='ltr'>talia</span> <span class='ocrx_word' id='word_1_104' title='bbox 1355 1085 1498 1133; x_wconf 90' lang='lat' dir='ltr'>sunt,</span> <span class='ocrx_word' id='word_1_105' title='bbox 1528 1082 1587 1126; x_wconf 90' lang='lat' dir='ltr'>ut</span> <span class='ocrx_word' id='word_1_106' title='bbox 1634 1077 1880 1140; x_wconf 77' lang='lat' dir='ltr'>quamvis</span> <span class='ocrx_word' id='word_1_107' title='bbox 1910 1078 1966 1125; x_wconf 88' lang='lat' dir='ltr'>in</span> <span class='ocrx_word' id='word_1_108' title='bbox 2004 1079 2103 1125; x_wconf 86' lang='lat' dir='ltr'>hac</span> <span class='ocrx_word' id='word_1_109' title='bbox 2147 1078 2258 1125; x_wconf 85' lang='lat' dir='ltr'>vita</span> 
     </span>
    </p>
   </div>
   <div class='ocr_carea' id='block_1_15' title="bbox 605 1150 2256 1214">
    <p class='ocr_par' dir='ltr' id='par_1_15' title="bbox 605 1150 2256 1214">
     <span class='ocr_line' id='line_1_15' title="bbox 605 1150 2256 1214; baseline -0.001 -16"><span class='ocrx_word' id='word_1_110' title='bbox 605 1151 927 1213; x_wconf 77' lang='lat' dir='ltr'>degentibus</span> <span class='ocrx_word' id='word_1_111' title='bbox 979 1151 1378 1214; x_wconf 86' lang='lat' dir='ltr'>quodammodo</span> <span class='ocrx_word' id='word_1_112' title='bbox 1444 1150 1918 1206; x_wconf 89' lang='lat' dir='ltr'>adminiculentur,</span> <span class='ocrx_word' id='word_1_113' title='bbox 1986 1151 2101 1199; x_wconf 84' lang='lat' dir='ltr'>sine</span> <span class='ocrx_word' id='word_1_114' title='bbox 2157 1150 2256 1197; x_wconf 90' lang='lat' dir='ltr'>iliis</span> 
     </span>
    </p>
   </div>
   <div class='ocr_carea' id='block_1_16' title="bbox 603 1222 2256 1286">
    <p class='ocr_par' dir='ltr' id='par_1_16' title="bbox 603 1222 2256 1286">
     <span class='ocr_line' id='line_1_16' title="bbox 603 1222 2256 1286; baseline -0.001 -16"><span class='ocrx_word' id='word_1_115' title='bbox 603 1226 783 1271; x_wconf 89' lang='lat' dir='ltr'>tamen</span> <span class='ocrx_word' id='word_1_116' title='bbox 816 1222 949 1271; x_wconf 85' lang='lat' dir='ltr'>mori</span> <span class='ocrx_word' id='word_1_117' title='bbox 982 1237 1200 1273; x_wconf 80' lang='lat' dir='ltr'>necesse</span> <span class='ocrx_word' id='word_1_118' title='bbox 1232 1225 1315 1279; x_wconf 89' lang='lat' dir='ltr'>sit,</span> <span class='ocrx_word' id='word_1_119' title='bbox 1350 1223 1535 1286; x_wconf 90' lang='lat' dir='ltr'>qualia</span> <span class='ocrx_word' id='word_1_120' title='bbox 1565 1227 1691 1271; x_wconf 88' lang='lat' dir='ltr'>sunt</span> <span class='ocrx_word' id='word_1_121' title='bbox 1722 1224 2058 1279; x_wconf 90' lang='lat' dir='ltr'>vestimenta,</span> <span class='ocrx_word' id='word_1_122' title='bbox 2100 1222 2256 1270; x_wconf 85' lang='lat' dir='ltr'>vehi-</span> 
     </span>
    </p>
   </div>
   <div class='ocr_carea' id='block_1_17' title="bbox 604 1294 2253 1358">
    <p class='ocr_par' dir='ltr' id='par_1_17' title="bbox 604 1294 2253 1358">
     <span class='ocr_line' id='line_1_17' title="bbox 604 1294 2253 1358; baseline 0 -16"><span class='ocrx_word' id='word_1_123' title='bbox 604 1296 724 1343; x_wconf 89' lang='lat' dir='ltr'>cula</span> <span class='ocrx_word' id='word_1_124' title='bbox 749 1300 799 1344; x_wconf 89' lang='lat' dir='ltr'>et</span> <span class='ocrx_word' id='word_1_125' title='bbox 822 1296 1124 1345; x_wconf 76' lang='lat' dir='ltr'>multifariae</span> <span class='ocrx_word' id='word_1_126' title='bbox 1160 1294 1433 1358; x_wconf 78' lang='lat' dir='ltr'>qualitatis</span> <span class='ocrx_word' id='word_1_127' title='bbox 1484 1295 1795 1357; x_wconf 86' lang='lat' dir='ltr'>hujusmodi</span> <span class='ocrx_word' id='word_1_128' title='bbox 1840 1296 2092 1357; x_wconf 85' lang='lat' dir='ltr'>plurima,</span> <span class='ocrx_word' id='word_1_129' title='bbox 2136 1295 2253 1342; x_wconf 88' lang='lat' dir='ltr'>sine</span> 
     </span>
    </p>
   </div>
   <div class='ocr_carea' id='block_1_18' title="bbox 600 1365 2255 1429">
    <p class='ocr_par' dir='ltr' id='par_1_18' title="bbox 600 1365 2255 1429">
     <span class='ocr_line' id='line_1_18' title="bbox 600 1365 2255 1429; baseline 0 -15"><span class='ocrx_word' id='word_1_130' title='bbox 600 1367 795 1428; x_wconf 81' lang='lat' dir='ltr'>quibus</span> <span class='ocrx_word' id='word_1_131' title='bbox 831 1368 1048 1429; x_wconf 85' lang='lat' dir='ltr'>quidem</span> <span class='ocrx_word' id='word_1_132' title='bbox 1086 1366 1263 1416; x_wconf 87' lang='lat' dir='ltr'>vivere</span> <span class='ocrx_word' id='word_1_133' title='bbox 1297 1381 1601 1429; x_wconf 80' lang='lat' dir='ltr'>possumus,</span> <span class='ocrx_word' id='word_1_134' title='bbox 1635 1372 1689 1416; x_wconf 90' lang='lat' dir='ltr'>et</span> <span class='ocrx_word' id='word_1_135' title='bbox 1719 1372 1848 1415; x_wconf 88' lang='lat' dir='ltr'>tunc</span> <span class='ocrx_word' id='word_1_136' title='bbox 1906 1366 1989 1413; x_wconf 88' lang='lat' dir='ltr'>his</span> <span class='ocrx_word' id='word_1_137' title='bbox 2051 1365 2255 1428; x_wconf 85' lang='lat' dir='ltr'>indige-</span> 
     </span>
    </p>
   </div>
   <div class='ocr_carea' id='block_1_19' title="bbox 601 1436 2254 1501">
    <p class='ocr_par' dir='ltr' id='par_1_19' title="bbox 601 1436 2254 1501">
     <span class='ocr_line' id='line_1_19' title="bbox 601 1436 2254 1501; baseline 0 -15"><span class='ocrx_word' id='word_1_138' title='bbox 601 1450 738 1486; x_wconf 91' lang='lat' dir='ltr'>mus.</span> <span class='ocrx_word' id='word_1_139' title='bbox 770 1440 934 1487; x_wconf 75' lang='lat' dir='ltr'>Multo</span> <span class='ocrx_word' id='word_1_140' title='bbox 968 1438 1138 1496; x_wconf 76' lang='lat' dir='ltr'>magis</span> <span class='ocrx_word' id='word_1_141' title='bbox 1202 1453 1327 1501; x_wconf 89' lang='lat' dir='ltr'>ergo</span> <span class='ocrx_word' id='word_1_142' title='bbox 1389 1438 1444 1487; x_wconf 90' lang='lat' dir='ltr'>in</span> <span class='ocrx_word' id='word_1_143' title='bbox 1502 1438 1593 1487; x_wconf 92' lang='lat' dir='ltr'>illo</span> <span class='ocrx_word' id='word_1_144' title='bbox 1661 1442 1799 1487; x_wconf 85' lang='lat' dir='ltr'>statu</span> <span class='ocrx_word' id='word_1_145' title='bbox 1859 1437 1953 1500; x_wconf 89' lang='lat' dir='ltr'>qui</span> <span class='ocrx_word' id='word_1_146' title='bbox 1997 1436 2102 1486; x_wconf 79' lang='lat' dir='ltr'>fuit</span> <span class='ocrx_word' id='word_1_147' title='bbox 2130 1442 2254 1486; x_wconf 88' lang='lat' dir='ltr'>ante</span> 
     </span>
    </p>
   </div>
   <div class='ocr_carea' id='block_1_20' title="bbox 603 1510 2255 1574">
    <p class='ocr_par' dir='ltr' id='par_1_20' title="bbox 603 1510 2255 1574">
     <span class='ocr_line' id='line_1_20' title="bbox 603 1510 2255 1574; baseline -0.001 -15"><span class='ocrx_word' id='word_1_148' title='bbox 603 1517 900 1573; x_wconf 88' lang='lat' dir='ltr'>peccatum,</span> <span class='ocrx_word' id='word_1_149' title='bbox 933 1511 1105 1559; x_wconf 81' lang='lat' dir='ltr'>Adam</span> <span class='ocrx_word' id='word_1_150' title='bbox 1163 1515 1325 1559; x_wconf 80' lang='lat' dir='ltr'>etiam</span> <span class='ocrx_word' id='word_1_151' title='bbox 1392 1510 1507 1559; x_wconf 86' lang='lat' dir='ltr'>sine</span> <span class='ocrx_word' id='word_1_152' title='bbox 1565 1511 1700 1559; x_wconf 83' lang='lat' dir='ltr'>escis</span> <span class='ocrx_word' id='word_1_153' title='bbox 1740 1511 1916 1560; x_wconf 86' lang='lat' dir='ltr'>vivere</span> <span class='ocrx_word' id='word_1_154' title='bbox 1946 1514 2177 1574; x_wconf 83' lang='lat' dir='ltr'>poterat,</span> <span class='ocrx_word' id='word_1_155' title='bbox 2203 1512 2255 1558; x_wconf 87' lang='lat' dir='ltr'>et</span> 
     </span>
    </p>
   </div>
   <div class='ocr_carea' id='block_1_21' title="bbox 606 1580 2251 1643">
    <p class='ocr_par' dir='ltr' id='par_1_21' title="bbox 606 1580 2251 1643">
     <span class='ocr_line' id='line_1_21' title="bbox 606 1580 2251 1643; baseline 0 -13"><span class='ocrx_word' id='word_1_156' title='bbox 606 1586 789 1630; x_wconf 89' lang='lat' dir='ltr'>tamen</span> <span class='ocrx_word' id='word_1_157' title='bbox 819 1581 1248 1643; x_wconf 86' lang='lat' dir='ltr'>his,_indigebat.</span> <span class='ocrx_word' id='word_1_158' title='bbox 1282 1582 1469 1640; x_wconf 89' lang='lat' dir='ltr'>Quam,</span> <span class='ocrx_word' id='word_1_159' title='bbox 1506 1582 1606 1631; x_wconf 91' lang='lat' dir='ltr'>hoc</span> <span class='ocrx_word' id='word_1_160' title='bbox 1636 1586 1715 1631; x_wconf 91' lang='lat' dir='ltr'>est</span> <span class='ocrx_word' id='word_1_161' title='bbox 1769 1580 2071 1643; x_wconf 86' lang='lat' dir='ltr'>cujusmodi</span> <span class='ocrx_word' id='word_1_162' title='bbox 2116 1580 2251 1630; x_wconf 90' lang='lat' dir='ltr'>indi-</span> 
     </span>
    </p>
   </div>
   <div class='ocr_carea' id='block_1_22' title="bbox 2371 356 3864 422">
    <p class='ocr_par' dir='ltr' id='par_1_22' title="bbox 2371 356 3864 422">
     <span class='ocr_line' id='line_1_22' title="bbox 2371 356 3864 422; baseline 0.007 -18"><span class='ocrx_word' id='word_1_163' title='bbox 2371 360 2654 419; x_wconf 83' lang='lat' dir='ltr'>potestate,</span> <span class='ocrx_word' id='word_1_164' title='bbox 2694 369 2804 404; x_wconf 89' lang='lat' dir='ltr'>non</span> <span class='ocrx_word' id='word_1_165' title='bbox 2864 358 3204 414; x_wconf 81' lang='lat' dir='ltr'>necessitate,</span> <span class='ocrx_word' id='word_1_166' title='bbox 3263 356 3478 406; x_wconf 83' lang='lat' dir='ltr'>humani</span> <span class='ocrx_word' id='word_1_167' title='bbox 3527 361 3721 422; x_wconf 76' lang='lat' dir='ltr'>corporis</span> <span class='ocrx_word' id='word_1_168' title='bbox 3758 366 3864 415; x_wconf 62' lang='lat' dir='ltr'>ofﬁci;</span> 
     </span>
    </p>
   </div>
   <div class='ocr_carea' id='block_1_23' title="bbox 2367 427 3863 492">
    <p class='ocr_par' dir='ltr' id='par_1_23' title="bbox 2367 427 3863 492">
     <span class='ocr_line' id='line_1_23' title="bbox 2367 427 3863 492; baseline 0.008 -18"><span class='ocrx_word' id='word_1_169' title='bbox 2367 427 2587 475; x_wconf 82' lang='lat' dir='ltr'>functus</span> <span class='ocrx_word' id='word_1_170' title='bbox 2626 432 2750 476; x_wconf 88' lang='lat' dir='ltr'>est:</span> <span class='ocrx_word' id='word_1_171' title='bbox 2810 432 2862 477; x_wconf 87' lang='lat' dir='ltr'>et</span> <span class='ocrx_word' id='word_1_172' title='bbox 2918 427 3033 477; x_wconf 65' lang='lat' dir='ltr'>hec</span> <span class='ocrx_word' id='word_1_173' title='bbox 3089 429 3205 491; x_wconf 83' lang='lat' dir='ltr'>ipsa</span> <span class='ocrx_word' id='word_1_174' title='bbox 3257 428 3467 492; x_wconf 85' lang='lat' dir='ltr'>quidem</span> <span class='ocrx_word' id='word_1_175' title='bbox 3522 429 3759 492; x_wconf 77' lang='lat' dir='ltr'>indigentia</span> <span class='ocrx_word' id='word_1_176' title='bbox 3795 446 3863 487; x_wconf 78' lang='lat' dir='ltr'>ante</span> 
     </span>
    </p>
   </div>
   <div class='ocr_carea' id='block_1_24' title="bbox 2367 498 3861 562">
    <p class='ocr_par' dir='ltr' id='par_1_24' title="bbox 2367 498 3861 562">
     <span class='ocr_line' id='line_1_24' title="bbox 2367 498 3861 562; baseline 0.006 -15"><span class='ocrx_word' id='word_1_177' title='bbox 2367 498 2819 548; x_wconf 89' lang='lat' dir='ltr'>resurrectionem</span> <span class='ocrx_word' id='word_1_178' title='bbox 2852 500 2905 547; x_wconf 91' lang='lat' dir='ltr'>in</span> <span class='ocrx_word' id='word_1_179' title='bbox 2937 514 2999 549; x_wconf 90' lang='lat' dir='ltr'>eo</span> <span class='ocrx_word' id='word_1_180' title='bbox 3030 499 3163 559; x_wconf 87' lang='lat' dir='ltr'>fuit;</span> <span class='ocrx_word' id='word_1_181' title='bbox 3223 506 3343 562; x_wconf 88' lang='lat' dir='ltr'>post</span> <span class='ocrx_word' id='word_1_182' title='bbox 3395 504 3765 553; x_wconf 80' lang='lat' dir='ltr'>resurrectionem</span> <span class='ocrx_word' id='word_1_183' title='bbox 3794 522 3861 557; x_wconf 72' lang='lat' dir='ltr'>rem</span> 
     </span>
    </p>
   </div>
   <div class='ocr_carea' id='block_1_25' title="bbox 2368 569 3861 635">
    <p class='ocr_par' dir='ltr' id='par_1_25' title="bbox 2368 569 3861 635">
     <span class='ocr_line' id='line_1_25' title="bbox 2368 569 3861 635; baseline 0.007 -17"><span class='ocrx_word' id='word_1_184' title='bbox 2368 569 2489 619; x_wconf 86' lang='lat' dir='ltr'>talis</span> <span class='ocrx_word' id='word_1_185' title='bbox 2520 572 2737 625; x_wconf 82' lang='lat' dir='ltr'>exstitit,</span> <span class='ocrx_word' id='word_1_186' title='bbox 2782 576 2841 620; x_wconf 90' lang='lat' dir='ltr'>ut</span> <span class='ocrx_word' id='word_1_187' title='bbox 2898 572 3025 620; x_wconf 92' lang='lat' dir='ltr'>il!ud</span> <span class='ocrx_word' id='word_1_188' title='bbox 3084 586 3283 635; x_wconf 83' lang='lat' dir='ltr'>corpus</span> <span class='ocrx_word' id='word_1_189' title='bbox 3339 573 3627 628; x_wconf 82' lang='lat' dir='ltr'>humanum.</span> <span class='ocrx_word' id='word_1_190' title='bbox 3677 582 3861 630; x_wconf 71' lang='lat' dir='ltr'>secundum</span> 
     </span>
    </p>
   </div>
   <div class='ocr_carea' id='block_1_26' title="bbox 2369 643 3863 714">
    <p class='ocr_par' dir='ltr' id='par_1_26' title="bbox 2369 643 3863 714">
     <span class='ocr_line' id='line_1_26' title="bbox 2369 643 3863 714; baseline 0.007 -25"><span class='ocrx_word' id='word_1_191' title='bbox 2369 643 2486 692; x_wconf 73' lang='lat' dir='ltr'>hazc</span> <span class='ocrx_word' id='word_1_192' title='bbox 2516 658 2635 706; x_wconf 69' lang='lat' dir='ltr'>quas</span> <span class='ocrx_word' id='word_1_193' title='bbox 2667 645 2778 707; x_wconf 88' lang='lat' dir='ltr'>ipse</span> <span class='ocrx_word' id='word_1_194' title='bbox 2810 643 2876 691; x_wconf 91' lang='lat' dir='ltr'>ad</span> <span class='ocrx_word' id='word_1_195' title='bbox 2908 643 3175 693; x_wconf 84' lang='lat' dir='ltr'>humanos</span> <span class='ocrx_word' id='word_1_196' title='bbox 3207 659 3333 693; x_wconf 85' lang='lat' dir='ltr'>usus</span> <span class='ocrx_word' id='word_1_197' title='bbox 3365 645 3549 695; x_wconf 83' lang='lat' dir='ltr'>habere</span> <span class='ocrx_word' id='word_1_198' title='bbox 3607 648 3797 714; x_wconf 71' lang='lat' dir='ltr'>voluerat,</span> <span class='ocrx_word' id='word_1_199' title='bbox 3827 653 3863 701; x_wconf 79' lang='lat' dir='ltr'>in</span> 
     </span>
    </p>
   </div>
   <div class='ocr_carea' id='block_1_27' title="bbox 2366 715 3864 786">
    <p class='ocr_par' dir='ltr' id='par_1_27' title="bbox 2366 715 3864 786">
     <span class='ocr_line' id='line_1_27' title="bbox 2366 715 3864 786; baseline 0.006 -22"><span class='ocrx_word' id='word_1_200' title='bbox 2366 721 2686 772; x_wconf 88' lang='lat' dir='ltr'>mutaretur,</span> <span class='ocrx_word' id='word_1_201' title='bbox 2723 715 2861 765; x_wconf 90' lang='lat' dir='ltr'>sicut</span> <span class='ocrx_word' id='word_1_202' title='bbox 2889 731 3087 779; x_wconf 87' lang='lat' dir='ltr'>corpus</span> <span class='ocrx_word' id='word_1_203' title='bbox 3117 717 3241 766; x_wconf 60' lang='lat' dir='ltr'>Adae</span> <span class='ocrx_word' id='word_1_204' title='bbox 3293 726 3479 780; x_wconf 66' lang='lat' dir='ltr'>praster</span> <span class='ocrx_word' id='word_1_205' title='bbox 3535 721 3755 770; x_wconf 84' lang='lat' dir='ltr'>vinculum</span> <span class='ocrx_word' id='word_1_206' title='bbox 3789 740 3864 786; x_wconf 71' lang='lat' dir='ltr'>pra:-</span> 
     </span>
    </p>
   </div>
   <div class='ocr_carea' id='block_1_28' title="bbox 2365 788 3863 859">
    <p class='ocr_par' dir='ltr' id='par_1_28' title="bbox 2365 788 3863 859">
     <span class='ocr_line' id='line_1_28' title="bbox 2365 788 3863 859; baseline 0.006 -23"><span class='ocrx_word' id='word_1_207' title='bbox 2365 788 2716 838; x_wconf 85' lang='lat' dir='ltr'>varicationis</span> <span class='ocrx_word' id='word_1_208' title='bbox 2746 788 2940 839; x_wconf 90' lang='lat' dir='ltr'>mutari</span> <span class='ocrx_word' id='word_1_209' title='bbox 2972 788 3251 854; x_wconf 87' lang='lat' dir='ltr'>potuisset,</span> <span class='ocrx_word' id='word_1_210' title='bbox 3286 802 3524 854; x_wconf 72' lang='lat' dir='ltr'>essetque</span> <span class='ocrx_word' id='word_1_211' title='bbox 3560 794 3609 840; x_wconf 90' lang='lat' dir='ltr'>in</span> <span class='ocrx_word' id='word_1_212' title='bbox 3644 809 3695 843; x_wconf 85' lang='lat' dir='ltr'>eo</span> <span class='ocrx_word' id='word_1_213' title='bbox 3722 797 3758 844; x_wconf 85' lang='lat' dir='ltr'>id</span> <span class='ocrx_word' id='word_1_214' title='bbox 3785 801 3863 859; x_wconf 72' lang='lat' dir='ltr'>quot</span> 
     </span>
    </p>
   </div>
   <div class='ocr_carea' id='block_1_29' title="bbox 2365 861 3863 923">
    <p class='ocr_par' dir='ltr' id='par_1_29' title="bbox 2365 861 3863 923">
     <span class='ocr_line' id='line_1_29' title="bbox 2365 861 3863 923; baseline 0.006 -14"><span class='ocrx_word' id='word_1_215' title='bbox 2365 861 2479 923; x_wconf 87' lang='lat' dir='ltr'>ipse</span> <span class='ocrx_word' id='word_1_216' title='bbox 2511 862 2767 910; x_wconf 85' lang='lat' dir='ltr'>Dominus</span> <span class='ocrx_word' id='word_1_217' title='bbox 2795 863 2951 911; x_wconf 84' lang='lat' dir='ltr'>Jesus</span> <span class='ocrx_word' id='word_1_218' title='bbox 2980 863 3223 911; x_wconf 88' lang='lat' dir='ltr'>Christus</span> <span class='ocrx_word' id='word_1_219' title='bbox 3272 864 3452 913; x_wconf 85' lang='lat' dir='ltr'>docuit</span> <span class='ocrx_word' id='word_1_220' title='bbox 3506 879 3608 922; x_wconf 87' lang='lat' dir='ltr'>nos,</span> <span class='ocrx_word' id='word_1_221' title='bbox 3656 880 3735 915; x_wconf 89' lang='lat' dir='ltr'>non</span> <span class='ocrx_word' id='word_1_222' title='bbox 3776 871 3863 918; x_wconf 73' lang='lat' dir='ltr'>nio-lo</span> 
     </span>
    </p>
   </div>
   <div class='ocr_carea' id='block_1_30' title="bbox 2367 932 3863 991">
    <p class='ocr_par' dir='ltr' id='par_1_30' title="bbox 2367 932 3863 991">
     <span class='ocr_line' id='line_1_30' title="bbox 2367 932 3863 991; baseline 0.005 -10"><span class='ocrx_word' id='word_1_223' title='bbox 2367 932 2619 982; x_wconf 82' lang='lat' dir='ltr'>exteriori</span> <span class='ocrx_word' id='word_1_224' title='bbox 2651 934 2939 983; x_wconf 83' lang='lat' dir='ltr'>verborum</span> <span class='ocrx_word' id='word_1_225' title='bbox 2969 949 3104 984; x_wconf 86' lang='lat' dir='ltr'>sono</span> <span class='ocrx_word' id='word_1_226' title='bbox 3158 935 3404 991; x_wconf 82' lang='lat' dir='ltr'>clamare,</span> <span class='ocrx_word' id='word_1_227' title='bbox 3462 950 3627 985; x_wconf 84' lang='lat' dir='ltr'>verum</span> <span class='ocrx_word' id='word_1_228' title='bbox 3674 940 3787 987; x_wconf 77' lang='lat' dir='ltr'>etiam</span> <span class='ocrx_word' id='word_1_229' title='bbox 3820 943 3863 990; x_wconf 82' lang='lat' dir='ltr'>in-</span> 
     </span>
    </p>
   </div>
   <div class='ocr_carea' id='block_1_31' title="bbox 2365 1004 3865 1073">
    <p class='ocr_par' dir='ltr' id='par_1_31' title="bbox 2365 1004 3865 1073">
     <span class='ocr_line' id='line_1_31' title="bbox 2365 1004 3865 1073; baseline 0.005 -21"><span class='ocrx_word' id='word_1_230' title='bbox 2365 1005 2481 1053; x_wconf 87' lang='lat' dir='ltr'>timi</span> <span class='ocrx_word' id='word_1_231' title='bbox 2515 1004 2733 1054; x_wconf 73' lang='lat' dir='ltr'>affectus</span> <span class='ocrx_word' id='word_1_232' title='bbox 2764 1008 2903 1054; x_wconf 89' lang='lat' dir='ltr'>votis</span> <span class='ocrx_word' id='word_1_233' title='bbox 2924 1012 3129 1070; x_wconf 88' lang='lat' dir='ltr'>optare,</span> <span class='ocrx_word' id='word_1_234' title='bbox 3158 1011 3219 1055; x_wconf 89' lang='lat' dir='ltr'>ut</span> <span class='ocrx_word' id='word_1_235' title='bbox 3273 1006 3517 1056; x_wconf 88' lang='lat' dir='ltr'>videlicet</span> <span class='ocrx_word' id='word_1_236' title='bbox 3567 1010 3760 1058; x_wconf 74' lang='lat' dir='ltr'>voluntas</span> <span class='ocrx_word' id='word_1_237' title='bbox 3790 1014 3865 1073; x_wconf 55' lang='lat' dir='ltr'>eius,</span> 
     </span>
    </p>
   </div>
   <div class='ocr_carea' id='block_1_32' title="bbox 2365 1078 3865 1143">
    <p class='ocr_par' dir='ltr' id='par_1_32' title="bbox 2365 1078 3865 1143">
     <span class='ocr_line' id='line_1_32' title="bbox 2365 1078 3865 1143; baseline 0.004 -18"><span class='ocrx_word' id='word_1_238' title='bbox 2365 1084 2570 1127; x_wconf 90' lang='lat' dir='ltr'>remoto</span> <span class='ocrx_word' id='word_1_239' title='bbox 2629 1079 2939 1141; x_wconf 67' lang='lat' dir='ltr'>indigentiae</span> <span class='ocrx_word' id='word_1_240' title='bbox 3005 1080 3183 1128; x_wconf 86' lang='lat' dir='ltr'>omnis</span> <span class='ocrx_word' id='word_1_241' title='bbox 3241 1078 3623 1143; x_wconf 87' lang='lat' dir='ltr'>impedimento,</span> <span class='ocrx_word' id='word_1_242' title='bbox 3671 1084 3739 1129; x_wconf 82' lang='lat' dir='ltr'>ﬁat</span> <span class='ocrx_word' id='word_1_243' title='bbox 3776 1090 3808 1130; x_wconf 79' lang='lat' dir='ltr'>et</span> <span class='ocrx_word' id='word_1_244' title='bbox 3838 1086 3865 1132; x_wconf 75' lang='lat' dir='ltr'>in</span> 
     </span>
    </p>
   </div>
   <div class='ocr_carea' id='block_1_33' title="bbox 2364 1150 3868 1209">
    <p class='ocr_par' dir='ltr' id='par_1_33' title="bbox 2364 1150 3868 1209">
     <span class='ocr_line' id='line_1_33' title="bbox 2364 1150 3868 1209; baseline 0.004 -12"><span class='ocrx_word' id='word_1_245' title='bbox 2364 1153 2531 1207; x_wconf 88' lang='lat' dir='ltr'>terra,</span> <span class='ocrx_word' id='word_1_246' title='bbox 2566 1150 2670 1198; x_wconf 87' lang='lat' dir='ltr'>hoc</span> <span class='ocrx_word' id='word_1_247' title='bbox 2699 1152 2857 1199; x_wconf 87' lang='lat' dir='ltr'>estin</span> <span class='ocrx_word' id='word_1_248' title='bbox 2888 1150 3222 1207; x_wconf 87' lang='lat' dir='ltr'>hominibus,</span> <span class='ocrx_word' id='word_1_249' title='bbox 3287 1153 3424 1200; x_wconf 72' lang='lat' dir='ltr'>sicut</span> <span class='ocrx_word' id='word_1_250' title='bbox 3480 1150 3531 1199; x_wconf 89' lang='lat' dir='ltr'>in</span> <span class='ocrx_word' id='word_1_251' title='bbox 3580 1153 3704 1209; x_wconf 73' lang='lat' dir='ltr'>cwlo,</span> <span class='ocrx_word' id='word_1_252' title='bbox 3728 1153 3795 1200; x_wconf 78' lang='lat' dir='ltr'>hoc</span> <span class='ocrx_word' id='word_1_253' title='bbox 3828 1164 3868 1203; x_wconf 75' lang='lat' dir='ltr'>est</span> 
     </span>
    </p>
   </div>
   <div class='ocr_carea' id='block_1_34' title="bbox 2363 1220 3867 1286">
    <p class='ocr_par' dir='ltr' id='par_1_34' title="bbox 2363 1220 3867 1286">
     <span class='ocr_line' id='line_1_34' title="bbox 2363 1220 3867 1286; baseline 0.003 -18"><span class='ocrx_word' id='word_1_254' title='bbox 2363 1220 2420 1269; x_wconf 92' lang='lat' dir='ltr'>in</span> <span class='ocrx_word' id='word_1_255' title='bbox 2454 1223 2697 1281; x_wconf 75' lang='lat' dir='ltr'>angelis;</span> <span class='ocrx_word' id='word_1_256' title='bbox 2731 1227 2785 1270; x_wconf 78' lang='lat' dir='ltr'>et</span> <span class='ocrx_word' id='word_1_257' title='bbox 2814 1226 2873 1270; x_wconf 88' lang='lat' dir='ltr'>ut</span> <span class='ocrx_word' id='word_1_258' title='bbox 2902 1237 3125 1286; x_wconf 82' lang='lat' dir='ltr'>regnum</span> <span class='ocrx_word' id='word_1_259' title='bbox 3157 1223 3293 1285; x_wconf 85' lang='lat' dir='ltr'>ejus,</span> <span class='ocrx_word' id='word_1_260' title='bbox 3320 1237 3425 1286; x_wconf 91' lang='lat' dir='ltr'>quo</span> <span class='ocrx_word' id='word_1_261' title='bbox 3475 1224 3610 1272; x_wconf 90' lang='lat' dir='ltr'>carni</span> <span class='ocrx_word' id='word_1_262' title='bbox 3658 1224 3813 1286; x_wconf 76' lang='lat' dir='ltr'>spiritus</span> <span class='ocrx_word' id='word_1_263' title='bbox 3840 1227 3867 1274; x_wconf 78' lang='lat' dir='ltr'>in</span> 
     </span>
    </p>
   </div>
   <div class='ocr_carea' id='block_1_35' title="bbox 2365 1291 3867 1357">
    <p class='ocr_par' dir='ltr' id='par_1_35' title="bbox 2365 1291 3867 1357">
     <span class='ocr_line' id='line_1_35' title="bbox 2365 1291 3867 1357; baseline 0.001 -16"><span class='ocrx_word' id='word_1_264' title='bbox 2365 1291 2617 1341; x_wconf 88' lang='lat' dir='ltr'>omnibus</span> <span class='ocrx_word' id='word_1_265' title='bbox 2648 1294 2893 1354; x_wconf 84' lang='lat' dir='ltr'>imperet,</span> <span class='ocrx_word' id='word_1_266' title='bbox 2957 1293 3233 1355; x_wconf 82' lang='lat' dir='ltr'>adveniat,</span> <span class='ocrx_word' id='word_1_267' title='bbox 3292 1300 3348 1342; x_wconf 91' lang='lat' dir='ltr'>et</span> <span class='ocrx_word' id='word_1_268' title='bbox 3404 1308 3500 1342; x_wconf 88' lang='lat' dir='ltr'>nos</span> <span class='ocrx_word' id='word_1_269' title='bbox 3551 1294 3706 1343; x_wconf 87' lang='lat' dir='ltr'>liberet</span> <span class='ocrx_word' id='word_1_270' title='bbox 3742 1309 3763 1343; x_wconf 86' lang='lat' dir='ltr'>a</span> <span class='ocrx_word' id='word_1_271' title='bbox 3793 1310 3867 1357; x_wconf 71' lang='lat' dir='ltr'>quu-</span> 
     </span>
    </p>
   </div>
   <div class='ocr_carea' id='block_1_36' title="bbox 2364 1364 3868 1429">
    <p class='ocr_par' dir='ltr' id='par_1_36' title="bbox 2364 1364 3868 1429">
     <span class='ocr_line' id='line_1_36' title="bbox 2364 1364 3868 1429; baseline 0.001 -17"><span class='ocrx_word' id='word_1_272' title='bbox 2364 1378 2574 1426; x_wconf 86' lang='lat' dir='ltr'>cunqne</span> <span class='ocrx_word' id='word_1_273' title='bbox 2608 1364 2771 1427; x_wconf 85' lang='lat' dir='ltr'>hujus</span> <span class='ocrx_word' id='word_1_274' title='bbox 2829 1366 3011 1414; x_wconf 73' lang='lat' dir='ltr'>saeculi</span> <span class='ocrx_word' id='word_1_275' title='bbox 3069 1366 3228 1415; x_wconf 89' lang='lat' dir='ltr'>malo.</span> <span class='ocrx_word' id='word_1_276' title='bbox 3285 1366 3408 1415; x_wconf 68' lang='lat' dir='ltr'>Haec</span> <span class='ocrx_word' id='word_1_277' title='bbox 3460 1366 3603 1422; x_wconf 87' lang='lat' dir='ltr'>enim,</span> <span class='ocrx_word' id='word_1_278' title='bbox 3655 1366 3780 1429; x_wconf 74' lang='lat' dir='ltr'>quasi,</span> <span class='ocrx_word' id='word_1_279' title='bbox 3816 1368 3868 1414; x_wconf 68' lang='lat' dir='ltr'>hce</span> 
     </span>
    </p>
   </div>
   <div class='ocr_carea' id='block_1_37' title="bbox 2364 1434 3865 1500">
    <p class='ocr_par' dir='ltr' id='par_1_37' title="bbox 2364 1434 3865 1500">
     <span class='ocr_line' id='line_1_37' title="bbox 2364 1434 3865 1500; baseline -0.001 -17"><span class='ocrx_word' id='word_1_280' title='bbox 2364 1435 2538 1484; x_wconf 89' lang='lat' dir='ltr'>docuit</span> <span class='ocrx_word' id='word_1_281' title='bbox 2566 1434 2679 1499; x_wconf 87' lang='lat' dir='ltr'>ipse</span> <span class='ocrx_word' id='word_1_282' title='bbox 2709 1434 2949 1485; x_wconf 88' lang='lat' dir='ltr'>Christus</span> <span class='ocrx_word' id='word_1_283' title='bbox 2982 1442 3199 1500; x_wconf 89' lang='lat' dir='ltr'>optare,</span> <span class='ocrx_word' id='word_1_284' title='bbox 3228 1441 3281 1486; x_wconf 85' lang='lat' dir='ltr'>et</span> <span class='ocrx_word' id='word_1_285' title='bbox 3314 1451 3415 1486; x_wconf 90' lang='lat' dir='ltr'>nos</span> <span class='ocrx_word' id='word_1_286' title='bbox 3457 1439 3626 1500; x_wconf 86' lang='lat' dir='ltr'>utique</span> <span class='ocrx_word' id='word_1_287' title='bbox 3661 1442 3721 1497; x_wconf 89' lang='lat' dir='ltr'>(ut</span> <span class='ocrx_word' id='word_1_288' title='bbox 3753 1441 3865 1485; x_wconf 49' lang='lat' dir='ltr'>deruit</span> 
     </span>
    </p>
   </div>
   <div class='ocr_carea' id='block_1_38' title="bbox 2362 1506 3869 1571">
    <p class='ocr_par' dir='ltr' id='par_1_38' title="bbox 2362 1506 3869 1571">
     <span class='ocr_line' id='line_1_38' title="bbox 2362 1506 3869 1571; baseline 0.002 -17"><span class='ocrx_word' id='word_1_289' title='bbox 2362 1507 2438 1556; x_wconf 85' lang='lat' dir='ltr'>ita</span> <span class='ocrx_word' id='word_1_290' title='bbox 2469 1506 2769 1568; x_wconf 86' lang='lat' dir='ltr'>faciamus;</span> <span class='ocrx_word' id='word_1_291' title='bbox 2801 1507 2919 1557; x_wconf 62' lang='lat' dir='ltr'>hinc</span> <span class='ocrx_word' id='word_1_292' title='bbox 2948 1509 3091 1557; x_wconf 90' lang='lat' dir='ltr'>enim</span> <span class='ocrx_word' id='word_1_293' title='bbox 3141 1508 3327 1558; x_wconf 87' lang='lat' dir='ltr'>omnia</span> <span class='ocrx_word' id='word_1_294' title='bbox 3385 1509 3676 1571; x_wconf 85' lang='lat' dir='ltr'>deprecatur</span> <span class='ocrx_word' id='word_1_295' title='bbox 3714 1509 3777 1557; x_wconf 79' lang='lat' dir='ltr'>illa</span> <span class='ocrx_word' id='word_1_296' title='bbox 3812 1509 3869 1557; x_wconf 78' lang='lat' dir='ltr'>hu-</span> 
     </span>
    </p>
   </div>
   <div class='ocr_carea' id='block_1_39' title="bbox 2362 1580 3869 1642">
    <p class='ocr_par' dir='ltr' id='par_1_39' title="bbox 2362 1580 3869 1642">
     <span class='ocr_line' id='line_1_39' title="bbox 2362 1580 3869 1642; baseline 0.001 -15"><span class='ocrx_word' id='word_1_297' title='bbox 2362 1580 2507 1628; x_wconf 83' lang='lat' dir='ltr'>mani</span> <span class='ocrx_word' id='word_1_298' title='bbox 2531 1580 2761 1640; x_wconf 68' lang='lat' dir='ltr'>generis,</span> <span class='ocrx_word' id='word_1_299' title='bbox 2795 1592 2902 1628; x_wconf 90' lang='lat' dir='ltr'>non</span> <span class='ocrx_word' id='word_1_300' title='bbox 2936 1580 3149 1642; x_wconf 89' lang='lat' dir='ltr'>quidem</span> <span class='ocrx_word' id='word_1_301' title='bbox 3186 1580 3449 1637; x_wconf 91' lang='lat' dir='ltr'>omnium,</span> <span class='ocrx_word' id='word_1_302' title='bbox 3481 1581 3567 1629; x_wconf 89' lang='lat' dir='ltr'>sed</span> <span class='ocrx_word' id='word_1_303' title='bbox 3615 1581 3784 1629; x_wconf 80' lang='lat' dir='ltr'>ﬁdeliter</span> <span class='ocrx_word' id='word_1_304' title='bbox 3814 1582 3869 1629; x_wconf 68' lang='lat' dir='ltr'>hoc</span> 
     </span>
    </p>
   </div>
   <div class='ocr_carea' id='block_1_40' title="bbox 604 1650 3867 1716">
    <p class='ocr_par' dir='ltr' id='par_1_40' title="bbox 604 1650 3867 1716">
     <span class='ocr_line' id='line_1_40' title="bbox 604 1650 3867 1716; baseline -0.001 -15"><span class='ocrx_word' id='word_1_305' title='bbox 604 1656 836 1715; x_wconf 77' lang='lat' dir='ltr'>gentiam</span> <span class='ocrx_word' id='word_1_306' title='bbox 875 1654 928 1701; x_wconf 91' lang='lat' dir='ltr'>in</span> <span class='ocrx_word' id='word_1_307' title='bbox 991 1654 1202 1702; x_wconf 85' lang='lat' dir='ltr'>Christo</span> <span class='ocrx_word' id='word_1_308' title='bbox 1264 1654 1428 1703; x_wconf 84' lang='lat' dir='ltr'>fuisse</span> <span class='ocrx_word' id='word_1_309' title='bbox 1488 1654 1785 1704; x_wconf 85' lang='lat' dir='ltr'>secundum</span> <span class='ocrx_word' id='word_1_310' title='bbox 1846 1658 2042 1703; x_wconf 87' lang='lat' dir='ltr'>statum</span> <span class='ocrx_word' id='word_1_311' title='bbox 2101 1653 2247 1701; x_wconf 91' lang='lat' dir='ltr'>illum</span> <span class='ocrx_word' id='word_1_312' title='bbox 2281 1652 2326 1716; x_wconf 84' lang='grc' dir='ltr'><strong>Β</strong></span> <span class='ocrx_word' id='word_1_313' title='bbox 2359 1655 2503 1699; x_wconf 89' lang='lat' dir='ltr'>recta</span> <span class='ocrx_word' id='word_1_314' title='bbox 2532 1650 2636 1700; x_wconf 81' lang='lat' dir='ltr'>fide</span> <span class='ocrx_word' id='word_1_315' title='bbox 2668 1650 3024 1707; x_wconf 82' lang='lat' dir='ltr'>credentium,</span> <span class='ocrx_word' id='word_1_316' title='bbox 3082 1652 3395 1701; x_wconf 85' lang='lat' dir='ltr'>beatissima</span> <span class='ocrx_word' id='word_1_317' title='bbox 3451 1652 3729 1712; x_wconf 87' lang='lat' dir='ltr'>immutatio,</span> <span class='ocrx_word' id='word_1_318' title='bbox 3768 1652 3801 1699; x_wconf 86' lang='lat' dir='ltr'>id</span> <span class='ocrx_word' id='word_1_319' title='bbox 3826 1662 3867 1699; x_wconf 68' lang='lat' dir='ltr'>est</span> 
     </span>
    </p>
   </div>
   <div class='ocr_carea' id='block_1_41' title="bbox 602 1724 2246 1787">
    <p class='ocr_par' dir='ltr' id='par_1_41' title="bbox 602 1724 2246 1787">
     <span class='ocr_line' id='line_1_41' title="bbox 602 1724 2246 1787; baseline 0.001 -15"><span class='ocrx_word' id='word_1_320' title='bbox 602 1724 694 1787; x_wconf 90' lang='lat' dir='ltr'>qui</span> <span class='ocrx_word' id='word_1_321' title='bbox 727 1725 828 1773; x_wconf 80' lang='lat' dir='ltr'>fuit</span> <span class='ocrx_word' id='word_1_322' title='bbox 860 1724 988 1773; x_wconf 63' lang='lat' dir='ltr'>Adae</span> <span class='ocrx_word' id='word_1_323' title='bbox 1014 1728 1137 1773; x_wconf 84' lang='lat' dir='ltr'>ante</span> <span class='ocrx_word' id='word_1_324' title='bbox 1175 1730 1470 1787; x_wconf 89' lang='lat' dir='ltr'>peccatum,</span> <span class='ocrx_word' id='word_1_325' title='bbox 1504 1725 1683 1774; x_wconf 90' lang='lat' dir='ltr'>nullus</span> <span class='ocrx_word' id='word_1_326' title='bbox 1717 1727 1965 1787; x_wconf 82' lang='lat' dir='ltr'>ignorat;</span> <span class='ocrx_word' id='word_1_327' title='bbox 2006 1724 2097 1773; x_wconf 88' lang='lat' dir='ltr'>sed</span> <span class='ocrx_word' id='word_1_328' title='bbox 2145 1724 2246 1773; x_wconf 92' lang='lat' dir='ltr'>hoc</span> 
     </span>
    </p>
   </div>
   <div class='ocr_carea' id='block_1_42' title="bbox 598 1797 2245 1861">
    <p class='ocr_par' dir='ltr' id='par_1_42' title="bbox 598 1797 2245 1861">
     <span class='ocr_line' id='line_1_42' title="bbox 598 1797 2245 1861; baseline 0.001 -17"><span class='ocrx_word' id='word_1_329' title='bbox 598 1798 712 1845; x_wconf 76' lang='lat' dir='ltr'>sola</span> <span class='ocrx_word' id='word_1_330' title='bbox 738 1798 853 1859; x_wconf 90' lang='lat' dir='ltr'>ejus</span> <span class='ocrx_word' id='word_1_331' title='bbox 884 1802 1166 1860; x_wconf 86' lang='lat' dir='ltr'>potestate,</span> <span class='ocrx_word' id='word_1_332' title='bbox 1199 1812 1305 1845; x_wconf 92' lang='lat' dir='ltr'>non</span> <span class='ocrx_word' id='word_1_333' title='bbox 1339 1799 1518 1861; x_wconf 89' lang='lat' dir='ltr'>aliqua</span> <span class='ocrx_word' id='word_1_334' title='bbox 1578 1802 1775 1861; x_wconf 72' lang='lat' dir='ltr'>praeter</span> <span class='ocrx_word' id='word_1_335' title='bbox 1832 1797 2002 1859; x_wconf 86' lang='lat' dir='ltr'>ipsius</span> <span class='ocrx_word' id='word_1_336' title='bbox 2048 1798 2245 1847; x_wconf 88' lang='lat' dir='ltr'>volun-</span> 
     </span>
    </p>
   </div>
   <div class='ocr_carea' id='block_1_43' title="bbox 600 1869 2248 1932">
    <p class='ocr_par' dir='ltr' id='par_1_43' title="bbox 600 1869 2248 1932">
     <span class='ocr_line' id='line_1_43' title="bbox 600 1869 2248 1932; baseline 0.001 -16"><span class='ocrx_word' id='word_1_337' title='bbox 600 1872 763 1917; x_wconf 87' lang='lat' dir='ltr'>tatem</span> <span class='ocrx_word' id='word_1_338' title='bbox 801 1870 1142 1918; x_wconf 83' lang='lat' dir='ltr'>necessitate.</span> <span class='ocrx_word' id='word_1_339' title='bbox 1187 1870 1255 1917; x_wconf 83' lang='lat' dir='ltr'>Ex</span> <span class='ocrx_word' id='word_1_340' title='bbox 1316 1869 1401 1917; x_wconf 88' lang='lat' dir='ltr'>bis</span> <span class='ocrx_word' id='word_1_341' title='bbox 1460 1869 1747 1918; x_wconf 84' lang='lat' dir='ltr'>manifeste</span> <span class='ocrx_word' id='word_1_342' title='bbox 1794 1869 2023 1932; x_wconf 87' lang='lat' dir='ltr'>intelligi</span> <span class='ocrx_word' id='word_1_343' title='bbox 2074 1875 2248 1932; x_wconf 88' lang='lat' dir='ltr'>potest</span> 
     </span>
    </p>
   </div>
   <div class='ocr_carea' id='block_1_44' title="bbox 599 1939 2245 2003">
    <p class='ocr_par' dir='ltr' id='par_1_44' title="bbox 599 1939 2245 2003">
     <span class='ocr_line' id='line_1_44' title="bbox 599 1939 2245 2003; baseline 0.001 -15"><span class='ocrx_word' id='word_1_344' title='bbox 599 1953 705 2001; x_wconf 91' lang='lat' dir='ltr'>qua</span> <span class='ocrx_word' id='word_1_345' title='bbox 767 1942 991 1996; x_wconf 88' lang='lat' dir='ltr'>ratione,</span> <span class='ocrx_word' id='word_1_346' title='bbox 1053 1941 1297 2003; x_wconf 86' lang='lat' dir='ltr'>quamvis</span> <span class='ocrx_word' id='word_1_347' title='bbox 1378 1954 1439 1989; x_wconf 86' lang='lat' dir='ltr'>ex</span> <span class='ocrx_word' id='word_1_348' title='bbox 1501 1942 1718 1990; x_wconf 88' lang='lat' dir='ltr'>homine</span> <span class='ocrx_word' id='word_1_349' title='bbox 1803 1955 1997 2003; x_wconf 89' lang='lat' dir='ltr'>corpus</span> <span class='ocrx_word' id='word_1_350' title='bbox 2052 1939 2245 1990; x_wconf 84' lang='lat' dir='ltr'>Christi</span> 
     </span>
    </p>
   </div>
   <div class='ocr_carea' id='block_1_45' title="bbox 599 2012 2247 2076">
    <p class='ocr_par' dir='ltr' id='par_1_45' title="bbox 599 2012 2247 2076">
     <span class='ocr_line' id='line_1_45' title="bbox 599 2012 2247 2076; baseline 0 -15"><span class='ocrx_word' id='word_1_351' title='bbox 599 2018 872 2076; x_wconf 86' lang='lat' dir='ltr'>sumptum</span> <span class='ocrx_word' id='word_1_352' title='bbox 906 2015 990 2068; x_wconf 84' lang='lat' dir='ltr'>sit,</span> <span class='ocrx_word' id='word_1_353' title='bbox 1024 2019 1183 2076; x_wconf 88' lang='lat' dir='ltr'>atque</span> <span class='ocrx_word' id='word_1_354' title='bbox 1241 2012 1417 2061; x_wconf 87' lang='lat' dir='ltr'>omnis</span> <span class='ocrx_word' id='word_1_355' title='bbox 1470 2014 1629 2062; x_wconf 89' lang='lat' dir='ltr'>homo</span> <span class='ocrx_word' id='word_1_356' title='bbox 1667 2027 1729 2061; x_wconf 82' lang='lat' dir='ltr'>ex</span> <span class='ocrx_word' id='word_1_357' title='bbox 1788 2014 1959 2074; x_wconf 90' lang='lat' dir='ltr'>prima</span> <span class='ocrx_word' id='word_1_358' title='bbox 1998 2014 2247 2076; x_wconf 65' lang='lat' dir='ltr'>praevari-</span> 
     </span>
    </p>
   </div>
   <div class='ocr_carea' id='block_1_46' title="bbox 602 2083 2246 2147">
    <p class='ocr_par' dir='ltr' id='par_1_46' title="bbox 602 2083 2246 2147">
     <span class='ocr_line' id='line_1_46' title="bbox 602 2083 2246 2147; baseline 0 -14"><span class='ocrx_word' id='word_1_359' title='bbox 602 2086 809 2133; x_wconf 86' lang='lat' dir='ltr'>catione</span> <span class='ocrx_word' id='word_1_360' title='bbox 842 2090 893 2133; x_wconf 92' lang='lat' dir='ltr'>et</span> <span class='ocrx_word' id='word_1_361' title='bbox 945 2090 1162 2147; x_wconf 85' lang='lat' dir='ltr'>peccato</span> <span class='ocrx_word' id='word_1_362' title='bbox 1222 2090 1275 2133; x_wconf 91' lang='lat' dir='ltr'>et</span> <span class='ocrx_word' id='word_1_363' title='bbox 1325 2091 1497 2133; x_wconf 88' lang='lat' dir='ltr'>morte</span> <span class='ocrx_word' id='word_1_364' title='bbox 1556 2088 1851 2144; x_wconf 89' lang='lat' dir='ltr'>teneretur,</span> <span class='ocrx_word' id='word_1_365' title='bbox 1916 2100 2025 2134; x_wconf 88' lang='lat' dir='ltr'>nou</span> <span class='ocrx_word' id='word_1_366' title='bbox 2083 2083 2246 2134; x_wconf 79' lang='lat' dir='ltr'>fuerit</span> 
     </span>
    </p>
   </div>
   <div class='ocr_carea' id='block_1_47' title="bbox 600 2159 2243 2221">
    <p class='ocr_par' dir='ltr' id='par_1_47' title="bbox 600 2159 2243 2221">
     <span class='ocr_line' id='line_1_47' title="bbox 600 2159 2243 2221; baseline 0 -14"><span class='ocrx_word' id='word_1_367' title='bbox 600 2163 776 2207; x_wconf 83' lang='lat' dir='ltr'>tamen</span> <span class='ocrx_word' id='word_1_368' title='bbox 809 2160 861 2206; x_wconf 93' lang='lat' dir='ltr'>in</span> <span class='ocrx_word' id='word_1_369' title='bbox 894 2173 956 2206; x_wconf 87' lang='lat' dir='ltr'>eo</span> <span class='ocrx_word' id='word_1_370' title='bbox 991 2166 1287 2220; x_wconf 83' lang='lat' dir='ltr'>peccatum,</span> <span class='ocrx_word' id='word_1_371' title='bbox 1322 2172 1495 2219; x_wconf 88' lang='lat' dir='ltr'>neque</span> <span class='ocrx_word' id='word_1_372' title='bbox 1529 2159 1775 2206; x_wconf 86' lang='lat' dir='ltr'>voluntas</span> <span class='ocrx_word' id='word_1_373' title='bbox 1807 2159 1915 2207; x_wconf 90' lang='lat' dir='ltr'>ulla</span> <span class='ocrx_word' id='word_1_374' title='bbox 1950 2159 2243 2221; x_wconf 86' lang='lat' dir='ltr'>peccandi:</span> 
     </span>
    </p>
   </div>
   <div class='ocr_carea' id='block_1_48' title="bbox 599 2231 2244 2293">
    <p class='ocr_par' dir='ltr' id='par_1_48' title="bbox 599 2231 2244 2293">
     <span class='ocr_line' id='line_1_48' title="bbox 599 2231 2244 2293; baseline 0.001 -15"><span class='ocrx_word' id='word_1_375' title='bbox 599 2235 650 2279; x_wconf 89' lang='lat' dir='ltr'>et</span> <span class='ocrx_word' id='word_1_376' title='bbox 680 2245 798 2278; x_wconf 89' lang='lat' dir='ltr'>cum</span> <span class='ocrx_word' id='word_1_377' title='bbox 835 2231 946 2292; x_wconf 85' lang='lat' dir='ltr'>ipse</span> <span class='ocrx_word' id='word_1_378' title='bbox 980 2244 1087 2277; x_wconf 91' lang='lat' dir='ltr'>non</span> <span class='ocrx_word' id='word_1_379' title='bbox 1122 2231 1439 2292; x_wconf 85' lang='lat' dir='ltr'>peccaverit,</span> <span class='ocrx_word' id='word_1_380' title='bbox 1474 2234 1651 2278; x_wconf 90' lang='lat' dir='ltr'>tamen</span> <span class='ocrx_word' id='word_1_381' title='bbox 1685 2235 1929 2289; x_wconf 89' lang='lat' dir='ltr'>mortem,</span> <span class='ocrx_word' id='word_1_382' title='bbox 1958 2244 2076 2292; x_wconf 67' lang='lat' dir='ltr'>quas</span> <span class='ocrx_word' id='word_1_383' title='bbox 2126 2244 2244 2293; x_wconf 89' lang='lat' dir='ltr'>pec-</span> 
     </span>
    </p>
   </div>
   <div class='ocr_carea' id='block_1_49' title="bbox 597 2301 2244 2363">
    <p class='ocr_par' dir='ltr' id='par_1_49' title="bbox 597 2301 2244 2363">
     <span class='ocr_line' id='line_1_49' title="bbox 597 2301 2244 2363; baseline 0 -13"><span class='ocrx_word' id='word_1_384' title='bbox 597 2302 696 2350; x_wconf 88' lang='lat' dir='ltr'>cati</span> <span class='ocrx_word' id='word_1_385' title='bbox 732 2316 890 2363; x_wconf 75' lang='lat' dir='ltr'>pceua</span> <span class='ocrx_word' id='word_1_386' title='bbox 923 2305 1022 2358; x_wconf 84' lang='lat' dir='ltr'>est,</span> <span class='ocrx_word' id='word_1_387' title='bbox 1053 2302 1295 2355; x_wconf 80' lang='lat' dir='ltr'>senserit,</span> <span class='ocrx_word' id='word_1_388' title='bbox 1345 2302 1473 2363; x_wconf 87' lang='lat' dir='ltr'>quia</span> <span class='ocrx_word' id='word_1_389' title='bbox 1523 2301 1770 2349; x_wconf 90' lang='lat' dir='ltr'>videlicet</span> <span class='ocrx_word' id='word_1_390' title='bbox 1827 2314 1933 2349; x_wconf 86' lang='lat' dir='ltr'>non</span> <span class='ocrx_word' id='word_1_391' title='bbox 1994 2301 2244 2351; x_wconf 66' lang='lat' dir='ltr'>humanae</span> 
     </span>
    </p>
   </div>
   <div class='ocr_carea' id='block_1_50' title="bbox 595 2373 2244 2436">
    <p class='ocr_par' dir='ltr' id='par_1_50' title="bbox 595 2373 2244 2436">
     <span class='ocr_line' id='line_1_50' title="bbox 595 2373 2244 2436; baseline 0.001 -15"><span class='ocrx_word' id='word_1_392' title='bbox 595 2375 958 2433; x_wconf 79' lang='lat' dir='ltr'>generationis</span> <span class='ocrx_word' id='word_1_393' title='bbox 1016 2373 1149 2436; x_wconf 78' lang='lat' dir='ltr'>lege,</span> <span class='ocrx_word' id='word_1_394' title='bbox 1210 2373 1312 2419; x_wconf 89' lang='lat' dir='ltr'>hoc</span> <span class='ocrx_word' id='word_1_395' title='bbox 1370 2377 1465 2428; x_wconf 88' lang='lat' dir='ltr'>est,</span> <span class='ocrx_word' id='word_1_396' title='bbox 1526 2386 1621 2434; x_wconf 90' lang='lat' dir='ltr'>per</span> <span class='ocrx_word' id='word_1_397' title='bbox 1684 2377 1959 2435; x_wconf 88' lang='lat' dir='ltr'>peccatum</span> <span class='ocrx_word' id='word_1_398' title='bbox 2044 2387 2244 2422; x_wconf 92' lang='lat' dir='ltr'>concu-</span> 
     </span>
    </p>
   </div>
   <div class='ocr_carea' id='block_1_51' title="bbox 593 2443 2244 2507">
    <p class='ocr_par' dir='ltr' id='par_1_51' title="bbox 593 2443 2244 2507">
     <span class='ocr_line' id='line_1_51' title="bbox 593 2443 2244 2507; baseline 0.003 -18"><span class='ocrx_word' id='word_1_399' title='bbox 593 2444 872 2504; x_wconf 79' lang='lat' dir='ltr'>piscentiae</span> <span class='ocrx_word' id='word_1_400' title='bbox 904 2459 915 2501; x_wconf 86' lang='lat'>;</span> <span class='ocrx_word' id='word_1_401' title='bbox 946 2444 1037 2492; x_wconf 80' lang='lat' dir='ltr'>sed</span> <span class='ocrx_word' id='word_1_402' title='bbox 1072 2443 1183 2491; x_wconf 88' lang='lat' dir='ltr'>sola</span> <span class='ocrx_word' id='word_1_403' title='bbox 1212 2443 1492 2492; x_wconf 86' lang='lat' dir='ltr'>voluntate</span> <span class='ocrx_word' id='word_1_404' title='bbox 1540 2444 1711 2492; x_wconf 84' lang='lat' dir='ltr'>factus</span> <span class='ocrx_word' id='word_1_405' title='bbox 1760 2444 1940 2503; x_wconf 86' lang='lat' dir='ltr'>homo,</span> <span class='ocrx_word' id='word_1_406' title='bbox 1983 2458 2101 2507; x_wconf 73' lang='lat' dir='ltr'>quas</span> <span class='ocrx_word' id='word_1_407' title='bbox 2150 2458 2244 2493; x_wconf 85' lang='lat' dir='ltr'>vo-</span> 
     </span>
    </p>
   </div>
   <div class='ocr_carea' id='block_1_52' title="bbox 595 2513 2242 2576">
    <p class='ocr_par' dir='ltr' id='par_1_52' title="bbox 595 2513 2242 2576">
     <span class='ocr_line' id='line_1_52' title="bbox 595 2513 2242 2576; baseline 0.002 -14"><span class='ocrx_word' id='word_1_408' title='bbox 595 2513 696 2562; x_wconf 90' lang='lat' dir='ltr'>luit</span> <span class='ocrx_word' id='word_1_409' title='bbox 720 2514 783 2561; x_wconf 90' lang='lat' dir='ltr'>de</span> <span class='ocrx_word' id='word_1_410' title='bbox 816 2514 1088 2576; x_wconf 70' lang='lat' dir='ltr'>praedictis</span> <span class='ocrx_word' id='word_1_411' title='bbox 1120 2515 1371 2563; x_wconf 65' lang='lat' dir='ltr'>humanas</span> <span class='ocrx_word' id='word_1_412' title='bbox 1403 2519 1611 2564; x_wconf 74' lang='lat' dir='ltr'>naturae</span> <span class='ocrx_word' id='word_1_413' title='bbox 1667 2517 1913 2571; x_wconf 85' lang='lat' dir='ltr'>statibus,</span> <span class='ocrx_word' id='word_1_414' title='bbox 1946 2519 2007 2563; x_wconf 90' lang='lat' dir='ltr'>ut</span> <span class='ocrx_word' id='word_1_415' title='bbox 2048 2530 2147 2565; x_wconf 90' lang='lat' dir='ltr'>nos</span> <span class='ocrx_word' id='word_1_416' title='bbox 2177 2517 2242 2566; x_wconf 88' lang='lat' dir='ltr'>de</span> 
     </span>
    </p>
   </div>
   <div class='ocr_carea' id='block_1_53' title="bbox 596 2585 2242 2651">
    <p class='ocr_par' dir='ltr' id='par_1_53' title="bbox 596 2585 2242 2651">
     <span class='ocr_line' id='line_1_53' title="bbox 596 2585 2242 2651; baseline 0.002 -18"><span class='ocrx_word' id='word_1_417' title='bbox 596 2585 1009 2634; x_wconf 83' lang='lat' dir='ltr'>necessitatibus</span> <span class='ocrx_word' id='word_1_418' title='bbox 1040 2588 1239 2635; x_wconf 52' lang='lat' dir='ltr'>nostris</span> <span class='ocrx_word' id='word_1_419' title='bbox 1269 2590 1501 2647; x_wconf 88' lang='lat' dir='ltr'>erueret,</span> <span class='ocrx_word' id='word_1_420' title='bbox 1551 2587 1682 2635; x_wconf 90' lang='lat' dir='ltr'>liber</span> <span class='ocrx_word' id='word_1_421' title='bbox 1741 2587 1806 2635; x_wconf 89' lang='lat' dir='ltr'>ab</span> <span class='ocrx_word' id='word_1_422' title='bbox 1856 2588 2001 2636; x_wconf 90' lang='lat' dir='ltr'>omni</span> <span class='ocrx_word' id='word_1_423' title='bbox 2048 2588 2242 2651; x_wconf 90' lang='lat' dir='ltr'>hujus-</span> 
     </span>
    </p>
   </div>
   <div class='ocr_carea' id='block_1_54' title="bbox 599 2654 2242 2722">
    <p class='ocr_par' dir='ltr' id='par_1_54' title="bbox 599 2654 2242 2722">
     <span class='ocr_line' id='line_1_54' title="bbox 599 2654 2242 2722; baseline 0.003 -19"><span class='ocrx_word' id='word_1_424' title='bbox 599 2654 742 2704; x_wconf 90' lang='lat' dir='ltr'>modi</span> <span class='ocrx_word' id='word_1_425' title='bbox 778 2657 1094 2705; x_wconf 84' lang='lat' dir='ltr'>necessitate</span> <span class='ocrx_word' id='word_1_426' title='bbox 1126 2658 1381 2719; x_wconf 81' lang='lat' dir='ltr'>suscepit.</span> <span class='ocrx_word' id='word_1_427' title='bbox 1410 2656 1639 2720; x_wconf 88' lang='lat' dir='ltr'>Ideoque</span> <span class='ocrx_word' id='word_1_428' title='bbox 1692 2657 1830 2706; x_wconf 89' lang='lat' dir='ltr'>ratio</span> <span class='ocrx_word' id='word_1_429' title='bbox 1875 2657 2089 2721; x_wconf 66' lang='lat' dir='ltr'>regulas,</span> <span class='ocrx_word' id='word_1_430' title='bbox 2122 2672 2242 2722; x_wconf 71' lang='lat' dir='ltr'>qum</span> 
     </span>
    </p>
   </div>
   <div class='ocr_carea' id='block_1_55' title="bbox 598 2727 2243 2790">
    <p class='ocr_par' dir='ltr' id='par_1_55' title="bbox 598 2727 2243 2790">
     <span class='ocr_line' id='line_1_55' title="bbox 598 2727 2243 2790; baseline 0.003 -18"><span class='ocrx_word' id='word_1_431' title='bbox 598 2728 815 2789; x_wconf 80' lang='lat' dir='ltr'>propria</span> <span class='ocrx_word' id='word_1_432' title='bbox 873 2731 951 2775; x_wconf 81' lang='lat' dir='ltr'>est</span> <span class='ocrx_word' id='word_1_433' title='bbox 1006 2727 1217 2789; x_wconf 81' lang='lat' dir='ltr'>generis</span> <span class='ocrx_word' id='word_1_434' title='bbox 1300 2728 1789 2790; x_wconf 67' lang='lat' dir='ltr'>prmvaricatorum,</span> <span class='ocrx_word' id='word_1_435' title='bbox 1851 2733 1999 2777; x_wconf 87' lang='lat' dir='ltr'>extra</span> <span class='ocrx_word' id='word_1_436' title='bbox 2073 2742 2243 2789; x_wconf 80' lang='lat' dir='ltr'>genus</span> 
     </span>
    </p>
   </div>
   <div class='ocr_carea' id='block_1_56' title="bbox 594 2794 2243 2862">
    <p class='ocr_par' dir='ltr' id='par_1_56' title="bbox 594 2794 2243 2862">
     <span class='ocr_line' id='line_1_56' title="bbox 594 2794 2243 2862; baseline 0.003 -19"><span class='ocrx_word' id='word_1_437' title='bbox 594 2797 729 2844; x_wconf 80' lang='lat' dir='ltr'>illud</span> <span class='ocrx_word' id='word_1_438' title='bbox 766 2794 821 2844; x_wconf 90' lang='lat' dir='ltr'>in</span> <span class='ocrx_word' id='word_1_439' title='bbox 855 2802 1232 2859; x_wconf 73' lang='lat' dir='ltr'>argumentum</span> <span class='ocrx_word' id='word_1_440' title='bbox 1298 2798 1540 2852; x_wconf 88' lang='lat' dir='ltr'>adducta,</span> <span class='ocrx_word' id='word_1_441' title='bbox 1575 2812 1680 2847; x_wconf 89' lang='lat' dir='ltr'>non</span> <span class='ocrx_word' id='word_1_442' title='bbox 1744 2798 1889 2847; x_wconf 84' lang='lat' dir='ltr'>facit.</span> <span class='ocrx_word' id='word_1_443' title='bbox 1937 2798 2121 2862; x_wconf 89' lang='lat' dir='ltr'>Itaque</span> <span class='ocrx_word' id='word_1_444' title='bbox 2162 2814 2243 2848; x_wconf 88' lang='lat' dir='ltr'>se-</span> 
     </span>
    </p>
   </div>
   <div class='ocr_carea' id='block_1_57' title="bbox 595 2868 2239 2933">
    <p class='ocr_par' dir='ltr' id='par_1_57' title="bbox 595 2868 2239 2933">
     <span class='ocr_line' id='line_1_57' title="bbox 595 2868 2239 2933; baseline 0.003 -18"><span class='ocrx_word' id='word_1_445' title='bbox 595 2870 831 2917; x_wconf 82' lang='lat' dir='ltr'>cundum</span> <span class='ocrx_word' id='word_1_446' title='bbox 890 2869 1040 2917; x_wconf 88' lang='lat' dir='ltr'>illum</span> <span class='ocrx_word' id='word_1_447' title='bbox 1102 2874 1318 2925; x_wconf 88' lang='lat' dir='ltr'>statum,</span> <span class='ocrx_word' id='word_1_448' title='bbox 1353 2868 1445 2932; x_wconf 90' lang='lat' dir='ltr'>qui</span> <span class='ocrx_word' id='word_1_449' title='bbox 1501 2870 1713 2919; x_wconf 82' lang='lat' dir='ltr'>futurus</span> <span class='ocrx_word' id='word_1_450' title='bbox 1788 2874 1903 2919; x_wconf 89' lang='lat' dir='ltr'>erat</span> <span class='ocrx_word' id='word_1_451' title='bbox 1959 2871 2239 2933; x_wconf 71' lang='lat' dir='ltr'>prmmium</span> 
     </span>
    </p>
   </div>
   <div class='ocr_carea' id='block_1_58' title="bbox 595 2940 2238 3002">
    <p class='ocr_par' dir='ltr' id='par_1_58' title="bbox 595 2940 2238 3002">
     <span class='ocr_line' id='line_1_58' title="bbox 595 2940 2238 3002; baseline 0.002 -15"><span class='ocrx_word' id='word_1_452' title='bbox 595 2940 916 2995; x_wconf 86' lang='lat' dir='ltr'>obedientis,</span> <span class='ocrx_word' id='word_1_453' title='bbox 966 2942 1219 2989; x_wconf 90' lang='lat' dir='ltr'>immunis</span> <span class='ocrx_word' id='word_1_454' title='bbox 1284 2942 1349 2989; x_wconf 88' lang='lat' dir='ltr'>ab</span> <span class='ocrx_word' id='word_1_455' title='bbox 1424 2942 1569 2989; x_wconf 89' lang='lat' dir='ltr'>omni</span> <span class='ocrx_word' id='word_1_456' title='bbox 1646 2946 1884 3002; x_wconf 85' lang='lat' dir='ltr'>peccato,</span> <span class='ocrx_word' id='word_1_457' title='bbox 1944 2942 2238 2990; x_wconf 85' lang='lat' dir='ltr'>secundum</span> 
     </span>
    </p>
   </div>
   <div class='ocr_carea' id='block_1_59' title="bbox 2358 1724 3583 1787">
    <p class='ocr_par' dir='ltr' id='par_1_59' title="bbox 2358 1724 3583 1787">
     <span class='ocr_line' id='line_1_59' title="bbox 2358 1724 3583 1787; baseline 0 -15"><span class='ocrx_word' id='word_1_458' title='bbox 2358 1724 2463 1786; x_wconf 88' lang='lat' dir='ltr'>ipst</span> <span class='ocrx_word' id='word_1_459' title='bbox 2491 1724 2816 1773; x_wconf 88' lang='lat' dir='ltr'>immutandi</span> <span class='ocrx_word' id='word_1_460' title='bbox 2849 1724 2965 1773; x_wconf 67' lang='lat' dir='ltr'>hinc</span> <span class='ocrx_word' id='word_1_461' title='bbox 2996 1725 3180 1773; x_wconf 90' lang='lat' dir='ltr'>omnia</span> <span class='ocrx_word' id='word_1_462' title='bbox 3209 1727 3583 1787; x_wconf 87' lang='lat' dir='ltr'>deprecantur.</span> 
     </span>
    </p>
   </div>
   <div class='ocr_carea' id='block_1_60' title="bbox 2418 1794 3869 1860">
    <p class='ocr_par' dir='ltr' id='par_1_60' title="bbox 2418 1794 3869 1860">
     <span class='ocr_line' id='line_1_60' title="bbox 2418 1794 3869 1860; baseline 0.001 -17"><span class='ocrx_word' id='word_1_463' title='bbox 2418 1796 2533 1844; x_wconf 65' lang='lat' dir='ltr'>Haec</span> <span class='ocrx_word' id='word_1_464' title='bbox 2560 1803 2699 1853; x_wconf 75' lang='lat' dir='ltr'>sunt,</span> <span class='ocrx_word' id='word_1_465' title='bbox 2736 1796 3038 1855; x_wconf 70' lang='lat' dir='ltr'>oJoannes,</span> <span class='ocrx_word' id='word_1_466' title='bbox 3086 1811 3198 1860; x_wconf 70' lang='lat' dir='ltr'>qua!</span> <span class='ocrx_word' id='word_1_467' title='bbox 3248 1797 3318 1844; x_wconf 88' lang='lat' dir='ltr'>ad</span> <span class='ocrx_word' id='word_1_468' title='bbox 3378 1799 3425 1845; x_wconf 81' lang='lat' dir='ltr'>te</span> <span class='ocrx_word' id='word_1_469' title='bbox 3478 1796 3720 1860; x_wconf 75' lang='lat' dir='ltr'>dirigenda</span> <span class='ocrx_word' id='word_1_470' title='bbox 3763 1794 3869 1856; x_wconf 58' lang='lat' dir='ltr'>serite</span> 
     </span>
    </p>
   </div>
   <div class='ocr_carea' id='block_1_61' title="bbox 2356 1867 3869 1932">
    <p class='ocr_par' dir='ltr' id='par_1_61' title="bbox 2356 1867 3869 1932">
     <span class='ocr_line' id='line_1_61' title="bbox 2356 1867 3869 1932; baseline -0.001 -16"><span class='ocrx_word' id='word_1_471' title='bbox 2356 1867 2420 1917; x_wconf 84' lang='lat' dir='ltr'>de</span> <span class='ocrx_word' id='word_1_472' title='bbox 2446 1869 2756 1918; x_wconf 75' lang='lat' dir='ltr'>credulitate</span> <span class='ocrx_word' id='word_1_473' title='bbox 2801 1883 2923 1917; x_wconf 64' lang='lat' dir='ltr'>mea</span> <span class='ocrx_word' id='word_1_474' title='bbox 2963 1870 3109 1931; x_wconf 77' lang='lat' dir='ltr'>ﬁdei,</span> <span class='ocrx_word' id='word_1_475' title='bbox 3141 1870 3193 1918; x_wconf 88' lang='lat' dir='ltr'>id</span> <span class='ocrx_word' id='word_1_476' title='bbox 3225 1874 3305 1919; x_wconf 88' lang='lat' dir='ltr'>est</span> <span class='ocrx_word' id='word_1_477' title='bbox 3337 1870 3406 1919; x_wconf 91' lang='lat' dir='ltr'>de</span> <span class='ocrx_word' id='word_1_478' title='bbox 3447 1870 3526 1918; x_wconf 80' lang='lat' dir='ltr'>bis</span> <span class='ocrx_word' id='word_1_479' title='bbox 3565 1883 3669 1932; x_wconf 66' lang='lat' dir='ltr'>quae</span> <span class='ocrx_word' id='word_1_480' title='bbox 3694 1876 3791 1917; x_wconf 83' lang='lat' dir='ltr'>recte</span> <span class='ocrx_word' id='word_1_481' title='bbox 3806 1882 3869 1915; x_wconf 70' lang='lat' dir='ltr'>cre-</span> 
     </span>
    </p>
   </div>
   <div class='ocr_carea' id='block_1_62' title="bbox 2356 1939 3869 2004">
    <p class='ocr_par' dir='ltr' id='par_1_62' title="bbox 2356 1939 3869 2004">
     <span class='ocr_line' id='line_1_62' title="bbox 2356 1939 3869 2004; baseline -0.002 -16"><span class='ocrx_word' id='word_1_482' title='bbox 2356 1940 2534 1989; x_wconf 89' lang='lat' dir='ltr'>denda</span> <span class='ocrx_word' id='word_1_483' title='bbox 2568 1940 2747 1989; x_wconf 90' lang='lat' dir='ltr'>credo.</span> <span class='ocrx_word' id='word_1_484' title='bbox 2782 1940 2891 1999; x_wconf 83' lang='lat' dir='ltr'>Qua</span> <span class='ocrx_word' id='word_1_485' title='bbox 2920 1940 2976 1989; x_wconf 84' lang='lat' dir='ltr'>in</span> <span class='ocrx_word' id='word_1_486' title='bbox 3005 1939 3104 2004; x_wconf 66' lang='lat' dir='ltr'>re.)</span> <span class='ocrx_word' id='word_1_487' title='bbox 3140 1940 3332 1998; x_wconf 88' lang='lat' dir='ltr'>Quasi.</span> <span class='ocrx_word' id='word_1_488' title='bbox 3370 1939 3619 1999; x_wconf 88' lang='lat' dir='ltr'>Quoniam</span> <span class='ocrx_word' id='word_1_489' title='bbox 3654 1940 3741 1989; x_wconf 61' lang='lat' dir='ltr'>hac</span> <span class='ocrx_word' id='word_1_490' title='bbox 3778 1940 3816 1987; x_wconf 76' lang='lat' dir='ltr'>ad</span> <span class='ocrx_word' id='word_1_491' title='bbox 3844 1946 3869 1985; x_wconf 81' lang='lat' dir='ltr'>te</span> 
     </span>
    </p>
   </div>
   <div class='ocr_carea' id='block_1_63' title="bbox 2355 2012 3869 2076">
    <p class='ocr_par' dir='ltr' id='par_1_63' title="bbox 2355 2012 3869 2076">
     <span class='ocr_line' id='line_1_63' title="bbox 2355 2012 3869 2076; baseline -0.003 -15"><span class='ocrx_word' id='word_1_492' title='bbox 2355 2012 2545 2070; x_wconf 85' lang='lat' dir='ltr'>direxi,</span> <span class='ocrx_word' id='word_1_493' title='bbox 2577 2014 2721 2073; x_wconf 90' lang='lat' dir='ltr'>volo,</span> <span class='ocrx_word' id='word_1_494' title='bbox 2754 2017 2814 2062; x_wconf 83' lang='lat' dir='ltr'>ut</span> <span class='ocrx_word' id='word_1_495' title='bbox 2853 2013 2897 2061; x_wconf 87' lang='lat' dir='ltr'>si</span> <span class='ocrx_word' id='word_1_496' title='bbox 2954 2027 3060 2076; x_wconf 85' lang='lat' dir='ltr'>qua</span> <span class='ocrx_word' id='word_1_497' title='bbox 3100 2014 3258 2062; x_wconf 84' lang='lat' dir='ltr'>aliter</span> <span class='ocrx_word' id='word_1_498' title='bbox 3313 2028 3478 2076; x_wconf 88' lang='lat' dir='ltr'>quam</span> <span class='ocrx_word' id='word_1_499' title='bbox 3526 2016 3736 2061; x_wconf 75' lang='lat' dir='ltr'>Convenit</span> <span class='ocrx_word' id='word_1_500' title='bbox 3770 2026 3790 2059; x_wconf 83' lang='lat' dir='ltr'>a</span> <span class='ocrx_word' id='word_1_501' title='bbox 3826 2026 3869 2057; x_wconf 72' lang='lat' dir='ltr'>m2</span> 
     </span>
    </p>
   </div>
   <div class='ocr_carea' id='block_1_64' title="bbox 2355 2085 3869 2151">
    <p class='ocr_par' dir='ltr' id='par_1_64' title="bbox 2355 2085 3869 2151">
     <span class='ocr_line' id='line_1_64' title="bbox 2355 2085 3869 2151; baseline -0.003 -16"><span class='ocrx_word' id='word_1_502' title='bbox 2355 2088 2496 2135; x_wconf 90' lang='lat' dir='ltr'>dicta</span> <span class='ocrx_word' id='word_1_503' title='bbox 2527 2085 2867 2150; x_wconf 88' lang='lat' dir='ltr'>c0gnoveris,</span> <span class='ocrx_word' id='word_1_504' title='bbox 2902 2088 3153 2151; x_wconf 88' lang='lat' dir='ltr'>corrigas.</span> <span class='ocrx_word' id='word_1_505' title='bbox 3189 2087 3322 2136; x_wconf 88' lang='lat' dir='ltr'>Nam</span> <span class='ocrx_word' id='word_1_506' title='bbox 3358 2090 3405 2137; x_wconf 88' lang='lat' dir='ltr'>si</span> <span class='ocrx_word' id='word_1_507' title='bbox 3436 2086 3558 2150; x_wconf 88' lang='lat' dir='ltr'>quid</span> <span class='ocrx_word' id='word_1_508' title='bbox 3604 2100 3629 2134; x_wconf 86' lang='lat' dir='ltr'>a</span> <span class='ocrx_word' id='word_1_509' title='bbox 3668 2100 3732 2135; x_wconf 85' lang='lat' dir='ltr'>me</span> <span class='ocrx_word' id='word_1_510' title='bbox 3752 2088 3869 2133; x_wconf 73' lang='lat' dir='ltr'>dictum</span> 
     </span>
    </p>
   </div>
   <div class='ocr_carea' id='block_1_65' title="bbox 2355 2160 3871 2221">
    <p class='ocr_par' dir='ltr' id='par_1_65' title="bbox 2355 2160 3871 2221">
     <span class='ocr_line' id='line_1_65' title="bbox 2355 2160 3871 2221; baseline -0.005 -14"><span class='ocrx_word' id='word_1_511' title='bbox 2355 2163 2435 2207; x_wconf 86' lang='lat' dir='ltr'>est</span> <span class='ocrx_word' id='word_1_512' title='bbox 2466 2172 2766 2221; x_wconf 88' lang='lat' dir='ltr'>perperam,</span> <span class='ocrx_word' id='word_1_513' title='bbox 2798 2160 2900 2207; x_wconf 88' lang='lat' dir='ltr'>hoc</span> <span class='ocrx_word' id='word_1_514' title='bbox 2930 2161 3013 2207; x_wconf 89' lang='lat' dir='ltr'>est</span> <span class='ocrx_word' id='word_1_515' title='bbox 3039 2172 3308 2221; x_wconf 86' lang='lat' dir='ltr'>perverse,</span> <span class='ocrx_word' id='word_1_516' title='bbox 3355 2173 3466 2207; x_wconf 88' lang='lat' dir='ltr'>non</span> <span class='ocrx_word' id='word_1_517' title='bbox 3510 2162 3579 2207; x_wconf 87' lang='lat' dir='ltr'>ita</span> <span class='ocrx_word' id='word_1_518' title='bbox 3622 2172 3715 2206; x_wconf 87' lang='lat' dir='ltr'>sum</span> <span class='ocrx_word' id='word_1_519' title='bbox 3753 2162 3871 2205; x_wconf 73' lang='lat' dir='ltr'>amator</span> 
     </span>
    </p>
   </div>
   <div class='ocr_carea' id='block_1_66' title="bbox 2354 2228 3873 2292">
    <p class='ocr_par' dir='ltr' id='par_1_66' title="bbox 2354 2228 3873 2292">
     <span class='ocr_line' id='line_1_66' title="bbox 2354 2228 3873 2292; baseline -0.003 -15"><span class='ocrx_word' id='word_1_520' title='bbox 2354 2231 2474 2283; x_wconf 89' lang='lat' dir='ltr'>mei,</span> <span class='ocrx_word' id='word_1_521' title='bbox 2513 2235 2571 2278; x_wconf 91' lang='lat' dir='ltr'>ut</span> <span class='ocrx_word' id='word_1_522' title='bbox 2598 2243 2659 2278; x_wconf 90' lang='lat' dir='ltr'>ea</span> <span class='ocrx_word' id='word_1_523' title='bbox 2688 2242 2807 2292; x_wconf 73' lang='lat' dir='ltr'>quas</span> <span class='ocrx_word' id='word_1_524' title='bbox 2867 2230 3031 2278; x_wconf 86' lang='lat' dir='ltr'>semel</span> <span class='ocrx_word' id='word_1_525' title='bbox 3084 2232 3199 2278; x_wconf 89' lang='lat' dir='ltr'>sine</span> <span class='ocrx_word' id='word_1_526' title='bbox 3258 2233 3472 2279; x_wconf 87' lang='lat' dir='ltr'>ratione</span> <span class='ocrx_word' id='word_1_527' title='bbox 3529 2228 3775 2277; x_wconf 71' lang='lat' dir='ltr'>effuderint.</span> <span class='ocrx_word' id='word_1_528' title='bbox 3803 2240 3873 2273; x_wconf 78' lang='lat' dir='ltr'>con-</span> 
     </span>
    </p>
   </div>
   <div class='ocr_carea' id='block_1_67' title="bbox 2355 2300 3871 2365">
    <p class='ocr_par' dir='ltr' id='par_1_67' title="bbox 2355 2300 3871 2365">
     <span class='ocr_line' id='line_1_67' title="bbox 2355 2300 3871 2365; baseline -0.002 -16"><span class='ocrx_word' id='word_1_529' title='bbox 2355 2302 2571 2349; x_wconf 88' lang='lat' dir='ltr'>tendam</span> <span class='ocrx_word' id='word_1_530' title='bbox 2606 2303 2874 2351; x_wconf 76' lang='lat' dir='ltr'>anteferre</span> <span class='ocrx_word' id='word_1_531' title='bbox 2917 2300 3207 2365; x_wconf 81' lang='lat' dir='ltr'>cujuslibet</span> <span class='ocrx_word' id='word_1_532' title='bbox 3262 2302 3471 2351; x_wconf 86' lang='lat' dir='ltr'>meliori</span> <span class='ocrx_word' id='word_1_533' title='bbox 3530 2300 3792 2355; x_wconf 70' lang='lat' dir='ltr'>sententie;</span> <span class='ocrx_word' id='word_1_534' title='bbox 3819 2310 3871 2346; x_wconf 70' lang='lat' dir='ltr'>net</span> 
     </span>
    </p>
   </div>
   <div class='ocr_carea' id='block_1_68' title="bbox 2353 2371 3871 2435">
    <p class='ocr_par' dir='ltr' id='par_1_68' title="bbox 2353 2371 3871 2435">
     <span class='ocr_line' id='line_1_68' title="bbox 2353 2371 3871 2435; baseline -0.005 -15"><span class='ocrx_word' id='word_1_535' title='bbox 2353 2371 2525 2421; x_wconf 89' lang='lat' dir='ltr'>debeo</span> <span class='ocrx_word' id='word_1_536' title='bbox 2555 2373 2905 2429; x_wconf 87' lang='lat' dir='ltr'>contendere,</span> <span class='ocrx_word' id='word_1_537' title='bbox 2939 2377 2994 2421; x_wconf 90' lang='lat' dir='ltr'>et</span> <span class='ocrx_word' id='word_1_538' title='bbox 3040 2376 3297 2435; x_wconf 89' lang='lat' dir='ltr'>tanquam</span> <span class='ocrx_word' id='word_1_539' title='bbox 3353 2374 3465 2423; x_wconf 83' lang='lat' dir='ltr'>sint</span> <span class='ocrx_word' id='word_1_540' title='bbox 3513 2387 3622 2422; x_wconf 86' lang='lat' dir='ltr'>mea</span> <span class='ocrx_word' id='word_1_541' title='bbox 3668 2371 3871 2420; x_wconf 70' lang='lat' dir='ltr'>defendere.</span> 
     </span>
    </p>
   </div>
   <div class='ocr_carea' id='block_1_69' title="bbox 2352 2444 3871 2507">
    <p class='ocr_par' dir='ltr' id='par_1_69' title="bbox 2352 2444 3871 2507">
     <span class='ocr_line' id='line_1_69' title="bbox 2352 2444 3871 2507; baseline -0.005 -14"><span class='ocrx_word' id='word_1_542' title='bbox 2352 2444 2405 2493; x_wconf 91' lang='lat' dir='ltr'>Si</span> <span class='ocrx_word' id='word_1_543' title='bbox 2431 2445 2573 2493; x_wconf 91' lang='lat' dir='ltr'>enim</span> <span class='ocrx_word' id='word_1_544' title='bbox 2608 2445 2743 2493; x_wconf 89' lang='lat' dir='ltr'>nihil</span> <span class='ocrx_word' id='word_1_545' title='bbox 2792 2445 2920 2494; x_wconf 91' lang='lat' dir='ltr'>boni</span> <span class='ocrx_word' id='word_1_546' title='bbox 2958 2459 3021 2494; x_wconf 82' lang='lat' dir='ltr'>ex</span> <span class='ocrx_word' id='word_1_547' title='bbox 3084 2445 3241 2494; x_wconf 84' lang='lat' dir='ltr'>nobis</span> <span class='ocrx_word' id='word_1_548' title='bbox 3293 2450 3396 2507; x_wconf 90' lang='lat' dir='ltr'>est,</span> <span class='ocrx_word' id='word_1_549' title='bbox 3428 2446 3480 2494; x_wconf 88' lang='lat' dir='ltr'>id</span> <span class='ocrx_word' id='word_1_550' title='bbox 3534 2451 3607 2493; x_wconf 82' lang='lat' dir='ltr'>est</span> <span class='ocrx_word' id='word_1_551' title='bbox 3655 2445 3688 2491; x_wconf 85' lang='lat' dir='ltr'>si</span> <span class='ocrx_word' id='word_1_552' title='bbox 3713 2444 3871 2490; x_wconf 74' lang='lat' dir='ltr'>uallares</span> 
     </span>
    </p>
   </div>
   <div class='ocr_carea' id='block_1_70' title="bbox 2354 2516 3871 2580">
    <p class='ocr_par' dir='ltr' id='par_1_70' title="bbox 2354 2516 3871 2580">
     <span class='ocr_line' id='line_1_70' title="bbox 2354 2516 3871 2580; baseline -0.005 -15"><span class='ocrx_word' id='word_1_553' title='bbox 2354 2520 2433 2565; x_wconf 90' lang='lat' dir='ltr'>est</span> <span class='ocrx_word' id='word_1_554' title='bbox 2466 2531 2587 2580; x_wconf 82' lang='lat' dir='ltr'>quas</span> <span class='ocrx_word' id='word_1_555' title='bbox 2644 2517 2801 2566; x_wconf 90' lang='lat' dir='ltr'>nobis</span> <span class='ocrx_word' id='word_1_556' title='bbox 2852 2517 3163 2566; x_wconf 82' lang='lat' dir='ltr'>auctoribus</span> <span class='ocrx_word' id='word_1_557' title='bbox 3226 2518 3369 2566; x_wconf 90' lang='lat' dir='ltr'>bona</span> <span class='ocrx_word' id='word_1_558' title='bbox 3428 2519 3494 2567; x_wconf 88' lang='lat' dir='ltr'>sit</span> <span class='ocrx_word' id='word_1_559' title='bbox 3540 2521 3611 2577; x_wconf 77' lang='lat' dir='ltr'>(ut</span> <span class='ocrx_word' id='word_1_560' title='bbox 3658 2516 3871 2577; x_wconf 65' lang='lat' dir='ltr'>utiquam</span> 
     </span>
    </p>
   </div>
   <div class='ocr_carea' id='block_1_71' title="bbox 2354 2582 3873 2651">
    <p class='ocr_par' dir='ltr' id='par_1_71' title="bbox 2354 2582 3873 2651">
     <span class='ocr_line' id='line_1_71' title="bbox 2354 2582 3873 2651; baseline -0.005 -15"><span class='ocrx_word' id='word_1_561' title='bbox 2354 2591 2471 2647; x_wconf 87' lang='lat' dir='ltr'>est),</span> <span class='ocrx_word' id='word_1_562' title='bbox 2511 2588 2644 2636; x_wconf 90' lang='lat' dir='ltr'>nihil</span> <span class='ocrx_word' id='word_1_563' title='bbox 2675 2593 2754 2637; x_wconf 85' lang='lat' dir='ltr'>est</span> <span class='ocrx_word' id='word_1_564' title='bbox 2799 2588 2961 2651; x_wconf 88' lang='lat' dir='ltr'>quod,</span> <span class='ocrx_word' id='word_1_565' title='bbox 3018 2588 3309 2637; x_wconf 88' lang='lat' dir='ltr'>debeamus</span> <span class='ocrx_word' id='word_1_566' title='bbox 3367 2602 3543 2638; x_wconf 89' lang='lat' dir='ltr'>amare</span> <span class='ocrx_word' id='word_1_567' title='bbox 3597 2589 3641 2635; x_wconf 89' lang='lat' dir='ltr'>in</span> <span class='ocrx_word' id='word_1_568' title='bbox 3695 2582 3873 2633; x_wconf 66' lang='lat' dir='ltr'>sententis</span> 
     </span>
    </p>
   </div>
   <div class='ocr_carea' id='block_1_72' title="bbox 2352 2653 3873 2722">
    <p class='ocr_par' dir='ltr' id='par_1_72' title="bbox 2352 2653 3873 2722">
     <span class='ocr_line' id='line_1_72' title="bbox 2352 2653 3873 2722; baseline -0.007 -15"><span class='ocrx_word' id='word_1_569' title='bbox 2352 2662 2609 2722; x_wconf 88' lang='lat' dir='ltr'>tanquam</span> <span class='ocrx_word' id='word_1_570' title='bbox 2642 2661 2858 2709; x_wconf 85' lang='lat' dir='ltr'>nostris.</span> <span class='ocrx_word' id='word_1_571' title='bbox 2896 2658 3049 2717; x_wconf 90' lang='lat' dir='ltr'>Quod</span> <span class='ocrx_word' id='word_1_572' title='bbox 3081 2661 3124 2708; x_wconf 86' lang='lat' dir='ltr'>si</span> <span class='ocrx_word' id='word_1_573' title='bbox 3156 2663 3351 2708; x_wconf 83' lang='lat' dir='ltr'>cuncta</span> <span class='ocrx_word' id='word_1_574' title='bbox 3411 2664 3536 2709; x_wconf 88' lang='lat' dir='ltr'>sunt</span> <span class='ocrx_word' id='word_1_575' title='bbox 3585 2659 3703 2707; x_wconf 82' lang='lat' dir='ltr'>bona</span> <span class='ocrx_word' id='word_1_576' title='bbox 3740 2669 3785 2703; x_wconf 78' lang='lat' dir='ltr'>ex</span> <span class='ocrx_word' id='word_1_577' title='bbox 3816 2653 3873 2700; x_wconf 72' lang='lat' dir='ltr'>lllt.</span> 
     </span>
    </p>
   </div>
   <div class='ocr_carea' id='block_1_73' title="bbox 2354 2728 3874 2793">
    <p class='ocr_par' dir='ltr' id='par_1_73' title="bbox 2354 2728 3874 2793">
     <span class='ocr_line' id='line_1_73' title="bbox 2354 2728 3874 2793; baseline -0.005 -17"><span class='ocrx_word' id='word_1_578' title='bbox 2354 2728 2457 2777; x_wconf 88' lang='lat' dir='ltr'>hoc</span> <span class='ocrx_word' id='word_1_579' title='bbox 2488 2735 2571 2779; x_wconf 90' lang='lat' dir='ltr'>est</span> <span class='ocrx_word' id='word_1_580' title='bbox 2600 2729 2694 2778; x_wconf 90' lang='lat' dir='ltr'>illo</span> <span class='ocrx_word' id='word_1_581' title='bbox 2721 2730 2831 2779; x_wconf 90' lang='lat' dir='ltr'>solo</span> <span class='ocrx_word' id='word_1_582' title='bbox 2873 2737 3091 2779; x_wconf 88' lang='lat' dir='ltr'>auctore</span> <span class='ocrx_word' id='word_1_583' title='bbox 3146 2729 3239 2793; x_wconf 91' lang='lat' dir='ltr'>qui</span> <span class='ocrx_word' id='word_1_584' title='bbox 3295 2730 3445 2779; x_wconf 89' lang='lat' dir='ltr'>solus</span> <span class='ocrx_word' id='word_1_585' title='bbox 3499 2743 3599 2779; x_wconf 91' lang='lat' dir='ltr'>non</span> <span class='ocrx_word' id='word_1_586' title='bbox 3656 2729 3874 2776; x_wconf 69' lang='lat' dir='ltr'>extrinsech</span> 
     </span>
    </p>
   </div>
   <div class='ocr_carea' id='block_1_74' title="bbox 2355 2800 3875 2857">
    <p class='ocr_par' dir='ltr' id='par_1_74' title="bbox 2355 2800 3875 2857">
     <span class='ocr_line' id='line_1_74' title="bbox 2355 2800 3875 2857; baseline -0.003 -9"><span class='ocrx_word' id='word_1_587' title='bbox 2355 2801 2630 2849; x_wconf 86' lang='lat' dir='ltr'>accidente</span> <span class='ocrx_word' id='word_1_588' title='bbox 2689 2800 2946 2857; x_wconf 88' lang='lat' dir='ltr'>bonitate,</span> <span class='ocrx_word' id='word_1_589' title='bbox 3004 2800 3097 2849; x_wconf 89' lang='lat' dir='ltr'>sed</span> <span class='ocrx_word' id='word_1_590' title='bbox 3152 2801 3387 2850; x_wconf 87' lang='lat' dir='ltr'>veritate</span> <span class='ocrx_word' id='word_1_591' title='bbox 3461 2800 3683 2849; x_wconf 61' lang='lat' dir='ltr'>essentia:</span> <span class='ocrx_word' id='word_1_592' title='bbox 3728 2810 3804 2845; x_wconf 72' lang='lat' dir='ltr'>sua</span> <span class='ocrx_word' id='word_1_593' title='bbox 3834 2804 3875 2840; x_wconf 61' lang='lat' dir='ltr'>ei:</span> 
     </span>
    </p>
   </div>
   <div class='ocr_carea' id='block_1_75' title="bbox 2353 2864 3872 2933">
    <p class='ocr_par' dir='ltr' id='par_1_75' title="bbox 2353 2864 3872 2933">
     <span class='ocr_line' id='line_1_75' title="bbox 2353 2864 3872 2933; baseline -0.005 -14"><span class='ocrx_word' id='word_1_594' title='bbox 2353 2871 2547 2929; x_wconf 91' lang='lat' dir='ltr'>bonus,</span> <span class='ocrx_word' id='word_1_595' title='bbox 2606 2871 2738 2920; x_wconf 90' lang='lat' dir='ltr'>illud</span> <span class='ocrx_word' id='word_1_596' title='bbox 2798 2873 2976 2933; x_wconf 89' lang='lat' dir='ltr'>potius</span> <span class='ocrx_word' id='word_1_597' title='bbox 3031 2871 3232 2920; x_wconf 90' lang='lat' dir='ltr'>bonum</span> <span class='ocrx_word' id='word_1_598' title='bbox 3303 2872 3619 2921; x_wconf 88' lang='lat' dir='ltr'>credendum</span> <span class='ocrx_word' id='word_1_599' title='bbox 3677 2874 3753 2925; x_wconf 79' lang='lat' dir='ltr'>est,</span> <span class='ocrx_word' id='word_1_600' title='bbox 3790 2864 3872 2929; x_wconf 58' lang='lat' dir='ltr'>quoet</span> 
     </span>
    </p>
   </div>
   <div class='ocr_carea' id='block_1_76' title="bbox 2351 2941 3875 3005">
    <p class='ocr_par' dir='ltr' id='par_1_76' title="bbox 2351 2941 3875 3005">
     <span class='ocr_line' id='line_1_76' title="bbox 2351 2941 3875 3005; baseline -0.004 -15"><span class='ocrx_word' id='word_1_601' title='bbox 2351 2941 2806 2992; x_wconf 87' lang='lat' dir='ltr'>incommutabilis</span> <span class='ocrx_word' id='word_1_602' title='bbox 2836 2944 3064 3003; x_wconf 89' lang='lat' dir='ltr'>bonitas,</span> <span class='ocrx_word' id='word_1_603' title='bbox 3097 2942 3151 2991; x_wconf 88' lang='lat' dir='ltr'>id</span> <span class='ocrx_word' id='word_1_604' title='bbox 3210 2946 3291 2992; x_wconf 83' lang='lat' dir='ltr'>est</span> <span class='ocrx_word' id='word_1_605' title='bbox 3350 2945 3510 3005; x_wconf 87' lang='lat' dir='ltr'>Deus,</span> <span class='ocrx_word' id='word_1_606' title='bbox 3558 2942 3640 3005; x_wconf 83' lang='lat' dir='ltr'>qui</span> <span class='ocrx_word' id='word_1_607' title='bbox 3678 2944 3875 2989; x_wconf 58' lang='lat' dir='ltr'>incommu-</span> 
     </span>
    </p>
   </div>
   <div class='ocr_carea' id='block_1_77' title="bbox 588 3012 3871 3090">
    <p class='ocr_par' dir='ltr' id='par_1_77' title="bbox 588 3012 3871 3090">
     <span class='ocr_line' id='line_1_77' title="bbox 588 3012 3871 3090; baseline -0.001 -31"><span class='ocrx_word' id='word_1_608' title='bbox 588 3012 736 3090; x_wconf 82' lang='lat' dir='ltr'>illum</span> <span class='ocrx_word' id='word_1_609' title='bbox 769 3015 986 3090; x_wconf 80' lang='lat' dir='ltr'>statum,</span> <span class='ocrx_word' id='word_1_610' title='bbox 1021 3013 1112 3075; x_wconf 93' lang='lat' dir='ltr'>qui</span> <span class='ocrx_word' id='word_1_611' title='bbox 1144 3012 1368 3090; x_wconf 66' lang='lat' dir='ltr'>poenalis</span> <span class='ocrx_word' id='word_1_612' title='bbox 1398 3016 1479 3060; x_wconf 90' lang='lat' dir='ltr'>est</span> <span class='ocrx_word' id='word_1_613' title='bbox 1528 3012 1907 3090; x_wconf 81' lang='lat' dir='ltr'>inobedientis,</span> <span class='ocrx_word' id='word_1_614' title='bbox 1946 3013 2233 3090; x_wconf 81' lang='lat' dir='ltr'>passiones</span> <span class='ocrx_word' id='word_1_615' title='bbox 2267 3023 2309 3090; x_wconf 71' lang='grc' dir='ltr'>ρ</span> <span class='ocrx_word' id='word_1_616' title='bbox 2349 3014 2585 3090; x_wconf 81' lang='lat' dir='ltr'>tabiliter</span> <span class='ocrx_word' id='word_1_617' title='bbox 2640 3015 2816 3090; x_wconf 74' lang='lat' dir='ltr'>bonus</span> <span class='ocrx_word' id='word_1_618' title='bbox 2868 3019 2965 3072; x_wconf 89' lang='lat' dir='ltr'>est,</span> <span class='ocrx_word' id='word_1_619' title='bbox 3025 3018 3079 3090; x_wconf 83' lang='lat' dir='ltr'>et</span> <span class='ocrx_word' id='word_1_620' title='bbox 3156 3017 3418 3090; x_wconf 80' lang='lat' dir='ltr'>omnium_</span> <span class='ocrx_word' id='word_1_621' title='bbox 3475 3017 3710 3090; x_wconf 80' lang='lat' dir='ltr'>bonorum</span> <span class='ocrx_word' id='word_1_622' title='bbox 3767 3022 3871 3090; x_wconf 48' lang='lat' dir='ltr'>causa.</span> 
     </span>
    </p>
   </div>
   <div class='ocr_carea' id='block_1_78' title="bbox 591 3083 2235 3148">
    <p class='ocr_par' dir='ltr' id='par_1_78' title="bbox 591 3083 2235 3148">
     <span class='ocr_line' id='line_1_78' title="bbox 591 3083 2235 3148; baseline 0.001 -16"><span class='ocrx_word' id='word_1_623' title='bbox 591 3086 808 3142; x_wconf 88' lang='lat' dir='ltr'>multas,</span> <span class='ocrx_word' id='word_1_624' title='bbox 840 3088 893 3133; x_wconf 87' lang='lat' dir='ltr'>et</span> <span class='ocrx_word' id='word_1_625' title='bbox 927 3098 1096 3148; x_wconf 88' lang='lat' dir='ltr'>usque</span> <span class='ocrx_word' id='word_1_626' title='bbox 1130 3085 1194 3132; x_wconf 88' lang='lat' dir='ltr'>ad</span> <span class='ocrx_word' id='word_1_627' title='bbox 1251 3090 1473 3133; x_wconf 90' lang='lat' dir='ltr'>mortem</span> <span class='ocrx_word' id='word_1_628' title='bbox 1533 3089 1675 3133; x_wconf 89' lang='lat' dir='ltr'>recte</span> <span class='ocrx_word' id='word_1_629' title='bbox 1728 3083 1999 3141; x_wconf 81' lang='lat' dir='ltr'>sustinuit,</span> <span class='ocrx_word' id='word_1_630' title='bbox 2048 3090 2101 3133; x_wconf 89' lang='lat' dir='ltr'>et</span> <span class='ocrx_word' id='word_1_631' title='bbox 2149 3099 2235 3133; x_wconf 84' lang='lat' dir='ltr'>se-</span> 
     </span>
    </p>
   </div>
   <div class='ocr_carea' id='block_1_79' title="bbox 591 3156 2238 3220">
    <p class='ocr_par' dir='ltr' id='par_1_79' title="bbox 591 3156 2238 3220">
     <span class='ocr_line' id='line_1_79' title="bbox 591 3156 2238 3220; baseline -0.001 -15"><span class='ocrx_word' id='word_1_632' title='bbox 591 3158 827 3207; x_wconf 89' lang='lat' dir='ltr'>cundum</span> <span class='ocrx_word' id='word_1_633' title='bbox 861 3157 1005 3206; x_wconf 90' lang='lat' dir='ltr'>illum</span> <span class='ocrx_word' id='word_1_634' title='bbox 1037 3158 1091 3204; x_wconf 86' lang='lat' dir='ltr'>in</span> <span class='ocrx_word' id='word_1_635' title='bbox 1122 3170 1230 3220; x_wconf 88' lang='lat' dir='ltr'>quo</span> <span class='ocrx_word' id='word_1_636' title='bbox 1260 3158 1429 3205; x_wconf 87' lang='lat' dir='ltr'>Adam</span> <span class='ocrx_word' id='word_1_637' title='bbox 1479 3160 1603 3205; x_wconf 90' lang='lat' dir='ltr'>ante</span> <span class='ocrx_word' id='word_1_638' title='bbox 1651 3162 1946 3219; x_wconf 88' lang='lat' dir='ltr'>peccatum,</span> <span class='ocrx_word' id='word_1_639' title='bbox 1998 3156 2238 3205; x_wconf 88' lang='lat' dir='ltr'>Paradisi</span> 
     </span>
    </p>
   </div>
   <div class='ocr_carea' id='block_1_80' title="bbox 2348 3080 3872 3149">
    <p class='ocr_par' dir='ltr' id='par_1_80' title="bbox 2348 3080 3872 3149">
     <span class='ocr_line' id='line_1_80' title="bbox 2348 3080 3872 3149; baseline -0.007 -14"><span class='ocrx_word' id='word_1_640' title='bbox 2348 3087 2771 3136; x_wconf 87' lang='lat' dir='ltr'>incommutabili</span> <span class='ocrx_word' id='word_1_641' title='bbox 2832 3086 3107 3149; x_wconf 87' lang='lat' dir='ltr'>proposito</span> <span class='ocrx_word' id='word_1_642' title='bbox 3164 3100 3277 3137; x_wconf 69' lang='lat' dir='ltr'>sua:</span> <span class='ocrx_word' id='word_1_643' title='bbox 3332 3085 3620 3137; x_wconf 84' lang='lat' dir='ltr'>voluntatis</span> <span class='ocrx_word' id='word_1_644' title='bbox 3674 3080 3872 3147; x_wconf 77' lang='lat' dir='ltr'>perscribit.</span> 
     </span>
    </p>
   </div>
   <div class='ocr_carea' id='block_1_81' title="bbox 1765 3469 2781 3585">
    <p class='ocr_par' dir='ltr' id='par_1_81' title="bbox 1765 3469 2781 3585">
     <span class='ocr_line' id='line_1_81' title="bbox 1765 3469 2781 3585; baseline 0.003 -2"><span class='ocrx_word' id='word_1_645' title='bbox 1765 3485 2645 3585; x_wconf 69' lang='lat' dir='ltr'><strong>APPHNDIX</strong></span> <span class='ocrx_word' id='word_1_646' title='bbox 2727 3469 2781 3527; x_wconf 71' lang='grc'>³⁸³</span> 
     </span>
    </p>
   </div>
   <div class='ocr_carea' id='block_1_82' title="bbox 1535 3724 3024 3861">
    <p class='ocr_par' dir='ltr' id='par_1_82' title="bbox 1535 3724 3024 3861">
     <span class='ocr_line' id='line_1_82' title="bbox 1535 3724 3024 3861; baseline 0.003 -7"><span class='ocrx_word' id='word_1_647' title='bbox 1535 3725 1741 3854; x_wconf 92' lang='lat' dir='ltr'>AD</span> <span class='ocrx_word' id='word_1_648' title='bbox 1838 3724 2362 3861; x_wconf 82' lang='lat' dir='ltr'><strong>OPEBA</strong></span> <span class='ocrx_word' id='word_1_649' title='bbox 2464 3724 3024 3859; x_wconf 88' lang='lat' dir='ltr'><strong>BOETII</strong></span> 
     </span>
    </p>
   </div>
   <div class='ocr_carea' id='block_1_83' title="bbox 659 3962 3825 4019">
    <p class='ocr_par' dir='ltr' id='par_1_83' title="bbox 659 3962 3825 4019">
     <span class='ocr_line' id='line_1_83' title="bbox 659 3962 3825 4019; baseline 0 -2"><span class='ocrx_word' id='word_1_650' title='bbox 659 3970 997 4017; x_wconf 75' lang='lat' dir='ltr'>CONTINENS</span> <span class='ocrx_word' id='word_1_651' title='bbox 1041 3968 1369 4014; x_wconf 75' lang='lat' dir='ltr'>HISTORIAM</span> <span class='ocrx_word' id='word_1_652' title='bbox 1412 3967 1613 4013; x_wconf 82' lang='lat' dir='ltr'><strong>BOETII</strong></span> <span class='ocrx_word' id='word_1_653' title='bbox 1655 3966 2013 4019; x_wconf 80' lang='lat' dir='ltr'>OPERUMQUE</span> <span class='ocrx_word' id='word_1_654' title='bbox 2058 3967 2242 4011; x_wconf 84' lang='lat' dir='ltr'>IPSIUS</span> <span class='ocrx_word' id='word_1_655' title='bbox 2284 3967 2585 4013; x_wconf 69' lang='lat' dir='ltr'>ANALYSIM</span> <span class='ocrx_word' id='word_1_656' title='bbox 2630 3969 2866 4016; x_wconf 78' lang='lat' dir='ltr'><strong>NECNON</strong></span> <span class='ocrx_word' id='word_1_657' title='bbox 2911 3971 2985 4016; x_wconf 78' lang='lat' dir='ltr'>ET</span> <span class='ocrx_word' id='word_1_658' title='bbox 3028 3970 3222 4017; x_wconf 77' lang='lat' dir='ltr'>NOTAS</span> <span class='ocrx_word' id='word_1_659' title='bbox 3274 3962 3825 4017; x_wconf 63' lang='lat' dir='ltr'>DISSERTATIOIESQ“</span> 
     </span>
    </p>
   </div>
   <div class='ocr_carea' id='block_1_84' title="bbox 1883 4074 2675 4134">
    <p class='ocr_par' dir='ltr' id='par_1_84' title="bbox 1883 4074 2675 4134">
     <span class='ocr_line' id='line_1_84' title="bbox 1883 4074 2675 4134; baseline 0.005 -16"><span class='ocrx_word' id='word_1_660' title='bbox 1883 4074 2675 4134; x_wconf 76' lang='lat' dir='ltr'>HISTORICO-THEOLOGICAS,</span> 
     </span>
    </p>
   </div>
   <div class='ocr_carea' id='block_1_85' title="bbox 1091 4250 3453 4318">
    <p class='ocr_par' dir='ltr' id='par_1_85' title="bbox 1091 4250 3453 4318">
     <span class='ocr_line' id='line_1_85' title="bbox 1091 4250 3453 4318; baseline 0 -2"><span class='ocrx_word' id='word_1_661' title='bbox 1091 4253 1418 4316; x_wconf 83' lang='lat' dir='ltr'>GALLICE</span> <span class='ocrx_word' id='word_1_662' title='bbox 1464 4251 1938 4313; x_wconf 82' lang='lat' dir='ltr'>ADOBNANTE</span> <span class='ocrx_word' id='word_1_663' title='bbox 1983 4250 2367 4313; x_wconf 81' lang='lat' dir='ltr'>GEBVASIO</span> <span class='ocrx_word' id='word_1_664' title='bbox 2410 4251 2863 4315; x_wconf 82' lang='lat' dir='ltr'>TURONENSI</span> <span class='ocrx_word' id='word_1_665' title='bbox 2908 4254 3453 4318; x_wconf 76' lang='lat' dir='ltr'>PRESBYTERO.</span> 
     </span>
    </p>
   </div>
   <div class='ocr_carea' id='block_1_86' title="bbox 2064 4420 2237 4429">
    <p class='ocr_par' dir='ltr' id='par_1_86' title="bbox 2064 4420 2237 4429">
     <span class='ocr_line' id='line_1_86' title="bbox 2064 4420 2237 4429; baseline -0.006 -1"><span class='ocrx_word' id='word_1_666' title='bbox 2064 4420 2237 4429; x_wconf 83' lang='lat'>_——</span> 
     </span>
    </p>
   </div>
   <div class='ocr_carea' id='block_1_87' title="bbox 1646 4511 2914 4621">
    <p class='ocr_par' dir='ltr' id='par_1_87' title="bbox 1646 4511 2914 4621">
     <span class='ocr_line' id='line_1_87' title="bbox 1646 4511 2914 4621; baseline 0 0"><span class='ocrx_word' id='word_1_667' title='bbox 1646 4511 2049 4621; x_wconf 75' lang='lat' dir='ltr'>EPI&#39;I‘RE</span> <span class='ocrx_word' id='word_1_668' title='bbox 2108 4513 2914 4621; x_wconf 77' lang='lat' dir='ltr'>DEDICATOIBE.</span> 
     </span>
    </p>
   </div>
   <div class='ocr_carea' id='block_1_88' title="bbox 885 4854 2244 4910">
    <p class='ocr_par' dir='ltr' id='par_1_88' title="bbox 885 4854 2244 4907">
     <span class='ocr_line' id='line_1_88' title="bbox 885 4854 2244 4907; baseline -0.004 0"><span class='ocrx_word' id='word_1_669' title='bbox 885 4871 915 4906; x_wconf 79' lang='grc' dir='ltr'><strong>Α</strong></span> <span class='ocrx_word' id='word_1_670' title='bbox 948 4872 1040 4907; x_wconf 74' lang='grc' dir='ltr'>εςοΝ</span> <span class='ocrx_word' id='word_1_671' title='bbox 1074 4870 1275 4904; x_wconf 67' lang='lat' dir='ltr'>amasse</span> <span class='ocrx_word' id='word_1_672' title='bbox 1310 4867 1501 4903; x_wconf 72' lang='lat' dir='ltr'>nouns</span> <span class='ocrx_word' id='word_1_673' title='bbox 1530 4866 1871 4902; x_wconf 69' lang='lat' dir='ltr'>monaulonaun</span> <span class='ocrx_word' id='word_1_674' title='bbox 1906 4868 1961 4902; x_wconf 74' lang='grc' dir='ltr'>ιιι</span> <span class='ocrx_word' id='word_1_675' title='bbox 1990 4867 2085 4903; x_wconf 85' lang='lat' dir='ltr'>nnc</span> <span class='ocrx_word' id='word_1_676' title='bbox 2118 4854 2244 4904; x_wconf 75' lang='lat' dir='ltr'>n’oai</span> 
     </span>
    </p>
   </div>
   <div class='ocr_carea' id='block_1_89' title="bbox 2352 4854 3629 4910">
    <p class='ocr_par' dir='ltr' id='par_1_89' title="bbox 2352 4857 3629 4910">
     <span class='ocr_line' id='line_1_89' title="bbox 2352 4857 3629 4910; baseline -0.002 -9"><span class='ocrx_word' id='word_1_677' title='bbox 2352 4867 2402 4906; x_wconf 56' lang='lat' dir='ltr'>is.</span> <span class='ocrx_word' id='word_1_678' title='bbox 2440 4866 2704 4902; x_wconf 71' lang='lat' dir='ltr'>PETlT-FILS</span> <span class='ocrx_word' id='word_1_679' title='bbox 2738 4869 2797 4901; x_wconf 85' lang='lat' dir='ltr'>ns</span> <span class='ocrx_word' id='word_1_680' title='bbox 2833 4867 3035 4910; x_wconf 69' lang='lat' dir='ltr'>suasca,</span> <span class='ocrx_word' id='word_1_681' title='bbox 3073 4857 3261 4903; x_wconf 65' lang='lat' dir='ltr'>attonat</span> <span class='ocrx_word' id='word_1_682' title='bbox 3296 4868 3360 4903; x_wconf 83' lang='lat' dir='ltr'>nn</span> <span class='ocrx_word' id='word_1_683' title='bbox 3394 4865 3629 4903; x_wconf 75' lang='lat' dir='ltr'>aouuu.</span> 
     </span>
    </p>
   </div>
   <div class='ocr_carea' id='block_1_90' title="bbox 1043 4945 1427 5008">
    <p class='ocr_par' dir='ltr' id='par_1_90' title="bbox 1043 4945 1427 5008">
     <span class='ocr_line' id='line_1_90' title="bbox 1043 4945 1427 5008; baseline -0.01 -15"><span class='ocrx_word' id='word_1_684' title='bbox 1043 4945 1427 5008; x_wconf 75' lang='lat' dir='ltr'>.llonseigneur,</span> 
     </span>
    </p>
   </div>
   <div class='ocr_carea' id='block_1_91' title="bbox 636 5018 3863 5099">
    <p class='ocr_par' dir='ltr' id='par_1_91' title="bbox 636 5018 3863 5099">
     <span class='ocr_line' id='line_1_91' title="bbox 636 5018 3863 5099; baseline -0.004 -15"><span class='ocrx_word' id='word_1_685' title='bbox 636 5037 704 5085; x_wconf 88' lang='lat' dir='ltr'>Le</span> <span class='ocrx_word' id='word_1_686' title='bbox 732 5036 821 5099; x_wconf 76' lang='lat' dir='ltr'>[eu</span> <span class='ocrx_word' id='word_1_687' title='bbox 850 5036 931 5083; x_wconf 75' lang='lat' dir='ltr'>rei</span> <span class='ocrx_word' id='word_1_688' title='bbox 961 5034 1173 5083; x_wconf 78' lang='lat' dir='ltr'>m&#39;avait</span> <span class='ocrx_word' id='word_1_689' title='bbox 1195 5034 1391 5094; x_wconf 74' lang='lat' dir='ltr'>parmis</span> <span class='ocrx_word' id='word_1_690' title='bbox 1421 5034 1483 5082; x_wconf 86' lang='lat' dir='ltr'>de</span> <span class='ocrx_word' id='word_1_691' title='bbox 1515 5033 1657 5097; x_wconf 81' lang='lat' dir='ltr'>faire</span> <span class='ocrx_word' id='word_1_692' title='bbox 1683 5034 1917 5098; x_wconf 80' lang='lat' dir='ltr'>parntlre</span> <span class='ocrx_word' id='word_1_693' title='bbox 1946 5048 2036 5082; x_wconf 84' lang='lat' dir='ltr'>son</span> <span class='ocrx_word' id='word_1_694' title='bbox 2065 5048 2181 5082; x_wconf 80' lang='lat' dir='ltr'>nom</span> <span class='ocrx_word' id='word_1_695' title='bbox 2214 5036 2428 5096; x_wconf 73' lang='lat' dir='ltr'>auguste</span> <span class='ocrx_word' id='word_1_696' title='bbox 2462 5034 2491 5081; x_wconf 84' lang='grc' dir='ltr'><em>ὰ</em></span> <span class='ocrx_word' id='word_1_697' title='bbox 2520 5032 2569 5081; x_wconf 91' lang='lat' dir='ltr'>la</span> <span class='ocrx_word' id='word_1_698' title='bbox 2602 5032 2702 5081; x_wconf 65' lang='lat' dir='ltr'>tete</span> <span class='ocrx_word' id='word_1_699' title='bbox 2730 5032 2792 5080; x_wconf 86' lang='lat' dir='ltr'>de</span> <span class='ocrx_word' id='word_1_700' title='bbox 2819 5035 2949 5081; x_wconf 84' lang='lat' dir='ltr'>cette</span> <span class='ocrx_word' id='word_1_701' title='bbox 2976 5030 3220 5095; x_wconf 73' lang='lat' dir='ltr'>Histotre,</span> <span class='ocrx_word' id='word_1_702' title='bbox 3258 5035 3307 5081; x_wconf 82' lang='lat' dir='ltr'>et</span> <span class='ocrx_word' id='word_1_703' title='bbox 3336 5032 3523 5082; x_wconf 73' lang='lat' dir='ltr'>s&#39;étant</span> <span class='ocrx_word' id='word_1_704' title='bbox 3547 5029 3642 5094; x_wconf 80' lang='lat' dir='ltr'>fait</span> <span class='ocrx_word' id='word_1_705' title='bbox 3667 5025 3741 5074; x_wconf 64' lang='lat' dir='ltr'>lira</span> <span class='ocrx_word' id='word_1_706' title='bbox 3762 5018 3792 5068; x_wconf 73' lang='lat' dir='ltr'>il</span> <span class='ocrx_word' id='word_1_707' title='bbox 3808 5024 3863 5075; x_wconf 50' lang='lat' dir='ltr'>Et</span> 
     </span>
    </p>
   </div>
   <div class='ocr_carea' id='block_1_92' title="bbox 572 5107 3863 5188">
    <p class='ocr_par' dir='ltr' id='par_1_92' title="bbox 572 5107 3863 5188">
     <span class='ocr_line' id='line_1_92' title="bbox 572 5107 3863 5188; baseline -0.003 -11"><span class='ocrx_word' id='word_1_708' title='bbox 572 5129 707 5178; x_wconf 68' lang='lat' dir='ltr'>dear</span> <span class='ocrx_word' id='word_1_709' title='bbox 740 5126 871 5175; x_wconf 72' lang='lat' dir='ltr'>moi:</span> <span class='ocrx_word' id='word_1_710' title='bbox 902 5126 1118 5188; x_wconf 80' lang='lat' dir='ltr'>l&#39;Epltre</span> <span class='ocrx_word' id='word_1_711' title='bbox 1153 5125 1304 5185; x_wconf 81' lang='lat' dir='ltr'>qu&#39;on</span> <span class='ocrx_word' id='word_1_712' title='bbox 1336 5140 1370 5188; x_wconf 86' lang='lat' dir='ltr'><em>y</em></span> <span class='ocrx_word' id='word_1_713' title='bbox 1402 5124 1525 5181; x_wconf 79' lang='lat' dir='ltr'>voit,</span> <span class='ocrx_word' id='word_1_714' title='bbox 1561 5124 1605 5173; x_wconf 89' lang='lat' dir='ltr'>il</span> <span class='ocrx_word' id='word_1_715' title='bbox 1631 5124 1811 5172; x_wconf 79' lang='lat' dir='ltr'>l’avait</span> <span class='ocrx_word' id='word_1_716' title='bbox 1840 5124 2021 5186; x_wconf 75' lang='lat' dir='ltr'>agréée</span> <span class='ocrx_word' id='word_1_717' title='bbox 2048 5126 2094 5171; x_wconf 87' lang='lat' dir='ltr'>et</span> <span class='ocrx_word' id='word_1_718' title='bbox 2124 5137 2269 5185; x_wconf 67' lang='lat' dir='ltr'>repue</span> <span class='ocrx_word' id='word_1_719' title='bbox 2298 5136 2418 5171; x_wconf 79' lang='lat' dir='ltr'>accc</span> <span class='ocrx_word' id='word_1_720' title='bbox 2470 5121 2620 5170; x_wconf 76' lang='lat' dir='ltr'>bonté</span> <span class='ocrx_word' id='word_1_721' title='bbox 2644 5135 2663 5183; x_wconf 90' lang='lat'>;</span> <span class='ocrx_word' id='word_1_722' title='bbox 2711 5122 2843 5169; x_wconf 79' lang='lat' dir='ltr'>mnis</span> <span class='ocrx_word' id='word_1_723' title='bbox 2897 5120 3239 5186; x_wconf 74' lang='lat' dir='ltr'>l’imprersion</span> <span class='ocrx_word' id='word_1_724' title='bbox 3282 5121 3398 5171; x_wconf 77' lang='lat' dir='ltr'>n’m</span> <span class='ocrx_word' id='word_1_725' title='bbox 3447 5125 3600 5186; x_wconf 79' lang='lat' dir='ltr'>ayant</span> <span class='ocrx_word' id='word_1_726' title='bbox 3644 5114 3710 5164; x_wconf 75' lang='grc' dir='ltr'>ἐίέ</span> <span class='ocrx_word' id='word_1_727' title='bbox 3733 5107 3863 5158; x_wconf 53' lang='grc' dir='ltr'>αεέῖτετ</span> 
     </span>
    </p>
   </div>
   <div class='ocr_carea' id='block_1_93' title="bbox 573 5212 2880 5285">
    <p class='ocr_par' dir='ltr' id='par_1_93' title="bbox 573 5212 2880 5285">
     <span class='ocr_line' id='line_1_93' title="bbox 573 5212 2880 5285; baseline -0.004 -15"><span class='ocrx_word' id='word_1_728' title='bbox 573 5222 728 5285; x_wconf 83' lang='lat' dir='ltr'>qu’au</span> <span class='ocrx_word' id='word_1_729' title='bbox 764 5222 990 5269; x_wconf 83' lang='lat' dir='ltr'>moment</span> <span class='ocrx_word' id='word_1_730' title='bbox 1021 5218 1082 5266; x_wconf 87' lang='lat' dir='ltr'>de</span> <span class='ocrx_word' id='word_1_731' title='bbox 1113 5232 1168 5265; x_wconf 88' lang='lat' dir='ltr'>sa</span> <span class='ocrx_word' id='word_1_732' title='bbox 1200 5220 1350 5279; x_wconf 82' lang='lat' dir='ltr'>mort,</span> <span class='ocrx_word' id='word_1_733' title='bbox 1384 5217 1438 5281; x_wconf 71' lang='lat' dir='ltr'>ie</span> <span class='ocrx_word' id='word_1_734' title='bbox 1466 5217 1571 5264; x_wconf 84' lang='lat' dir='ltr'>suis</span> <span class='ocrx_word' id='word_1_735' title='bbox 1595 5216 1742 5279; x_wconf 79' lang='lat' dir='ltr'>privé</span> <span class='ocrx_word' id='word_1_736' title='bbox 1775 5215 1838 5264; x_wconf 86' lang='lat' dir='ltr'>de</span> <span class='ocrx_word' id='word_1_737' title='bbox 1867 5214 2135 5263; x_wconf 77' lang='lat' dir='ltr'>l’lronneur</span> <span class='ocrx_word' id='word_1_738' title='bbox 2163 5214 2224 5262; x_wconf 87' lang='lat' dir='ltr'>de</span> <span class='ocrx_word' id='word_1_739' title='bbox 2259 5212 2449 5276; x_wconf 76' lang='lat' dir='ltr'>l&#39;o/Irir</span> <span class='ocrx_word' id='word_1_740' title='bbox 2477 5214 2508 5262; x_wconf 86' lang='grc' dir='ltr'><em>ὰ</em></span> <span class='ocrx_word' id='word_1_741' title='bbox 2540 5214 2609 5262; x_wconf 87' lang='lat' dir='ltr'>Sa</span> <span class='ocrx_word' id='word_1_742' title='bbox 2642 5213 2880 5271; x_wconf 76' lang='lat' dir='ltr'>Maiesté.</span> 
     </span>
    </p>
   </div>
   <div class='ocr_carea' id='block_1_94' title="bbox 629 5291 3859 5377">
    <p class='ocr_par' dir='ltr' id='par_1_94' title="bbox 629 5291 3859 5377">
     <span class='ocr_line' id='line_1_94' title="bbox 629 5291 3859 5377; baseline -0.003 -18"><span class='ocrx_word' id='word_1_743' title='bbox 629 5314 687 5359; x_wconf 82' lang='lat' dir='ltr'>Jc</span> <span class='ocrx_word' id='word_1_744' title='bbox 717 5311 957 5370; x_wconf 71' lang='lat' dir='ltr'>croiraix,</span> <span class='ocrx_word' id='word_1_745' title='bbox 988 5308 1371 5369; x_wconf 78' lang='lat' dir='ltr'>Monseigneur,</span> <span class='ocrx_word' id='word_1_746' title='bbox 1402 5321 1654 5369; x_wconf 66' lang='lat' dir='ltr'>naanquer</span> <span class='ocrx_word' id='word_1_747' title='bbox 1680 5306 1710 5352; x_wconf 81' lang='grc' dir='ltr'><em>ὰ</em></span> <span class='ocrx_word' id='word_1_748' title='bbox 1742 5320 1796 5353; x_wconf 86' lang='lat' dir='ltr'>ce</span> <span class='ocrx_word' id='word_1_749' title='bbox 1825 5319 1921 5369; x_wconf 86' lang='lat' dir='ltr'>que</span> <span class='ocrx_word' id='word_1_750' title='bbox 1938 5304 2000 5367; x_wconf 82' lang='lat' dir='ltr'>je</span> <span class='ocrx_word' id='word_1_751' title='bbox 2021 5304 2133 5352; x_wconf 74' lang='lat' dir='ltr'>dois</span> <span class='ocrx_word' id='word_1_752' title='bbox 2161 5304 2191 5351; x_wconf 83' lang='grc' dir='ltr'><em>ὰ</em></span> <span class='ocrx_word' id='word_1_753' title='bbox 2225 5303 2273 5351; x_wconf 86' lang='lat' dir='ltr'>la</span> <span class='ocrx_word' id='word_1_754' title='bbox 2302 5303 2544 5351; x_wconf 81' lang='lat' dir='ltr'>mémoire</span> <span class='ocrx_word' id='word_1_755' title='bbox 2584 5302 2647 5351; x_wconf 84' lang='lat' dir='ltr'>de</span> <span class='ocrx_word' id='word_1_756' title='bbox 2693 5316 2748 5350; x_wconf 85' lang='lat' dir='ltr'>ce</span> <span class='ocrx_word' id='word_1_757' title='bbox 2792 5304 2967 5365; x_wconf 65' lang='grc' dir='ltr'><em>θνηηά</em></span> <span class='ocrx_word' id='word_1_758' title='bbox 3011 5303 3207 5367; x_wconf 80' lang='lat' dir='ltr'>prince,</span> <span class='ocrx_word' id='word_1_759' title='bbox 3245 5303 3308 5361; x_wconf 77' lang='lat' dir='ltr'>si,</span> <span class='ocrx_word' id='word_1_760' title='bbox 3344 5302 3570 5352; x_wconf 83' lang='lat' dir='ltr'>donnant</span> <span class='ocrx_word' id='word_1_761' title='bbox 3609 5291 3859 5377; x_wconf 29' lang='lat' dir='ltr'>hamati“?</span> 
     </span>
    </p>
   </div>
   <div class='ocr_carea' id='block_1_95' title="bbox 567 5376 3859 5464">
    <p class='ocr_par' dir='ltr' id='par_1_95' title="bbox 567 5376 3859 5464">
     <span class='ocr_line' id='line_1_95' title="bbox 567 5376 3859 5464; baseline -0.005 -16"><span class='ocrx_word' id='word_1_762' title='bbox 567 5402 768 5464; x_wconf 59' lang='lat' dir='ltr'>public,</span> <span class='ocrx_word' id='word_1_763' title='bbox 801 5402 853 5463; x_wconf 72' lang='lat' dir='ltr'>fc</span> <span class='ocrx_word' id='word_1_764' title='bbox 890 5399 1210 5462; x_wconf 65' lang='lat' dir='ltr'>supirimuis</span> <span class='ocrx_word' id='word_1_765' title='bbox 1239 5400 1364 5446; x_wconf 77' lang='lat' dir='ltr'>cette</span> <span class='ocrx_word' id='word_1_766' title='bbox 1391 5396 1629 5443; x_wconf 78' lang='lat' dir='ltr'>dernie‘re</span> <span class='ocrx_word' id='word_1_767' title='bbox 1659 5409 1870 5459; x_wconf 75' lang='lat' dir='ltr'>morque</span> <span class='ocrx_word' id='word_1_768' title='bbox 1900 5394 1961 5442; x_wconf 77' lang='lat' dir='ltr'>de</span> <span class='ocrx_word' id='word_1_769' title='bbox 1990 5408 2104 5441; x_wconf 84' lang='lat' dir='ltr'>mon</span> <span class='ocrx_word' id='word_1_770' title='bbox 2138 5391 2279 5454; x_wconf 79' lang='lat' dir='ltr'>zéle;</span> <span class='ocrx_word' id='word_1_771' title='bbox 2306 5394 2357 5440; x_wconf 87' lang='lat' dir='ltr'>et</span> <span class='ocrx_word' id='word_1_772' title='bbox 2366 5392 2427 5455; x_wconf 86' lang='lat' dir='ltr'>je</span> <span class='ocrx_word' id='word_1_773' title='bbox 2456 5392 2625 5451; x_wconf 71' lang='lat' dir='ltr'>[eruis</span> <span class='ocrx_word' id='word_1_774' title='bbox 2652 5406 2747 5440; x_wconf 76' lang='lat' dir='ltr'>une</span> <span class='ocrx_word' id='word_1_775' title='bbox 2776 5390 2946 5455; x_wconf 79' lang='lat' dir='ltr'>espéce</span> <span class='ocrx_word' id='word_1_776' title='bbox 2977 5390 3040 5440; x_wconf 79' lang='lat' dir='ltr'>de</span> <span class='ocrx_word' id='word_1_777' title='bbox 3071 5391 3236 5441; x_wconf 69' lang='grc' dir='ltr'>[ην-εἰη</span> <span class='ocrx_word' id='word_1_778' title='bbox 3266 5392 3296 5441; x_wconf 85' lang='grc' dir='ltr'><em>ὰ</em></span> <span class='ocrx_word' id='word_1_779' title='bbox 3326 5391 3375 5440; x_wconf 83' lang='lat' dir='ltr'>la</span> <span class='ocrx_word' id='word_1_780' title='bbox 3405 5388 3600 5454; x_wconf 79' lang='lat' dir='ltr'>familte</span> <span class='ocrx_word' id='word_1_781' title='bbox 3634 5376 3859 5446; x_wconf 46' lang='lat' dir='ltr'>regale&quot;)!</span> 
     </span>
    </p>
   </div>
   <div class='ocr_carea' id='block_1_96' title="bbox 573 5486 2119 5552">
    <p class='ocr_par' dir='ltr' id='par_1_96' title="bbox 573 5486 2119 5552">
     <span class='ocr_line' id='line_1_96' title="bbox 573 5486 2119 5552; baseline -0.005 -11"><span class='ocrx_word' id='word_1_782' title='bbox 573 5506 638 5541; x_wconf 80' lang='lat' dir='ltr'>ne</span> <span class='ocrx_word' id='word_1_783' title='bbox 669 5492 747 5540; x_wconf 85' lang='lat' dir='ltr'>lui</span> <span class='ocrx_word' id='word_1_784' title='bbox 775 5493 984 5541; x_wconf 79' lang='lat' dir='ltr'>rendais</span> <span class='ocrx_word' id='word_1_785' title='bbox 1015 5506 1070 5538; x_wconf 85' lang='lat' dir='ltr'>ce</span> <span class='ocrx_word' id='word_1_786' title='bbox 1100 5491 1192 5552; x_wconf 81' lang='lat' dir='ltr'>qui</span> <span class='ocrx_word' id='word_1_787' title='bbox 1227 5489 1305 5537; x_wconf 85' lang='lat' dir='ltr'>lui</span> <span class='ocrx_word' id='word_1_788' title='bbox 1334 5487 1630 5549; x_wconf 78' lang='lat' dir='ltr'>appartient</span> <span class='ocrx_word' id='word_1_789' title='bbox 1658 5487 1703 5532; x_wconf 80' lang='lat' dir='ltr'>si</span> <span class='ocrx_word' id='word_1_790' title='bbox 1731 5486 2119 5547; x_wconf 77' lang='lat' dir='ltr'>légitimement.</span> 
     </span>
    </p>
   </div>
   <div class='ocr_carea' id='block_1_97' title="bbox 631 5626 2212 5697">
    <p class='ocr_par' dir='ltr' id='par_1_97' title="bbox 631 5626 2212 5697">
     <span class='ocr_line' id='line_1_97' title="bbox 631 5626 2212 5697; baseline -0.004 -14"><span class='ocrx_word' id='word_1_791' title='bbox 631 5633 649 5653; x_wconf 84' lang='grc'><strong>“</strong></span> <span class='ocrx_word' id='word_1_792' title='bbox 683 5632 1015 5697; x_wconf 89' lang='lat' dir='ltr'>Opusculum</span> <span class='ocrx_word' id='word_1_793' title='bbox 1063 5633 1208 5682; x_wconf 85' lang='lat' dir='ltr'>hunc</span> <span class='ocrx_word' id='word_1_794' title='bbox 1252 5629 1458 5680; x_wconf 90' lang='lat' dir='ltr'>Gallico</span> <span class='ocrx_word' id='word_1_795' title='bbox 1509 5641 1753 5678; x_wconf 89' lang='lat' dir='ltr'>sermone</span> <span class='ocrx_word' id='word_1_796' title='bbox 1796 5626 2010 5677; x_wconf 89' lang='lat' dir='ltr'>titulum</span> <span class='ocrx_word' id='word_1_797' title='bbox 2070 5641 2212 5690; x_wconf 70' lang='lat' dir='ltr'>prte-</span> 
     </span>
    </p>
   </div>
   <div class='ocr_carea' id='block_1_98' title="bbox 567 5698 2217 5764">
    <p class='ocr_par' dir='ltr' id='par_1_98' title="bbox 567 5698 2217 5764">
     <span class='ocr_line' id='line_1_98' title="bbox 567 5698 2217 5764; baseline -0.005 -8"><span class='ocrx_word' id='word_1_798' title='bbox 567 5706 703 5757; x_wconf 85' lang='lat' dir='ltr'>fert:</span> <span class='ocrx_word' id='word_1_799' title='bbox 735 5705 1059 5764; x_wconf 30' lang='lat' dir='ltr'>Histoirevn&#39;e</span> <span class='ocrx_word' id='word_1_800' title='bbox 1087 5705 1261 5760; x_wconf 78' lang='lat' dir='ltr'>Boéce,</span> <span class='ocrx_word' id='word_1_801' title='bbox 1314 5703 1556 5751; x_wconf 77' lang='lat' dir='ltr'>sénateur</span> <span class='ocrx_word' id='word_1_802' title='bbox 1611 5699 1833 5757; x_wconf 77' lang='lat' dir='ltr'>remain,</span> <span class='ocrx_word' id='word_1_803' title='bbox 1884 5712 2006 5747; x_wconf 79' lang='lat' dir='ltr'>avec</span> <span class='ocrx_word' id='word_1_804' title='bbox 2051 5698 2217 5748; x_wconf 84' lang='lat' dir='ltr'>l‘ana-</span> 
     </span>
    </p>
   </div>
   <div class='ocr_carea' id='block_1_99' title="bbox 2326 5606 3854 5695">
    <p class='ocr_par' dir='ltr' id='par_1_99' title="bbox 2326 5606 3854 5695">
     <span class='ocr_line' id='line_1_99' title="bbox 2326 5606 3854 5695; baseline -0.014 -19"><span class='ocrx_word' id='word_1_805' title='bbox 2326 5627 2437 5691; x_wconf 79' lang='lat' dir='ltr'>lyse</span> <span class='ocrx_word' id='word_1_806' title='bbox 2465 5624 2528 5673; x_wconf 85' lang='lat' dir='ltr'>de</span> <span class='ocrx_word' id='word_1_807' title='bbox 2557 5628 2667 5674; x_wconf 84' lang='lat' dir='ltr'>tous</span> <span class='ocrx_word' id='word_1_808' title='bbox 2699 5639 2783 5695; x_wconf 69' lang='lat' dir='ltr'>ses</span> <span class='ocrx_word' id='word_1_809' title='bbox 2804 5639 3074 5689; x_wconf 73' lang='lat' dir='ltr'>cum-ages,</span> <span class='ocrx_word' id='word_1_810' title='bbox 3107 5625 3194 5674; x_wconf 74' lang='lat' dir='ltr'>de:</span> <span class='ocrx_word' id='word_1_811' title='bbox 3224 5628 3361 5676; x_wconf 75' lang='lat' dir='ltr'>note:</span> <span class='ocrx_word' id='word_1_812' title='bbox 3391 5630 3439 5673; x_wconf 88' lang='lat' dir='ltr'>et</span> <span class='ocrx_word' id='word_1_813' title='bbox 3472 5624 3563 5695; x_wconf 51' lang='grc' dir='ltr'><em>εἰει</em></span> <span class='ocrx_word' id='word_1_814' title='bbox 3598 5606 3854 5695; x_wconf 51' lang='lat' dir='ltr'>dissertng</span> 
     </span>
    </p>
   </div>
   <div class='ocr_carea' id='block_1_100' title="bbox 2325 5692 3772 5762">
    <p class='ocr_par' dir='ltr' id='par_1_100' title="bbox 2325 5692 3772 5762">
     <span class='ocr_line' id='line_1_100' title="bbox 2325 5692 3772 5762; baseline -0.003 -17"><span class='ocrx_word' id='word_1_815' title='bbox 2325 5695 2641 5760; x_wconf 76' lang='lat' dir='ltr'>historiqucs</span> <span class='ocrx_word' id='word_1_816' title='bbox 2670 5697 2718 5744; x_wconf 90' lang='lat' dir='ltr'>et</span> <span class='ocrx_word' id='word_1_817' title='bbox 2745 5694 3116 5762; x_wconf 69' lang='lat' dir='ltr'>théologiques,</span> <span class='ocrx_word' id='word_1_818' title='bbox 3148 5696 3336 5745; x_wconf 71' lang='lat' dir='ltr'>divisée</span> <span class='ocrx_word' id='word_1_819' title='bbox 3363 5708 3422 5743; x_wconf 80' lang='lat' dir='ltr'>en</span> <span class='ocrx_word' id='word_1_820' title='bbox 3453 5693 3582 5742; x_wconf 62' lang='lat' dir='ltr'>deus</span> <span class='ocrx_word' id='word_1_821' title='bbox 3601 5692 3772 5755; x_wconf 55' lang='lat' dir='ltr'>parti!!-</span> 
     </span>
    </p>
   </div>
  </div>
