4054 6216
405 419 460 469 ιι
1733 403 1980 464 sruma
2021 401 2331 472 eumnam
3602 398 3667 452 η

397 620 3652 692 Μ

1266 1236 1761 1347 SANCTI
1804 1231 2272 1339 PATRIS
2346 1229 2822 1340 NOSTBI

412 1882 536 2087 J
555 1868 1282 2083 OANN
1302 1865 1556 2077 IS
1663 1855 3666 2092 CHRYSOSTOML

1231 2548 1840 2616 ARCHIEPISCOPI
1881 2542 2860 2619 CONSTANTINOPOLITANI,

930 3022 1014 3068 DE
1044 3020 1456 3079 PCENITENTIA,
1499 3019 1577 3065 ET
1618 3017 1683 3065 IN
1720 3013 2070 3062 LECTIONEM
2108 3013 2190 3057 DE
2226 3010 2459 3058 DAVIDE
2492 3010 2570 3056 ET
2600 3009 2680 3055 DE
2718 3010 2936 3055 UXORE
2969 3009 3165 3058 om.

513 3900 651 3954 Ecce
679 3896 837 3952 hodie
864 3894 1019 3949 nobis
1046 3894 1209 3947 lectus
1249 3901 1332 3947 est
1380 3893 1569 3947 beatus
1597 3892 1757 3946 David
1775 3933 1791 3955 ,
1821 3890 2013 3945 modu-
2128 3902 2329 3947 natura!
2353 3889 2584 3955 defectu,
2616 3890 2727 3945 luto
2753 3899 3025 3958 sanantur,
3042 3902 3096 3947 et
3120 3892 3400 3959 quinquies
3420 3892 3563 3948 mille
3589 3894 3683 3946 ho-

440 3974 583 4025 lator
624 3968 712 4021 ille
763 3965 1129 4032 temperantia:
1174 3974 1228 4017 et
1277 3963 1549 4031 magister.
1602 3962 1825 4029 Quando
1876 3962 2015 4015 enim

444 4055 545 4108 per
572 4038 799 4106 psalmos
845 4034 1172 4108 Spiritualem
1201 4032 1368 4103 lyram
1414 4046 1564 4108 suam
1617 4038 1833 4095 movet,
1862 4045 2020 4108 aures

443 4100 645 4162 iiiulért
694 4114 749 4159 et
793 4100 1053 4158 rationem
1105 4100 1383 4170 temperat.
1428 4100 1626 4156 Idcirco
1665 4116 1761 4170 per
1796 4100 2017 4170 gratiam

441 4175 684 4244 Spiritus
707 4174 1042 4244 constitutum
1084 4169 1296 4244 est,_'ut
1324 4172 1579 4239 quotidie,
1623 4169 1687 4244 id
1713 4171 1855 4244 omni
1910 4169 2022 4225 fere

445 4240 757 4314 precatione
806 4244 822 4274 ¹
857 4241 1315 4314 Christiana,‘ipse
1355 4256 1474 4294 cum
1514 4240 2023 4314 modula_mine_can-

450 4307 631 4376 ietur,
692 4321 749 4365 ut
789 4319 839 4365 et
883 4312 1098 4364 auribus
1148 4310 1506 4370 oblectemur.
1555 4319 1610 4364 et
1657 4311 1829 4363 anima
1870 4307 2025 4377 juve-

451 4400 598 4437 mur.
641 4381 793 4449 Saepe
831 4392 1003 4433 autem
1035 4379 1162 4432 mihi
1205 4380 1385 4432 mirari
1433 4379 1608 4444 subit,
1661 4394 1723 4432 ac
1777 4378 2026 4447 frequen-

453 4462 541 4506 ter
583 4462 763 4505 mente
796 4451 1048 4502 attonitus
1077 4449 1184 4511 fui,
1217 4462 1420 4503 meeum
1449 4458 1701 4517 reputans
1739 4457 1792 4501 et
1816 4449 2023 4516 dicens,

453 4537 550 4576 cur
587 4536 695 4588 pra:
720 4519 1003 4588 Scripturis
1028 4518 1275 4572 omnibus
1316 4517 1522 4588 Veteris
1560 4529 1613 4572 et
1660 4517 1795 4572 Novi
1843 4518 2028 4588 Testa-

455 4587 624 4645 menti
647 4588 945 4642 Davidicum
982 4587 1170 4641 librum
1199 4588 1268 4640 ita
1296 4587 1520 4655 diligunt
1551 4601 1735 4641 omnes
1756 4627 1772 4653 ,
1802 4596 1859 4640 ut
1889 4587 2028 4644 hunc

454 4661 631 4713 solum
677 4659 745 4727 in,
782 4672 872 4711 ore
899 4656 1095 4727 habere
1138 4656 1500 4727 sintsolliciti.
1547 4657 1754 4727 Moyses
1809 4672 2028 4727 magnus

455 4740 573 4783 erat
604 4726 869 4796 legislator
888 4767 904 4791 ,
935 4726 1022 4794 qui
1051 4724 1182 4779 facie
1211 4725 1295 4796 ad
1325 4724 1705 4796 faciemDetim
1736 4726 1867 4780 vidit
1891 4724 1917 4790 ς’
1938 4727 2028 4793 qui

466 4806 644 4850 totam
664 4794 1081 4863 eruationeura
1130 4794 1395 4863 principio
1445 4794 1602 4847 nobis
1646 4804 1698 4846 et
1730 4802 2032 4863 creatorem

468 4866 798 4937 praedicans,
817 4865 956 4937 dixit
969 4882 983 4918 :
1006 4862 1070 4937 η
1091 4862 1354 4937 principio
1373 4863 1494 4933 {em
1514 4862 1847 4937 Deuscaelum
1866 4872 1913 4915 et
1932 4873 2032 4937 εει-τ

467 4933 585 4988 iam
606 4934 759 5005 (Cen.
778 4936 831 4999 l,
852 4936 926 5002 l);
945 4935 1220 5002 huiusque
1251 4935 1385 4987 liber
1409 4942 1493 5005 est
1520 4933 1789 4985 maximus
1808 4942 1859 4985 et
1875 4933 2036 5005 omni

469 5002 741 5074 sapientia
766 5007 979 5073 plenus:
1004 5013 1294 5072 tamenque
1321 5003 1584 5074 vixillum
1608 5004 1775 5056 semel
1799 5009 1851 5074 et
1874 5002 1957 5074 bis
1985 5003 2040 5056 in

470 5072 809 5129 hebdomade
830 5074 849 5105 ³
882 5077 935 5126 iu
955 5074 1185 5142 singulis
1205 5073 1453 5127 ecclesiis
1473 5074 1765 5142 aperimus.
1786 5072 1855 5123 At
1879 5072 2037 5138 dicis,

470 5143 811 5199 Testameuti
838 5146 1031 5197 veteris
1053 5141 1188 5211 pars
1221 5154 1324 5197 est.
1344 5142 1485 5207 Quid
1511 5141 1694 5211 autem
1724 5141 1791 5195 de
1820 5154 2041 5196 sancto-

472 5230 595 5267 rum
618 5214 1033 5281 Evangeliorum
1056 5213 1309 5267 lectione?
1325 5214 1414 5266 ubi
1431 5213 1711 5281 prazsentis
1724 5210 1802 5264 Ch
1815 5212 1931 5265 risti
1948 5212 2040 5265 mi-

470 5286 659 5337 racula
672 5284 1151 5351 praedicanturmbi
1167 5282 1437 5336 Deuscuui
1453 5283 1759 5336 hominibus
1770 5290 2040 5348 versatur,

470 5362 525 5407 et
540 5368 690 5406 mors
708 5353 874 5405 verbo
888 5353 1242 5419 dissolvitur;
1274 5352 1366 5405 ubi
1385 5352 1656 5406 daemones
1674 5352 1930 5405 mandato
1957 5351 2041 5406 fu-

474 5433 699 5493 gantur,
715 5430 767 5476 et
785 5423 986 5493 leprosi
1008 5422 1171 5477 verbo
1189 5423 1542 5489 inundantur,
1572 5423 1655 5477 ubi
1672 5423 2045 5490 caici,sublato

557 5740 579 5801 ξ
607 5738 692 5788 Iis.
720 5738 1019 5801 augiicanus,
1048 5735 1096 5786 t'u
1119 5731 1250 5785 omni
1276 5733 1375 5797 fere
1393 5729 1571 5784 anima.

559 5792 579 5817 ³
609 5792 885 5861 γιιιςαιῖιιει,
906 5792 1051 5849 semet
1079 5812 1126 5847 m
1146 5792 1288 5846 auuol

2123 3964 2292 4015 mines
2315 3963 2365 4014 in
2394 3961 2607 4014 deserto
2628 3975 2691 4013 ex
2716 3962 2946 4029 quinque
2978 3961 3198 4029 panibus
3225 3961 3468 4025 aluntur;
3501 3964 3586 4015 ubi
3614 3964 3685 4015 la-

2121 4043 2202 4085 tro
2237 4033 2286 4083 iu
2337 4030 2633 4098 paradisum
2664 4030 3045 4094 introducitur,
3078 4040 3130 4085 et
3160 4033 3406 4085 meretrix
3438 4032 3565 4099 ipsis
3603 4034 3680 4085 si-

2120 4101 2333 4155 deribus
2377 4101 2555 4168 purior
2605 4101 2892 4167 reperitur;
2946 4100 3033 4153 ubi
3082 4099 3328 4155 Jordanis
3383 4102 3575 4155 ﬂuenta
3622 4102 3687 4155 ad

2121 4172 2588 4225 sanetilieationem
2619 4172 2909 4223 animarum
2940 4178 3239 4224 nostrarum
3269 4184 3649 4227 consecrantur
3670 4213 3686 4235 ,

2123 4250 2175 4294 et
2205 4240 2501 4309 unigenitus
2530 4238 2694 4293 Filius
2719 4254 2748 4292 a
2780 4240 2933 4295 Patre
2969 4239 3036 4295 de
3067 4242 3203 4296 cmlo
3247 4241 3564 4307 declaratur;
3603 4242 3689 4297 ubi

2123 4312 2285 4363 vitam
2308 4320 2538 4363 nostram
2566 4309 2807 4363 Christus
2835 4320 3055 4364 renovat
3074 4353 3088 4374 ,
3119 4322 3172 4366 et
3191 4312 3495 4367 renovando
3520 4313 3584 4365 ad
3604 4328 3692 4366 sa-

2126 4380 2286 4433 lutem
2319 4379 2534 4433 humani
2571 4379 2781 4447 generis
2811 4381 3107 4449 pnedieans
3132 4382 3205 4434 ait
3236 4401 3246 4434 :
3278 4381 3418 4435 Beati
3449 4396 3696 4449 pauperes

2128 4450 2330 4521 spiritu,
2350 4450 2816 4521 quoniamipsorunt
2841 4461 2910 4503 est
2930 4467 3134 4521 regnum
3156 4452 3392 4504 talorum
3412 4467 3431 4505 :
3453 4450 3593 4521 Beati
3611 4450 3699 4517 qui

2129 4520 2351 4588 esuriant
2395 4528 2442 4571 et
2469 4519 2641 4588 sitiunt
2679 4518 2927 4588 justitiam
2947 4561 2961 4583 ,
2985 4518 3239 4588 'quouiam
3269 4520 3364 4585 ipsi
3389 4520 3697 4573 saturabitu-

2132 4597 2215 4642 tur
2243 4587 2527 4655 (ΜαιιΙιΝ,
2550 4590 2583 4641 ’5
2610 4597 2655 4641 et
2682 4587 2769 4656 ti)?
2801 4588 2990 4643 Verum
3017 4590 3248 4651 attende,
3278 4587 3372 4641 has
3389 4602 3598 4656 quoque
3626 4589 3699 4641 leo

2132 4673 2223 4727 ges
2252 4657 2416 4711 semel
2442 4667 2531 4709 aut
2558 4658 2639 4711 bis
2660 4658 2710 4710 in
2740 4657 3070 4711 hebdomade
3098 4658 3337 4726 legimus.
3374 4657 3523 4727 Dices
3547 4672 3697 4721 vero,

2138 4725 2239 4781 non
2270 4737 2517 4795 oportere
2538 4742 2765 4781 eoronas
2791 4728 2960 4793 regias
2981 4725 3215 4794 quotidie
3241 4726 3482 4793 publicas
3503 4725 3699 4782 facere.

2137 4796 2272 4862 Quid
2303 4811 2460 4863 porro
2480 4796 2546 4850 de
2578 4798 2729 4850 beato
2753 4796 2993 4863 apostolo
3031 4796 3212 4861 Paulo,
3242 4796 3438 4850 Christi
3468 4808 3701 4859 oratore.

2140 4877 2396 4921 terrarqu
2414 4864 2557 4919 orbis
2579 4867 2875 4932 piscatore:
2906 4866 3017 4934 qui,
3048 4881 3140 4933 per
3164 4867 3561 4935 quatuordecim
3582 4867 3705 4936 Epi-

2140 4936 2325 4999 stolas,
2345 4945 2590 5004 tanquam
2621 4950 2712 5004 per
2741 4937 2869 4990 retia
2896 4936 3208 5004 spiritualia,
3241 4946 3403 4990 totum
3428 4937 3611 4991 orbein
3640 4936 3705 4989 ad

2142 5007 2362 5060 salutem
2388 5006 2629 5067 irrctivit;
2655 5005 2743 5073 qui
2774 5021 2938 5073 usque
2966 5006 3029 5059 ad
3060 5007 3271 5061 tertium
3293 5007 3709 5070 cmlum,etrur-

2144 5090 2235 5131 sus
2261 5075 2312 5129 in
2342 5076 2638 5140 paradisum
2664 5085 2840 5143 raptus
2864 5085 2965 5141 est;
2987 5079 3070 5131 cui
3091 5077 3288 5131 credita
3313 5086 3435 5130 sunt
3460 5076 3709 5146 mysteria

2144 5150 2287 5214 regni
2321 5146 2429 5216 Dei.
2457 5161 2572 5214 qua!
2603 5161 2705 5198 non
2739 5147 2863 5200 licet
2890 5146 3086 5201 homini
3120 5146 3259 5216 loqui
3300 5147 3327 5216 ν(
3357 5146 3395 5201 ll
3422 5142 3533 5216 Cor'.
3579 5142 3705 5216 ΔΧΠ.

2147 5213 2228 5284 4)?
2247 5213 2669 5285 quandoquidem
2693 5216 2903 5271 ethunc
2924 5217 3003 5273 bis
3027 5213 3201 5272 solum
3219 5218 3269 5269 in
3296 5213 3627 5285 hebdomade
3644 5214 3715 5265 Ir-

2147 5287 2355 5356 gimus,
2386 5285 2604 5355 ejusque
2635 5285 2921 5354 Epistolam
2952 5288 3002 5340 in
3031 5302 3124 5340 ore
3150 5286 3437 5356 habemus;
3467 5284 3560 5337 sed
3610 5284 3712 5336 lec-

2152 5353 2278 5410 tioni
2298 5353 2499 5409 tantum
2527 5353 2704 5409 animo
2724 5358 2928 5422 intenti,
2957 5356 3078 5411 huic
3104 5356 3188 5409 uni
3209 5353 3297 5409 illo
3327 5362 3562 5421 tempore
3586 5363 3713 5420 ope-

2150 5441 2263 5481 ram
2291 5425 2500 5479 damus.
2531 5426 2665 5492 Quid
2696 5427 2852 5497 igitur
2894 5425 3170 5481 dicendum
3213 5422 3340 5477 mihi
3388 5422 3623 5497 suppetit
3649 5423 3717 5497 de

2143 5499 2302 5553 boatu
2324 5500 2542 5562 Davide,
2566 5516 2671 5568 qua
2694 5494 2901 5551 ratione
2918 5514 3011 5564 per
3027 5496 3265 5568 Spiritus
3286 5496 3510 5568 gratiam
3530 5494 3716 5568 pravi-3

2144 5585 2264 5624 sum
2285 5569 2355 5622 sit
2387 5578 2444 5620 ut
2479 5562 2707 5634 singulis
2726 5562 2996 5621 diebus—et
3025 5562 3276 5617 nectibus
3295 5562 3717 5634 praediceretur?

2144 5654 2336 5693 oumes
2354 5639 2498 5691 enim
2521 5631 2666 5690 illum
2689 5651 2783 5703 pro
2816 5642 3091 5703 unguento
3118 5631 3400 5701 portamus
3429 5633 3483 5685 in
3513 5646 3624 5685 ore.
3655 5631 3714 5685 ltt

2148 5709 2379 5761 ecclesia
2400 5715 2526 5761 sunt
2544 5702 2844 5774 pervigilia;
2861 5702 2923 5774 ac
2946 5703 3175 5771 primus,
3194 5703 3469 5774 mediuset
3487 5702 3713 5754 ultimus

2147 5786 2232 5831 est
2257 5778 2447 5830 David:
2477 5777 2529 5828 in
2544 5772 2839 5828 matutinis
2859 5772 3183 5841 hymnorum
3205 5773 3453 5840 canticis,
3481 5774 3709 5839 primus,
