4054 6216
510 187 572 241 ,5
1840 173 2082 230 semita
2124 174 2450 244 ρυκΕυΑιι.
3701 187 3779 240 te

509 314 561 357 t-t
602 296 910 354 adulterio?
947 304 999 349 et
1055 304 1231 347 tamen
1283 292 1404 347 audi
1436 291 1746 361 prophetam
1779 291 1973 359 ipsum,
2007 292 2096 361 qui

512 372 772 439 peccavit,
802 367 1064 439 dicentem
1090 381 1130 439 :_
1159 363 1297 427 Dixi,
1328 363 1599 439 conﬁtebor
1620 362 1889 439 adversum
1916 379 1993 415 me
2019 363 2096 414 in-

511 431 758 503 institium
790 453 949 488 meum
982 434 1217 496 Domino,
1245 442 1290 503 et
1323 444 1373 485 tu
1398 432 1631 503 remisisti
1656 431 1958 503 impietatem
1980 448 2092 485 cor-

508 501 584 563 dis
611 512 709 562 mei
729 507 898 575 (Psal.
923 503 1115 575 XXXI,
1140 502 1217 575 5).
1249 502 1374 556 Ideo
1397 502 1638 575 Christus
1664 501 1953 575 adveniens
1980 517 2095 575 ma-

510 583 622 650 jora
674 571 887 650 peccata
914 573 1259 650 condonavit,
1311 575 1567 650 latronem
1597 571 1649 650 in
1679 571 1981 650 paradisum
2013 572 2092 623 itt-

513 641 761 703 iroduitit,
802 646 1139 714 publicanum
1185 642 1570 714 evangelistam
1620 641 1763 714 fecit.
1815 650 2091 694 contume-

513 722 697 773 liosum
726 728 777 771 et
804 710 1178 782 blasphemum
1230 712 1448 766 Paulum
1476 710 1599 782 fecit
1636 710 1782 763 orbis
1832 719 2091 782 terrarum

517 789 839 857 apostolum,
867 779 942 838 υ(
970 794 1023 839 et
1050 794 1452 857 tu_pecc_ans‘ne
1475 781 1743 857 desperes,
1773 779 1893 844 sed,
1927 781 2091 857 conli-

515 849 644 921 teus,
671 856 933 911 medelam
958 849 1204 923 accipias.
1224 850 1544 923 Conﬁtentini
1590 849 1824 923 Domino,
1856 851 2093 923 quoniam

508 918 681 989 bonus,
713 926 954 995 quoniam
1000 925 1051 976 in
1076 918 1341 995 'seculum'
1370 919 1713 995 misericordia
1759 920 1868 995 ejus
1900 918 2087 995 (Ibid,

508 990 811 1062 CXVlIJ).
838 995 913 1049 En
939 993 1462 1062 secundamicausam
1483 1006 1497 1054 ;
1520 990 1699 1058 accipe
1710 990 1944 1062 tertiam.
1970 990 2090 1043 Sal-

513 1078 661 1120 vator
683 1058 865 1119 noster
894 1073 1147 1115 venturus
1174 1061 1241 1115 ad
1268 1074 1364 1113 nos
1385 1070 1498 1113 erat
1527 1058 1816 1113 secundum
1847 1060 2091 1113 incarna-

510 1148 616 1191 tam
648 1135 986 1203 pnesentiam
1018 1146 1190 1203 suam,
1222 1141 1273 1183 et
1302 1130 1477 1203 carnis
1507 1138 1706 1183 nostrae
1738 1144 1966 1203 massam
1998 1145 2087 1203 as-

506 1200 816 1273 5umpturus
855 1218 917 1256 ac
944 1217 1068 1273 cum
1115 1200 1417 1254 hominibus
1469 1208 1813 1273 versaturus:
1843 1200 1938 1254 sed
1965 1200 2086 1273 quia

513 1268 653 1330 Deus
680 1284 813 1337 erat,
843 1283 896 1326 et
926 1272 1075 1325 solus
1115 1272 1231 1324 sine
1274 1279 1513 1338 peccato,
1561 1270 1824 1323 concessit
1855 1278 1910 1322 ut
1956 1268 2087 1338 justi

505 1363 603 1416 per
644 1346 867 1398 liberum
898 1340 1177 1416 arbitrium
1207 1353 1359 1394 suum
1394 1340 1445 1392 in
1477 1338 1737 1393 humanos
1789 1338 1971 1416 lapsus
2002 1340 2085 1416 in-

507 1408 741 1469 ciderent
769 1429 783 1477 ;
818 1427 920 1464 non
951 1411 1070 1464 illos
1099 1411 1162 1464 ad
1196 1417 1470 1479 peccatum
1498 1423 1713 1471 vocans,
1742 1408 1835 1462 sed
1867 1409 2087 1477 permit-

505 1496 625 1539 tens
646 1495 705 1536 ut
730 1498 795 1537 ex
818 1483 985 1535 libero
1003 1480 1244 1544 arbitrio,
1263 1479 1553 1533 secundum
1569 1480 1891 1548 propositum
1904 1494 2081 1546 suum,

506 1554 821 1609 inciderent.
856 1552 944 1606 Sic
975 1552 1131 1619 igitur
1161 1549 1427 1603 Abraham
1458 1564 1667 1619 quoque
1723 1549 2085 1619 non__credens

503 1625 765 1693 peccavit,
793 1633 848 1677 et
877 1617 1061 1691 pinnas
1081 1637 1107 1673 a
1140 1621 1248 1693 Deo
1272 1620 1539 1693 immissas
1551 1617 1741 1693 _sbbiit_
1752 1634 1791 1693 _:_
1810 1617 2084 1693 Et_s_erviet

502 1686 670 1747 semen
733 1686 1065 1745 tunnt'unnos
1099 1690 1489 1759 quadringentos
1516 1688 1666 1758 (Gen.
1699 1687 1816 1754 XV,
1852 1686 1958 1759 I5).
2006 1691 2085 1744 Ac

503 1780 719 1817 mrsum
748 1764 973 1831 Moyses.
1006 1776 1125 1815 cum
1158 1776 1262 1831 non
1315 1759 1666 1831 glorilicasset
1693 1759 1879 1822 Deum,
1907 1775 2080 1826 quan-

499 1834 571 1885 do
622 1829 912 1903 aquam‘ex
966 1845 1102 1900 rupe
1154 1829 1378 1899 ingratis
1430 1829 1651 1899 largitus
1683 1838 1804 1892 est,
1859 1839 2078 1897 prepter

2206 292 2303 346 hoc
2338 291 2634 363 Deusdixit
2675 293 2755 345 ei:
2784 291 2850 345 Et
2892 292 3278 363 uideasiterraim
3322 298 3688 363 promissionis,
3718 314 3763 353 et

2203 379 2301 415 nott
2343 362 2549 433 intrabis
2597 361 2649 415 in
2678 363 2821 415 illam
2864 361 3035 425 (Dent.
3069 361 3415 433 XXXIV,'4).
3446 366 3517 419 Ita
3549 379 3599 421 et
3628 361 3765 425 hunc

2205 432 2439 500 permisit
2469 433 2518 485 in
2553 442 2825 500 peccatum
2871 432 3122 496 incidere,
3156 440 3211 485 ut
3242 434 3353 500 ipse
3378 432 3529 490 solus
3574 438 3626 491 in
3660 440 3762 491 lm—

2204 516 2361 554 mano
2403 516 2626 568 corpore
2668 502 3025 570 impeccabilis
3071 502 3578 570 deprehenderetur.
3619 507 3765 563 Ideo-

2201 585 2305 638 que
2350 572 2602 639 pr0pheta
2652 572 2837 634 David.
2865 587 2984 627 cum
3029 572 3239 626 tandem
3268 574 3332 627 ad
3374 576 3765 634 confessionem

2203 641 2403 715 pee_cati
2447 641 2610 703 venit,
2664 642 2924 715 Imcﬁdixit
2978 643 3123 715 Deo‘;
3173 642 3283 715 Tibi
3298 714 3301 715 ν
3331 645 3428 715 soli
3476 650 3672 715 peccaui
3719 660 3766 705 α

2201 711 2389 782 malum
2410 728 2579 763 coram
2609 722 2655 763 te
2677 714 2790 782 feci.
2824 714 3037 780 Quare?
3077 712 3143 767 Ut
3174 711 3484 781 justiﬁceris'
3498 717 3550 769 in
3576 734 3766 772 sermo-

2200 781 2521 856 uibus___tuis,_
2543 792 2589 834 et
2614 781 2919 856 vincascum
2941 784 3193 856 judicaris
3225 783 3392 856 (Psal.
3423 784 3485 851 L,
3517 786 3591 856 6).
3634 789 3765 842 Cum

2198 850 2316 905 dies
2343 850 2430 904 illa
2457 850 2753 913 advenerit,
2780 850 2989 906 ibidieit
3012 872 3024 907 :
3054 854 3220 907 visam
3253 855 3362 907 fore
3383 850 3611 910 massam
3639 873 3766 912 nos-

2202 930 2353 984 tram,
2388 920 2659 975 sedentem
2688 922 2738 974 in
2760 922 2978 976 dextera
3006 923 3294 990 majestatis
3323 925 3450 987 Dei;
3482 941 3602 979 nam
3634 927 3768 981 Sede

2196 1005 2228 1041 α
2250 990 2440 1060 dextris
2478 990 2620 1053 meis,
2657 991 2814 1060 donec
2858 1008 3040 1060 ponam
3078 992 3306 1047 inimicos
3358 1004 3469 1047 :uos
3495 998 3766 1050 scabeltum

2197 1059 2377 1136 pedum
2401 1071 2596 1136 tuorum
2624 1059 2792 1130 (Psal.
2826 1062 2980 1136 CIX,_
3004 1066 3049 1127 l,
3068 1063 3148 1130 Ξ).
3179 1063 3231 1116 In
3262 1065 3345 1118 illa
3376 1066 3530 1132 igitur
3559 1068 3645 1121 die
3671 1082 3767 1136 ap-

2198 1130 2401 1208 parebit
2424 1131 2582 1208 etiam
2603 1144 2815 1199 corpus,
2845 1132 2986 1208 quod
3008 1148 3071 1208 ex
3114 1143 3296 1208 natura
3326 1130 3502 1208 nostra
3523 1130 3767 1208 assump-

2197 1201 2285 1262 sit,
2314 1214 2433 1253 cum
2482 1199 2739 1273 factorum
2774 1199 2911 1273 ratio
2940 1202 3006 1256 ab
3038 1202 3337 1256 hominibus
3367 1206 3633 1273 exigetur.
3664 1199 3765 1262 Sit-

2198 1284 2371 1342 pet-ne
2391 1284 2607 1337 corpus,
2640 1280 2693 1323 et
2715 1269 2920 1325 inferne
2949 1285 3174 1342 corpus:
3217 1269 3657 1342 Videbunt'enim,
3693 1280 3769 1331 in-

2193 1340 2326 1413 quit,
2349 1341 2407 1413 in
2434 1356 2578 1409 quem
2607 1342 2965 1413 tramﬁxerunt
2983 1341 3162 1411 (Joan.
3188 1342 3330 1409 XIX,
3348 1346 3437 1408 37;
3460 1344 3619 1401 Zach.
3646 1340 3767 1413 XII,

2195 1408 2308 1480 l0).
2337 1408 2601 1482 Caeterum
2625 1412 2765 1479 quod
2797 1408 3026 1481 peccatis
3062 1408 3408 1482 deprimitur,
3453 1416 3502 1469 id
3531 1408 3770 1474 nostrum

2191 1488 2309 1533 est:
2342 1479 2477 1556 illud
2492 1495 2619 1535 vero
2645 1481 2789 1556 quod
2798 1479 3087 1556 peccatum
3121 1479 3537 1556 non_fecit,_setl
3581 1503 3770 1556 pecca-

2193 1557 2365 1624 torum
2383 1551 2640 1624 rationem
2655 1551 3089 1624 e_xigit,gdivinum
3116 1562 3218 1607 est.
3238 1552 3440 1619 ldeo,U
3445 1565 3461 1606 ι
3482 1551 3771 1624 iusti/iceris

2190 1619 2243 1695 in
2283 1621 2716 1695 serntonjbits‘tuis
2743 1619 2787 1675 et
2810 1622 2977 1676 vincas
2998 1639 3110 1675 cum
3123 1624 3375 1693 judicaris
3401 1619 3572 1692 (l’sut.
3605 1619 3665 1693 ι,
3692 1627 3768 1695 6).

2189 1688 2492 1762 Quomodo?
2510 1690 2643 1762 Quit;
2658 1702 2915 1762 peccatum
2940 1708 3039 1745 non
3061 1688 3198 1762 fecit,
3223 1709 3311 1746 nec
3336 1688 3565 1749 inuentus
3586 1688 3663 1751 est
3675 1688 3771 1751 do-

2188 1759 2268 1814 lus
2287 1761 2337 1813 in
2354 1777 2439 1813 ore
2452 1763 2561 1830 ejus
2590 1760 2739 1831 (lsat'.
2764 1761 2896 1829 LIII,
2915 1763 2991 1832 5).
3011 1759 3113 1833 Ipsi
3143 1763 3307 1834 gloria
3335 1764 3386 1817 in
3418 1767 3593 1821 secula
3616 1782 3770 1823 secu-

2192 1828 2385 1884 lorum.
2436 1833 2625 1884 Amen.
3545 1825 3560 1839 ’

2211 1844 2385 1884 orum.
2436 1844 2602 1885 Amen
2614 1876 2625 1887 .

500 1932 3754 1962 NW

628 2018 947 2072 EJUSDEM,
984 2017 1066 2058 DE
1110 2016 1189 2059 IIS
1235 2016 1343 2069 QUI
1388 2017 1452 2059 IN
1496 2015 1758 2059 JEJUNIO
1802 2014 2245 2058 CONTINENTER
2289 2016 2548 2070 VIVUNT,
2595 2016 2674 2057 ΕΤ
2718 2017 2799 2057 DE
2843 2017 3249 2061 DIVEBSORL'M
3304 2018 3769 2065 PROPBETARUI

1856 2116 1893 2159 ν
1903 2116 2025 2157 [TE
2070 2115 2429 2159 INSTITUTO.

574 2204 786 2271 Pugilcs
812 2202 1028 2274 quidem
1049 2200 1237 2274 diebus
1263 2199 1486 2274 singulis
1506 2198 1805 2274 exercitati,
1823 2212 1960 2274 _cu_m
1986 2198 2083 2251 ad-

507 2268 700 2344 augent
723 2268 912 2337 artem,
946 2282 1059 2344 tum,
1082 2272 1149 2326 de
1169 2268 1498 2344 adversariis
1517 2268 1794 2344 victoriam
1818 2268 1975 2322 facile
2004 2282 2090 2344 re-

506 2337 736 2413 poitant.
765 2345 1026 2399 Cursores
1050 2343 1176 2395 item
1204 2356 1268 2395 ex
1298 2339 1609 2413 quotidiano
1634 2337 1810 2392 studio
1828 2353 1950 2413 eum
1971 2338 2086 2407 agi-

500 2408 649 2469 litate
703 2414 967 2474 vertendi,
1006 2413 1256 2466 articulos
1302 2411 1469 2464 motui
1520 2410 1740 2462 idoneos
1771 2408 2081 2473 reddentes,

499 2488 564 2539 ad
590 2486 899 2539 eitissimam
927 2482 1376 2552 exspectationem
1408 2486 1691 2552 acuuntur.
1722 2477 1928 2552 Eodem
1960 2478 2082 2552 pla-

505 2572 572 2610 ne
600 2555 781 2618 modo,
816 2564 994 2624 patres
1024 2547 1208 2624 nostri
1246 2552 1525 2624 iniungunt
1549 2548 1705 2624 nobis
1750 2547 2084 2624 frequentius

505 2629 714 2689 docere,
763 2619 832 2678 ut
860 2622 1067 2678 facilem
1101 2623 1153 2675 in
1180 2619 1421 2675 docendo
1449 2621 1691 2690 peritiam
1722 2632 1784 2690 a
1807 2620 2075 2690 sermonis

515 2688 883 2749 exercitatione
913 2693 1066 2746 nobis
1094 2688 1461 2760 acquiramus.‘
1486 2688 1684 2744 Adeste
1720 2688 1901 2755 igitur,
1921 2703 1967 2760 _o
1995 2688 2079 2742 di-

514 2766 654 2828 lecti,
684 2764 959 2832 Joseplmm
983 2778 1014 2817 e
1039 2758 1258 2831 veStigio
1281 2770 1582 2832 sequentes,
1606 2768 1878 2832 peccatum
1896 2758 2093 2830 [Egyp-

509 2837 638 2887 tium
684 2828 1001 2897 devii’autes,
1032 2840 1084 2887 et
1119 2828 1284 2886 ex'ttto
1318 2828 1463 2895 odio,
1495 2829 1559 2883 ad
1588 2828 1965 2882 continentiam
1993 2828 2082 2882 ae-

501 2918 797 2957 curramus.
834 2896 1054 2956 Etiamsi
1083 2902 1225 2956 enim
1250 2900 1447 2969 .loSeplt
1479 2899 1658 2953 carnis
1687 2897 1940 2969 amictum
1980 2896 2076 2951 de-

504 2975 756 3041 posuerit,
800 2989 868 3024 an
894 2988 996 3025 non
1039 2966 1731 3041 splendidioremiamietum
1782 2966 1966 3041 habuit
2013 2981 2078 3021 ex

501 3038 756 3097 castitatis
776 3042 972 3112 gloria?
992 3038 1339 3098 Continentia:
1362 3040 1560 3112 puritas
1580 3048 1756 3107 patres
1753 3038 2075 3112 accingens,

500 3115 765 3167 columnis
778 3106 1159 3166 'adamantinis
1182 3106 1441 3164 terrarum
1470 3106 1654 3163 orbem
1680 3106 1939 3172 suﬂ‘ulsit,
1959 3122 2079 3177 qua:

505 3183 837 3251 precationes
866 3182 1080 3249 quidem
1100 3181 1163 3234 ad
1180 3182 1370 3235 malum
1400 3179 1661 3251 deferant,
1680 3178 2077 3251 animasautem

504 3248 778 3305 hominum
794 3253 843 3305 in
860 3248 996 3305 terra
1014 3253 1416 3306 curcnt.Beatus
1435 3250 1521 3303 ille
1532 3248 1737 3319 Moyses
1751 3249 2073 3319 continentia

501 3339 562 3377 se
600 3322 904 3391 aceiugens,
951 3321 1188 3375 llehrznis
1219 3323 1270 3374 in
1318 3320 1549 3391 [Egyth
1605 3318 1793 3372 salutis
1831 3318 2077 3371 columna

503 3394 633 3455 luit;
663 3403 715 3446 et
744 3389 1212 3460 primogenitorum
1240 3389 1453 3460 quidem
1487 3389 1857 3460 Egyptiorum
1896 3397 2077 3460 portas

501 3464 620 3516 solo
646 3456 892 3529 :eqtiavit,
920 3456 1176 3515 luciferos
1205 3456 1329 3514 vero
1355 3456 1698 3516 Hebraaortim
1727 3456 1868 3510 lilios
1895 3457 2078 3529 beatos

500 3527 840 3601 pnedicavit:
882 3532 1146 3585 Pharaoni
1202 3540 1260 3585 et
1315 3530 1482 3601 magis
1538 3539 1784 3601 tanquam
1829 3527 2075 3601 columna

500 3548 840 3601 praedicant:
882 3548 1146 3585 ruaraont
1202 3548 1260 3585 et
1315 3548 1397 3584 ma
1437 3548 1482 3584 ts
1538 3548 1784 3598 tanquam
1829 3548 2075 3580 eomnma

499 3604 739 3665 obstitit;
769 3601 923 3656 Iesus
970 3611 1144 3655 autem
1196 3601 1333 3654 lilius
1371 3548 1535 3663 N‘itve,
1560 3597 1937 3653 continentiam
1984 3598 2076 3651 lia-

504 3674 638 3726 hens
679 3673 798 3726 lecti
851 3672 1072 3734 sociam,
1115 3671 1424 3726 coale~tibus
1464 3668 1811 3722 luminaribus
1849 3668 2077 3736 impera-

502 3746 595 3794 vit.
629 3743 766 3795 Solis
812 3741 955 3794 enim
997 3755 1185 3794 cursus
1237 3740 1485 3804 inhibuit,
1534 3749 1588 3793 et
1631 3738 1886 3793 terminos
1937 3739 2076 3791 lunae

505 3813 640 3875 livit,
686 3827 748 3865 ac
786 3811 891 3865 diei
940 3812 1109 3864 lucem
1155 3810 1445 3879 longiorem
1489 3809 1683 3879 ellecit.
1726 3805 2074 3879 Quandonam

502 3883 668 3934 illud?
724 3883 879 3945 Cum,
913 3896 1011 3950 pro
1034 3876 1340 3935 Gabaonitis
1388 3880 1610 3950 bellzitts,
1654 3876 1970 3950 dixitztﬁtet
2000 3878 2077 3950 sol

502 3963 678 4004 contra
708 3945 943 4016 Gabaon',
973 3961 1019 4004 et
1066 3952 1184 4003 luna
1211 3960 1385 4003 contra
1435 3949 1615 4003 vallem
1645 3947 1795 4001 Elont
1843 3945 1977 4015 (los.
2005 3946 2074 4014 Χ,

504 4021 717 4089 12).ΙΙὶε
737 4021 949 4075 (luvium
968 4021 1428 4090 tlivisit,popu|um
1451 4019 1723 4090 servavit',
1739 4017 2076 4090 alienigenas

502 4087 753 4154 concidit,
788 4100 845 4145 et
868 4093 919 4144 in
971 4087 1187 4144 terram
1210 4087 1446 4145 sanctam
1479 4103 1664 4143 rursus
1712 4087 1964 4141 Ilebrteos
1991 4102 2075 4141 re-

502 4162 688 4212 duxit:
731 4162 815 4214 hic
860 4175 1043 4214 muros
1087 4160 1297 4229 dejecit,
1329 4169 1384 4215 et
1430 4161 1587 4213 urbes
1631 4158 1911 4226 impiorum
1951 4156 2075 4229 sub-

503 4231 700 4291 vertit;
735 4230 875 4285 Raab
914 4231 1058 4284 illam
1104 4227 1351 4295 servavit,
1396 4238 1449 4283 et
1476 4230 1805 4297 alienigenas
1849 4227 2071 4295 punivit,

500 4300 947 4369 popularibusque
976 4302 1086 4355 suis
1109 4299 1334 4369 gloriam
1372 4300 1694 4353 conciliavit.
1730 4298 2074 4369 Fortissimus

498 4367 629 4423 vero
667 4367 913 4433 Samson,
936 4367 1318 4424 continentiam
1355 4385 1595 4435 servans,
1657 4368 1864 4423 leonem
1913 4367 2076 4421 suffo-

495 4441 659 4504 eavit,
700 4451 860 4509 atque
902 4455 964 4494 ex
1012 4441 1143 4494 asitti
1190 4440 1399 4494 maxilla
1452 4455 1641 4508 aquam
1696 4438 2071 4509 scaturientcm

494 4511 703 4572 eduxit,
750 4508 815 4564 ac
853 4509 968 4564 sitis
1006 4510 1270 4564 medelam
1317 4509 1437 4564 inde
1477 4511 1703 4577 accepit.
1762 4508 1902 4561 Elias
1948 4522 2074 4561 vero

497 4580 802 4645 Thesbites,
833 4595 952 4635 cum
997 4581 1321 4634 continentia
1371 4579 1635 4644 habitans,
1666 4577 1856 4647 indiga:
1903 4578 2073 4632 viduae

497 4651 669 4703 factus
706 4659 790 4705 est
830 4652 950 4703 vitae
998 4651 1258 4720 largitor:
1292 4666 1415 4703 nam
1469 4651 1636 4703 fausta
1679 4647 1977 4702 benedictio
2020 4657 2075 4701 ut

496 4722 674 4774 oleum
706 4721 820 4789 ejus
851 4731 1094 4775 manaret
1124 4720 1322 4785 etiecit,
1354 4729 1407 4773 et
1445 4720 1695 4788 pugillum
1740 4720 1921 4789 farina:
1942 4734 2075 4789 quo-

498 4791 627 4844 tidie
666 4788 833 4844 auxit.
894 4791 1038 4845 Idem
1067 4792 1236 4851 Elius,
1274 4806 1366 4857 per
1388 4790 1791 4853 continentiam,
1846 4788 1979 4857 ignis
2019 4796 2075 4841 et

493 4876 650 4928 aqua:
681 4861 961 4915 thesauros
1012 4861 1061 4913 in
1115 4860 1341 4913 nubibus
1394 4860 1663 4928 possedit:
1715 4859 1886 4927 ignem
1928 4858 2072 4912 enim

492 4933 770 4985 caelestem
801 4932 851 4985 in
881 4932 1068 4998 impios
1093 4931 1337 4983 difﬂuere
1378 4931 1556 4997 jussit,
1586 4937 1640 4982 et
1680 4929 1939 4983 deticicnti
1981 4944 2072 4998 or-

494 5002 547 5053 bi
578 5003 827 5055 caelestes
873 4997 1045 5054 fontes
1093 5000 1297 5054 effudit.
1330 4999 1552 5054 Eitsaeus
1582 5014 1706 5052 vero
1754 4998 1867 5065 ejus
1912 4997 2073 5051 disci-

497 5073 677 5137 putus,
715 5071 956 5124 eamdem
1000 5086 1154 5138 quam
1198 5072 1446 5138 magiszer
1493 5068 1872 5124 continentiam
1906 5068 2077 5136 possi-

490 5144 650 5202 dens,
707 5142 758 5193 in
818 5140 1166 5194 Suuamitidis
1210 5141 1449 5195 mulieris
1495 5141 1660 5193 sterili
1713 5149 1863 5192 utero
1914 5138 2075 5206 prolis

493 5221 732 5280 segetem
779 5226 876 5280 per
926 5226 1109 5279 preces
1154 5211 1484 5279 impetravit:
1515 5220 1567 5265 et
1604 5209 1725 5278 quia
1766 5223 1886 5263 eum
1928 5209 2071 5277 paria

493 5283 772 5346 owrtebat
825 5284 1080 5349 magistro
1133 5296 1230 5334 suo
1274 5283 1522 5335 miracula
1578 5282 1756 5345 edere,
1806 5290 2073 5331 morttmm

489 5367 654 5404 unum
688 5353 989 5405 suscitavit:
1036 5362 1089 5405 et
1129 5362 1245 5420 post
1286 5365 1530 5413 mortem,
1554 5352 1752 5404 ossium
1793 5350 1908 5418 ejus
1948 5349 2071 5420 reli-

490 5423 631 5488 quizc
654 5432 892 5475 mortuos
914 5417 1189 5475 suscitant.
1218 5422 1647 5489 Sapientissimus
1670 5417 1845 5473 autem
1869 5417 2070 5486 Daniel,

494 5493 823 5546 Continentta
870 5503 1121 5564 tauquam
1149 5492 1323 5561 gladio
1352 5491 1567 5559 ancipiti
1599 5493 1888 5558 accinctus,
1921 5491 2073 5558 lupos

550 5649 564 5679 ί
605 5646 684 5696 Sic
705 5648 819 5699 Cod.
852 5647 981 5710 \’at.,
1004 5646 1282 5712 auglicanus
1309 5660 1440 5708 vero,
1466 5642 1787 5696 circumcidit.

2199 2197 2337 2252 clam
2379 2198 2757 2253 interﬁcientes
2785 2197 3082 2263 suffocavit,
3110 2207 3165 2254 et
3188 2214 3373 2267 agnam
3403 2200 3633 2255 Chelci;e
3654 2218 3772 2258 cus-

2198 2268 2384 2321 todivit
2419 2269 2534 2322 sine
2581 2283 2738 2322 noxa.
2767 2267 2920 2321 Istius
2950 2270 3090 2322 enim
3139 2270 3306 2322 vellus
3349 2272 3609 2326 castitatis
3641 2287 3770 2327 con-

2194 2340 2434 2408 spicuum
2465 2339 2650 2393 osculo
2681 2340 2887 2407 impuro
2917 2352 3020 2392 non
3051 2338 3400 2404 lacerabatur,
3449 2355 3622 2409 neque
3673 2357 3767 2395 an-

2191 2408 2337 2477 cipiti
2367 2409 2543 2478 gladio
2572 2413 2775 2479 peccati
2807 2410 3016 2476 papillae
3043 2408 3558 2465 contaminabantur.
3580 2412 3772 2469 Beatus

2191 2464 2320 2551 vero
2344 2464 2655 2551 A‘JIIIIIIICII'III,
2686 2494 2715 2533 a
2746 2464 2944 2547 Spiritu
2969 2489 3400 2551 sanetohraplus,
3448 2464 3770 2551 opitie‘i‘cas:

2189 2550 2354 2603 titatis
2387 2550 2585 2603 Danieli
2614 2551 2983 2619 Operariorutu
3012 2549 3286 2615 prandimn
3314 2549 3636 2619 apporiavit.
3666 2554 3766 2606 An-

2186 2634 2293 2674 non
2352 2629 2561 2689 poterat
2609 2620 2750 2673 enim
2795 2620 2932 2673 Deus
2976 2618 3117 2673 hu::c
3157 2621 3337 2683 etiam,
3388 2618 3527 2673 Sicut
3573 2622 3764 2689 Etiam,

2186 2705 2281 2757 per
2317 2688 2507 2744 corvos
2535 2689 2777 2744 nutrire?
2806 2706 2872 2743 ne
2914 2704 3041 2743 vero
3065 2703 3185 2743 cum
3211 2688 3337 2743 fet-is
3362 2691 3625 2744 viventem
3653 2692 3767 2746 sine

2187 2760 2553 2831 consolatione
2582 2760 2863 2831 relinquat,
2890 2759 3092 2831 socium
3128 2759 3436 2831 prophetam
3467 2762 3647 2827 mittit,
3675 2765 3763 2831 qui

2185 2828 2440 2882 afﬂictum
2491 2830 2812 2897 consoletur.
2840 2830 3033 2881 Animo
3060 2830 3201 2881 enim
3238 2839 3407 2881 teettm
3450 2841 3655 2897 reputa,
3685 2828 3765 2885 di-

2189 2898 2357 2959 lecte,
2407 2896 2674 2967 quomodo
2713 2898 2763 2950 in
2793 2896 2940 2950 fovea
2980 2897 3192 2949 leonum
3246 2908 3361 2950 erat
3393 2896 3573 2953 Daniel
3596 2941 3633 2962 ,,
3665 2917 3763 2956 nec

2182 2981 2454 3021 scamnum
2502 2968 2723 3029 habens,
2781 2980 2880 3020 nec
2926 2980 3138 3034 panem.
3188 2981 3285 3019 nec
3339 2983 3596 3031 mensam,
3651 2986 3755 3025 non

2184 3037 2477 3101 lucernam,
2509 3053 2612 3091 nou
2646 3038 2860 3099 lectum,
2895 3036 2987 3091 sed
3013 3037 3063 3089 in
3090 3036 3267 3090 medio
3297 3035 3521 3092 duorum
3549 3040 3760 3095 leonum

2185 3116 2335 3161 stans
2378 3109 2546 3161 instar
2587 3108 2783 3172 cruris,
2834 3106 3065 3160 futurum
3110 3106 3378 3161 Christum
3435 3109 3759 3167 imitabatur.

2184 3176 2318 3232 Tres
2367 3192 2495 3231 vero
2536 3179 2852 3247 sanctissimi
2886 3178 3032 3246 pueri
3082 3180 3461 3232 continentiam
3505 3181 3761 3247 amplexi,

2180 3262 2299 3301 cum
2344 3248 2462 3317 igne
2496 3248 2776 3309 luctantes,
2809 3246 3096 3301 lcrvcntem
3142 3248 3258 3316 ejus
3286 3247 3550 3304 ﬂammam
3586 3251 3637 3304 vi
3679 3246 3757 3304 su?

2183 3330 2452 3386 perurunt.
2468 3317 2512 3373 Ο
2529 3319 2797 3387 virginitas
2817 3334 2934 3387 quze
2960 3319 3243 3382 Christum,
3267 3333 3414 3387 spem
3429 3322 3629 3385 mundi,
3648 3323 3765 3377 sine

2182 3387 2381 3460 labore
2408 3389 2747 3460 germinastil
2780 3403 2812 3441 o
2852 3388 2945 3441 Dei
2976 3390 3254 3460 sapientia,
3286 3405 3405 3459 quin
3449 3392 3618 3460 gloria
3651 3394 3755 3447 vir-

2180 3459 2417 3529 ginitatis
2447 3458 2664 3513 Mariam
2692 3474 2795 3514 non
2845 3460 3085 3526 privasti,
3112 3466 3166 3513 et
3208 3458 3476 3513 Cltristum
3509 3476 3601 3529 per
3638 3479 3754 3516 eam

2180 3528 2313 3583 lucis
2359 3530 2526 3583 instar
2565 3528 2900 3599 elIulgcntetn
2949 3529 3174 3599 misisti!
3203 3543 3237 3581 ο
3277 3528 3519 3584 sanctum
3565 3532 3757 3588 Filium

2179 3612 2389 3665 sponsre
2432 3614 2535 3651 non
2576 3597 2776 3668 nuptm,
2824 3597 2942 3652 fons
2982 3598 3424 3668 incorruptionis,
3481 3602 3758 3657 immorta-

2180 3668 2343 3722 litatis
2392 3667 2931 3731 alﬂatus,Ecelesite
2980 3667 3182 3734 lumen,
3240 3670 3464 3737 justitite
3519 3681 3753 3735 statera.

2180 3748 2537 3791 mercatorum
2589 3738 2807 3806 pulchra
2860 3739 3163 3807 margarita,
3213 3751 3267 3793 et
3308 3740 3560 3794 timorum
3617 3744 3759 3798 boue

2178 3819 2481 3883 coronatur,
2526 3809 2613 3875 qui
2660 3822 2852 3883 magno
2883 3808 3336 3883 pretio__venderis
3382 3820 3435 3864 et
3482 3827 3520 3883 ad
3551 3827 3755 3883 paupe-

2182 3878 2331 3931 ribus
2348 3890 2569 3950 emptus
2598 3892 2691 3950 Aes,
2724 3877 2892 3950 tribus
2929 3876 3445 3950 obolisacquisitus,
3494 3876 3616 3943 lide,
3660 3876 3761 3950 'spe

2178 3958 2231 3999 et
2252 3945 2490 4011 caritate,
2517 3956 2570 4001 et
2596 3947 2648 4018 in
2677 3948 2952 4000 humilium
2970 3945 3220 4018 cordibus
3246 3950 3504 4010 versaris;
3530 3945 3752 4018 granum

2177 4018 2375 4086 sinapis
2401 4028 2451 4072 et
2478 4017 2785 4087 angelorum
2806 4016 3071 4071 exercitus
3098 4015 3304 4087 ductor,
3348 4015 3759 4075 bott'us'inculla

2179 4085 2570 4157 pulcherrimas
2601 4087 2796 4151 Mariae,
2840 4096 2893 4141 et
2939 4085 3474 4153 iucomprehensibile
3525 4089 3753 4146 Verbum

2178 4159 2451 4217 etnuifera:
2477 4158 2773 4228 sapientiae;
2798 4157 2886 4226 qui
2916 4157 3306 4211 mortisluctum
3323 4158 3374 4211 in
3401 4167 3538 4214 terra
3562 4162 3753 4216 solvis-

2181 4230 2239 4292 ti,
2272 4238 2325 4281 et
2352 4229 2524 4283 lucem
2558 4229 2770 4282 thalami
2797 4229 2847 4281 ιιι
2876 4228 3013 4281 caelo
3040 4228 3343 4298 prmparasti
3370 4244 3385 4291 ;
3415 4230 3506 4298 qui
3538 4231 3753 4287 herbam

2176 4303 2415 4367 corporis
2469 4300 2635 4353 nostri
2677 4298 2912 4367 induisti,
2963 4305 3015 4350 et
3060 4296 3552 4354 immarcescibilem
3598 4300 3748 4356 ﬂoris

2176 4366 2394 4423 ederem
2426 4370 2576 4423 nobis
2601 4368 2831 4424 dedisti:
2862 4366 2975 4420 haec
3001 4378 3123 4437 sunt
3148 4371 3422 4437 sapientia:
3451 4380 3553 4423 tua:
3583 4372 3747 4427 docu-

2177 4448 2377 4504 menta,
2410 4438 2491 4492 Ιιςι⁸
2518 4448 2643 4493 sunt
2680 4438 2867 4507 jejunii
2898 4437 2967 4490 tui
2998 4436 3324 4507 dulcedines,
3361 4438 3441 4492 hie
3470 4442 3753 4494 continen-

2177 4510 2263 4562 tia:
2294 4520 2394 4563 tum
2442 4506 2775 4571 ornamenta,
2827 4507 2941 4560 base
2973 4506 3225 4561 Ecclesitc
3271 4516 3371 4561 tua:
3421 4507 3747 4563 fulcitnenta.

2175 4578 2249 4633 Ita
2278 4580 2421 4634 soles
2444 4580 2691 4648 populum
2721 4586 2865 4630 tuttm
2895 4578 3115 4641 nutrire,
3144 4594 3175 4629 o
3203 4575 3348 4641 Jesu,
3374 4593 3477 4631 non
3502 4586 3753 4648 tauquam

2177 4650 2387 4712 absens,
2444 4649 2538 4719 sed
2582 4658 2833 4719 tanquam
2866 4659 3101 4719 praesens
3140 4665 3153 4700 :
3210 4648 3403 4719 etenim
3443 4662 3562 4702 cum
3595 4650 3751 4708 Patre

2178 4722 2411 4774 existens
2450 4717 2481 4773 a
2509 4718 2659 4773 nobis
2690 4731 2792 4770 non
2821 4717 3104 4786 separaris,
3136 4726 3191 4768 et
3219 4717 3494 4773 nobiscum
3527 4736 3746 4777 versans

2175 4804 2204 4842 a
2252 4789 2406 4843 Patre
2457 4804 2560 4842 non
2614 4786 2859 4840 discedis.
2922 4786 3068 4854 Aqua
3113 4799 3334 4855 corpora
3378 4797 3557 4844 nostra
3593 4792 3749 4847 lavis-

2178 4860 2237 4925 ti,
2274 4868 2328 4913 et
2368 4860 2565 4928 Spiritu
2625 4858 2801 4924 lapsus
2853 4865 3069 4931 nostros
3111 4858 3355 4931 solvisti:
3402 4862 3513 4915 sale
3542 4862 3750 4931 pietatis

2176 4930 2381 4982 animas
2408 4926 2584 4983 ovium
2639 4938 2843 5000 tuarum
2881 4926 3181 5000 __c_oudiisti,
3244 4941 3298 4983 et
3345 4930 3397 4984 in
3441 4926 3749 5000 angelorum

2179 5014 2368 5068 pascua
2399 5013 2495 5052 nos
2526 4997 2767 5051 traxisti:
2797 4997 2970 5067 sigillo
3001 4999 3161 5065 pedes
3206 5008 3418 5055 nostros
3462 4997 3743 5065 ro'borasti,

2177 5079 2230 5124 et
2252 5085 2279 5122 a
2314 5082 2450 5123 terra
2481 5070 2534 5124 in
2562 5070 2753 5124 emtum
2786 5084 2879 5137 per
2898 5069 3280 5134 scalam,tidetn
3309 5082 3759 5133 nostram,exten-

2177 5141 2322 5205 tlisti,
2349 5155 2411 5193 ac
2454 5139 2860 5195 manuductores
2886 5140 3103 5209 angelos
3130 5141 3281 5194 nobis
3304 5142 3631 5208 apposuisti:
3662 5159 3736 5195 ar-

2180 5211 2359 5263 borem
2407 5211 2581 5265 arbori
2638 5210 2948 5279 apposuisti,
2980 5219 3034 5264 et
3062 5221 3261 5264 costam
3319 5225 3415 5276 pro
3443 5218 3589 5263 costa
3617 5214 3745 5265 sub-

2177 5282 2393 5334 stituisti
2427 5298 2440 5334 :
2488 5298 2672 5335 manus
2721 5282 2770 5333 iu
2815 5296 2991 5334 acrem
3020 5279 3342 5349 ettpandisti,
3369 5288 3422 5333 et
3462 5295 3557 5348 pro
3596 5283 3753 5338 nobis

2181 5350 2388 5405 I’atrem
2448 5363 2591 5405 tuum
2646 5351 2960 5419 implorasti,
3015 5362 3068 5405 ct
3113 5365 3178 5404 ex
3223 5358 3535 5418 tempestate
3586 5353 3749 5409 altam

2178 5422 2518 5477 serenitatem
2559 5422 2841 5475 stabiliisti.
2871 5421 3198 5493 Quapropter
3242 5430 3395 5474 nocte
3439 5422 3652 5493 dieque,
3693 5437 3749 5479 et

2182 5501 2411 5545 tacentes
2440 5504 2493 5547 ct
2547 5495 2840 5561 loquentes,
2875 5488 2969 5542 tibi
3007 5489 3229 5557 gloriam
3259 5488 3559 5556 referimus,
3604 5488 3655 5549 iii
3697 5507 3749 5550 te

2180 5565 2297 5614 vita:
2326 5578 2472 5631 spem
2504 5564 2774 5626 habentes,
2806 5574 2946 5613 nunc
2991 5570 3044 5613 et
3090 5575 3322 5631 semper,
3367 5574 3423 5620 ct
3468 5568 3525 5621 in
3566 5569 3749 5621 secula

2176 5634 2490 5688 seculorum.
2524 5635 2709 5687 Amen.
