4054 6216
407 167 471 224 t9
1748 157 1990 215 SPURIA
2033 156 2362 226 cumnam.
3604 178 3671 231 ρο

400 276 638 332 Verbum
681 287 839 341 supra
882 269 1167 341 cherubim
1215 269 1395 332 sedet;
1445 278 1500 324 ut
1526 283 1651 324 caro
1682 270 1980 341 meiicausa

400 361 515 401 mea
542 339 795 408 sustinet,
825 351 881 396 ut
909 340 1141 397 Verbum
1171 356 1287 409 qua!
1312 341 1482 394 Patris
1506 350 1624 394 sunt
1659 339 1776 393 sine
1802 339 1988 409 labore

394 427 674 486 Operatur.
702 415 758 467 ln
782 413 977 486 nuptiis
999 408 1266 486 vinumex
1287 424 1420 479 aqua
1437 409 1637 486 fundit,
1664 408 1984 486 principium

393 480 777 542 miraculorum
825 480 874 536 iu
910 482 1051 536 Cana
1091 480 1355 534 exhibens
1387 497 1401 533 :
1435 480 1651 533 luminis
1689 480 1860 547 aperit
1897 480 1986 547 ja--

393 572 566 623 nuas,
601 555 714 607 luto
756 553 1026 621 digitoque
1054 551 1249 623 oculos
1277 564 1440 623 nong
1473 550 1701 623 faciens:
1741 548 1979 623 Leproso

394 618 562 691 dixit,
587 623 737 689 Volo,
770 618 1014 675 mundare
1050 621 1069 688 (
1099 619 1280 672 Matth.
1305 619 1437 691 VIII.
1469 621 1534 683 5,
1566 629 1609 672 et
1639 619 1707 691 lX
1728 659 1743 684 ,
1777 618 1811 673 6
1836 622 1853 687 )
1883 636 1905 691 ;f
1926 627 1983 675 ει

398 707 520 768 post
543 697 719 768 datam
751 708 934 747 vocem
965 691 1183 745 morbus
1213 690 1579 768 nullusuerat‘:
1598 690 1739 768 ldieii
1767 690 1979 768 paraly-

403 757 537 832 iieo,
578 765 787 834 Surge;
815 778 914 817 vox
946 772 1122 834 autem
1156 775 1249 828 pro
1288 759 1507 834 pedibus
1538 757 1636 834 fuit
1660 798 1674 821 ,
1721 757 1979 834 brevique

402 829 639 904 tempore
670 829 914 888 inﬁrmus
945 832 1263 904 mandatum
1279 830 1427 904 quasi
1457 829 1759 904 ambulandi
1794 840 1976 898 potes-

400 899 559 961 tatein
583 906 791 969 accepit
824 921 838 956 :
873 903 1017 958 venit
1046 900 1109 954 ad
1140 900 1265 954 Jairi
1295 900 1534 963 domum,
1565 899 1841 969 luctusque
1873 910 1979 952 sta-

397 978 493 1030 tim
520 978 570 1029 in
599 975 848 1039 gaudium
881 981 1115 1026 mutatus
1145 978 1246 1024 est.
1277 970 1355 1023 En
1386 969 1541 1023 hodie
1568 984 1780 1039 quoque
1826 972 1976 1024 turba

395 1040 753 1100 circumdatus
791 1052 913 1108 est,
943 1040 1249 1096 vestimenti
1297 1040 1505 1093 limbria
1543 1040 1773 1104 emicat,
1818 1051 1978 1108 atque

394 1117 517 1170 fidei
550 1115 721 1170 imbre
749 1114 949 1168 ﬂuxum
991 1110 1284 1166 inundavit.
1322 1109 1457 1176 Quid
1499 1110 1640 1163 enim
1677 1110 1786 1178 jam
1821 1112 1976 1164 nobis

393 1188 640 1240 narravit
663 1185 982 1254 evangelista
1005 1222 1024 1254 ,_
1052 1181 1174 1235 ﬁdei
1216 1179 1416 1254 fructus
1447 1182 1720 1248 proferens
1746 1180 1975 1254 multifa-

393 1256 548 1309 rios?
580 1256 706 1310 Erat
733 1250 874 1308 enim
904 1251 1117 1322 quidam
1159 1252 1403 1322 princeps
1428 1264 1709 1319 synagoga:
1732 1290 1746 1311 ,
1781 1250 1973 1322 iloysis

394 1323 573 1394 legum
603 1335 821 1389 custos,
864 1319 1149 1393 populique
1189 1321 1730 1394 institutor.__nomine
1772 1319 1967 1394 Jairus.

394 1389 529 1449 lluic
551 1411 709 1450 unam
730 1389 951 1464 gratiam
973 1389 1157 1447 natura
1179 1391 1415 1464 dederai,
1442 1389 1610 1464 liiiam‘
1626 1391 1968 1459 unigenitam,

392 1466 537 1519 circa
566 1459 1015 1534 quam'oreupata
1045 1460 1339 1534 eratturba
1370 1459 1704 1534 familiarium
1728 1501 1740 1522 ,
1774 1470 1970 1534 utmos

389 1545 472 1588 est
502 1530 705 1601 parenti
727 1530 960 1588 sobolem
992 1533 1211 1586 amanti.
1236 1531 1324 1594 At,
1355 1542 1412 1601 ut
1441 1530 1670 1601 videtur,
1700 1531 1970 1601 nesciebat

386 1618 449 1657 se
472 1646 487 1668 ,
506 1600 627 1658 non
659 1606 726 1658 ad
754 1605 1143 1658 successionem
1167 1642 1180 1664 ,
1212 1601 1306 1655 sed
1334 1600 1400 1654 ad
1440 1600 1781 1654 immaturum
1813 1600 1968 1655 funus

390 1672 531 1727 banc
574 1690 791 1728 curare.
824 1673 1033 1727 Morbus
1076 1672 1217 1726 enim
1256 1672 1433 1739 gravis
1472 1670 1746 1732 incidens,
1799 1672 1963 1739 ipsam

387 1744 605 1809 quidem
652 1745 807 1797 morti
838 1744 1058 1796 vicinam
1092 1742 1298 1803 reddit,
1346 1751 1546 1807 patrem
1575 1756 1700 1795 vero
1731 1741 1867 1794 bona
1898 1741 1966 1797 de

388 1812 478 1866 illa
525 1828 619 1882 spe
660 1814 886 1867 orbavit.
924 1813 1119 1867 Verum
1160 1814 1379 1864 morbus
1417 1810 1505 1882 ille
1547 1824 1651 1882 non
1694 1813 1965 1879 superavit

388 1879 599 1937 fidem:
632 1884 809 1938 statim
837 1884 977 1938 enim
1007 1885 1341 1937 Serv-atoretn
1374 1880 1483 1933 adit
1537 1879 1713 1934 Jairus
1736 1921 1749 1943 ,
1788 1891 1840 1935 et
1878 1897 1962 1936 ro-

386 1963 478 2020 gat
507 1953 723 2007 domum
754 1969 903 2007 suam
933 1954 1130 2007 veniat.
1161 1951 1416 2005 Dominus
1447 1965 1573 2004 vero
1599 1965 1657 2004 se
1685 1966 1963 2006 accersen-

390 2032 499 2075 tem
529 2024 943 2093 promptitudine
968 2022 1241 2093 praecedit;
1264 2022 1336 2093 a_i_t
1362 2022 1524 2093 enim,
1549 2021 1961 2093 Surgensseque-

383 2089 542 2145 batur
565 2089 698 2146 eum'
720 2096 738 2161 (
764 2094 949 2146 Matth.
970 2089 1053 2147 illi
1072 2133 1088 2157 ,
1123 2093 1186 2145 l9
1277 2089 1421 2161 Vide
1447 2100 1623 2144 autem
1646 2089 1671 2153 ,⁷
1701 2106 1734 2143 o
1762 2092 1955 2158 lidelis,

383 2164 556 2230 qualis
583 2179 612 2215 a
644 2160 867 2217 muliere
899 2164 1186 2217 instituitur
1208 2162 1348 2228 justa
1381 2160 1655 2230 violentia,
1684 2162 1838 2229 quale
1867 2177 1956 2216 sa-

385 2229 542 2301 piens
581 2235 774 2287 furtum
815 2233 1115 2295 adhibetur,
1148 2231 1319 2301 qualis
1348 2245 1376 2281 a
1406 2229 1598 2301 femina
1630 2234 1958 2299 excogitatur

384 2300 604 2369 periculi
626 2320 816 2371 expers
842 2312 1022 2373 raptus
1048 2319 1062 2356 :
1094 2300 1303 2370 opertet
1327 2301 1466 2373 enim
1494 2300 1640 2373 illum
1662 2304 1956 2373 accelerato

382 2386 532 2426 matu
564 2369 710 2427 viam
745 2369 1162 2442 illam'propere
1211 2369 1714 2442 transireaMulier,
1763 2372 1952 2442 inquit,

380 2458 497 2510 qua:
520 2445 779 2512 sanguinis
806 2441 1003 2513 [luxum
1035 2443 1316 2512 patiebatur
1346 2441 1619 2513 duodecim
1650 2442 1798 2513 anuis
1818 2484 1832 2506 ,
1863 2459 1952 2495 ac-

381 2514 529 2565 cessit
556 2525 708 2577 retro,
740 2525 785 2567 et
810 2512 966 2584 tetigit
994 2514 1243 2579 ﬁmbriam
1270 2512 1545 2584 vestimenti
1576 2512 1706 2578 ejus.
1736 2512 1952 2584 Dicebat

384 2584 518 2654 enim
543 2585 674 2636 intra
703 2602 773 2649 se,
793 2585 855 2638 Si
881 2580 1086 2654 tetigero
1118 2591 1330 2654 tantum,
1360 2582 1500 2654 salva
1594 2596 1684 2654 ero
1725 2580 1744 2651 (
1778 2580 1949 2647 lbid.,

387 2650 480 2714 20,
502 2653 622 2722 21).
652 2656 741 2707 llic
770 2650 1027 2718 medicus,
1060 2653 1244 2721 inquit,
1269 2667 1299 2705 e
1325 2652 1462 2705 caelo
1488 2652 1664 2722 venit;
1687 2650 1789 2705 nun
1816 2667 1953 2719 pra:-

388 2723 519 2792 cipit
542 2720 914 2781 medicamenta
947 2720 1329 2792 magni’pretii,
1350 2735 1452 2774 non
1476 2720 1616 2774 ferro
1644 2732 1809 2792 secat,
1852 2721 1951 2775 do-

382 2790 531 2863 lores
555 2800 657 2845 non
680 2795 832 2848 iulert
858 2814 871 2848 :
898 2790 1181 2863 novit'qua:
1197 2791 1262 2845 ad
1279 2792 1528 2863 feminam
1557 2791 1858 2857 pertinent;
1883 2807 1949 2846 ex

378 2861 586 2926 virgine
612 2865 753 2917 enim
794 2872 982 2929 matre,
1013 2861 1287 2925 ut'voluit,
1332 2861 1593 2924 accessit;
1627 2876 1730 2913 non
1762 2872 1948 2914 conta-

380 2932 610 2986 minatur
629 2934 846 2988 dolores
867 2935 1068 2997 abditos
1093 2931 1452 3002 exquirendo;
1484 2931 1597 3002 ipse
1616 2941 1697 3002 est
1718 2940 1948 2985 secreto.

379 3017 496 3055 rum
523 3004 815 3071 inspector.
842 3004 1028 3059 Mulier
1052 3000 1191 3066 sum,
1223 3013 1274 3056 et
1303 3002 1546 3055 morbum
1578 3000 1772 3054 ftedtnn
1799 3016 1950 3054 arca-

381 3086 621 3140 numque
659 3075 981 3129 circumfero
1019 3092 1030 3127 :
1071 3074 1241 3127 habeo
1280 3073 1421 3125 enim
1467 3086 1572 3123 non
1610 3072 1949 3125 evacuandos

380 3145 658 3212 sanguinis
677 3144 872 3210 ﬂuxus,
890 3155 942 3199 et
968 3144 1389 3197 nondelicientes
1418 3141 1679 3212 canaliutn
1707 3142 1947 3209 impuro-

375 3211 494 3291 rum
534 3213 725 3269 futues.
753 3215 913 3291 Egeo
945 3215 1118 3291 igitur_
1141 3214 1320 3277 futile,
1348 3213 1436 3291 qui
1474 3212 1560 3291 ille
1598 3211 1853 3291 ipsecst,
1892 3220 1949 3291 ut

373 3283 512 3335 clam
541 3296 725 3351 purget
750 3280 1054 3339 indecorum
1086 3284 1283 3337 ﬂuxum
1315 3300 1329 3337 :
1360 3282 1444 3335 lex
1471 3282 1614 3335 enim
1642 3280 1944 3350 bujusmodi

375 3354 620 3407 morbum
650 3371 755 3409 non
787 3356 1034 3409 admittit.
1060 3355 1234 3408 Turba
1264 3368 1348 3406 me
1376 3353 1623 3405 miseram
1650 3352 1798 3421 quasi
1826 3352 1947 3406 abo-

374 3422 678 3477 minandam
706 3437 854 3479 arcet
886 3445 899 3480 :
930 3427 1021 3479 sed
1056 3423 1393 3494 prsesensille
1420 3422 1679 3494 medicus,
1709 3424 1817 3489 qui,
1854 3438 1946 3476 na-

373 3501 506 3545 tura:
532 3495 943 3559 conditor,illam
967 3511 1033 3551 ex
1058 3492 1203 3548 costa
1230 3493 1493 3554 formavit,
1522 3492 1658 3545 haud
1682 3494 1946 3548 recusabit

374 3576 566 3618 sanare
589 3585 601 3618 :
629 3568 793 3621 verbo
810 3568 950 3621 enim
970 3567 1086 3620 solo
1101 3566 1268 3632 jubet,
1288 3574 1340 3617 et
1361 3562 1579 3617 morbus
1608 3578 1711 3615 non
1736 3574 1942 3619 manet:

376 3633 617 3688 turbatur
642 3636 865 3704 Spiritu,
896 3647 950 3690 et
986 3638 1054 3689 ab
1082 3636 1286 3689 inlemo
1314 3641 1549 3704 mortuos
1577 3634 1744 3701 exigit
1775 3651 1788 3686 :
1820 3648 1946 3701 pau-

370 3703 449 3753 cis
477 3703 699 3770 panibus
737 3710 889 3762 satiat
931 3705 1218 3767 cbiliadas;
1254 3706 1463 3758 lavatur
1499 3703 1748 3773 laerytnis
1774 3712 1829 3757 et
1862 3719 1945 3758 re-

371 3773 641 3828 missionis
671 3778 865 3831 fluenta
898 3778 1073 3833 mittit.
1102 3777 1270 3830 Nemo
1297 3783 1472 3827 autem
1503 3772 1602 3827 hoc
1620 3772 1810 3835 audet,
1844 3775 1942 3827 nisi

372 3842 505 3913 iides
529 3861 721 3913 expers
746 3848 1110 3902 dubitationis.
1138 3847 1283 3900 llanc
1305 3846 1462 3912 igitur
1493 3844 1941 3897 manuductricem

371 3911 425 3984 in
455 3911 627 3968 anima
654 3920 939 3984 accipiens,
963 3918 1118 3971 adibo
1146 3911 1443 3979 conlidens,
1472 3924 1525 3967 et
1553 3923 1693 3984 tacut
1718 3913 1869 3967 facile
1891 3924 1944 3969 et

368 3983 598 4057 latenter
618 3983 897 4041 sanitatem
919 3990 1195 4057 abripiam.
1232 3988 1294 4040 Et
1323 3985 1364 4037 si
1396 3984 1531 4037 forte
1558 3983 1769 4044 lateam,
1797 3984 1943 4039 lucro

366 4055 475 4106 erit
500 4070 588 4109 res
627 4068 729 4111 tota
770 4076 781 4111 :
814 4074 900 4112 me
929 4055 1069 4113 enim
1115 4059 1338 4112 salutem
1375 4065 1779 4111 consecuturam
1822 4070 1943 4110 esse

365 4123 487 4176 scio
517 4142 531 4178 :
562 4126 603 4178 si
629 4143 755 4182 vero
785 4144 889 4181 non
923 4130 1091 4183 latens
1115 4129 1164 4181 in
1197 4127 1429 4181 medimn
1473 4138 1684 4186 evocer,
1717 4139 1820 4176 non
1854 4139 1940 4177 re-

365 4196 693 4267 prehendar,
741 4198 878 4267 quod
920 4199 1159 4253 sanitatis
1207 4196 1581 4263 recuperandae
1623 4208 1781 4248 causa
1820 4192 1941 4267 inec

363 4278 501 4338 ausa
532 4265 628 4319 sim
653 4262 687 4330 ,⁷
717 4262 891 4338 neque
934 4284 963 4322 a
1009 4284 1094 4322 me
1135 4262 1482 4338 reposcemur
1522 4279 1584 4319 ea
1612 4304 1627 4329 ,
1660 4280 1778 4333 qua:
1810 4262 1941 4319 fides

360 4334 631 4399 abripuit:
662 4334 820 4406 hujus
849 4341 1011 4401 enim,
1037 4334 1217 4406 utpote
1248 4338 1358 4395 Dei,
1386 4336 1645 4388 donorum
1672 4350 1940 4406 nunquam

362 4406 611 4477 potuitet.
628 4403 854 4477 Numqui
871 4410 1003 4463 dixit
1020 4403 1332 4472 mari,Tacc,
1348 4409 1625 4477 obmutesce
1640 4409 1659 4473 (
1667 4404 1717 4456 Μ
1723 4420 1829 4477 ατε,
1850 4403 1937 4471 IV,

362 4474 438 4548 3'59
462 4474 482 4542 )
506 4515 523 4540 ,
558 4480 748 4532 secreti
775 4474 983 4548 quoque
1010 4478 1174 4532 futilis
1200 4479 1301 4531 mei
1334 4492 1399 4548 os
1423 4475 1710 4529 obturabit.
1731 4474 1940 4548 _Adesto

361 4545 525 4610 igitur
556 4548 685 4601 tides
708 4589 722 4611 ,
756 4545 806 4602 in
842 4545 1111 4617 posterum
1140 4550 1322 4617 accipe
1359 4547 1597 4609 clavum,
1630 4553 1697 4617 et?
1723 4545 1939 4598 [luctum

359 4618 693 4687 tempestatis
717 4616 963 4674 celeriter
989 4616 1289 4687 compesce,
1320 4626 1375 4671 ut
1414 4626 1619 4687 turpem
1649 4616 1788 4668 illam
1817 4629 1939 4668 cor-

359 4685 512 4759 poris
535 4688 786 4759 scapham
807 4691 859 4743 in
893 4685 1231 4759 tranquillum
1255 4690 1397 4742 illum
1422 4686 1678 4739 deducam
1707 4697 1934 4759 portum.

357 4754 496 4807 Nam
528 4758 611 4811 vel
634 4754 785 4812 ﬁstilla
818 4760 934 4829 ejus
957 4754 1135 4813 auxilii
1167 4760 1283 4813 sine
1312 4758 1491 4829 labore
1519 4763 1692 4829 potest
1728 4756 1940 4825 sangui-

357 4840 488 4899 num
518 4830 780 4895 gurgitem
805 4869 821 4893 ,
848 4826 937 4899 qui
970 4832 1021 4883 in
1054 4846 1140 4884 me
1169 4838 1283 4895 est,
1313 4828 1594 4899 suil'ocare.
1636 4826 1768 4899 ilum
1813 4840 1939 4879 vero

2100 268 2275 347 omnia
2302 284 2395 347 per
2417 270 2594 347 ﬁdem,
2621 272 2725 347 imo
2749 282 2922 343 potius
2947 291 3067 333 cum
3094 280 3195 335 fide
3217 284 3537 347 transiliens.
3569 289 3668 342 Dn-

2093 340 2224 392 :nini
2250 340 2814 415 tunicam_el_anculum
2848 351 3141 415 tangendo.
3176 354 3416 408 sanitatis
3456 340 3660 413 lucrum

2091 420 2387 483 opportune
2424 411 2712 481 subripuit;
2748 411 2994 471 unionem
3024 434 3144 474 cum
3176 423 3265 475 illo
3294 411 3657 483 liberationem

2091 493 2131 555 ιι
2150 479 2334 533 morbo
2356 480 2469 536 fore
2487 479 2780 555 conlidens,
2808 501 2933 541 vere
2951 487 3169 543 liberata
3193 502 3305 555 est;
3325 494 3500 548 statim
3522 479 3662 552 enim

2092 548 2289 602 Sanata
2334 561 2405 604 est
2443 552 2596 621 plaga
2625 553 2828 619 (Marc.
2873 557 2935 622 v,
2969 559 3039 613 29
3150 548 3436 616 Duodecim
3469 548 3662 637 quipp};

2092 633 2258 673 annos
2288 635 2408 674 cum
2440 624 2625 677 morbo
2655 624 2858 679 luctans
2888 630 3055 680 uuotir
3080 630 3125 680 ie
3152 641 3204 680 et
3230 636 3514 680 aliotannis
3537 676 3550 680 _
3587 639 3661 680 vi-

2088 633 2258 701 annos
2288 624 2625 701 gum-morbo
2655 624 3125 701 luctans_quotidie
3152 641 3204 684 et
3230 624 3514 701 quotannis
3536 624 3661 699 ,Ἕὶ-

2089 696 2195 767 tam
2222 690 2596 767 suﬁll‘urabatur,
2625 709 2835 767 semper
2857 690 3111 767 jugulata,
3138 711 3190 754 et
3218 690 3390 756 tamen
3422 690 3661 760 non'mo—

2085 759 2247 813 riens.
2270 760 2446 839 Primo
2468 759 2769 839 enimanno
2790 766 2841 819 in
2857 759 3107 839 laborum
3126 771 3323 839 aliquot
3343 783 3396 826 et
3416 759 3659 831 dolorum

2085 831 2482 913 perpessionem
2516 833 2699 913 incidit
2728 853 2740 888 :
2771 837 3003 890 secundo
3032 854 3192 913 anno.
3216 831 3468 913 'obscura:
3499 842 3656 913 hujus

2085 899 2232 979 urbis
2260 903 2707 956 tumultuabantur
2733 916 2935 959 secreta
2967 924 2979 959 :
3019 899 3209 964 tertius
3240 912 3425 966 aderat
3465 899 3655 979 anulis,

2082 978 2136 1022 et
2175 986 2458 1043 nervorum
2489 989 2842 1043 venarumque
2875 987 3078 1031 tumore
3108 982 3439 1036 adiciebatur
3472 1000 3484 1035 :
3517 978 3656 1038 anno

2081 1052 2271 1107 quarto
2297 1080 2334 1120 ,ﬁ
2361 1041 2476 1095 fons
2515 1044 2727 1120 quidam
2761 1041 3083 1120 sanguinum
3115 1064 3184 1103 ex
3232 1052 3315 1103 illa
3348 1056 3609 1120 processit
3641 1073 3653 1108 :

2080 1123 2221 1188 anno
2242 1110 2456 1188 quinto,
2494 1110 2722 1188 undique
2762 1110 2948 1169 medici
2976 1110 3383 1188 concurrebant,
3416 1125 3653 1179 membra

2079 1177 2443 1244 denudantes,
2475 1177 2715 1262 quartas-
2749 1198 2854 1238 non
2893 1200 2973 1240 est
3011 1203 3039 1241 a
3082 1192 3333 1262 masculis
3370 1177 3606 1262 conspici
3628 1177 3652 1247 ﬁt

2077 1259 2260 1330 sextus
2286 1265 2453 1330 annus
2478 1252 2878 1330 conficiebatur,
2911 1258 3187 1330 etmalum
3233 1262 3399 1330 magis
3441 1252 3651 1318 auctum

2078 1328 2158 1373 est
2191 1336 2203 1372 :
2233 1322 2459 1402 septimo
2485 1336 2624 1402 anno
2645 1364 2659 1384 ,
2695 1325 2851 1402 tantis
2883 1328 3069 1395 opibus
3094 1328 3277 1384 ell‘usis
3297 1322 3653 1402 ,vsangtiinum

2076 1392 2344 1467 corruptio
2373 1392 2563 1467 mansit
2593 1392 2900 1467 inexhausta
2920 1392 2949 1449 ':
2983 1407 3200 1452 octavus
3227 1392 3399 1455 annos
3428 1392 3650 1467 adstitit,

2075 1469 2127 1512 et
2154 1461 2349 1536 medici
2374 1476 2432 1515 se
2473 1466 2640 1516 victos
2676 1465 3067 1536 confitebantur
3097 1486 3109 1520 :
3153 1485 3294 1524 nono
3320 1487 3481 1536 anno,
3518 1461 3652 1529 hanc

2076 1543 2294 1597 prorsus
2320 1530 3072 1603 desperatamrelinquentes.
3098 1538 3343 1594 abierunt
3369 1560 3382 1594 :
3414 1530 3650 1598 decimus

2072 1612 2243 1653 annus
2264 1602 2724 1671 appropinquavit,
2751 1613 2805 1658 et
2826 1602 2939 1659 erat
2969 1608 3159 1662 mulier
3182 1619 3290 1663 tttm
3314 1610 3651 1669 facultatibus

2074 1676 2182 1722 tum
2226 1673 2448 1752 sanitate
2470 1674 3034 1752 prorsusdestituta;
3059 1680 3338 1752 undecimo
3364 1696 3525 1752 anno,
3558 1698 3650 1752 op-

2073 1753 2271 1818 pressa:
2310 1740 2586 1796 doloribus
2631 1744 2807 1818 nullus
2858 1747 3062 1802 adstitit
3090 1750 3397 1818 Opitulator.
3435 1740 3646 1807 Duode-

2069 1809 2238 1864 cimus
2269 1826 2439 1866 annus
2469 1816 2867 1879 numerabatur,
2901 1827 2954 1870 et
2983 1809 3277 1872 animarum
3325 1821 3564 1876 medicus
3596 1824 3647 1878 in

2069 1878 2252 1934 ultima
2286 1880 2412 1936 hora
2441 1883 2625 1945 adfuit,
2658 1893 2794 1939 tactu
2823 1878 2876 1940 et
2904 1887 3067 1942 verbo
3096 1898 3149 1942 et
3176 1888 3280 1944 ﬁde
3313 1891 3527 1945 morbos
3556 1908 3645 1945 sa-

2066 1963 2220 2027 nans.
2244 1951 2298 2004 In
2328 1951 2467 2027 hunc
2490 1953 2735 2027 incidens
2758 1956 2966 2027 mulier,
2998 1961 3249 2027 quodque
3272 1958 3504 2013 futurum
3531 1974 3649 2015 erat

2066 2020 2291 2075 credens
2314 2063 2329 2087 ,
2364 2022 2413 2075 id
2444 2024 2581 2093 quod
2627 2020 2961 2080 desiderabat
2999 2020 3242 2081 assecuta
3269 2039 3370 2083 est.
3402 2030 3642 2087 Tremuit

2064 2104 2192 2164 vero
2234 2106 2354 2164 eum
2384 2093 2545 2147 sciret
2574 2109 2632 2148 se
2665 2110 2769 2147 non
2802 2095 2989 2150 latere.
3017 2097 3151 2164 Quid
3180 2100 3321 2152 enim
3350 2100 3422 2153 ait
3448 2100 3643 2155 Serva-

2065 2161 2191 2213 tor?
2220 2162 2343 2243 Qui:
2364 2174 2435 2245 est
2460 2165 2649 2245 qui-me
2669 2165 3016 2245 te_tigit_?mna_m
3042 2161 3146 2245 Ego
3184 2171 3306 2245 novi
3325 2170 3552 2232 virtutem
3581 2177 3646 2227 de

2062 2245 2140 2282 me
2160 2233 2336 2311 exuisse
2360 2232 2672 2311 (ALuc.-Vlll,
2700 2232 2789 2311 45,
2818 2234 2931 2311 ῥϐ).
2954 2232 3246 2311 Νῳιιᾟίξιὶ-ι,
3270 2239 3400 2311 Qua:
3426 2251 3504 2293 est
3524 2258 3643 2311 qua:

2063 2315 2149 2378 me
2178 2303 2387 2378 l_e_tigit?
2413 2319 2478 2357 ne
2507 2303 2641 2359 forte
2657 2306 2745 2374 qui
2768 2303 2988 2378 aderant
3011 2308 3060 2378 in
3083 2307 3241 2360 dubia
3266 2303 3499 2362 mulieris
3525 2303 3643 2378 per-

2059 2370 2341 2448 quisitione
2373 2388 2439 2448 _se_
2467 2370 2833 2448 occuparent;
2868 2376 2961 2430 sed
3003 2377 3169 2440 dixit,
3205 2377 3331 2443 Quis
3359 2388 3429 2431 est
3454 2370 3541 2448 qui
3565 2398 3643 2435 me

2060 2442 2217 2518 tetigit
2238 2441 2261 2493 ?
2279 2443 2329 2494 in
2354 2442 2513 2497 dubio
2534 2441 2718 2518 vocem
2744 2446 3070 2518 relinquens,
3093 2456 3149 2499 ιιι
3170 2441 3392 2518 quisque
3418 2441 3640 2504 audiens

2059 2509 2215 2587 talem
2236 2523 2493 2587 _eonatum
2521 2528 2640 2587 esse
2674 2516 2769 2587 viri
2799 2509 3146 2587 existimaret.
3184 2509 3319 2582 Ωιιὶέ
3336 2529 3407 2570 est
3447 2521 3533 2587 qui
3563 2538 3641 2574 me

2059 2580 2255 2655 tetigit?
2274 2599 2391 2635 nam
2416 2600 2507 2653 ego
2526 2586 2642 2655 novi
2662 2585 2890 2638 virtutem
2913 2586 2974 2639 de
2996 2604 3071 2639 me
3093 2580 3289 2641 exiisse.
3318 2580 3633 2655 Quid'dicis,

2056 2648 2280 2727 gemine
2300 2656 2329 2727 γ,
2350 2648 2539 2727 venisti
2561 2664 2625 2727 ut
2654 2664 2740 2708 tua
2770 2656 3213 2723 subriperentur?
3239 2648 3457 2726 regnum
3506 2648 3637 2716 title;

2054 2718 2191 2771 libus
2219 2722 2527 2797 rapiendum
2560 2724 2744 2797 lubens
2775 2718 3091 2794 proposuisti
3116 2727 3139 2779 ?
3168 2737 3220 2797 et
3251 2718 3516 2797 qdomodo
3546 2746 3637 2784 rc-

2053 2801 2146 2867 gas
2174 2792 2310 2867 quod
2336 2793 2500 2867 nosti,
2530 2801 2587 2867 et
2625 2793 2693 2848 de
2730 2808 2795 2847 eo
2825 2792 3018 2864 quaeris
3055 2796 3195 2867 quod
3228 2792 3331 2850 non
3378 2799 3636 2867 ignoras?

2056 2858 2244 2932 §iinon
2276 2860 2464 2914 lubens
2492 2864 2684 2917 virtute
2714 2858 2929 2931 egressa
2971 2858 3229 2931 spoliatus
3257 2882 3315 2920 es
3337 2908 3352 2932 ,
3382 2858 3635 2923 cohibere

2053 2927 2349 3006 debueras;
2373 2932 2417 2984 si
2442 2942 2616 2986 autem
2642 2927 2837 3006 volenti
2864 2934 2953 2985 tibi
2976 2927 3224 3006 subrepta
3248 2927 3350 2997 est,
3375 2950 3470 2989 cur
3492 2953 3633 3006 :rgre

2053 2996 2162 3052 fers
2176 2999 2273 3073 illa
2305 3003 2531 3066 donans,
2561 3018 2678 3071 qua:
2706 3003 2832 3055 lides
2863 3019 2892 3055 a
2932 3014 2981 3057 te
3012 3019 3105 3067 per
3132 2996 3237 3058 vim
3265 2996 3500 3073 abripit?
3530 2996 3634 3059 ὕο-

2053 3069 2188 3144 nasti
2219 3086 2324 3124 non
2347 3069 2591 3141 rogatus,
2612 3082 2969 3144 etpostquam
2999 3074 3227 3140 donasti,
3261 3069 3634 3144 reprehendis?

2053 3139 2167 3211 sine
2187 3139 2472 3210 conspectu
2491 3139 2767 3207 sanasti,et
2785 3139 2900 3211 post
2921 3143 3098 3198 datam
3126 3139 3427 3211 sanitatem,
3459 3148 3628 3200 lorum

2048 3209 2299 3285 iudiciale
2325 3209 2662 3285 constituis?
2691 3209 2822 3278 luto,
2866 3214 2978 3285 ait,
3024 3214 3169 3285 novi,
3196 3214 3339 3268 illam
3386 3209 3504 3283 qua:
3538 3234 3631 3285 per

2052 3280 2209 3355 tidem
2239 3281 2288 3334 id
2321 3282 2449 3336 mihi
2478 3284 2757 3355 subripuit,
2792 3299 2895 3355 non
2931 3284 3115 3352 ignoro
3142 3284 3285 3338 illam
3317 3280 3436 3355 quae
3466 3280 3631 3354 prebe

2051 3348 2222 3403 furata
2270 3361 2386 3425 est;
2423 3352 2539 3425 volo
2567 3348 2743 3407 autem
2772 3354 2915 3407 illam
2944 3348 2994 3408 in
3026 3355 3259 3409 medium
3287 3348 3500 3425 prodire
3525 3398 3541 3424 ,
3577 3368 3635 3412 ut

2052 3436 2232 3494 pnnco
2268 3423 2335 3475 sit
2365 3422 2502 3476 illius
2531 3439 2690 3492 quam
2734 3437 3020 3478 consecuta
3049 3434 3131 3479 est
3176 3422 3381 3494 gratim.
3415 3429 3496 3480 Ab
3526 3422 3626 3481 illa

2051 3493 2193 3545 enim
2224 3493 2292 3545 ita
2321 3494 2571 3565 suaviter
2589 3495 2865 3562 spoliatus.
2895 3509 3073 3565 coram
3104 3493 3354 3550 omnibus
3383 3496 3498 3565 ejus
3529 3497 3629 3550 do-

2051 3577 2176 3633 num
2205 3562 2521 3617 confirmare
2544 3564 2801 3617 destinavi
2834 3583 2846 3617 :
2879 3564 3090 3631 Con/ide
3112 3606 3127 3629 ,
3157 3566 3286 3632 ﬁlia,
3318 3562 3445 3633 ﬁdes
3473 3578 3557 3619 tua
3584 3578 3630 3619 te

2048 3632 2238 3705 salvam
2263 3634 2381 3701 fecit
2404 3632 2614 3703 (Matth.
2636 3634 2727 3697 1X,
2748 3634 2860 3705 22).
2887 3634 3052 3699 llabe,
3084 3636 3273 3701 inquit,
3300 3632 3439 3704 quod
3466 3638 3628 3704 probe

2051 3702 2217 3775 furata
2261 3718 2357 3765 es;
2395 3712 2537 3775 tene,
2568 3718 2600 3757 o
2631 3702 2842 3767 mulier,
2876 3706 3014 3773 quod
3042 3705 3180 3762 clam
3210 3702 3429 3774 rapuisti
3459 3702 3477 3768 ξ
3507 3722 3627 3775 pos-

2050 3771 2167 3825 side
2198 3772 2588 3840 possessionem
2620 3776 2861 3841 proham,
2893 3771 3049 3840 quam
3083 3775 3174 3827 tibi
3204 3771 3334 3829 fides
3361 3771 3622 3843 prmbitit;

2052 3858 2146 3909 pro
2176 3857 2326 3896 serva
2341 3845 2509 3914 _cnim
2543 3844 2648 3895 lilia
2672 3884 2685 3909 ,
2719 3859 2813 3912 pro
2844 3844 3231 3914 polluta_hodie
3259 3854 3415 3898 uncta
3446 3847 3623 3914 nomi-

2049 3921 2169 3984 nata
2199 3927 2256 3966 es
2286 3929 2297 3963 :
2331 3909 2457 3965 Esto
2485 3929 2609 3965 sana
2638 3931 2667 3965 a
2692 3909 2958 3984 p'taga'tua
2988 3912 3175 3984 (Marc.
3205 3914 3267 3979 V,
3300 3914 3411 3981 35).
3439 3913 3620 3979 Vides,

2048 3996 2081 4036 ο
2110 3983 2320 4045 dilecte,
2344 3993 2539 4051 quanta
2564 3992 2737 4051 potest
2759 3983 2926 4036 fides?
2951 3983 3219 4052 quomodo
3240 3999 3344 4036 uno
3370 3985 3623 4051 temporis

2049 4063 2321 4105 momento
2352 4054 2603 4106 miracula
2635 4053 2843 4107 edidit?
2873 4068 3010 4118 eam,
3041 4069 3159 4123 qua:
3191 4055 3243 4107 in
3272 4054 3484 4107 silentio
3516 4065 3623 4108 tre-

2049 4124 2258 4193 mebat,
2299 4125 2625 4176 ciuilirmans
2651 4165 2665 4188 ,
2700 4123 2904 4177 medico
2943 4131 3185 4178 exorato.
3230 4123 3303 4177 Ita
3343 4124 3620 4193 gentilium

2048 4192 2285 4246 Ecclesia
2309 4234 2322 4256 ,
2355 4194 2544 4246 annula
2577 4194 2811 4247 mulieris
2853 4194 3110 4263 proﬂuvio
3139 4192 3463 4259 laborantis,
3498 4195 3627 4249 taci-

2048 4274 2202 4334 teque
2248 4278 2343 4332 per
2370 4264 2525 4317 [idem
2559 4264 2778 4318 Domino
2805 4267 3235 4334 appropinquans
3260 4307 3275 4331 ,
3308 4267 3622 4333 sanguiuum

2046 4347 2075 4386 a
2109 4333 2222 4401 lege
2252 4335 2672 4403 proscriptorum
2701 4333 3112 4389 abominandum
3146 4336 3347 4390 fontem
3378 4336 3621 4401 occlusit,

2045 4418 2108 4456 ac
2136 4405 2239 4457 lilia
2268 4405 2527 4473 appellata
2552 4447 2565 4467 ,
2594 4406 2877 4459 multorum
2910 4416 2992 4460 est
3018 4416 3207 4471 mater,
3242 4417 3428 4460 testem
3470 4416 3622 4459 nacta

2044 4488 2188 4535 eum,
2221 4474 2311 4542 qui
2340 4475 2464 4527 olim
2496 4474 2741 4528 clamavit
2771 4494 2783 4528 :
2821 4474 3071 4540 Quoniam
3103 4477 3248 4526 multi
3276 4476 3371 4542 ﬁtii
3391 4475 3621 4539 desertaz,

2044 4533 2204 4614 magis
2230 4533 2382 4611 quam
2411 4546 2521 4613 ejus
2568 4561 2680 4615 qum
2706 4533 2858 4598 habe?
2874 4547 3032 4597 virum
3057 4542 3210 4610 (lsai.
3235 4533 3367 4606 L'IV,
3398 4544 3449 4613 1)
3479 4561 3491 4598 :
3522 4533 3624 4599 hoc

2044 4623 2127 4668 est
2153 4630 2455 4684 synagogte,
2483 4615 2633 4682 cujus
2664 4617 2740 4668 vir
2770 4626 2849 4668 est
2894 4616 3145 4685 lex,isive
3177 4615 3423 4685 princeps
3454 4629 3618 4685 syna-

2043 4683 2213 4753 goga),
2251 4685 2530 4739 Dominum
2561 4685 2718 4737 hodie
2746 4698 2937 4736 vocans
2964 4683 3029 4737 ad
3059 4684 3457 4738 suscitationem
3484 4683 3626 4738 inor-

2046 4762 2149 4807 tua:
2179 4755 2321 4808 liliaa.
2362 4756 2464 4809 Sed
2495 4755 2621 4807 hora
2682 4763 2735 4807 et
2780 4763 3019 4822 tempore
3068 4754 3411 4822 impellente,
3453 4754 3628 4822 quoad

2045 4824 2358 4878 miraculum
2388 4826 2437 4877 in
2462 4824 2547 4876 illa
2575 4823 2890 4885 cxhibitum,
2918 4841 3001 4878 me
3024 4825 3319 4880 debitorem
3348 4828 3625 4895 proliteor,

2045 4909 2359 4962 8|)0tt80t‘em
2386 4895 2536 4949 vobis
2566 4902 2819 4963 praestans
2853 4896 3132 4950 Dominum
3174 4897 3484 4951 divitiarum
3515 4896 3620 4949 lar-

2044 4968 2310 5088 giturem:
2352 4980 2510 5035 quem
2564 4964 2718 5021 decet
2760 4965 2929 5036 gloria
2969 4967 3021 5021 in
3062 4968 3243 5024 secula
3286 4967 3611 5023 seculorum.

2046 5066 2061 5088 λ
2095 5051 2234 5088 men.

2046 5051 2083 5089 Λ
2095 5051 2234 5088 Ille".

361 4894 482 4967 hare
516 4894 695 4952 secum
730 4894 892 4967 probe
920 4900 1293 4963 consuluisset,
1325 4913 1409 4952 res
1438 4898 1520 4967 vix
1548 4895 1817 4951 audendas
1847 4911 1940 4949 au-

356 4965 547 5019 dacter
575 4965 876 5037 aggreditur
908 4987 920 5022 :
957 4986 1055 5025 nec
1093 4980 1301 5038 tempus
1329 4966 1554 5031 metuit,
1595 4980 1693 5020 nec
1716 4982 1939 5038 pauper.

359 5043 525 5089 tatem
577 5036 912 5106 considerat,
967 5056 1065 5096 nec
1109 5036 1315 5093 turbam
1368 5047 1643 5102 numerat;
1691 5036 1785 5091 sed
1827 5040 1940 5091 tunc

362 5214 469 5276 VI.
517 5237 831 5295 EIUSDEM,
885 5239 1055 5291 QUOD
1099 5242 1258 5283 MAR!
1302 5240 1529 5284 SIMILIS
1575 5240 1674 5283 SIT
1717 5238 1858 5281 ΠΕΟ
1907 5237 2078 5293 νιΤΔ,
2125 5237 2310 5283 ΕΤ-ΙιΝ
2356 5238 2567 5293 ιιιυι),
2614 5240 2744 5282 CUM
2789 5242 2972 5284 JESUS
3043 5239 3345 5283 ASCEEDIT
3390 5239 3452 5280 IN
3497 5239 3623 5283 ΝΔ·-

521 5337 802 5383 VICULAM
847 5340 977 5384 CUM
1022 5342 1368 5385 DISCIPULIS
1410 5342 1570 5398 SUIS,
1617 5343 1699 5386 ετ
1741 5339 2141 5383 OBDORMIVIT
2186 5320 2364 5401 (Luc.
2404 5323 2572 5395 Vlll,
2618 5323 2716 5392 22,
2754 5324 2864 5398 23;
2896 5323 3122 5386 Matth.
3171 5322 3339 5395 VIII,
3375 5324 3501 5403 23).

350 5153 1957 5177 FW

2048 5482 2179 5521 nens
2221 5466 2524 5521 serenitatis
2562 5469 2911 5538 tranquillitas
2960 5478 3145 5522 nautas
3187 5468 3523 5535 dissolverit,
3574 5483 3623 5529 et

2050 5538 2178 5590 alios
2205 5538 2269 5590 ad
2301 5538 2697 5610 dormiendum,
2720 5540 2851 5592 alios
2883 5555 3007 5594 vero
3033 5539 3096 5591 ad
3126 5540 3305 5594 claves
3332 5542 3519 5610 navigii
3547 5545 3625 5597 vri

2048 5610 2221 5678 pueris
2244 5608 2527 5665 tradendos
2557 5610 2819 5680 impulerit
2856 5628 2866 5663 :
2900 5624 2960 5665 ac
2984 5611 3339 5683 gubernatore
3363 5608 3507 5667 curis
3537 5628 3624 5666 va-

394 5463 527 5541 .Q‘ﬁi
558 5466 606 5518 in
654 5469 783 5522 mari
816 5468 1095 5535 navigant.
1128 5470 1339 5539 quando
1389 5470 1622 5524 secundo
1656 5478 1814 5541 vento
1842 5483 1937 5541 na-

286 5558 293 5565 -
357 5536 681 5600 vigationem
749 5542 1060 5603 perliciunt,
1110 5536 1245 5594 hetis
1310 5542 1582 5605 vultibus,
1634 5540 1940 5594 serenitatis

355 5606 608 5660 aemulum
636 5608 887 5665 exhibent
916 5623 1184 5682 aspectum
1214 5631 1226 5667 :
1262 5622 1539 5683 postquam
1568 5627 1694 5667 vero
1722 5624 1931 5681 perma-
