4058 6218
337 252 399 306 ει
1679 228 1921 284 SPURIA
1964 229 2288 299 QIIJZDMI.
3529 241 3600 296 92

339 383 438 421 cun
465 375 516 418 ct
545 362 713 416 nautis
742 358 979 415 laborem
1025 354 1151 409 artis
1180 367 1289 406 sum
1331 358 1548 421 propter
1578 348 1915 421 serenitatem

340 418 750 494 remittentibus,
769 437 984 496 repente
1000 425 1288 492 asperrima
1306 418 1915 496 procellaeonturbante,

339 489 457 560 cum
504 489 1177 573 praitereitspectationein
1219 492 1358 546 venti
1389 489 1915 573 inpelagnmeru‘m-

340 558 518 647 pant:
554 558 871 647 incipiatque
915 562 1378 647 mare_eﬂeratum
1424 558 1917 647 obstreperekﬂii:

340 628 627 712 anumque
656 628 806 695 turba
852 653 1038 712 navem
1072 634 1327 712 impedire
1352 674 1366 697 ,
1396 638 1453 683 ut
1479 639 1529 682 et
1563 628 1917 712 multiplicum

343 698 559 768 Γιιὺίιιιιῖ
594 712 795 773 tensio,
829 710 916 777 qui
962 707 1103 779 circa
1132 698 1339 779 Δξιιτιιιιιιι
1387 699 1653 768 suspensi.
1683 698 1920 779 violento

343 797 617 840 ventorum
648 768 877 849 impulsu
904 779 1013 849 icti,
1044 776 1258 849 sibilant
1286 790 1299 825 :
1327 780 1452 849 tunc
1478 784 1626 831 sane,
1658 782 1691 821 ο
1716 768 1915 849 diIeCIi,

345 839 600 908 tumultus
645 839 857 918 quidem
905 846 1317 920 turbulentuset
1344 841 1614 920 luetuosns
1641 855 1668 891 a
1687 839 1922 920 .vectori-

345 927 442 978 bus
474 911 674 988 oritur,
695 930 917 976 mortem
947 918 997 970 in
1031 913 1295 989 profundo
1339 911 1499 989 nutris
1519 952 1532 972 ,
1564 911 1916 989 magisquam

346 980 672 1054 naturalem,
722 985 1166 1054 CXSDCCIaIIIlbllS.
1235 982 1332 1036 IIie
1383 980 1563 1033 videas
1597 980 1846 1054 _remigcs
1889 994 1915 1054 ξι

345 1065 573 1145 procella
605 1050 724 1116 illos
753 1050 1083 1145 extrinsecus
1108 1055 1498 1145 circumagente
1517 1092 1531 1116 ,
1560 1050 1677 1119 plus
1704 1063 1831 1145 vlero
1853 1050 1920 1103 ab

346 1119 487 1189 intus
518 1132 803 1201 lugentium
836 1128 1069 1180 clamore
1096 1119 1375 1201 enervatas
1398 1121 1553 1187 (adeo
1582 1131 1637 1173 ιιι
1657 1119 1920 1201 ςιιιιοιζιιει-

346 1217 429 1259 tor
457 1190 599 1273 ipse:
622 1218 729 1269 pia!
758 1206 899 1273 metu
933 1194 1309 1273 tremebundus
1339 1190 1920 1273 factus-nonamplius

348 1277 420 1328 uti
456 1261 793 1340 possit-manu
816 1267 1194 1340 gubernatoria
1212 1264 1275 1317 ad
1298 1262 1487 1340 navigii
1507 1261 1876 1340 directionem)
1902 1276 1915 1321 ;

344 1330 529 1398 omnes
575 1357 703 1396 vero
747 1330 1123 1410 clauiiantcsse
1149 1336 1308 1410 vitam
1340 1334 1496 1410 inter
1540 1330 1779 1410 homines
1808 1343 1921 1410 ser-

344 1429 469 1469 vare
503 1429 655 1482 posse
681 1410 985 1482 desperare.
1017 1406 1144 1482 Tale
1172 1403 1440 1473 quidpiam
1469 1402 1660 1482 accidit
1687 1400 1920 1482 discipu-

345 1485 412 1537 lis
436 1504 450 1549 ;
478 1470 654 1536 mente
676 1470 817 1533 enitu
844 1488 895 1531 te
918 1470 1205 1549 transferas
1231 1470 1437 1549 mecum
1461 1472 1523 1523 ad
1543 1470 1915 1549 _Evangeli_um.

344 1539 578 1607 Ascendit
600 1552 749 1605 Jews
776 1565 889 1602 cum
927 1543 1189 1614 discipulis
1226 1545 1331 1597 suis
1361 1544 1416 1614 in
1439 1540 1719 1614 naviculam
1749 1540 1764 1609 (
1791 1539 1915 1614 Luc.

346 1622 484 1690 VIII,
515 1624 628 1693 ‘22),
660 1631 714 1676 et
750 1619 907 1693 facile
954 1611 1157 1693 trajecit
1198 1629 1361 1667 mare.
1393 1612 1632 1693 Quandin
1660 1611 1920 1693 .llominus

343 1681 920 1760 Christusl'vigilabat,
972 1681 1145 1760 omnis
1193 1684 1488 1738 contrarius
1532 1681 1921 1760 re'primcbatnr

344 1776 531 1818 ventus
562 1783 573 1816 :
607 1751 820 1831 plauum
849 1751 1024 1811 autem
1053 1757 1151 1809 illis
1177 1764 1292 1809 erat
1317 1768 1483 1831 mare,
1503 1762 1746 1831 tanquam
1772 1751 1917 1831 lirma

347 1846 506 1896 terra,
538 1821 921 1901 tthtteiﬂttelus
947 1838 1129 1901 contra
1160 1840 1343 1878 navem
1361 1822 1629 1901 Christum
1660 1821 1917 1901 ferentem

345 1891 666 1972 insurgeba't.
689 1900 822 1953 Cum
857 1914 980 1952 vero
1008 1897 1183 1960 Jesus,
1213 1893 1505 1972 secundum
1535 1891 1917 1972 providentiam

345 1970 526 2036 suam,
544 1975 595 2025 in
618 1973 833 2042 navigio
852 1972 1179 2036 dormiebat,
1195 1971 1372 2041 quoad
1390 1970 1913 2042 naturamcorporis,

344 2059 451 2097 non
471 2044 650 2111 quoad
676 2038 894 2096 deitatis
918 2038 1231 2110 dignitatem
1271 2043 1469 2112 (Somni
1490 2040 1635 2112 enim
1660 2038 1916 2112 immunis

340 2121 426 2167 est
456 2106 647 2165 oculus
684 2112 924 2181 deitatis)
956 2106 1119 2177 {tum
1154 2106 1297 2181 venti
1331 2109 1728 2181 conspicientes
1751 2106 1917 2181 Magi:-

343 2191 519 2235 strum
548 2191 598 2235 et
632 2175 965 2235 PraeTectuin
988 2196 1149 2234 suum
1183 2175 1540 2234 dormientem
1570 2217 1584 2241 ,
1617 2178 1757 2231 sicut
1790 2175 1915 2245 equi

344 2252 588 2321 aurigam
604 2265 797 2321 somno
809 2252 1083 2304 detentum
1101 2262 1443 2318 spernentes.
1457 2250 1525 2300 im
1536 2257 1761 2317 petuoso
1786 2245 1917 2299 ﬂatu

342 2320 540 2373 saavam
555 2320 910 2373 exsibilantes
930 2326 1532 2388 tempestatem,contra
1565 2332 1753 2370 navem
1786 2329 1918 2388 apo-

343 2390 590 2443 stolicam
620 2389 966 2441 ferebantur:
989 2385 1170 2456 atque,
1194 2389 1427 2457 procella
1446 2394 1658 2457 exorta,
1684 2400 1805 2454 qua:
1836 2385 1919 2436 in-

342 2465 710 2527 exspectatum
741 2466 969 2527 mortem
985 2466 1136 2511 tanto
1148 2456 1274 2527 ﬂatu
1290 2456 1624 2527 minabatur,
1648 2462 1920 2508 aestuante

345 2525 557 2597 pelago,
573 2526 1063 2596 sievosqueﬂnetus
1082 2541 1207 2597 cum
1230 2526 1447 2579 fremitu
1477 2525 1529 2597 in
1554 2538 1795 2597 arenam
1809 2533 1920 2579 ter-

346 2591 618 2650 initiorum
648 2591 1080 2651 cetistitutricem
1114 2594 1730 2663 immittenle,discipuli
1752 2591 1919 2646 'fren-

346 2666 563 2719 dentem
578 2666 980 2735 conspicientes
992 2673 1365 2735 tempestatem
1376 2663 1473 2729 ,Ch
1484 2662 1914 2735 ristu’mceleber:

349 2738 547 2788 rimutn
579 2730 1036 2805 propugnatorem
1087 2730 1442 2805 invocabant;
1482 2733 1613 2805 quid
1641 2730 1920 2805 dicentes?

347 2800 595 2867 Domine,
623 2800 779 2858 δάιυᾶ
824 2821 943 2868 nos,
974 2805 1202 2872 perimus
1237 2801 1455 2873 (Matth.
1479 2800 1631 2873 _Vlll,
1664 2801 1776 2870 25).
1816 2800 1919 2854 Per

345 2875 705 2927 meonomiam
755 2871 1059 2927 dormiebat
1116 2873 1169 2926 in
1211 2871 1426 2942 navigio
1475 2871 1769 2942 Dominus,
1808 2884 1920 2924 non

344 2944 566 2998 nescius
607 2944 754 2998 illius
792 2943 936 3004 quod
978 2943 1221 2996 futurum
1260 2940 1399 3003 erat.
1432 2956 1531 2995 nec
1571 2940 1920 2995 serenitatem

337 3017 617 3071 inducendi
650 3024 911 3085 potestate
937 3017 1150 3069 Carebat
1172 3032 1191 3085 7:
1210 3017 1383 3085 sciens
1410 3027 1537 3067 vero
1563 3027 1707 3065 mare
1734 3012 1912 3065 turba-

335 3099 442 3140 tum
473 3087 604 3154 fore,
631 3083 834 3141 duabus
861 3086 929 3140 de
950 3086 1124 3139 causis
1152 3083 1473 3139 dormiebat:
1507 3092 1563 3136 ut
1590 3098 1683 3152 per
1704 3091 1913 3154 tempe-

334 3165 525 3211 statem
566 3153 909 3226 redargueret
956 3155 1219 3226 labentem
1250 3161 1305 3226 et
1335 3153 1653 3226 imbecillam
1682 3153 1913 3226 discipu-

335 3227 505 3279 lorum
541 3223 798 3286 Iidemfet
822 3224 1110 3294 potentiam
1139 3224 1426 3277 divinitatis
1447 3239 1556 3277 sum
1587 3223 1687 3275 illis
1712 3223 1911 3292 liquido

331 3296 937 3351 demonstraret.Videre
958 3305 1072 3349 erat
1094 3295 1288 3362 itaque,
1307 3311 1338 3347 ο
1359 3294 1553 3357 dilecti,
1581 3294 1904 3361 vigilantem,

330 3366 503 3433 quoad
539 3381 753 3435 corpus,
797 3367 1101 3430 Dominum,
1132 3366 1309 3434 scipso
1339 3362 1908 3435 vehementioremfa-

330 3445 560 3501 ctum,et
581 3434 793 3490 ventum
815 3436 879 3490 ad
898 3437 1201 3505 speluncam
1222 3449 1370 3488 suam
1385 3435 1683 3505 clanculum
1708 3434 1909 3503 fugien-

334 3517 463 3569 tem,
491 3509 838 3577 pelagnmque
860 3504 964 3559 non
998 3508 1130 3559 ultra
1160 3516 1342 3577 contra
1373 3504 1908 3577 apostolicum‘navi-

329 3578 471 3645 ginm
498 3574 672 3630 ininas
713 3574 1085 3641 intentantem,
1136 3575 1227 3629 sed
1252 3576 1441 3629 ﬂuctus
1457 3579 1521 3627 ad
1544 3574 1906 3628 adorationem

331 3662 389 3700 se
411 3659 799 3702 convertentes.
823 3647 966 3701 Talis
992 3657 1071 3700 est
1088 3646 1243 3714 hujus
1274 3648 1392 3699 vita:
1421 3659 1629 3710 cursus,
1650 3645 1719 3697 ita
1741 3654 1795 3698 ιιι
1822 3659 1908 3699 res

333 3719 382 3769 in
410 3719 597 3772 eodem
629 3728 765 3771 statu
798 3734 1063 3787 nunquam
1098 3727 1463 3784 permaneant.
1486 3715 1581 3769 sed
1626 3715 1908 3785 aliquando

334 3790 385 3839 in
433 3804 561 3857 pace
609 3789 901 3855 tranquillte
948 3789 1087 3851 sint,
1130 3799 1287 3855 atque
1336 3788 1706 3857 alimentorum
1756 3789 1907 3854 copia

328 3855 619 3922 abundent;
645 3859 905 3913 interdum
927 3874 1052 3913 vero
1072 3866 1507 3913 commoveantur
1523 3855 1903 3925 ﬂuctibusque,

331 3938 386 3980 ιιι
414 3944 579 3996 mare,
604 3929 886 3998 agitentur,
908 3930 1096 3997 partim
1116 3927 1329 3996 quidem
1362 3927 1705 3998 barbarorum
1733 3928 1908 3981 incur-

328 4000 566 4052 sionibus
586 4041 601 4062 ,
637 3997 823 4067 partim
877 4007 1241 4069 tyrannorum,
1269 3997 1709 4069 machinamentis
1736 4006 1797 4069 et
1811 4014 1909 4069 ne-

326 4070 588 4138 gotiornm
634 4067 1104 4137 perplexitatibus,
1139 4068 1423 4138 multisque
1450 4067 1565 4119 aliis
1597 4067 1908 4138 tumultibus

328 4136 383 4190 et
412 4136 919 4205 perturbatiOnibus.
952 4140 1081 4191 Nam
1116 4136 1365 4205 pravdicta
1395 4136 1461 4190 de
1486 4137 1780 4204 apostolico
1812 4152 1906 4189 na-

330 4208 470 4275 vigio
512 4208 729 4263 historia
777 4210 917 4263 hunc
964 4209 1121 4263 habet
1166 4222 1422 4270 sensum;
1468 4206 1599 4259 nihil
1643 4207 1837 4275 quippe
1875 4223 1906 4261 a

330 4277 552 4348 Ilomino
602 4279 797 4332 factum
836 4288 919 4333 est
963 4280 1101 4348 quod
1146 4277 1455 4348 mysterium
1507 4291 1611 4328 non
1665 4277 1903 4330 haberet.

327 4346 453 4401 Mari
503 4349 691 4403 similis
730 4359 813 4404 est
851 4346 1129 4414 hiec'vita;
1164 4346 1392 4415 navigio,
1426 4346 1654 4399 humana
1680 4356 1860 4400 natura
1886 4388 1900 4412 ,

327 4428 544 4485 portans
574 4419 721 4488 quasi
765 4431 1004 4474 vectores
1029 4430 1079 4474 et
1104 4419 1516 4489 gubernatorem
1558 4417 1906 4489 cogitationes

324 4498 377 4542 et
406 4487 659 4544 mentem.
694 4490 806 4543 Hoc
835 4492 1008 4559 itaque
1037 4487 1298 4557 navigium
1318 4529 1332 4549 ,
1359 4487 1781 4559 naturascilieet
1809 4487 1907 4541 hu-

327 4574 501 4623 mana,
527 4560 577 4613 in
612 4560 711 4615 hac
735 4561 836 4614 vita
865 4557 1089 4630 agitatur
1107 4576 1134 4612 a
1157 4558 1348 4630 diaboli
1373 4557 1624 4630 nequitia,
1652 4572 1680 4608 a
1707 4558 1907 4630 daamo-

325 4630 479 4682 nibus
510 4630 767 4694 hostibus,
798 4628 1261 4700 qui'cupiditatum
1291 4628 1480 4682 ﬂuctus
1509 4629 1779 4700 excitant;
1810 4628 1905 4681 fal-

323 4712 436 4768 sam
470 4698 1087 4768 voluptatumsiiuniam
1120 4702 1170 4753 in
1202 4700 1469 4753 internum
1517 4698 1750 4751 animum
1785 4713 1906 4765 pro-

319 4767 549 4837 jiciunt,
603 4784 666 4823 ac
727 4767 958 4825 mentem
1030 4770 1457 4839 gubernatricem
1526 4768 1903 4839 cupiditatibus

322 4847 661 4893 commovent
690 4849 744 4893 et
782 4841 834 4893 in
877 4838 1151 4909 peccatum
1184 4841 1524 4909 immergunt.
1553 4838 1705 4906 Quod
1727 4848 1902 4893 autem

2025 347 2185 402 homo
2233 349 2454 417 quilibet
2496 368 2524 404 a
2572 353 2895 422 voluptatum
2943 352 3149 407 ﬂamma
3205 365 3501 410 commotus
3545 361 3595 409 in

2023 430 2293 486 peccatum
2314 422 2678 490 immergalur,
2713 424 2784 488 id,
2812 439 3112 479 sermonem
3137 440 3312 478 meum
3330 439 3592 489 asserens,

2024 498 2242 568 testatur
2283 490 2444 568 l)avi_d
2490 494 2762 568 propheta.
2793 491 2925 568 Cum
2951 497 3093 568 enim
3134 497 3274 568 circa
3315 510 3595 568 continen-

2027 559 2148 629 tiam
2183 559 2510 629 naufragium
2561 559 2803 627 h-cisset,
2837 564 3101 619 clamabat
3130 565 3314 618 dicens
3344 582 3357 619 :
3397 562 3518 618 Veni
3543 570 3593 620 in

2024 628 2340 717 ίιΙίίίιιὶιίξηεέιι
2376 628 2571 717 iuveris,
2618 644 2665 713 et
2708 644 2971 717 tempestas
3015 635 3251 688 demersit
3278 650 3377 717 _me
3426 633 3594 717 (Paul.

2025 696 2251 773 LXVIII,
2281 700 2358 773 5):
2400 701 2513 773 Non
2545 706 2684 756 enim
2728 696 2826 757 hoc
2870 720 3088 773 usquam
3119 706 3414 773 reperimus
3433 696 3493 759 in
3519 706 3597 759 hi-

2024 770 2181 842 storia
2214 770 2279 823 de
2324 771 2518 825 Davide
2549 790 2563 827 :
2596 775 2928 842 qnandonam
2952 770 3138 829 'llavid
3179 770 3490 842 navigavit?
3513 777 3597 830 vel

2027 838 2076 915 in
2105 842 2365 915 quo__n_iar1
2384 842 2493 915 iter
2514 838 2677 915 agnus
2694 844 2979 915 demersus
3006 846 3128 899 est?
3160 838 3419 915 nusquam
3446 860 3596 900 sane.

2024 908 2157 985 Quid
2184 910 2280 962 sibi
2312 911 2423 964 vnlt
2464 908 2617 980 igitur
2636 914 2672 985 ?_
2692 912 2743 966 In
2774 914 2869 967 hac
2900 915 3079 983 utique
3120 916 3223 985 vita
3262 908 3511 985 tanquam
3543 916 3598 971 in

2027 979 2209 1048 pelago
2239 979 2569 1055 versans,iac
2594 983 2948 1055 voluptatibus
2975 979 3123 1054 quasi
3152 979 3396 1039 ﬂuetibus
3424 987 3597 1055 agita-

2026 1058 2129 1123 tus,
2158 1052 2511 1123 atquesolnta
2543 1054 2919 1123 cogitationum
2953 1052 3262 1123 compagine
3287 1096 3300 1117 ,
3330 1052 3479 1109 intus
3502 1056 3595 1109 ad-

2026 1120 2187 1170 misso
2216 1121 2515 1193 cupiditatis
2557 1120 2717 1176 ﬂuctu
2741 1166 2753 1185 ,
2786 1138 2847 1177 ac
2876 1124 2969 1178 viri
3001 1120 3304 1178 fortitudine
3332 1141 3425 1193 per
3454 1123 3592 1181 Urit:

2024 1203 2242 1263 nitorem
2270 1191 2543 1263 spoliatus,
2564 1194 2902 1247 Continentite
2926 1194 3253 1263 naufragium
3279 1191 3467 1263 passus
3487 1206 3592 1249 est.

2024 1256 2150 1330 Ideo
2180 1256 2390 1313 dicebat
2422 1280 2432 1313 :
2472 1260 2596 1314 Veni
2618 1265 2667 1316 in
2699 1264 3010 1318 altitudinem
3056 1256 3227 1327 utaris,
3257 1256 3303 1318 εὶ
3332 1275 3595 1330 tempestas

2023 1329 2253 1403 demersit
2270 1346 2366 1403 me.
2390 1333 2587 1387 Deinde
2609 1335 2793 1387 iterum
2812 1336 3149 1401 resipiscens,
3173 1344 3226 1389 et
3246 1350 3309 1389 ex
3337 1329 3597 1403 profundo

2027 1400 2223 1464 peccati
2267 1400 2459 1455 iterum
2498 1404 2835 1457 continentire
2874 1400 3077 1458 clavum
3124 1400 3446 1473 recuperans
3470 1450 3482 1465 ,
3514 1405 3596 1457 vi-

2026 1478 2237 1543 tamque
2266 1484 2414 1543 suam
2446 1474 2685 1527 castitate
2714 1482 3014 1540 temperans
3039 1517 3052 1534 .
3088 1475 3251 1528 Deum
3285 1475 3601 1543 precabatur

2023 1538 2206 1613 dicens
2236 1557 2248 1592 :
2280 1539 2401 1593 Non
2430 1559 2508 1595 me
2546 1543 2799 1613 demergat
2830 1538 3093 1611 tempestas
3120 1538 3300 1609 aqum,
3325 1560 3481 1613 neque
3505 1546 3597 1597 ab-

2023 1612 2219 1683 sorbent
2247 1626 2324 1663 me
2349 1615 2661 1681 profundum
2689 1612 2860 1681 (Psal.
2894 1614 3116 1675 LXVIII,
3151 1614 3259 1681 16).
3295 1612 3422 1667 Tale
3448 1614 3600 1683 quid-

2026 1679 2161 1745 piam
2182 1679 2465 1753 Apostolns
2480 1679 2937 1753 quoque,mysticc
2954 1679 3291 1739 snbimlicans
3313 1679 3593 1737 humanam

2024 1757 2270 1824 naturam
2289 1751 2416 1824 dicit
2446 1770 2458 1804 :
2491 1751 2589 1806 Ter
2616 1751 2937 1824 naufragium
2979 1755 3094 1824 feci.
3144 1754 3279 1822 Quid
3318 1754 3458 1807 enim
3488 1755 3598 1807 ait?

2022 1817 2463 1895 TerAnaquagium
2486 1824 2601 1895 [ειῂ
2631 1817 2775 1895 nocte
2798 1817 2845 1889 et
2869 1817 3026 1895 dicit:
3054 1817 3310 1895 profunda
3340 1824 3495 1895 mari!
3517 1826 3595 1894 fui

2023 1889 2087 1957 (Il
2112 1887 2351 1955 Coerl',
2383 1887 2497 1964 25).
2542 1893 2649 1948 Ter
2675 1887 3161 1964 enim'nanlraginm
3208 1894 3330 1949 fecit
3370 1887 3594 1948 humana

2023 1970 2241 2030 natura;
2275 1963 2461 2028 semel,
2491 1965 2541 2017 in
2575 1964 2819 2029 paradiso
2848 1980 2941 2030 per
2963 1963 3437 2030 transgressionem
3464 1980 3479 2024 ;
3512 1980 3596 2018 se-

2020 2029 2213 2105 cundo,
2238 2033 2298 2105 in
2337 2032 2536 2105 diluvio
2569 2033 2720 2099 Noe;
2751 2029 2925 2100 tertio,
2960 2046 3078 2103 post
3111 2029 3283 2105 legem
3324 2041 3593 2101 acceptam

2023 2101 2247 2167 populus
2288 2103 2340 2157 in
2381 2102 2646 2159 idolorum
2686 2105 2883 2159 cultum
2934 2101 3146 2166 incidit,
3170 2101 3350 2159 donec
3376 2105 3595 2158 veniens

2020 2170 2315 2245 animarum
2370 2182 2669 2245 nostrarum
2721 2174 3045 2245 gubernator
3096 2175 3375 2237 Christus,
3416 2175 3594 2245 crucis

2021 2241 2195 2313 velum
2228 2243 2277 2296 in
2301 2244 2471 2297 media
2502 2254 2635 2298 terra
2668 2241 2865 2299 sistens
2886 2285 2901 2305 ,
2934 2246 3332 2313 tempestatibus
3370 2244 3591 2313 liberam

2020 2311 2172 2364 nobis
2204 2314 2425 2385 providit
2450 2314 2502 2367 in
2531 2317 2712 2368 urbem
2740 2316 3013 2385 cmlestem
3039 2311 3593 2385 navigationem._No-

2018 2391 2094 2456 ate
2120 2382 2274 2456 ethdi‘e
2299 2384 2348 2435 in
2376 2386 2631 2455 profundo
2656 2387 2809 2438 maris
2829 2386 2927 2456 fui.
2951 2382 3179 2439 Noctem
3197 2383 3428 2456 appellat
3448 2383 3589 2438 illam

2021 2450 2072 2504 in
2100 2450 2389 2520 caliginoso
2430 2450 2613 2509 errore
2657 2450 2879 2518 moram,
2909 2471 3026 2522 qua:
3061 2450 3585 2510 Christi'adventum

2020 2525 2335 2593 antecessit;
2377 2523 2515 2578 diem
2547 2539 2693 2583 vero.
2724 2526 2868 2579 illum
2900 2526 2949 2578 in
2978 2526 3151 2581 lucido
3196 2525 3457 2593 baptismo
3483 2534 3592 2578 sta-

2020 2599 2150 2657 tum,
2182 2594 2270 2661 qui
2300 2592 2493 2648 Christi
2525 2605 2738 2649 secutus
2757 2605 2840 2649 est
2868 2595 3171 2650 adventum.
3200 2592 3331 2651 cum
3363 2605 3468 2649 tota
3499 2593 3593 2664 igi-

2021 2671 2104 2734 tur
2126 2672 2307 2717 natura
2340 2664 2564 2717 humana
2595 2679 2689 2734 per
2714 2666 2999 2734 nequitiam
3021 2666 3237 2731 diaboli,
3263 2677 3319 2719 ut
3338 2665 3587 2730 diximus,

2012 2731 2333 2799 jactaretur;
2369 2734 2419 2789 id
2465 2731 2648 2788 videns
2695 2731 2928 2791 Verbum
2980 2736 3090 2797 Dei.
3141 2738 3190 2789 in
3241 2736 3378 2789 hanc
3429 2734 3589 2786 vitam

2019 2803 2235 2876 veniens
2256 2844 2270 2869 ,
2302 2804 2594 2873 ingreditur
2623 2805 2674 2876 in
2702 2806 2983 2876 cavitatem
3007 2806 3200 2876 navigii
3238 2805 3455 2876 virginis
3485 2803 3594 2857 Ma-

2017 2872 2109 2926 ria:
2143 2891 2156 2927 :
2183 2877 2335 2945 cujus
2363 2872 2543 2944 typum
2572 2876 2625 2929 in
2651 2874 2783 2930 Jona
2816 2875 3071 2945 propheta
3097 2872 3411 2945 eipressiitii
3445 2874 3594 2945 inve-

2018 2946 2211 2998 nimus.
2258 2944 2483 2999 Mittitur
2519 2946 2658 3000 enim
2719 2944 2883 3000 Jonas
2939 2946 3203 3010 Niniven;
3256 2944 3498 3000 Christus
3540 2944 3591 2997 in

2016 3012 2153 3086 hanc
2192 3014 2353 3068 vitam
2399 3022 2546 3070 venit
2575 3034 2587 3069 :
2617 3015 2779 3086 Jonas
2815 3016 2927 3086 abit
2955 3018 3002 3069 in
3036 3018 3319 3086 navigium,
3348 3022 3401 3069 et
3430 3016 3479 3067 in
3504 3029 3595 3069 ca-

2015 3084 2179 3137 vitatc
2207 3086 2399 3153 navigii
2428 3086 2661 3148 dormit;
2704 3084 2935 3139 Verbum
2968 3086 3127 3139 etiam
3162 3084 3252 3141 Dei
3284 3101 3375 3152 per
3398 3099 3591 3138 novem

2015 3168 2226 3207 menses
2257 3155 2308 3206 in
2340 3164 2522 3208 ventre
2550 3153 2762 3223 virginis
2803 3154 2979 3207 Maria:
3006 3154 3115 3209 fere
3138 3155 3434 3209 dormiebat
3463 3156 3592 3209 taci-

2016 3232 2205 3276 turnus
2243 3223 2566 3279 hominibus.
2593 3225 2741 3278 Tunc
2772 3225 2937 3293 magis
2964 3227 3190 3279 excitata
3218 3237 3298 3278 cst
3327 3225 3590 3279 diabolica

2016 3294 2265 3362 nequitize
2292 3296 2543 3362 procella,
2571 3294 2725 3349 sicuti
2761 3305 2944 3349 contra
2982 3295 3191 3349 Jonam.
3221 3294 3324 3350 Sed
3353 3310 3473 3347 cum
3501 3294 3591 3349 Joo

2014 3378 2110 3415 nas
2135 3364 2185 3417 in
2212 3379 2356 3419 mare
2379 3365 2643 3433 projectus
2659 3374 2759 3429 est,
2790 3364 2889 3418 hoc
2910 3377 3010 3425 est.
3031 3381 3148 3419 enni
3171 3366 3325 3421 Jesus
3352 3382 3381 3419 e
3410 3376 3595 3419 ventre

2014 3433 2245 3503 Virginis
2297 3435 2347 3487 in
2402 3434 2537 3489 hanc
2586 3436 2745 3489 vitam
2790 3435 3017 3504 prodiit,
3064 3448 3118 3491 et
3160 3436 3333 3491 omnis
3378 3450 3590 3502 quoque

2015 3516 2204 3558 ventus
2232 3504 2487 3559 adversus
2514 3505 2915 3559 obmutescebat
2938 3549 2952 3570 ,
2984 3507 3155 3561 donec
3193 3506 3389 3560 halama
3418 3507 3467 3557 in
3501 3520 3593 3558 or-

2012 3589 2133 3627 cum
2165 3576 2485 3646 perveniret,
2516 3577 2679 3628 multa
2699 3577 2845 3646 signa
2872 3587 2923 3630 et
2953 3578 3184 3646 prodigia
3214 3576 3379 3631 edidit
3409 3574 3459 3646 in
3494 3573 3593 3629 hac

2014 3645 2119 3698 vita
2148 3646 2417 3715 navigans.
2450 3645 2668 3699 Intravit
2695 3645 2856 3700 Jonat
2890 3647 2940 3699 in
2978 3647 3234 3701 balzenam
3263 3686 3275 3707 ,
3306 3655 3357 3700 et
3387 3645 3474 3699 ille
3507 3647 3589 3700 in-

2016 3716 2172 3769 travit
2211 3718 2263 3769 in
2310 3731 2492 3770 orcum
2528 3734 2540 3768 :
2576 3726 2682 3770 tres
2729 3717 2842 3770 dies
2879 3726 2933 3770 et
2977 3727 3085 3771 tres
3128 3726 3346 3781 noctes,
3377 3715 3591 3768 totidem

2013 3796 2143 3854 quot
2171 3785 2352 3849 Jonas,
2379 3787 2429 3839 in
2447 3801 2573 3840 orco
2599 3789 2946 3856 consumpsit.
2983 3787 3200 3857 Ejicitur
3224 3787 3385 3842 Jonas
3409 3801 3474 3839 ex
3502 3784 3594 3839 ba-

2015 3857 2147 3910 laena
2176 3857 2226 3909 in
2256 3857 2477 3911 Niniven
2503 3873 2517 3922 ;
2549 3857 2791 3911 Christus
2830 3874 2895 3911 ex
2940 3860 3163 3912 m0rtuis
3189 3859 3376 3921 surgit.
3430 3865 3591 3923 atque

2016 3928 2067 3979 in
2115 3925 2257 3982 hunc
2300 3928 2553 3981 mundum
2596 3928 2851 3982 venit.....
2895 3929 3146 3996 prmdicat
3192 3926 3593 3996 paenitentiam;

2015 3997 2337 4065 resipiscunt
2365 3998 2604 4051 Ninivitre
2625 4040 2639 4062 ,
2670 4009 2828 4066 atque
2859 3998 3012 4065 hujus
3037 4000 3215 4052 mundi
3240 3998 3426 4066 incola:
3458 4013 3471 4048 :
3501 4011 3595 4065 per

2014 4076 2123 4119 tres
2152 4068 2266 4121 dies
2295 4068 2557 4136 jejunant,
2586 4079 2638 4124 et
2666 4065 2951 4122 servantur
2977 4083 3272 4123 numerosa:
3304 4065 3594 4119 multitudi-

2015 4152 2149 4198 nes;
2179 4139 2313 4191 sicut
2350 4140 2509 4192 etiam
2553 4138 2604 4192 in
2636 4138 2824 4192 Ninive
2862 4139 3139 4192 duodecim
3172 4138 3443 4192 hominum
3473 4151 3590 4205 my-

2013 4208 2188 4260 riades
2214 4217 2265 4260 et
2299 4222 2485 4275 pecora
2520 4210 2766 4274 plurima.
2801 4210 3022 4263 Domino
3052 4210 3191 4263 enim
3227 4208 3591 4277 penitentiam

2010 4285 2067 4329 et
2099 4277 2254 4329 [idem
2280 4276 2401 4330 huic
2428 4277 2626 4331 mundo
2647 4278 2985 4344 praedicante,
3010 4288 3289 4332 servantur
3311 4276 3594 4331 duodecim

2015 4347 2181 4418 tribus
2223 4344 2406 4401 Israel'.
2448 4349 2671 4418 Quando
2699 4349 2840 4401 enim
2883 4349 3140 4418 plenitudo
3179 4349 3401 4418 gentium
3427 4346 3594 4418 intra:

2010 4417 2154 4482 verit,
2181 4427 2302 4489 tunc
2327 4418 2488 4489 omnis
2515 4416 2674 4489 Israel
2700 4419 2867 4471 salvus
2885 4415 2976 4486 ﬁet
3004 4415 3284 4489 (RonthI,
3314 4415 3594 4489 25).Q_uo_d

2011 4495 2188 4557 autem
2229 4487 2393 4542 Jonas
2423 4488 2618 4543 Christi
2651 4496 2808 4557 typus
2834 4484 2977 4542 esset
2997 4484 3019 4551 ,’
3046 4490 3299 4543 Dominus
3329 4484 3444 4555 ipSe
3466 4484 3598 4557 dicit

2012 4556 2063 4609 in
2095 4556 2382 4627 Evangelio
2415 4576 2427 4611 :
2459 4558 2601 4612 Sicut
2629 4556 2759 4611 enim
2792 4559 2891 4627 fuit
2916 4557 3079 4613 Jonas
3104 4561 3155 4611 in
3183 4567 3349 4613 ventre
3376 4556 3474 4611 ceti
3502 4557 3596 4609 tri-

2011 4626 2100 4681 bus
2134 4626 2304 4680 diebus
2333 4638 2379 4681 et
2409 4630 2566 4681 tribus
2592 4629 2839 4691 noctibus,
2870 4630 2942 4681 sic
2968 4631 3061 4681 erit
3093 4628 3259 4682 Filius
3288 4627 3506 4680 hominis
3542 4627 3596 4679 in

2010 4698 2160 4770 corde
2182 4707 2326 4770 terra:
2352 4700 2508 4770 tribus
2531 4700 2704 4752 diebus
2726 4708 2771 4750 et
2795 4699 3204 4770 triliusiuoctibus
3230 4696 3443 4770 (Matth.
3473 4695 3595 4759 XII,

2010 4769 2120 4892 ἕο).
2159 4769 2237 4822 ιιιι
2272 4768 2344 4822 sit
2390 4769 2555 4839 gloria
2596 4777 2651 4825 ct
2687 4768 2920 4838 potentia
2961 4769 3013 4822 in
3057 4767 3595 4824 secula’seculorutn.

2060 4853 2201 4892 men.
2232 4857 2247 4865 ί

2060 4853 2201 4894 men.
2232 4857 2247 4865 ”

2030 4963 3594 4989 ___________________....

352 5046 482 5108 VII.
530 5063 817 5107 causam
848 5063 911 5106 IN
954 5064 1143 5106 ιιι.υο
1181 5067 1196 5106 :
1246 5065 1462 5108 smne
1507 5066 1621 5111 nor
1664 5065 1924 5111 assumi
1998 5065 2310 5111 C(ELORUM
2352 5066 2564 5110 samo
2608 5065 2846 5110 SINAPIS
2893 5047 3149 5130 (Matth.
3187 5048 3362 5119 XIII,
3410 5047 3533 5124 31).

393 5215 528 5284 Quid
584 5215 754 5284 majus
804 5228 967 5283 regno
1014 5213 1294 5277 ccelorum,
1325 5224 1378 5268 et
1421 5215 1545 5284 quid
1599 5216 1773 5268 minus
1824 5223 1906 5268 est

359 5302 487 5340 rauo
511 5286 747 5355 sinapis?
770 5284 1035 5355 quomodo
1053 5285 1366 5336 immensum
1382 5285 1636 5338 ccelorutn
1661 5299 1901 5352 regnum.

345 5356 476 5411 acile
502 5354 770 5411 metiendo
792 5354 1261 5422 minutissimoqne
1288 5369 1453 5421 grano
1475 5354 1825 5407 assimilavit?
1847 5355 1904 5409 Si

326 5442 451 5480 vero
480 5429 867 5495 perpendamus
893 5426 1017 5496 quid
1054 5426 1123 5479 sit
1158 5440 1377 5493 granum
1406 5425 1629 5492 sinapis,
1666 5426 1905 5478 invenie-

325 5510 441 5551 mus
468 5512 623 5564 quam
655 5498 872 5565 pulchre
895 5506 949 5551 et
972 5496 1261 5552 secundum
1291 5504 1528 5548 naturam
1563 5510 1723 5547 unum
1754 5496 1906 5549 alteri

324 5575 681 5637 comparetur.
712 5567 845 5634 Quid
890 5577 971 5623 est
1015 5582 1234 5637 regnum
1280 5566 1538 5621 cmlorum
1567 5608 1579 5628 ,
1614 5566 1712 5637 ni_si
1754 5566 1906 5635 plane

324 5637 605 5693 Christus?
628 5636 754 5692 dicit
775 5638 916 5693 enim
943 5639 1010 5695 de
1030 5634 1206 5709 seipse
1228 5655 1239 5693 :
1264 5641 1391 5692 hcce
1414 5650 1622 5708 regnant
1650 5634 1743 5692 Dei
1758 5634 1905 5689 intra

2011 5231 2094 5268 vos
2124 5224 2193 5269 est
2225 5214 2371 5286 (Luc.
2404 5213 2559 5286 XVII,
2587 5215 2702 5280 21).
2735 5213 2873 5279 Quid
2904 5224 3079 5286 autem
3123 5214 3397 5286 majusest
3424 5208 3582 5286 Chri-

2009 5296 2095 5339 sto
2124 5281 2416 5340 secundum
2451 5285 2724 5348 deitatem,
2756 5295 2808 5338 ut
2839 5285 3152 5354 prophetam
3193 5282 3374 5354 audire
3404 5292 3486 5335 est
3501 5281 3594 5354 di-

2011 5369 2218 5410 centem
2249 5373 2261 5409 :
2296 5354 2394 5408 llic
2420 5366 2490 5408 est
2524 5354 2656 5409 Deus
2685 5349 2875 5418 noster,
2907 5349 2952 5408 et
2981 5370 3079 5407 non
3104 5352 3432 5406 (animabitur
3459 5349 3592 5403 alius

2012 5427 2250 5480 adversus
2280 5442 2410 5479 eum.
2445 5424 2541 5477 Hic
2566 5427 2818 5479 adinvenit
2846 5440 3040 5478 omnem
3068 5424 3196 5475 viam
3225 5421 3527 5489 disciplina.
3547 5430 3595 5474 et

2012 5498 2219 5550 tradidit
2245 5499 2384 5550 illam
2410 5495 2569 5549 Jacob
2606 5512 2760 5565 puero
2806 5510 2919 5556 suo,
2962 5504 3008 5547 et
3050 5490 3213 5565 Israel
3250 5492 3430 5565 dilecto
3480 5508 3593 5565 suo.

2014 5566 2138 5621 Post
2167 5568 2271 5621 [nec
2297 5574 2348 5619 in
2377 5570 2520 5619 terris
2546 5563 2678 5620 visus
2721 5575 2793 5619 est
2816 5605 2831 5629 ,
2861 5573 2906 5618 et
2931 5579 3043 5618 cum
3072 5563 3357 5616 hominibus
3387 5563 3596 5617 conver—

2012 5649 2149 5692 satus
2190 5648 2259 5691 est
2310 5636 2566 5713 (Bururh.
2616 5636 2717 5705 III,
2750 5634 2971 5705 36-38).
3018 5633 3178 5689 Isaias
3204 5635 3362 5691 etiam
3411 5634 3478 5688 de
3505 5630 3598 5687 illo
