4054 6216
335 329 408 383 ‘33
1630 338 1876 395 SPUBIA

2015 336 2228 393 (EDA)!
3526 344 3597 398 ‘ZI

341 436 925 503 dicit,concordivoce
955 433 1289 500 utens.Qnid
1320 434 1461 490 enim
1492 433 1607 487 ait?
1636 431 1918 486 Laborarit

339 509 606 580 Afgyptus
644 519 693 580 et
726 508 1104 580 negotiationes
1137 505 1535 580 1E_l_/tiopttm,¢l
1565 504 1778 580 Sabaim
1818 503 1918 554 riri

336 575 594 633 sulilimes
614 577 682 629 ad
701 576 1155 631 tetransibunt.et
1176 575 1270 627 tibi
1302 586 1453 626 erunt
1479 575 1701 631 εει-υἱ,ιί
1724 581 1838 635 post
1872 583 1919 626 te

338 646 676 701 ambulabunt
712 642 867 695 vincti
912 639 1119 693 manicis
1146 649 1191 692 et
1219 646 1265 691 te
1300 638 1581 690 adorabunt
1612 638 1771 706 :rgquia
1806 652 1858 688 tn
1889 650 1936 689 te

344 718 593 771 Dominus
622 712 762 766 Deus
784 752 800 774 ,
832 719 877 764 el
904 726 1003 763 non
1029 718 1100 762 est
1150 708 1283 762 Deus
1314 716 1493 774 praeter
1519 716 1583 759 te.
1619 704 1694 759 ru
1720 707 1852 758 enim
1882 720 1935 758 et

348 789 501 849 Deus,
561 795 609 838 et
656 783 1039 845 nesciebamus,
1069 778 1204 832 Deus
1255 777 1423 831 Israel
1466 776 1705 831 Salvator
1760 774 1928 849 (Isai.

349 847 503 917 XLV.
537 853 774 921 14,15).
822 852 1019 906 Beatus
1063 851 1224 921 etiam
1268 849 1462 921 Petrus
1505 862 1689 902 vocem
1737 847 1930 921 emittit

343 914 583 983 eamdem
614 914 1071 983 vim'habentem;
1097 920 1169 972 ait
1194 919 1336 973 enim
1365 933 1378 967 :
1412 914 1639 977 Fratres.
1669 933 1760 971 nec
1784 916 1929 970 aliud

339 1015 521 1053 nomen
548 1007 618 1049 es:
647 994 739 1048 sub
763 992 889 1045 coelo
919 992 1093 1043 datum
1137 988 1417 1058 hominibus
1441 1031 1450 1047 ,
1478 987 1531 1039 in
1565 1004 1661 1058 quo
1698 996 1927 1055 oporteat

341 1086 434 1122 nos
479 1068 644 1120 salvos
674 1065 785 1138 ﬁeri
815 1064 831 1131 (
858 1063 968 1138 Act.
999 1059 1087 1122 IV,
1118 1057 1402 1138 ψῃ·οιῇά
1429 1068 1603 1138 autem
1634 1060 1807 1111 minus
1843 1067 1926 1138 est

338 1139 556 1191 Christo
582 1128 875 1189 Secundum
907 1130 1285 1185 incarnationis
1312 1128 1786 1195 dispensationem,
1830 1129 1918 1197 qui

335 1208 508 1262 lactus
538 1216 621 1260 est
661 1202 864 1273 angelis
891 1212 943 1255 et
974 1200 1278 1273 hominibus
1304 1197 1523 1273 inferior
1544 1198 1565 1249 ?
1583 1198 1733 1273 Audi
1760 1197 1922 1273 Davi.

333 1278 460 1331 dem
506 1266 774 1331 dicentem
813 1271 1080 1339 quomodo
1126 1271 1293 1323 tactus
1338 1270 1405 1321 sit
1446 1267 1648 1337 angelis
1703 1266 1919 1339 minor:

334 1347 480 1412 Quid
508 1356 581 1400 est
614 1346 763 1398 homo
784 1338 921 1411 quod
948 1356 1135 1394 memor
1156 1356 1209 1412 es
1242 1340 1349 1409 ejus
1370 1339 1395 1391 Ρ
1414 1348 1501 1412 aut
1540 1339 1675 1412 ﬁlius
1704 1338 1922 1412 hominis

327 1408 578 1484 {naniam
603 1416 776 1484 visitas
797 1408 917 1467 eum
935 1408 1343 1484 ?Antinuisti_eunt
1370 1410 1526 1484 paulo
1548 1409 1713 1484 minus
1741 1408 1803 1461 ab
1826 1424 1921 1484 an.

329 1478 463 1555 gelis
496 1486 673 1555 (Psal.
699 1482 835 1548 VIII,
866 1484 919 1555 5,
963 1480 1038 1555 6)_.
1084 1480 1233 1555 Quod
1268 1488 1453 1555 autem
1497 1478 1656 1531 David
1698 1480 1811 1555 Ι)ῳο
1852 1478 1920 1532 de

329 1548 557 1610 Clit-isio
594 1557 855 1623 loquatur,
896 1552 1087 1623 Paulus
1130 1550 1220 1603 tibi
1268 1550 1528 1623 interpres
1571 1556 1651 1600 est
1691 1548 1915 1623 dicens:

332 1625 467 1678 Eum
494 1619 688 1689 autem,
711 1624 798 1691 qui
828 1622 1026 1675 modico
1050 1636 1197 1689 quam
1223 1619 1391 1688 angeli
1416 1619 1694 1691 minoralus
1720 1629 1811 1691 est,
1830 1620 1917 1691 Avi-

327 1700 507 1749 demus
547 1686 735 1748 Jesum'
755 1702 959 1762 prapter
994 1686 1274 1762 passionem
1296 1686 1485 1762 'morris
1512 1687 1531 1759 (
1556 1686 1681 1740 lleb.
1731 1687 1910 1762 Il._9g).

329 1766 592 1819 Similiter
640 1757 802 1819 etiam
850 1757 1150 1815 hominibus
1190 1760 1366 1813 minor
1412 1757 1584 1812 factus
1629 1768 1729 1812 est.
1777 1758 1912 1826 Quid

323 1837 454 1889 dicit
483 1837 645 1889 Isaias
673 1835 698 1887 ?
737 1833 966 1887 Vidimus
987 1847 1097 1885 eum
1122 1872 1135 1893 ,
1168 1845 1325 1898 neque
1348 1837 1455 1880 erat
1482 1836 1732 1897 aspectus,
1760 1846 1916 1898 neque

316 1900 500 1971 decor,
533 1917 579 1959 et
610 1914 841 1975 aspectus
883 1903 1003 1975 ejus
1024 1902 1136 1975 sine
1175 1900 1396 1975 honore)
1427 1907 1472 1975 e_t
1494 1898 1736 1975 deﬁciens
1760 1916 1913 1975 supra

322 1967 497 2029 omnes
524 1967 950 2043 [ilios’hominuin
988 1970 1152 2043 (Isai.
1176 1968 1327 2043 LIII,
1349 1968 1409 2043 fi,
1436 1969 1470 2023 5
1493 1968 1529 2043 ὶ.
1562 1967 1784 2043 Propter
1809 1967 1913 2043 hoc

324 2037 563 2100 vermem
595 2059 656 2100 se
680 2059 897 2115 quoque
927 2037 1230 2115 appellavit.
1262 2038 1398 2115 Quid
1430 2039 1570 2115 enim
1599 2037 1910 2115 dic_it?_l£go

321 2125 488 2168 autem
510 2132 623 2168 sum
646 2106 827 2169 vermis
852 2122 898 2166 et
924 2106 1021 2166 non
1047 2112 1193 2164 homo
1225 2114 1241 2178 l_
1266 2108 1410 2162 Psal.
1440 2106 1561 2161 ΧΧΙ
1582 2149 1597 2171 .
1629 2108 1721 2177 7).
1751 2108 1818 2178 Et
1848 2106 1906 2163 in

321 2183 476 2247 Isaia,
503 2186 661 2238 Pater
689 2184 762 2237 illi
792 2184 921 2237 dicit
952 2199 965 2236 :
998 2179 1124 2234 Noli
1149 2177 1341 2244 timere,
1368 2179 1547 2232 vermis
1563 2178 1725 2231 Iacob
1749 2177 1902 2245 (lsai.

320 2254 456 2317 XLI,
492 2254 604 2323 Η).
636 2255 713 2308 De
746 2252 947 2309 celebri
986 2254 1101 2319 ejus
1139 2260 1310 2304 morte
1350 2248 1907 2323 mentitaemlaciens

318 2313 478 2379 dicit:
499 2313 577 2378 Et,
590 2325 962 2393 operimentum
978 2313 1122 2393 trium
1141 2323 1233 2374 erit
1257 2319 1435 2372 verutis
1467 2313 1890 2393 (Is_ai.XIV,I__l)_.

320 2393 567 2468 Oportuit
615 2387 758 2468 enim
779 2409 944 2468 eum,
972 2400 1047 2468 ut_
1075 2391 1392 2461 piscatorem
1431 2387 1767 2455 prudentem,
1801 2389 1897 2468 lul-

318 2466 462 2533 genti
492 2465 657 2519 hamo
684 2464 976 2533 divinitatis
1006 2463 1411 2533 circumponere
1441 2473 1673 2533 vermem
1703 2463 1899 2533 carnis,

312 2528 367 2589 et
422 2536 700 2590 dimittere
752 2535 803 2588 in
850 2528 1377 2601 profundumr’hujus
1429 2529 1591 2589 vitze,
1622 2536 1780 2601 atque
1810 2529 1899 2601 _ita

322 2606 612 2659 draconem
645 2597 919 2667 inescare,
951 2611 1007 2655 ut
1034 2616 1159 2655 vere
1184 2599 1492 2667 impleretur
1516 2599 1657 2667 quod
1706 2600 1756 2651 in
1800 2597 1902 2653 Job

315 2675 580 2728 scribitur
609 2692 625 2727 ε
655 2676 727 2727 An
750 2675 1013 2727 extrahere
1052 2672 1235 2741 poteris
1262 2669 1530 2741 draconem
1548 2668 1774 2735 harno?(
1803 2667 1901 2741 Job

320 2743 443 2805 XL,
479 2745 573 2798 20.
607 2744 628 2813 )
666 2745 834 2798 Simile
875 2753 947 2797 est
974 2739 1134 2813 igitur
1162 2756 1371 2813 regnum
1397 2739 1812 2813 caelorumgrano
1827 2740 1899 2813 si-

313 2817 492 2882 napis.
529 2810 677 2867 Dicet
707 2816 879 2884 itaque
900 2828 967 2867 ex
995 2810 1332 2884 audientibus
1372 2810 1561 2878 aliquis
1587 2827 1599 2861 :
1624 2810 1901 2884 Quomodo

314 2880 456 2938 idem
485 2884 656 2938 factus
683 2894 767 2939 est
794 2880 1014 2952 regnum
1035 2883 1292 2937 ccelorum
1317 2889 1371 2952 ct
1386 2895 1616 2952 granum
1634 2880 1657 2932 ἲ
1676 2894 1898 2949 magnus

321 2964 377 3008 et
419 2969 609 3021 parvus
651 2950 931 3024 quomodo
971 2954 1106 3007 idem
1164 2951 1331 3006 sunt?
1373 2950 1633 3016 Quoniam
1682 2959 1900 3019 propter

319 3024 741 3093 magnitudinem
794 3024 1169 3078 misericordia:
1213 3037 1338 3090 erga
1395 3025 1701 3089 tigmentum
1744 3036 1898 3093 suum

312 3091 567 3148 omnibus
594 3096 775 3149 omnia
814 3093 984 3148 factus
1012 3103 1130 3159 est,
1158 3102 1217 3147 ut
1251 3093 1488 3146 lucretur
1517 3106 1723 3144 onmes.
1756 3091 1899 3146 Deus

311 3174 455 3229 erat,
484 3166 618 3218 sicut
648 3175 702 3220 et
746 3173 829 3218 est
866 3173 920 3219 et
960 3165 1063 3220 erit
1100 3179 1195 3233 per
1236 3174 1480 3216 naturam
1526 3162 1814 3233 propriam,
1844 3171 1899 3215 et

314 3234 482 3288 homo
513 3235 683 3290 lactus
706 3245 790 3290 est
816 3243 1032 3304 pr0pter
1068 3230 1313 3304 nostram
1333 3230 1580 3304 salutem.
1614 3230 1659 3304 ο
1682 3232 1897 3285 altitudo

310 3306 609 3357 divitiarum
653 3301 930 3369 sapientitu
950 3315 995 3357 et
1031 3306 1251 3358 mentite
1281 3301 1373 3355 Dei
1397 3343 1412 3367 ,
1439 3318 1588 3371 quam
1616 3302 1897 3371 incompre-

311 3374 588 3428 hensibilia
630 3386 744 3428 sunt
765 3377 963 3444 judicia
1000 3377 1141 3444 ejus,
1186 3384 1233 3428 et
1270 3372 1634 3444 inuestigabiles
1657 3375 1752 3425 vite
1788 3374 1897 3441 ejus

311 3444 493 3512 (Rom.
523 3444 618 3510 XI,
643 3447 736 3515 55)
761 3448 774 3499 !
806 3443 851 3499 Ο
878 3443 1119 3515 granum,
1149 3460 1244 3514 per
1271 3443 1413 3515 quod
1439 3444 1608 3515 lactus
1628 3453 1711 3497 est
1738 3458 1894 3497 mun-

309 3516 437 3577 dus,
460 3532 556 3582 per
575 3517 713 3584 quod
739 3514 971 3570 tenebrae
991 3515 1280 3584 dissipatae,
1298 3522 1351 3568 et
1379 3514 1613 3567 Ecclesia
1642 3522 1895 3568 renovata

309 3588 436 3639 est!
474 3586 585 3639 Hoc
631 3602 853 3655 granum
887 3588 936 3639 in
975 3601 1133 3639 cruce
1180 3599 1494 3654 suspensum
1536 3593 1732 3655 tantam
1786 3585 1894 3639 vim

313 3655 522 3715 habuit.
548 3664 604 3708 ut
625 3653 923 3723 quanquam
954 3657 1124 3725 ipsum
1147 3653 1289 3710 esset
1315 3655 1566 3716 vinctum,
1588 3653 1750 3707 verbo
1774 3664 1892 3725 tan-

311 3736 428 3778 tum
461 3725 723 3779 latrantem
753 3742 782 3779 a
812 3727 951 3796 ligno
980 3724 1220 3795 raperet,
1252 3735 1306 3778 et
1334 3725 1396 3796 in
1417 3725 1632 3778 delicias
1663 3724 1892 3796 paradisi

310 3796 685 3866 circumferret
709 3814 721 3847 :
750 3794 1094 3866 hoc—granum
1119 3797 1171 3848 in
1201 3796 1365 3866 latere
1387 3794 1567 3866 lancea
1596 3794 1889 3866 perfossum

309 3865 730 3919 immortalitatis
762 3864 944 3935 pomin
971 3866 1271 3919 sitientibus
1300 3865 1573 3935 distillavit
1603 3884 1615 3917 :
1645 3864 1748 3917 hoc
1773 3879 1894 3933 gra-

310 3951 446 3987 num
477 3935 676 4003 sinapis
696 3952 725 3989 a
753 3934 894 4007 ligno
923 3937 1152 3990 delatum
1179 3946 1230 3989 et
1263 3936 1313 3987 in
1346 3934 1498 3988 horto
1529 3936 1756 4007 positum
1787 3943 1895 3989 ter-

307 4021 430 4059 ram
463 4021 675 4060 omnem
702 4003 863 4061 raniis
892 4007 1262 4061 obumbravit:
1284 4007 1382 4059 hoc
1406 4020 1626 4074 granum
1657 4005 1709 4058 in
1738 4003 1894 4059 l-orto

309 4078 579 4142 positum,
604 4077 803 4132 radices
832 4093 956 4132 suas
990 4078 1042 4130 in
1069 4075 1336 4130 infernum
1365 4075 1671 4139 demittens,
1702 4084 1751 4127 et
1776 4077 1888 4129 “mi-

306 4159 441 4200 mas
489 4160 608 4214 qua:
649 4148 717 4200 ibi
757 4158 905 4203 erant
943 4163 1124 4201 secum
1160 4147 1461 4214 abripiens,
1494 4147 1628 4199 intra
1661 4144 1891 4202 triduum

304 4216 366 4267 in
414 4216 614 4269 malum
652 4215 766 4287 illas
793 4219 1009 4272 retulit:
1042 4216 1141 4270 hoc
1186 4233 1405 4287 granum
1435 4216 1636 4285 sinapis
1664 4216 1714 4269 in
1748 4216 1892 4285 ligno

304 4287 610 4339 contritum
634 4286 995 4343 advel-sarium
1027 4287 1181 4342 nobis
1198 4286 1507 4355 serpentem
1543 4288 1761 4341 humore
1783 4289 1891 4341 acri

304 4355 553 4410 aiticiens
579 4357 884 4411 obscuravit
905 4398 919 4421 ,
947 4368 1000 4411 et
1037 4358 1304 4411 infernum
1332 4372 1358 4409 a
1396 4371 1584 4410 somno
1613 4360 1849 4411 excitans
1872 4399 1886 4423 ,

303 4426 358 4478 in
392 4426 646 4481 eumdem
674 4443 838 4495 quem
867 4428 1146 4494 reliquerat
1174 4428 1348 4481 locum
1377 4427 1549 4481 redire
1574 4427 1765 4496 coegit.
1801 4428 1891 4482 Si-

304 4496 428 4568 mi.’e
464 4496 639 4568 igitur
686 4507 760 4549 est
802 4513 1006 4568 regnum
1046 4498 1287 4552 caelorum
1332 4514 1490 4568 grano
1515 4499 1727 4565 sinapis,
1757 4499 1892 4567 quod

303 4566 566 4638 accipiens
586 4566 738 4620 homo
754 4566 1008 4621 seminavit
1034 4570 1085 4622 in
1112 4569 1258 4621 horto
1279 4584 1391 4621 suo.
1418 4566 1629 4622 Semina
1653 4569 1753 4623 hoc
1770 4566 1891 4638 gra-

302 4650 436 4707 num
463 4636 663 4707 sinapis
691 4638 742 4691 in
767 4639 920 4693 horto
944 4640 1137 4692 anima:
1155 4649 1277 4701 tum,
1304 4647 1363 4691 ut
1388 4647 1442 4691 tu
1472 4653 1681 4707 quoque
1702 4636 1849 4693 dicas
1874 4658 1888 4694 :

304 4706 500 4777 Surge,
530 4705 732 4775 Aquilo,
755 4720 801 4762 et
827 4709 960 4775 veni,
989 4709 1190 4771 Auster,
1224 4708 1385 4777 per/la
1409 4705 1610 4760 hortum
1639 4724 1823 4769 meum.
1845 4721 1892 4764 et

304 4725 500 4772 Surge,
530 4725 732 4775 nquito,
755 4725 801 4762 et
827 4726 960 4775 vent,
989 4725 1190 4771 auster,
1259 4725 1385 4777 erpa
1409 4725 1610 4760 hortum
1639 4725 1823 4769 meum.
1845 4725 1890 4764 et

298 4776 471 4843 ﬂuant
517 4788 747 4849 aromata
791 4796 902 4832 mea
952 4778 1136 4848 (Cant.
1167 4725 1270 4842 ΗΓ,
1316 4776 1444 4848 16).
1474 4778 1530 4833 Si
1563 4780 1663 4849 hoc
1691 4780 1890 4849 sinapis

296 4861 533 4920 granum
564 4846 759 4920 habeas
783 4852 833 4903 in
854 4846 1009 4903 horto
1030 4852 1223 4903 animae
1251 4858 1375 4911 tum,
1395 4846 1533 4902 dicet
1562 4848 1651 4902 tibi
1681 4846 1891 4920 quoque

299 4917 570 4990 propheta
598 4934 611 4968 :
637 4917 707 4990 Et
738 4922 833 4973 eris
868 4921 1009 4989 quasi
1039 4921 1215 4973 hortus
1245 4920 1499 4990 irrigans,
1530 4929 1574 4972 et
1602 4917 1725 4971 sicut
1754 4917 1886 4990 fons,

302 4986 453 5060 rujus
482 5003 585 5039 non
613 4987 842 5055 deﬁcient
870 4986 1011 5060 aqua
1036 4992 1053 5060 (
1080 4990 1210 5044 lsai.
1236 4986 1415 5053 LVIII,
1449 4991 1510 5043 Η
1542 4993 1575 5055 ).
1608 4991 1664 5043 Si
1693 4986 1891 5045 Ita-beas

300 5053 685 5130 hoc‘granum'
717 5060 770 5112 in
815 5053 969 5113 horto
1008 5053 1199 5115 anima:
1243 5071 1369 5126 tum,
1400 5072 1454 5113 et
1491 5053 1607 5127 ejus
1637 5063 1889 5130 unguenti

300 5126 576 5194 particeps
602 5129 696 5191 sis,
729 5130 818 5183 tibi
846 5132 1002 5183 etiam
1038 5133 1233 5186 dicitur
1263 5150 1277 5184 :
1312 5130 1453 5183 Odor
1487 5126 1890 5185 uestimentorum

298 5206 513 5273 tuorum
539 5199 666 5251 sicut
684 5200 810 5253 odor
826 5202 986 5273 thuris
1005 5202 1179 5273 (Cant.
1202 5199 1288 5261 IV,
1312 5199 1507 5273 11,712,
1534 5201 1645 5269 l5);
1671 5200 1770 5255 hoc
1786 5210 1886 5266 est,

296 5268 548 5321 Carnium
565 5278 771 5324 tuarum
789 5272 923 5325 odor
943 5268 1150 5327 utodor
1166 5273 1336 5325 thuris
1365 5289 1377 5323 :
1400 5272 1572 5324 hortus
1596 5268 1888 5338 conclusus,

297 5347 423 5459 fons
452 5340 704 5407 signatus,
746 5344 1036 5395 emissiones
1066 5352 1182 5395 luat.
1218 5343 1329 5396 Hoc
1353 5356 1575 5411 granum
1606 5342 1805 5410 sinapis
1836 5343 1888 5396 itt

322 5410 450 5459 iano
483 5410 765 5459 contritum
796 5419 851 5459 et
870 5408 1189 5459 fermentum
1230 5412 1423 5459 factum
1454 5413 1520 5459 ah
1545 5413 1737 5459 artium
1776 5428 1888 5459 om.

322 5410 450 5477 igno
483 5410 765 5463 contritum
796 5419 851 5465 et
870 5408 1189 5466 fermentum
1230 5408 1423 5467 factum
1454 5413 1520 5467 ab
1545 5408 1738 5467 artium
1776 5428 1893 5467 om-

298 5486 454 5531 mum
491 5482 657 5546 perita
690 5491 743 5534 et
767 5482 1054 5536 immortali
1082 5484 1365 5551 sapientia,
1397 5486 1621 5540 mixtum
1649 5499 1768 5539 cum
1800 5484 1891 5536 tri~

294 5551 393 5599 bus
417 5552 611 5617 [armis
637 5553 781 5625 satis,
813 5553 913 5605 hoc
937 5562 1020 5605 est
1044 5594 1057 5615 ,
1092 5555 1290 5615 anima,
1324 5570 1545 5623 corpore
1575 5566 1628 5611 ct
1656 5557 1845 5625 spiritu
1872 5595 1886 5620 ,

295 5628 481 5673 totum
520 5633 691 5687 genus
721 5622 1006 5674 Iunuanum
1040 5625 1090 5675 in
1124 5639 1283 5677 uuam
1327 5626 1482 5679 [idem
1529 5622 1887 5681 ferméntavit.

290 5687 469 5754 llujus
519 5690 762 5759 mysterii
804 5692 1085 5763 imaginem
1131 5695 1398 5751 Abraham
1447 5705 1501 5751 et
1540 5698 1655 5766 ejus
1696 5696 1892 5764 conjnx

2031 448 2166 531 Sara
2178 447 2563 535 habitantesin
2586 450 2824 535 tentorio
2844 448 2948 531 sub
2967 462 3173 535 quercu
3188 450 3438 535 iManrbre
3453 468 3599 535 Apro-

2029 520 2164 588 priis
2185 518 2439 589 manibus
2462 520 3041 589 pinxerunt.Cogimur
3061 520 3226 583 enim,
3251 536 3284 575 ο
3306 518 3510 589 dilecti,
3541 526 3595 580 in

2029 603 2279 662 sermone
2298 588 2688 658 digressionem
2712 588 2908 662 facere.
2923 589 3055 662 Quis
3078 590 3149 643 sit
3169 590 3462 654 Abraham,
3477 609 3598 662 quae

2030 657 2185 729 Sara.
2218 657 2626 729 qugaegiquercus,
2657 660 2785 727 quid
2823 659 3147 723 tentorium,
3176 662 3259 713 vel
3293 662 3384 727 qui
3427 657 3596 729 panes

2027 726 2375 799 subcinericii
2405 745 2417 780 :
2443 742 2611 796 quare
2641 726 2710 781 ibi
2745 738 2854 782 tres
2882 743 3151 799 mensura;
3183 726 3521 799 similaginis,
3543 742 3597 784 et

2029 796 2115 866 hic
2138 795 2346 858 farinae,
2362 812 2584 851 necesse
2599 805 2680 852 est
2701 809 2950 852 accurate
2971 797 3294 866 disquirere.
3310 795 3448 864 Quid
3472 809 3594 854 tan-

2026 862 2146 937 dem
2183 872 2267 937 est
2298 866 2603 937 Abraham?
2630 868 2929 934 explicatur
2947 862 3097 937 patei
3118 862 3594 922 electus'multitu-

2027 932 2205 1004 diuis.
2226 931 2361 999 Quis
2388 950 2515 988 vero
2542 931 2710 1004 fuerit
2745 947 2894 1004 pater
2916 931 3142 999 eiectus,
3174 938 3278 991 nisi
3314 937 3500 993 Deus?
3529 940 3594 994 de

2026 1018 2135 1077 quo
2157 1002 2362 1077 dictum
2387 1011 2503 1077 est:
2533 1002 2597 1056 In
2632 1002 2833 1077 omnem
2862 1016 3065 1077 (erraui
3086 1007 3250 1077 exivit
3269 1024 3426 1061 sonus
3457 1007 3592 1077 ejus,

2024 1081 2073 1123 et
2096 1072 2152 1124 in
2176 1073 2307 1143 ﬁnges
2339 1073 2479 1143 orbis
2509 1082 2659 1127 terra:
2684 1075 2838 1127 verba
2864 1075 2974 1143 ejus
3003 1073 3179 1140 (Rom.
3209 1074 3277 1137 Χ,
3314 1077 3425 1143 18).
3453 1072 3592 1142 Quid

2026 1149 2204 1193 autem
2239 1141 2406 1195 Sara‘l
2426 1143 2728 1212 explicatur
2755 1141 3066 1211 imperatrix
3100 1151 3153 1196 et
3174 1141 3409 1198 duetrix'.
3438 1141 3594 1211 Quae-

2024 1224 2149 1262 nam
2172 1226 2300 1266 vero
2320 1211 3091 1280 fuerit’nostrumiimperatrix
3125 1220 3177 1263 et
3216 1213 3454 1276 dnctrix,
3488 1215 3593 1268 nisi

2025 1292 2250 1347 prorsus
2274 1280 2535 1349 sapientia
2557 1279 2732 1335 Patris
2749 1279 2771 1331 ‘l
2790 1279 2929 1346 Quid
2950 1282 3240 1335 tentorium
3262 1283 3364 1336 sub
3388 1298 3590 1349 quercu

2026 1349 2295 1402 Mambre‘t
2315 1360 2458 1403 certe
2480 1350 2719 1403 Ecclesia
2739 1364 2767 1402 a
2791 1364 2952 1404 cruce
2970 1359 3131 1403 tecta.
3151 1352 3295 1404 Crux
3321 1353 3594 1406 assimila-

2023 1424 2113 1487 tgur
2138 1420 2387 1485 quercui.
2422 1434 2487 1472 eo
2514 1418 2658 1487 quod
2683 1420 2887 1486 lignum
2918 1419 3151 1471 validum
3183 1421 3324 1474 sitet
3356 1422 3591 1475 ﬁrmum.

2023 1485 2163 1557 Quid
2178 1495 2284 1540 tres
2299 1485 2564 1542 mensura:
2583 1485 2938 1557 similaginis?
2960 1488 3180 1541 omnino
3199 1503 3356 1553 sane,
3383 1498 3441 1544 ut
3468 1498 3595 1543 ante

2022 1555 2152 1618 dixi,
2176 1566 2366 1628 natura
2398 1559 2652 1628 humana,
2683 1572 2747 1610 ex
2769 1555 2953 1611 anima
2975 1565 3027 1609 et
3053 1558 3243 1628 spiritu
3265 1567 3319 1611 et
3366 1574 3594 1628 corpore

2022 1633 2298 1678 constans.
2314 1624 2386 1696 Ita
2398 1627 2541 1679 enim
2559 1641 2657 1680 nos
2669 1624 3175 1696 docuitApostolus.
3195 1627 3382 1682 dicens
3407 1646 3420 1681 :
3456 1624 3592 1681 Deus

2024 1710 2141 1763 vero
2159 1695 2419 1747 custodiat
2438 1710 2624 1763 corpus
2645 1705 2902 1759 nostrum,
2918 1695 2969 1749 et
3004 1697 3255 1758 animam,
3273 1706 3319 1750 et
3349 1698 3593 1763 spiritum

2025 1763 2067 1832 (l
2098 1762 2273 1816 Thess.
2306 1763 2369 1825 V,
2407 1762 2535 1829 25).
2562 1767 2770 1834 Accipit
2799 1768 2963 1834 igitur
2992 1767 3258 1833 sapientia
3294 1767 3387 1821 Dei
3434 1767 3592 1831 Sara,

2020 1834 2233 1906 ductrix
2269 1834 2384 1887 sive
2422 1834 2768 1906 imperatrix;
2810 1835 3034 1906 accipit,
3058 1836 3315 1906 inquam,
3348 1850 3590 1906 corpus,

2021 1902 2254 1974 animam
2284 1912 2336 1956 ct
2360 1903 2631 1974 spiritum,
2662 1912 2715 1958 et
2743 1902 3028 1958 abscondit
3056 1905 3109 1958 in
3146 1902 3448 1974 igneaboc
3470 1902 3592 1970 'est,

2021 1971 2362 2025 inexstineta-
2395 1972 2664 2027 divinitati
2697 1974 2841 2027 Iaces
2871 1971 3192 2042 praeferens}
3218 1983 3271 2027 et
3306 1972 3435 2027 iacit
3484 1984 3594 2029 tres

2059 2054 2190 2094 anes
2210 2050 2472 2109 secretos,
2497 2043 2597 2093 hoc.
2626 2052 2708 2096 est
2738 2044 2791 2094 iu
2827 2051 3035 2096 secreto
3057 2044 3238 2097 carnis
3259 2052 3490 2109 nostrae,
3537 2044 3593 2098 in

2046 2111 2235 2179 fatrem
2247 2122 2296 2162 et
2320 2108 2514 2162 Filium
2536 2121 2589 2164 et
2612 2109 2875 2179 Spiritum
2898 2120 3143 2165 sanctum
3163 2108 3591 2167 confessionem.

2018 2177 2334 2251 Qpportune
2362 2180 2536 2251 vobis,
2561 2194 2594 2233 ο
2622 2177 2829 2242 dilecti,
2858 2179 3055 2234 lectum
3097 2189 3181 2235 est
3215 2180 3589 2251 Evangelium.

2017 2243 2361 2301 Fei-mentum
2422 2248 2477 2301 in
2550 2263 2717 2315 panes
2771 2256 3192 2316 trausmutatur,
3243 2243 3471 2318 granum
3537 2253 3591 2305 in

2009 2318 2153 2372 olera
2198 2335 2211 2371 :
2258 2333 2421 2387 panes
2474 2333 2604 2373 vero
2647 2327 2702 2372 et
2745 2319 2888 2374 olera
2946 2320 3268 2386 jejuniorum
3318 2334 3440 2378 sunt
3479 2326 3593 2379 via-

2010 2387 2109 2441 tica
2138 2389 2246 2464 :ad
2281 2404 2398 2464 quae
2450 2405 2545 2443 nos
2589 2389 2806 2464 dirigat‘
2831 2390 3260 2464 DominusJesus
3279 2394 3394 2448 sine
3414 2397 3589 2464 culpa,

2007 2472 2127 2536 cum
2175 2457 2360 2527 jejunii
2404 2474 2628 2536 cursum
2672 2457 3004 2536 cpnlicitnus.
3038 2460 3222 2536 Simile
3264 2457 3593 2536 estregnunt

2007 2528 2247 2599 ctelorum
2276 2546 2432 2598 grano
2458 2530 2672 2599 sinapis.
2704 2530 2822 2585 Vim
2858 2529 3014 2599 hujus
3040 2533 3400 2588 similitudinis
3437 2528 3591 2590 itullo

2005 2598 2111 2671 alio
2150 2599 2308 2671 modo
2339 2598 2630 2667 poteriuttts
2665 2598 2984 2667 concipere,
3026 2602 3125 2655 nisi
3166 2606 3311 2671 prius
3339 2606 3588 2659 subsunt-

2008 2670 2153 2735 tiam,
2167 2670 2417 2743 _colorem
2438 2711 2473 2743 ,_
2506 2680 2560 2724 et
2585 2671 2999 2743 magnitudinem
3047 2670 3245 2741 sinapis
3290 2678 3590 2743 perpenda-

2006 2752 2144 2791 mus.
2164 2740 2256 2792 Est
2276 2741 2417 2793 enim
2434 2741 2602 2808 sinapi
2625 2741 2766 2795 mole
2786 2742 2999 2814 quidem
3024 2740 3239 2809 parvum
3262 2740 3587 2814 {postquam

2005 2822 2131 2861 vero
2172 2818 2343 2863 satum
2387 2819 2441 2862 et
2480 2820 2658 2863 natum
2700 2819 2813 2877 est,
2855 2812 3001 2864 olera
3038 2814 3215 2865 omnia
3259 2812 3588 2868 incremento

2006 2887 2243 2949 superat,
2276 2888 2440 2948 atque
2465 2879 2745 2934 altitudine
2769 2895 3145 2948 ramorumque
3164 2884 3313 2949 copia
3336 2892 3389 2937 et
3413 2886 3588 2937 multi-

2005 2948 2185 3003 tudine
2228 2948 2472 3003 foliorum
2502 2958 2693 3003 cratera
2714 2950 2875 3003 vineit
2907 2968 2919 3003 :
2951 2951 3189 3003 umbram
3220 2948 3361 3005 enim
3389 2954 3574 3009 eltieit.

2002 3017 2138 3093 adeo
2166 3027 2223 3093 ut
2252 3033 2378 3074 aves
2397 3019 2706 3093 advolantes
2729 3018 2932 3088 pos-int
2961 3020 3192 3093 insidere
3218 3030 3271 3075 et
3294 3022 3380 3075 illa
3406 3026 3586 3093 quiete

2004 3088 2127 3161 frui.
2160 3088 2326 3144 Gustu
2353 3104 2567 3160 quoque
2592 3090 2787 3145 bonmu
2830 3100 2909 3143 est
2936 3089 3107 3155 valde,
3140 3101 3193 3145 et
3214 3088 3467 3161 qualitate
3495 3110 3585 3148 ca-

2003 3159 2170 3214 lidum
2194 3202 2209 3227 ,
2242 3159 2400 3231 atque
2441 3163 2506 3215 ad
2546 3161 2796 3213 interiora
2840 3161 3074 3213 sananda
3113 3159 3314 3230 aptum.
3345 3162 3585 3219 Hominis

2004 3238 2229 3297 tantum,
2277 3232 2579 3301 nnlliusque
2620 3231 2842 3283 alterius
2890 3231 3134 3285 animalis
3183 3234 3332 3287 cibus
3379 3246 3479 3290 est.
3526 3237 3582 3290 In

2001 3302 2285 3371 superﬁcie
2312 3302 2485 3356 rufum
2512 3310 2629 3366 est,
2665 3303 2805 3355 intus
2833 3316 2962 3355 vero
2988 3302 3163 3355 album
3191 3317 3427 3369 apparet.
3458 3306 3583 3361 [lare

2000 3383 2084 3424 est
2111 3373 2271 3426 oleris
2301 3384 2508 3434 natura,
2535 3383 2589 3426 et
2617 3371 2837 3425 seminis
2861 3371 3183 3425 eucomium.
3222 3374 3279 3428 Si
3311 3391 3437 3429 vero
3469 3393 3580 3432 rem

2001 3454 2245 3513 accurate
2268 3443 2564 3513 disquirere
2590 3442 2833 3513 velimus,
2863 3442 3253 3513 comperiemns
3276 3446 3579 3513 parabolam

2001 3512 2100 3580 ipsi
2121 3511 2390 3585 Servatori
2413 3522 2737 3585 competere.
2757 3511 2852 3566 Est
2875 3512 3017 3585 enim
3041 3512 3126 3585 ille
3148 3511 3342 3581 parvus
3357 3531 3582 3585 COIlSpt’-

2001 3592 2110 3653 ctu,
2139 3584 2313 3637 brevis
2342 3585 2392 3637 in
2426 3584 2526 3636 hoc
2553 3583 2769 3647 mundo,
2799 3592 2853 3636 et
2881 3584 2931 3637 in
2959 3583 3096 3653 ccelo
3110 3599 3351 3653 magnus.
3384 3583 3582 3642 Hic—est

2000 3652 2167 3707 Filius
2199 3653 2427 3707 hominis
2461 3661 2516 3706 et
2564 3654 2704 3706 Deus
2730 3694 2743 3715 ,
2775 3669 2893 3707 cum
2922 3654 2991 3707 sit
3022 3652 3185 3707 Filius
3206 3652 3303 3707 Dei
3330 3672 3342 3706 :
3373 3656 3455 3709 hic
3484 3674 3582 3710 nu-

2002 3738 2176 3777 meros
2202 3738 2386 3776 omnes
2413 3731 2621 3790 superat
2644 3764 2658 3787 ,
2688 3732 2919 3777 mternus
2945 3733 3045 3785 est,
3080 3724 3380 3789 invisibilia,
3409 3728 3591 3789 caelus

2000 3794 2116 3853 Stis,
2146 3794 2234 3863 qui
2262 3795 2328 3846 ab
2354 3792 2656 3845 hominibus
2688 3800 2891 3847 tantum
2920 3793 3160 3847 Iidelibm
3191 3794 3573 3850 manducatur:

2000 3863 2085 3916 hic
2112 3864 2370 3917 contritus
2410 3864 2508 3917 fuit
2526 3905 2540 3924 ,
2568 3872 2621 3915 et
2646 3873 2766 3931 post
2793 3864 3092 3930 passionem
3120 3864 3288 3917 factus
3316 3874 3397 3917 est
3423 3866 3580 3918 albus

1998 3935 2136 3988 sicut
2175 3935 2255 3989 Iac
2289 3953 2301 3987 :
2329 3935 2413 3989 hic
2442 3934 2612 4001 major
2638 3942 2721 3985 est
2748 3934 2865 3986 aliis
2890 3934 3138 3988 omnibus
3180 3934 3411 3989 oleribus
3441 3952 3454 3985 :
3489 3935 3577 3989 hic

1998 4014 2078 4057 est
2110 4003 2426 4058 indivisibile
2454 4004 2623 4057 Patris
2650 4003 2883 4057 Verbum
2915 4021 2926 4054 ε
2959 4003 3042 4056 hic
3068 4011 3150 4056 est.
3174 4004 3225 4057 iu
3252 4019 3358 4072 quo
3385 4006 3578 4059 volati-

1999 4074 2066 4127 lia
2097 4075 2215 4129 caali
2256 4076 2545 4129 inhabitant
2572 4090 2587 4137 ;
2618 4074 2889 4143 prOphetaz
2917 4074 3163 4128 nimirum
3186 4115 3201 4138 ,
3255 4076 3480 4143 apostoli
3524 4087 3578 4131 et

1998 4159 2184 4198 omnes
2221 4147 2307 4215 qui
2353 4146 2522 4199 vocati
2562 4153 2725 4199 sunt:
2762 4145 2847 4199 hic
2892 4153 2974 4199 est
3019 4144 3107 4213 qui
3146 4145 3337 4198 annua:
3382 4156 3579 4201 nostra:

1999 4215 2212 4270 morbos
2256 4216 2431 4270 calore
2473 4216 2571 4269 sibi
2606 4216 2820 4285 proprio
2860 4223 3137 4283 repurgat,
3167 4217 3267 4270 sub
3308 4230 3414 4283 quo
3456 4231 3580 4271 rore

1998 4289 2347 4356 aspergimur,
2375 4286 2475 4340 sub
2495 4284 2690 4356 quo’ab
2718 4288 2874 4352 hujus
2900 4289 3077 4338 mundi
3105 4284 3317 4340 fervore
3339 4288 3578 4356 contegi-

1998 4370 2118 4409 mur
2153 4374 2165 4409 :
2193 4359 2278 4411 hic
2304 4367 2384 4410 est
2413 4358 2500 4423 qni
2533 4372 2626 4425 per
2665 4366 2888 4410 mortem
2921 4357 2972 4409 in
2999 4364 3138 4409 terra
3174 4367 3320 4410 satus
3362 4367 3475 4422 est,
3524 4365 3579 4410 et

1998 4425 2069 4479 ibi
2104 4426 2329 4481 fructum
2359 4429 2493 4489 tulit,
2520 4435 2640 4496 post
2668 4428 2897 4481 triduum
2919 4435 3132 4479 sanctos
3156 4442 3219 4481 ex
3247 4436 3578 4480 mortuorum

1998 4498 2258 4564 sepulcris
2285 4499 2559 4553 suscitavit
2587 4515 2599 4549 :
2630 4498 2715 4552 hic
2750 4508 2831 4551 est
2870 4497 2962 4565 qui
2993 4510 3088 4564 per
3128 4498 3575 4549 resurrectionem

1998 4568 2248 4637 omnibus
2291 4569 2563 4637 prophetis
2594 4568 2763 4637 major
2803 4568 3047 4637 apparuit
3078 4583 3090 4618 :
3125 4566 3211 4618 hic
3248 4575 3331 4637 est
3366 4567 3452 4633 qui
3483 4579 3577 4637 per

1998 4635 2268 4691 efﬂuvium
2294 4635 2469 4692 Patris
2498 4635 2879 4692 oinnia'sisrvat
2908 4654 2922 4689 :
2957 4636 3041 4689 hic
3065 4646 3147 4689 est
3171 4636 3258 4703 qui
3283 4650 3313 4687 a
3342 4644 3482 4691 terra
3509 4635 3577 4688 ad

1998 4710 2164 4763 caelos
2188 4708 2441 4772 efﬂoruit,
2473 4708 2561 4778 qui
2590 4710 2641 4760 in
2671 4708 2891 4777 proprio
2916 4720 3060 4778 agrtr
3074 4714 3364 4778 senunatus
3385 4714 3492 4778 est,
3523 4706 3577 4761 in

1999 4779 2202 4842 mundo
2225 4780 2450 4841 scilicet,
2474 4775 2526 4833 et
2551 4794 2643 4830 eos
2668 4775 2833 4847 quiin
2857 4792 2915 4832 se
2940 4775 3229 4831 credebant
3259 4776 3398 4831 Patri
3424 4779 3580 4830 obtu-

1998 4850 2076 4904 lit.
2108 4849 2152 4903 Ο
2181 4865 2363 4904 semen
2388 4850 2508 4901 vitae
2530 4863 2560 4901 a
2593 4847 2701 4901 Deo
2725 4849 2880 4902 Patre
2906 4849 2957 4901 in
2988 4857 3126 4901 terra
3153 4848 3512 4902 seminatum!
3544 4863 3580 4901 ο

1998 4919 2411 4974 immortalitatis
2440 4933 2655 4987 germen
2682 4934 2711 4971 a
2740 4928 2790 4972 te
2820 4920 3045 4972 nutritos
3073 4934 3193 4973 cum
3242 4920 3347 4973 Deo
3386 4932 3577 4972 recon-

1996 4992 2218 5044 cilians!
2251 5007 2284 5044 o
2311 4990 2469 5043 arbor
2493 4989 2699 5043 excelsa
2724 5031 2740 5055 ,
2768 5006 2887 5059 qua:
2926 5004 2954 5040 a
2985 4990 3105 5044 solo
3149 4991 3305 5046 Patre
3345 4988 3576 5042 colitur!

2000 5062 2124 5114 Ilaec
2164 5062 2322 5114 arbor
2348 5074 2411 5112 ex
2442 5059 2604 5114 corde
2650 5060 2819 5113 Patris
2863 5068 2979 5114 orta
3006 5069 3121 5125 est,
3152 5062 3266 5113 haec
3308 5059 3467 5111 arbor
3509 5071 3576 5110 ex

2000 5132 2264 5206 thesauris
2293 5131 2686 5206 Dmnipotentis
2723 5130 2959 5185 efﬂoruit
2988 5149 3001 5183 :
3033 5131 3147 5184 base
3176 5130 3411 5206 arborjn
3438 5126 3579 5206 etei»

1999 5202 2204 5275 radices
2232 5202 2410 5275 habet,
2525 5202 2722 5275 mundo
2748 5213 2925 5275 autem
2949 5216 3235 5275 apparens,
3256 5198 3323 5251 ab
3350 5196 3577 5275 homini-

2000 5273 2097 5326 bus
2123 5273 2445 5340 decerpitur.
2476 5273 2519 5326 D
2549 5274 2723 5340 planta
2768 5288 2887 5341 qua:
2916 5272 2967 5324 iu
2995 5280 3134 5324 terra
3154 5270 3283 5341 visa
3309 5275 3412 5329 est,
3443 5278 3497 5319 et
3525 5270 3578 5321 in

1998 5344 2151 5397 cmlis
2192 5342 2455 5398 efﬂoruit!
2497 5360 2529 5396 ο
2554 5358 2737 5397 semen
2779 5340 2994 5410 parvum
3040 5340 3251 5410 quidem
3281 5351 3578 5406 apparens,

1998 5414 2137 5482 apud
2182 5414 2390 5488 Patrem
2439 5424 2615 5467 autem
2659 5408 2829 5488 majus
2879 5408 3161 5465 omnibus!
3192 5408 3321 5488 _Iloe
3361 5423 3578 5488 germen

2000 5479 2160 5538 etiam
2195 5486 2245 5537 in
2276 5483 2483 5538 inferno
2508 5479 3004 5538 mortuis'exortum
3030 5489 3111 5533 est
3143 5496 3155 5532 :
3192 5479 3351 5547 hujus
3378 5479 3580 5533 fructus

2000 5556 2096 5609 luit
2142 5556 2423 5630 hominum
2454 5555 2775 5630 resurrectio
2804 5569 2818 5606 :
2849 5553 2950 5604 hoc
2996 5550 3163 5630 morti
3196 5551 3378 5619 injecit
3419 5551 3580 5605 telum

2002 5625 2331 5680 mortiferum
2368 5644 2380 5678 :
2412 5625 2513 5679 hoc
2540 5624 2828 5678 adorarunt
2851 5622 3032 5675 tartari
3057 5622 3305 5691 parietes,
3331 5637 3465 5691 genu
3494 5637 3575 5673 vni

2000 5695 2318 5753 ﬂectendum
2367 5695 2722 5752 inclinantes;
2750 5692 2907 5763 hujus
2938 5698 3071 5748 rami
3113 5703 3280 5750 totum
3324 5691 3583 5748 uutudum
