  <div class='ocr_page' id='page_1' title='image "/cluster/home/n/w/nwhite01/storage/ocr_20150623/64/hvd.32044073501959/028.png"; bbox 0 0 4058 6218; ppageno 0'>
   <div class='ocr_carea' id='block_1_1' title="bbox 236 362 3511 429">
    <p class='ocr_par' dir='ltr' id='par_1_1' title="bbox 236 362 3511 429">
     <span class='ocr_line' id='line_1_1' title="bbox 236 362 3511 429; baseline 0 -12"><span class='ocrx_word' id='word_1_1' title='bbox 236 371 305 426; x_wconf 65' lang='lat'><strong>27</strong></span> <span class='ocrx_word' id='word_1_2' title='bbox 1593 362 1836 418; x_wconf 62' lang='grc' dir='ltr'>ςινιῖιιιλ</span> <span class='ocrx_word' id='word_1_3' title='bbox 1874 364 2204 429; x_wconf 59' lang='grc' dir='ltr'><strong>Οίῖίῐίἷὶλλῐ.</strong></span> <span class='ocrx_word' id='word_1_4' title='bbox 3441 376 3511 425; x_wconf 61' lang='lat'><strong>23</strong></span> 
     </span>
    </p>
   </div>
   <div class='ocr_carea' id='block_1_2' title="bbox 242 482 1830 555">
    <p class='ocr_par' dir='ltr' id='par_1_2' title="bbox 242 482 1830 555">
     <span class='ocr_line' id='line_1_2' title="bbox 242 482 1830 555; baseline -0.008 -12"><span class='ocrx_word' id='word_1_5' title='bbox 242 502 519 555; x_wconf 79' lang='lat' dir='ltr'><strong>nusquam,</strong></span> <span class='ocrx_word' id='word_1_6' title='bbox 560 487 698 555; x_wconf 76' lang='lat' dir='ltr'><strong>fecit;</strong></span> <span class='ocrx_word' id='word_1_7' title='bbox 731 498 1012 553; x_wconf 83' lang='lat' dir='ltr'><strong>nusquam,</strong></span> <span class='ocrx_word' id='word_1_8' title='bbox 1044 486 1235 552; x_wconf 78' lang='lat' dir='ltr'><strong>furtum</strong></span> <span class='ocrx_word' id='word_1_9' title='bbox 1288 491 1408 555; x_wconf 54' lang='lat' dir='ltr'><strong>fit:</strong></span> <span class='ocrx_word' id='word_1_10' title='bbox 1445 498 1545 555; x_wconf 60' lang='lat' dir='ltr'><strong>non</strong></span> <span class='ocrx_word' id='word_1_11' title='bbox 1577 483 1721 555; x_wconf 60' lang='lat' dir='ltr'><strong>cuitu</strong></span> <span class='ocrx_word' id='word_1_12' title='bbox 1762 482 1830 555; x_wconf 79' lang='lat' dir='ltr'><strong>de</strong></span> 
     </span>
    </p>
   </div>
   <div class='ocr_carea' id='block_1_3' title="bbox 240 550 1829 617">
    <p class='ocr_par' dir='ltr' id='par_1_3' title="bbox 240 550 1829 617">
     <span class='ocr_line' id='line_1_3' title="bbox 240 550 1829 617; baseline -0.006 -5"><span class='ocrx_word' id='word_1_13' title='bbox 240 550 395 617; x_wconf 76' lang='lat' dir='ltr'><strong>rebus</strong></span> <span class='ocrx_word' id='word_1_14' title='bbox 445 550 644 610; x_wconf 76' lang='lat' dir='ltr'><strong>creatis</strong></span> <span class='ocrx_word' id='word_1_15' title='bbox 693 568 775 608; x_wconf 73' lang='lat' dir='ltr'><strong>cst</strong></span> <span class='ocrx_word' id='word_1_16' title='bbox 820 550 933 607; x_wconf 72' lang='lat' dir='ltr'><strong>lucc</strong></span> <span class='ocrx_word' id='word_1_17' title='bbox 976 550 1238 607; x_wconf 85' lang='lat' dir='ltr'><strong>doctrina.</strong></span> <span class='ocrx_word' id='word_1_18' title='bbox 1287 552 1423 605; x_wconf 75' lang='lat' dir='ltr'><strong>Ecce</strong></span> <span class='ocrx_word' id='word_1_19' title='bbox 1469 550 1696 603; x_wconf 82' lang='lat' dir='ltr'><strong>Verbum</strong></span> <span class='ocrx_word' id='word_1_20' title='bbox 1725 568 1741 603; x_wconf 90' lang='lat'><strong>:</strong></span> <span class='ocrx_word' id='word_1_21' title='bbox 1770 551 1829 603; x_wconf 84' lang='lat' dir='ltr'><strong>lu</strong></span> 
     </span>
    </p>
   </div>
   <div class='ocr_carea' id='block_1_4' title="bbox 241 623 1833 699">
    <p class='ocr_par' dir='ltr' id='par_1_4' title="bbox 241 623 1833 699">
     <span class='ocr_line' id='line_1_4' title="bbox 241 623 1833 699; baseline -0.003 -20"><span class='ocrx_word' id='word_1_22' title='bbox 241 630 489 699; x_wconf 76' lang='lat' dir='ltr'><strong>principio</strong></span> <span class='ocrx_word' id='word_1_23' title='bbox 518 637 623 680; x_wconf 83' lang='lat' dir='ltr'><strong>erat</strong></span> <span class='ocrx_word' id='word_1_24' title='bbox 657 626 889 699; x_wconf 70' lang='lat' dir='ltr'><strong>Verbum.</strong></span> <span class='ocrx_word' id='word_1_25' title='bbox 935 626 1072 699; x_wconf 80' lang='lat' dir='ltr'><strong>Quot</strong></span> <span class='ocrx_word' id='word_1_26' title='bbox 1112 623 1320 699; x_wconf 73' lang='lat' dir='ltr'><strong>tyranni</strong></span> <span class='ocrx_word' id='word_1_27' title='bbox 1368 638 1432 673; x_wconf 77' lang='lat' dir='ltr'><strong>ex</strong></span> <span class='ocrx_word' id='word_1_28' title='bbox 1458 636 1562 690; x_wconf 87' lang='lat' dir='ltr'><strong>quo</strong></span> <span class='ocrx_word' id='word_1_29' title='bbox 1604 624 1833 689; x_wconf 84' lang='lat' dir='ltr'><strong>piscator</strong></span> 
     </span>
    </p>
   </div>
   <div class='ocr_carea' id='block_1_5' title="bbox 240 694 1832 761">
    <p class='ocr_par' dir='ltr' id='par_1_5' title="bbox 240 694 1832 761">
     <span class='ocr_line' id='line_1_5' title="bbox 240 694 1832 761; baseline -0.012 -4"><span class='ocrx_word' id='word_1_30' title='bbox 240 694 340 757; x_wconf 84' lang='lat' dir='ltr'><strong>lioc</strong></span> <span class='ocrx_word' id='word_1_31' title='bbox 368 694 589 753; x_wconf 85' lang='lat' dir='ltr'><strong>verbum</strong></span> <span class='ocrx_word' id='word_1_32' title='bbox 615 696 844 759; x_wconf 72' lang='lat' dir='ltr'><strong>extulit,</strong></span> <span class='ocrx_word' id='word_1_33' title='bbox 873 695 1169 761; x_wconf 80' lang='lat' dir='ltr'><strong>exstirpare</strong></span> <span class='ocrx_word' id='word_1_34' title='bbox 1196 694 1496 761; x_wconf 81' lang='lat' dir='ltr'><strong>Voluerunt,</strong></span> <span class='ocrx_word' id='word_1_35' title='bbox 1528 700 1580 742; x_wconf 86' lang='lat' dir='ltr'><strong>et</strong></span> <span class='ocrx_word' id='word_1_36' title='bbox 1608 708 1712 743; x_wconf 91' lang='lat' dir='ltr'><strong>non</strong></span> <span class='ocrx_word' id='word_1_37' title='bbox 1743 708 1832 757; x_wconf 31' lang='lat' dir='ltr'><strong>po.‘</strong></span> 
     </span>
    </p>
   </div>
   <div class='ocr_carea' id='block_1_6' title="bbox 249 831 1834 901">
    <p class='ocr_par' dir='ltr' id='par_1_6' title="bbox 249 831 1834 901">
     <span class='ocr_line' id='line_1_6' title="bbox 249 831 1834 901; baseline -0.006 -10"><span class='ocrx_word' id='word_1_38' title='bbox 249 840 469 893; x_wconf 66' lang='lat' dir='ltr'><strong>Verbum</strong></span> <span class='ocrx_word' id='word_1_39' title='bbox 494 856 513 892; x_wconf 87' lang='lat'><strong>:</strong></span> <span class='ocrx_word' id='word_1_40' title='bbox 539 831 651 891; x_wconf 80' lang='lat' dir='ltr'><strong>sive</strong></span> <span class='ocrx_word' id='word_1_41' title='bbox 679 837 810 897; x_wconf 86' lang='lat' dir='ltr'><strong>ruri,</strong></span> <span class='ocrx_word' id='word_1_42' title='bbox 839 831 957 889; x_wconf 24' lang='lat' dir='ltr'><strong>isive</strong></span> <span class='ocrx_word' id='word_1_43' title='bbox 1002 835 1052 888; x_wconf 91' lang='lat' dir='ltr'><strong>in</strong></span> <span class='ocrx_word' id='word_1_44' title='bbox 1075 834 1227 892; x_wconf 85' lang='lat' dir='ltr'><strong>urbe,</strong></span> <span class='ocrx_word' id='word_1_45' title='bbox 1256 842 1509 901; x_wconf 70' lang='lat' dir='ltr'><strong>prmvenit</strong></span> <span class='ocrx_word' id='word_1_46' title='bbox 1553 831 1614 883; x_wconf 89' lang='lat' dir='ltr'><strong>lu</strong></span> <span class='ocrx_word' id='word_1_47' title='bbox 1646 833 1834 898; x_wconf 80' lang='lat' dir='ltr'><strong>princi-</strong></span> 
     </span>
    </p>
   </div>
   <div class='ocr_carea' id='block_1_7' title="bbox 239 901 1834 979">
    <p class='ocr_par' dir='ltr' id='par_1_7' title="bbox 239 901 1834 979">
     <span class='ocr_line' id='line_1_7' title="bbox 239 901 1834 979; baseline -0.007 -15"><span class='ocrx_word' id='word_1_48' title='bbox 239 915 324 979; x_wconf 82' lang='lat' dir='ltr'><strong>pio</strong></span> <span class='ocrx_word' id='word_1_49' title='bbox 352 921 460 962; x_wconf 82' lang='lat' dir='ltr'><strong>erat</strong></span> <span class='ocrx_word' id='word_1_50' title='bbox 487 908 804 962; x_wconf 82' lang='lat' dir='ltr'><strong>Verbum:et</strong></span> <span class='ocrx_word' id='word_1_51' title='bbox 834 907 884 959; x_wconf 90' lang='lat' dir='ltr'><strong>in</strong></span> <span class='ocrx_word' id='word_1_52' title='bbox 918 905 1154 979; x_wconf 60' lang='lat' dir='ltr'><strong>l’ersitle.</strong></span> <span class='ocrx_word' id='word_1_53' title='bbox 1180 913 1235 979; x_wconf 76' lang='lat' dir='ltr'><strong>et</strong></span> <span class='ocrx_word' id='word_1_54' title='bbox 1257 904 1308 955; x_wconf 91' lang='lat' dir='ltr'><strong>in</strong></span> <span class='ocrx_word' id='word_1_55' title='bbox 1340 901 1509 979; x_wconf 89' lang='lat' dir='ltr'><strong>India,</strong></span> <span class='ocrx_word' id='word_1_56' title='bbox 1539 912 1592 979; x_wconf 82' lang='lat' dir='ltr'><strong>et</strong></span> <span class='ocrx_word' id='word_1_57' title='bbox 1619 902 1834 979; x_wconf 54' lang='lat' dir='ltr'><strong>indlau-</strong></span> 
     </span>
    </p>
   </div>
   <div class='ocr_carea' id='block_1_8' title="bbox 238 973 1830 1046">
    <p class='ocr_par' dir='ltr' id='par_1_8' title="bbox 238 973 1830 1046">
     <span class='ocr_line' id='line_1_8' title="bbox 238 973 1830 1046; baseline -0.007 -10"><span class='ocrx_word' id='word_1_58' title='bbox 238 973 537 1036; x_wconf 69' lang='lat' dir='ltr'><strong>ritaiioruin</strong></span> <span class='ocrx_word' id='word_1_59' title='bbox 560 981 777 1046; x_wconf 72' lang='lat' dir='ltr'><strong>regione</strong></span> <span class='ocrx_word' id='word_1_60' title='bbox 800 979 960 1030; x_wconf 86' lang='lat' dir='ltr'><strong>micat</strong></span> <span class='ocrx_word' id='word_1_61' title='bbox 980 976 1079 1028; x_wconf 85' lang='lat' dir='ltr'><strong>hoc</strong></span> <span class='ocrx_word' id='word_1_62' title='bbox 1100 974 1329 1046; x_wconf 84' lang='lat' dir='ltr'><strong>Verbum</strong></span> <span class='ocrx_word' id='word_1_63' title='bbox 1349 973 1462 1026; x_wconf 89' lang='lat' dir='ltr'><strong>sole</strong></span> <span class='ocrx_word' id='word_1_64' title='bbox 1481 973 1830 1046; x_wconf 76' lang='lat' dir='ltr'><strong>Splcniliilius.</strong></span> 
     </span>
    </p>
   </div>
   <div class='ocr_carea' id='block_1_9' title="bbox 242 1044 1832 1107">
    <p class='ocr_par' dir='ltr' id='par_1_9' title="bbox 242 1044 1832 1107">
     <span class='ocr_line' id='line_1_9' title="bbox 242 1044 1832 1107; baseline -0.006 -3"><span class='ocrx_word' id='word_1_65' title='bbox 242 1053 333 1104; x_wconf 77' lang='lat' dir='ltr'><strong>Sol</strong></span> <span class='ocrx_word' id='word_1_66' title='bbox 361 1054 505 1106; x_wconf 90' lang='lat' dir='ltr'><strong>enim</strong></span> <span class='ocrx_word' id='word_1_67' title='bbox 534 1044 760 1103; x_wconf 78' lang='lat' dir='ltr'><strong>interdiu</strong></span> <span class='ocrx_word' id='word_1_68' title='bbox 792 1048 949 1107; x_wconf 74' lang='lat' dir='ltr'><strong>lucet,</strong></span> <span class='ocrx_word' id='word_1_69' title='bbox 982 1056 1139 1099; x_wconf 89' lang='lat' dir='ltr'><strong>noctu</strong></span> <span class='ocrx_word' id='word_1_70' title='bbox 1167 1045 1463 1098; x_wconf 84' lang='lat' dir='ltr'><strong>occultatur</strong></span> <span class='ocrx_word' id='word_1_71' title='bbox 1487 1060 1501 1103; x_wconf 89' lang='lat'><strong>;</strong></span> <span class='ocrx_word' id='word_1_72' title='bbox 1531 1044 1628 1095; x_wconf 87' lang='lat' dir='ltr'><strong>ltoc</strong></span> <span class='ocrx_word' id='word_1_73' title='bbox 1657 1054 1832 1096; x_wconf 89' lang='lat' dir='ltr'><strong>autem</strong></span> 
     </span>
    </p>
   </div>
   <div class='ocr_carea' id='block_1_10' title="bbox 242 1114 1834 1186">
    <p class='ocr_par' dir='ltr' id='par_1_10' title="bbox 242 1114 1834 1186">
     <span class='ocr_line' id='line_1_10' title="bbox 242 1114 1834 1186; baseline -0.007 -10"><span class='ocrx_word' id='word_1_74' title='bbox 242 1124 441 1176; x_wconf 85' lang='lat' dir='ltr'><strong>dictum</strong></span> <span class='ocrx_word' id='word_1_75' title='bbox 459 1122 619 1173; x_wconf 85' lang='lat' dir='ltr'><strong>etiam</strong></span> <span class='ocrx_word' id='word_1_76' title='bbox 642 1119 694 1171; x_wconf 88' lang='lat' dir='ltr'><strong>in</strong></span> <span class='ocrx_word' id='word_1_77' title='bbox 719 1128 873 1172; x_wconf 90' lang='lat' dir='ltr'><strong>nocte</strong></span> <span class='ocrx_word' id='word_1_78' title='bbox 894 1118 1149 1186; x_wconf 85' lang='lat' dir='ltr'><strong>fulgorem</strong></span> <span class='ocrx_word' id='word_1_79' title='bbox 1170 1131 1321 1168; x_wconf 91' lang='lat' dir='ltr'><strong>suum</strong></span> <span class='ocrx_word' id='word_1_80' title='bbox 1340 1114 1553 1186; x_wconf 84' lang='lat' dir='ltr'><strong>emittit,</strong></span> <span class='ocrx_word' id='word_1_81' title='bbox 1577 1114 1834 1186; x_wconf 71' lang='lat' dir='ltr'><strong>cujusque</strong></span> 
     </span>
    </p>
   </div>
   <div class='ocr_carea' id='block_1_11' title="bbox 241 1184 1833 1253">
    <p class='ocr_par' dir='ltr' id='par_1_11' title="bbox 241 1184 1833 1253">
     <span class='ocr_line' id='line_1_11' title="bbox 241 1184 1833 1253; baseline -0.006 -7"><span class='ocrx_word' id='word_1_82' title='bbox 241 1195 423 1246; x_wconf 87' lang='lat' dir='ltr'><strong>animo</strong></span> <span class='ocrx_word' id='word_1_83' title='bbox 453 1192 781 1244; x_wconf 89' lang='lat' dir='ltr'><strong>inscribitur.</strong></span> <span class='ocrx_word' id='word_1_84' title='bbox 808 1184 1044 1241; x_wconf 78' lang='lat' dir='ltr'><strong>Mortuus</strong></span> <span class='ocrx_word' id='word_1_85' title='bbox 1072 1197 1152 1239; x_wconf 86' lang='lat' dir='ltr'><strong>est</strong></span> <span class='ocrx_word' id='word_1_86' title='bbox 1178 1186 1265 1253; x_wconf 88' lang='lat' dir='ltr'><strong>qui</strong></span> <span class='ocrx_word' id='word_1_87' title='bbox 1294 1184 1526 1251; x_wconf 60' lang='lat' dir='ltr'><strong>scripsit,</strong></span> <span class='ocrx_word' id='word_1_88' title='bbox 1555 1195 1607 1237; x_wconf 90' lang='lat' dir='ltr'><strong>et</strong></span> <span class='ocrx_word' id='word_1_89' title='bbox 1634 1184 1833 1236; x_wconf 80' lang='lat' dir='ltr'><strong>dictum</strong></span> 
     </span>
    </p>
   </div>
   <div class='ocr_carea' id='block_1_12' title="bbox 239 1253 1835 1331">
    <p class='ocr_par' dir='ltr' id='par_1_12' title="bbox 239 1253 1835 1331">
     <span class='ocr_line' id='line_1_12' title="bbox 239 1253 1835 1331; baseline -0.009 -12"><span class='ocrx_word' id='word_1_90' title='bbox 239 1265 455 1331; x_wconf 72' lang='lat' dir='ltr'><strong>effulget</strong></span> <span class='ocrx_word' id='word_1_91' title='bbox 493 1279 507 1313; x_wconf 92' lang='lat'><strong>:</strong></span> <span class='ocrx_word' id='word_1_92' title='bbox 538 1276 735 1325; x_wconf 87' lang='lat' dir='ltr'><strong>corpus</strong></span> <span class='ocrx_word' id='word_1_93' title='bbox 759 1262 875 1325; x_wconf 84' lang='lat' dir='ltr'><strong>ejus</strong></span> <span class='ocrx_word' id='word_1_94' title='bbox 912 1258 999 1331; x_wconf 77' lang='lat' dir='ltr'><strong>qui</strong></span> <span class='ocrx_word' id='word_1_95' title='bbox 1027 1256 1158 1331; x_wconf 76' lang='lat' dir='ltr'><strong>dixit</strong></span> <span class='ocrx_word' id='word_1_96' title='bbox 1199 1254 1644 1331; x_wconf 10' lang='lat' dir='ltr'><strong>estgdissolntum,</strong></span> <span class='ocrx_word' id='word_1_97' title='bbox 1677 1263 1732 1331; x_wconf 80' lang='lat' dir='ltr'><strong>et</strong></span> <span class='ocrx_word' id='word_1_98' title='bbox 1755 1253 1835 1305; x_wconf 86' lang='lat' dir='ltr'><strong>di-</strong></span> 
     </span>
    </p>
   </div>
   <div class='ocr_carea' id='block_1_13' title="bbox 242 1325 1833 1399">
    <p class='ocr_par' dir='ltr' id='par_1_13' title="bbox 242 1325 1833 1399">
     <span class='ocr_line' id='line_1_13' title="bbox 242 1325 1833 1399; baseline -0.009 -12"><span class='ocrx_word' id='word_1_99' title='bbox 242 1325 396 1387; x_wconf 68' lang='lat' dir='ltr'><strong>ctuni</strong></span> <span class='ocrx_word' id='word_1_100' title='bbox 412 1331 539 1385; x_wconf 89' lang='lat' dir='ltr'><strong>illud</strong></span> <span class='ocrx_word' id='word_1_101' title='bbox 590 1331 868 1399; x_wconf 73' lang='lat' dir='ltr'><strong>plusquam</strong></span> <span class='ocrx_word' id='word_1_102' title='bbox 912 1329 992 1399; x_wconf 81' lang='lat' dir='ltr'><strong>sol</strong></span> <span class='ocrx_word' id='word_1_103' title='bbox 1044 1329 1226 1399; x_wconf 39' lang='lat' dir='ltr'><strong>luccta</strong></span> <span class='ocrx_word' id='word_1_104' title='bbox 1257 1327 1600 1399; x_wconf 74' lang='lat' dir='ltr'><strong>Quocumque</strong></span> <span class='ocrx_word' id='word_1_105' title='bbox 1654 1325 1833 1399; x_wconf 77' lang='lat' dir='ltr'><strong>abeas,</strong></span> 
     </span>
    </p>
   </div>
   <div class='ocr_carea' id='block_1_14' title="bbox 246 1393 1836 1466">
    <p class='ocr_par' dir='ltr' id='par_1_14' title="bbox 246 1393 1836 1466">
     <span class='ocr_line' id='line_1_14' title="bbox 246 1393 1836 1466; baseline -0.006 -10"><span class='ocrx_word' id='word_1_106' title='bbox 246 1403 520 1457; x_wconf 85' lang='lat' dir='ltr'><strong>antevenit</strong></span> <span class='ocrx_word' id='word_1_107' title='bbox 545 1393 645 1455; x_wconf 74' lang='lat' dir='ltr'><strong>hoc</strong></span> <span class='ocrx_word' id='word_1_108' title='bbox 665 1393 889 1463; x_wconf 84' lang='lat' dir='ltr'><strong>dictum,</strong></span> <span class='ocrx_word' id='word_1_109' title='bbox 914 1397 980 1451; x_wconf 82' lang='lat' dir='ltr'><strong>In</strong></span> <span class='ocrx_word' id='word_1_110' title='bbox 1010 1397 1259 1466; x_wconf 85' lang='lat' dir='ltr'><strong>principio</strong></span> <span class='ocrx_word' id='word_1_111' title='bbox 1278 1406 1381 1448; x_wconf 82' lang='lat' dir='ltr'><strong>erat</strong></span> <span class='ocrx_word' id='word_1_112' title='bbox 1416 1393 1650 1466; x_wconf 74' lang='lat' dir='ltr'><strong>Verbum.</strong></span> <span class='ocrx_word' id='word_1_113' title='bbox 1678 1396 1836 1461; x_wconf 85' lang='lat' dir='ltr'><strong>Quis-</strong></span> 
     </span>
    </p>
   </div>
   <div class='ocr_carea' id='block_1_15' title="bbox 242 1465 1836 1546">
    <p class='ocr_par' dir='ltr' id='par_1_15' title="bbox 242 1465 1836 1546">
     <span class='ocr_line' id='line_1_15' title="bbox 242 1465 1836 1546; baseline -0.003 -23"><span class='ocrx_word' id='word_1_114' title='bbox 242 1490 352 1542; x_wconf 84' lang='lat' dir='ltr'><strong>que</strong></span> <span class='ocrx_word' id='word_1_115' title='bbox 400 1475 559 1526; x_wconf 86' lang='lat' dir='ltr'><strong>etiam</strong></span> <span class='ocrx_word' id='word_1_116' title='bbox 590 1480 643 1524; x_wconf 89' lang='lat' dir='ltr'><strong>et</strong></span> <span class='ocrx_word' id='word_1_117' title='bbox 685 1471 872 1523; x_wconf 81' lang='lat' dir='ltr'><strong>mulier</strong></span> <span class='ocrx_word' id='word_1_118' title='bbox 901 1479 954 1522; x_wconf 92' lang='lat' dir='ltr'><strong>et</strong></span> <span class='ocrx_word' id='word_1_119' title='bbox 976 1465 1073 1530; x_wconf 88' lang='lat' dir='ltr'><strong>vir,</strong></span> <span class='ocrx_word' id='word_1_120' title='bbox 1103 1477 1156 1546; x_wconf 79' lang='lat' dir='ltr'><strong>et</strong></span> <span class='ocrx_word' id='word_1_121' title='bbox 1181 1481 1366 1546; x_wconf 69' lang='lat' dir='ltr'><strong>servits</strong></span> <span class='ocrx_word' id='word_1_122' title='bbox 1386 1478 1433 1519; x_wconf 90' lang='lat' dir='ltr'><strong>et</strong></span> <span class='ocrx_word' id='word_1_123' title='bbox 1453 1465 1701 1546; x_wconf 33' lang='lat' dir='ltr'><strong>libet-pet</strong></span> <span class='ocrx_word' id='word_1_124' title='bbox 1743 1480 1836 1546; x_wconf 74' lang='lat' dir='ltr'><strong>rex</strong></span> 
     </span>
    </p>
   </div>
   <div class='ocr_carea' id='block_1_16' title="bbox 245 1535 1835 1610">
    <p class='ocr_par' dir='ltr' id='par_1_16' title="bbox 245 1535 1835 1610">
     <span class='ocr_line' id='line_1_16' title="bbox 245 1535 1835 1610; baseline -0.007 -12"><span class='ocrx_word' id='word_1_125' title='bbox 245 1535 303 1598; x_wconf 79' lang='lat' dir='ltr'><strong>et</strong></span> <span class='ocrx_word' id='word_1_126' title='bbox 334 1545 597 1610; x_wconf 88' lang='lat' dir='ltr'><strong>privatus,</strong></span> <span class='ocrx_word' id='word_1_127' title='bbox 626 1552 678 1592; x_wconf 85' lang='lat' dir='ltr'><strong>et</strong></span> <span class='ocrx_word' id='word_1_128' title='bbox 710 1542 1108 1610; x_wconf 81' lang='lat' dir='ltr'><strong>imperanteset</strong></span> <span class='ocrx_word' id='word_1_129' title='bbox 1134 1537 1358 1610; x_wconf 87' lang='lat' dir='ltr'><strong>imperio</strong></span> <span class='ocrx_word' id='word_1_130' title='bbox 1386 1535 1600 1610; x_wconf 80' lang='lat' dir='ltr'><strong>subditi,</strong></span> <span class='ocrx_word' id='word_1_131' title='bbox 1635 1536 1761 1588; x_wconf 92' lang='lat' dir='ltr'><strong>illud</strong></span> <span class='ocrx_word' id='word_1_132' title='bbox 1785 1537 1835 1610; x_wconf 78' lang='lat' dir='ltr'><strong>in</strong></span> 
     </span>
    </p>
   </div>
   <div class='ocr_carea' id='block_1_17' title="bbox 243 1605 1837 1678">
    <p class='ocr_par' dir='ltr' id='par_1_17' title="bbox 243 1605 1837 1678">
     <span class='ocr_line' id='line_1_17' title="bbox 243 1605 1837 1678; baseline -0.006 -11"><span class='ocrx_word' id='word_1_133' title='bbox 243 1605 413 1667; x_wconf 70' lang='lat' dir='ltr'><strong>corde</strong></span> <span class='ocrx_word' id='word_1_134' title='bbox 440 1605 978 1678; x_wconf 24' lang='lat' dir='ltr'><strong>ineditantur,‘nequc</strong></span> <span class='ocrx_word' id='word_1_135' title='bbox 1000 1608 1137 1661; x_wconf 90' lang='lat' dir='ltr'><strong>ullus</strong></span> <span class='ocrx_word' id='word_1_136' title='bbox 1164 1609 1343 1662; x_wconf 89' lang='lat' dir='ltr'><strong>delere</strong></span> <span class='ocrx_word' id='word_1_137' title='bbox 1372 1617 1542 1672; x_wconf 71' lang='lat' dir='ltr'><strong>potest</strong></span> <span class='ocrx_word' id='word_1_138' title='bbox 1564 1605 1697 1659; x_wconf 91' lang='lat' dir='ltr'><strong>hanc</strong></span> <span class='ocrx_word' id='word_1_139' title='bbox 1721 1605 1837 1673; x_wconf 85' lang='lat' dir='ltr'><strong>pul-</strong></span> 
     </span>
    </p>
   </div>
   <div class='ocr_carea' id='block_1_18' title="bbox 244 1678 1839 1745">
    <p class='ocr_par' dir='ltr' id='par_1_18' title="bbox 244 1678 1839 1745">
     <span class='ocr_line' id='line_1_18' title="bbox 244 1678 1839 1745; baseline -0.006 -9"><span class='ocrx_word' id='word_1_140' title='bbox 244 1684 568 1738; x_wconf 83' lang='lat' dir='ltr'><strong>cherrimam</strong></span> <span class='ocrx_word' id='word_1_141' title='bbox 600 1680 987 1743; x_wconf 70' lang='lat' dir='ltr'><strong>hicreditatetn,</strong></span> <span class='ocrx_word' id='word_1_142' title='bbox 1012 1679 1104 1733; x_wconf 88' lang='lat' dir='ltr'><strong>sed</strong></span> <span class='ocrx_word' id='word_1_143' title='bbox 1144 1694 1276 1745; x_wconf 84' lang='lat' dir='ltr'><strong>Opes</strong></span> <span class='ocrx_word' id='word_1_144' title='bbox 1305 1679 1433 1730; x_wconf 89' lang='lat' dir='ltr'><strong>istas</strong></span> <span class='ocrx_word' id='word_1_145' title='bbox 1464 1678 1692 1730; x_wconf 72' lang='lat' dir='ltr'><strong>retinere</strong></span> <span class='ocrx_word' id='word_1_146' title='bbox 1719 1692 1839 1744; x_wconf 85' lang='lat' dir='ltr'><strong>pcr-</strong></span> 
     </span>
    </p>
   </div>
   <div class='ocr_carea' id='block_1_19' title="bbox 248 1746 1840 1811">
    <p class='ocr_par' dir='ltr' id='par_1_19' title="bbox 248 1746 1840 1811">
     <span class='ocr_line' id='line_1_19' title="bbox 248 1746 1840 1811; baseline -0.006 -5"><span class='ocrx_word' id='word_1_147' title='bbox 248 1764 486 1809; x_wconf 72' lang='lat' dir='ltr'><strong>sevcrat.</strong></span> <span class='ocrx_word' id='word_1_148' title='bbox 512 1752 701 1804; x_wconf 65' lang='lat' dir='ltr'><strong>Caelum</strong></span> <span class='ocrx_word' id='word_1_149' title='bbox 743 1762 792 1803; x_wconf 78' lang='lat' dir='ltr'><strong>et</strong></span> <span class='ocrx_word' id='word_1_150' title='bbox 842 1760 974 1804; x_wconf 83' lang='lat' dir='ltr'><strong>terra</strong></span> <span class='ocrx_word' id='word_1_151' title='bbox 1004 1749 1304 1811; x_wconf 83' lang='lat' dir='ltr'><strong>transibunt,</strong></span> <span class='ocrx_word' id='word_1_152' title='bbox 1335 1746 1481 1800; x_wconf 83' lang='lat' dir='ltr'><strong>verba</strong></span> <span class='ocrx_word' id='word_1_153' title='bbox 1523 1759 1688 1799; x_wconf 82' lang='lat' dir='ltr'><strong>autem</strong></span> <span class='ocrx_word' id='word_1_154' title='bbox 1730 1762 1840 1798; x_wconf 74' lang='lat' dir='ltr'><strong>mea</strong></span> 
     </span>
    </p>
   </div>
   <div class='ocr_carea' id='block_1_20' title="bbox 248 1817 1835 1887">
    <p class='ocr_par' dir='ltr' id='par_1_20' title="bbox 248 1817 1835 1887">
     <span class='ocr_line' id='line_1_20' title="bbox 248 1817 1835 1887; baseline -0.006 -10"><span class='ocrx_word' id='word_1_155' title='bbox 248 1840 357 1877; x_wconf 66' lang='lat' dir='ltr'><strong>«ou</strong></span> <span class='ocrx_word' id='word_1_156' title='bbox 389 1825 686 1876; x_wconf 80' lang='lat' dir='ltr'><strong>transibunt.</strong></span> <span class='ocrx_word' id='word_1_157' title='bbox 740 1821 991 1874; x_wconf 84' lang='lat' dir='ltr'><strong>Diabolus</strong></span> <span class='ocrx_word' id='word_1_158' title='bbox 1021 1836 1124 1873; x_wconf 89' lang='lat' dir='ltr'><strong>non</strong></span> <span class='ocrx_word' id='word_1_159' title='bbox 1158 1820 1326 1887; x_wconf 91' lang='lat' dir='ltr'><strong>potuit</strong></span> <span class='ocrx_word' id='word_1_160' title='bbox 1350 1818 1550 1873; x_wconf 84' lang='lat' dir='ltr'><strong>dictum</strong></span> <span class='ocrx_word' id='word_1_161' title='bbox 1581 1817 1794 1871; x_wconf 86' lang='lat' dir='ltr'><strong>abolere</strong></span> <span class='ocrx_word' id='word_1_162' title='bbox 1821 1832 1835 1868; x_wconf 94' lang='lat'><strong>:</strong></span> 
     </span>
    </p>
   </div>
   <div class='ocr_carea' id='block_1_21' title="bbox 248 1888 1838 1961">
    <p class='ocr_par' dir='ltr' id='par_1_21' title="bbox 248 1888 1838 1961">
     <span class='ocr_line' id='line_1_21' title="bbox 248 1888 1838 1961; baseline -0.003 -16"><span class='ocrx_word' id='word_1_163' title='bbox 248 1912 424 1961; x_wconf 88' lang='lat' dir='ltr'><strong>quare</strong></span> <span class='ocrx_word' id='word_1_164' title='bbox 448 1898 471 1945; x_wconf 65' lang='grc' dir='ltr'><em>ἲ</em></span> <span class='ocrx_word' id='word_1_165' title='bbox 500 1894 629 1959; x_wconf 83' lang='lat' dir='ltr'><strong>Quia</strong></span> <span class='ocrx_word' id='word_1_166' title='bbox 667 1907 770 1944; x_wconf 92' lang='lat' dir='ltr'><strong>non</strong></span> <span class='ocrx_word' id='word_1_167' title='bbox 801 1891 1009 1961; x_wconf 82' lang='lat' dir='ltr'><strong>dictum</strong></span> <span class='ocrx_word' id='word_1_168' title='bbox 1045 1890 1271 1957; x_wconf 80' lang='lat' dir='ltr'><strong>simplex</strong></span> <span class='ocrx_word' id='word_1_169' title='bbox 1296 1897 1445 1961; x_wconf 84' lang='lat' dir='ltr'><strong>erat,</strong></span> <span class='ocrx_word' id='word_1_170' title='bbox 1501 1890 1599 1961; x_wconf 71' lang='lat' dir='ltr'><strong>sed</strong></span> <span class='ocrx_word' id='word_1_171' title='bbox 1639 1888 1838 1961; x_wconf 72' lang='lat' dir='ltr'><strong>dictum</strong></span> 
     </span>
    </p>
   </div>
   <div class='ocr_carea' id='block_1_22' title="bbox 250 1958 1837 2031">
    <p class='ocr_par' dir='ltr' id='par_1_22' title="bbox 250 1958 1837 2031">
     <span class='ocr_line' id='line_1_22' title="bbox 250 1958 1837 2031; baseline -0.006 -12"><span class='ocrx_word' id='word_1_172' title='bbox 250 1958 373 2019; x_wconf 74' lang='lat' dir='ltr'><strong>Dei.</strong></span> <span class='ocrx_word' id='word_1_173' title='bbox 402 1965 478 2017; x_wconf 79' lang='lat' dir='ltr'><strong>Ne</strong></span> <span class='ocrx_word' id='word_1_174' title='bbox 503 1958 655 2030; x_wconf 64' lang='lat' dir='ltr'><strong>igitur</strong></span> <span class='ocrx_word' id='word_1_175' title='bbox 686 1962 885 2031; x_wconf 89' lang='lat' dir='ltr'><strong>pudore</strong></span> <span class='ocrx_word' id='word_1_176' title='bbox 927 1960 1195 2023; x_wconf 85' lang='lat' dir='ltr'><strong>afliciaris,</strong></span> <span class='ocrx_word' id='word_1_177' title='bbox 1231 1959 1442 2027; x_wconf 91' lang='lat' dir='ltr'><strong>quando</strong></span> <span class='ocrx_word' id='word_1_178' title='bbox 1484 1960 1633 2031; x_wconf 76' lang='lat' dir='ltr'><strong>audis</strong></span> <span class='ocrx_word' id='word_1_179' title='bbox 1666 1974 1680 2031; x_wconf 86' lang='lat'><strong>:</strong></span> <span class='ocrx_word' id='word_1_180' title='bbox 1713 1958 1837 2010; x_wconf 68' lang='lat' dir='ltr'><strong>Ilaec</strong></span> 
     </span>
    </p>
   </div>
   <div class='ocr_carea' id='block_1_23' title="bbox 249 2028 1839 2104">
    <p class='ocr_par' dir='ltr' id='par_1_23' title="bbox 249 2028 1839 2104">
     <span class='ocr_line' id='line_1_23' title="bbox 249 2028 1839 2104; baseline -0.004 -19"><span class='ocrx_word' id='word_1_181' title='bbox 249 2036 487 2104; x_wconf 82' lang='lat' dir='ltr'><strong>piscator</strong></span> <span class='ocrx_word' id='word_1_182' title='bbox 510 2028 662 2095; x_wconf 73' lang='lat' dir='ltr'><strong>dixit,</strong></span> <span class='ocrx_word' id='word_1_183' title='bbox 689 2028 808 2085; x_wconf 51' lang='lat' dir='ltr'><strong>hicc</strong></span> <span class='ocrx_word' id='word_1_184' title='bbox 828 2040 1441 2104; x_wconf 80' lang='lat' dir='ltr'><strong>sagenarumconsutor.</strong></span> <span class='ocrx_word' id='word_1_185' title='bbox 1494 2028 1680 2104; x_wconf 79' lang='lat' dir='ltr'><strong>Vidisti</strong></span> <span class='ocrx_word' id='word_1_186' title='bbox 1704 2043 1839 2104; x_wconf 74' lang='lat' dir='ltr'><strong>quo-</strong></span> 
     </span>
    </p>
   </div>
   <div class='ocr_carea' id='block_1_24' title="bbox 249 2098 1836 2171">
    <p class='ocr_par' dir='ltr' id='par_1_24' title="bbox 249 2098 1836 2171">
     <span class='ocr_line' id='line_1_24' title="bbox 249 2098 1836 2171; baseline -0.005 -13"><span class='ocrx_word' id='word_1_187' title='bbox 249 2098 414 2159; x_wconf 80' lang='lat' dir='ltr'><strong>iumlo</strong></span> <span class='ocrx_word' id='word_1_188' title='bbox 442 2104 507 2156; x_wconf 85' lang='lat' dir='ltr'><strong>ad</strong></span> <span class='ocrx_word' id='word_1_189' title='bbox 536 2105 704 2169; x_wconf 59' lang='lat' dir='ltr'><strong>ipsum</strong></span> <span class='ocrx_word' id='word_1_190' title='bbox 730 2102 1052 2171; x_wconf 84' lang='lat' dir='ltr'><strong>paupertatis</strong></span> <span class='ocrx_word' id='word_1_191' title='bbox 1072 2103 1310 2155; x_wconf 85' lang='lat' dir='ltr'><strong>infimum</strong></span> <span class='ocrx_word' id='word_1_192' title='bbox 1343 2101 1513 2153; x_wconf 86' lang='lat' dir='ltr'><strong>locum</strong></span> <span class='ocrx_word' id='word_1_193' title='bbox 1540 2098 1836 2161; x_wconf 77' lang='lat' dir='ltr'><strong>descendit,</strong></span> 
     </span>
    </p>
   </div>
   <div class='ocr_carea' id='block_1_25' title="bbox 246 2170 1839 2242">
    <p class='ocr_par' dir='ltr' id='par_1_25' title="bbox 246 2170 1839 2242">
     <span class='ocr_line' id='line_1_25' title="bbox 246 2170 1839 2242; baseline -0.005 -13"><span class='ocrx_word' id='word_1_194' title='bbox 246 2188 298 2229; x_wconf 89' lang='lat' dir='ltr'><strong>et</strong></span> <span class='ocrx_word' id='word_1_195' title='bbox 322 2177 392 2228; x_wconf 87' lang='lat' dir='ltr'><strong>ad</strong></span> <span class='ocrx_word' id='word_1_196' title='bbox 419 2175 683 2242; x_wconf 75' lang='lat' dir='ltr'><strong>fastigium</strong></span> <span class='ocrx_word' id='word_1_197' title='bbox 712 2170 918 2225; x_wconf 85' lang='lat' dir='ltr'><strong>virtutis</strong></span> <span class='ocrx_word' id='word_1_198' title='bbox 945 2172 1205 2226; x_wconf 73' lang='lat' dir='ltr'><strong>ascendit?</strong></span> <span class='ocrx_word' id='word_1_199' title='bbox 1231 2171 1336 2225; x_wconf 89' lang='lat' dir='ltr'><strong>Sed</strong></span> <span class='ocrx_word' id='word_1_200' title='bbox 1364 2187 1450 2231; x_wconf 80' lang='lat' dir='ltr'><strong>ne,</strong></span> <span class='ocrx_word' id='word_1_201' title='bbox 1474 2180 1746 2238; x_wconf 90' lang='lat' dir='ltr'><strong>postquam</strong></span> <span class='ocrx_word' id='word_1_202' title='bbox 1770 2170 1839 2242; x_wconf 80' lang='lat' dir='ltr'><strong>ab</strong></span> 
     </span>
    </p>
   </div>
   <div class='ocr_carea' id='block_1_26' title="bbox 249 2239 1843 2311">
    <p class='ocr_par' dir='ltr' id='par_1_26' title="bbox 249 2239 1843 2311">
     <span class='ocr_line' id='line_1_26' title="bbox 249 2239 1843 2311; baseline -0.004 -13"><span class='ocrx_word' id='word_1_203' title='bbox 249 2247 375 2299; x_wconf 83' lang='lat' dir='ltr'><strong>aliis</strong></span> <span class='ocrx_word' id='word_1_204' title='bbox 405 2239 719 2311; x_wconf 79' lang='lat' dir='ltr'><strong>incepimus,</strong></span> <span class='ocrx_word' id='word_1_205' title='bbox 748 2242 813 2295; x_wconf 89' lang='lat' dir='ltr'><strong>ad</strong></span> <span class='ocrx_word' id='word_1_206' title='bbox 839 2243 937 2294; x_wconf 90' lang='lat' dir='ltr'><strong>alia</strong></span> <span class='ocrx_word' id='word_1_207' title='bbox 967 2244 1305 2297; x_wconf 82' lang='lat' dir='ltr'><strong>traducamus</strong></span> <span class='ocrx_word' id='word_1_208' title='bbox 1330 2241 1646 2311; x_wconf 88' lang='lat' dir='ltr'><strong>orationem,</strong></span> <span class='ocrx_word' id='word_1_209' title='bbox 1670 2256 1734 2293; x_wconf 78' lang='lat' dir='ltr'><strong>ex</strong></span> <span class='ocrx_word' id='word_1_210' title='bbox 1762 2239 1843 2292; x_wconf 84' lang='lat' dir='ltr'><strong>di-</strong></span> 
     </span>
    </p>
   </div>
   <div class='ocr_carea' id='block_1_27' title="bbox 247 2310 1838 2382">
    <p class='ocr_par' dir='ltr' id='par_1_27' title="bbox 247 2310 1838 2382">
     <span class='ocr_line' id='line_1_27' title="bbox 247 2310 1838 2382; baseline -0.004 -13"><span class='ocrx_word' id='word_1_211' title='bbox 247 2327 462 2370; x_wconf 85' lang='lat' dir='ltr'><strong>ctnrum</strong></span> <span class='ocrx_word' id='word_1_212' title='bbox 489 2310 719 2368; x_wconf 82' lang='lat' dir='ltr'><strong>decursu</strong></span> <span class='ocrx_word' id='word_1_213' title='bbox 744 2322 1036 2382; x_wconf 90' lang='lat' dir='ltr'><strong>conceptus</strong></span> <span class='ocrx_word' id='word_1_214' title='bbox 1064 2314 1167 2366; x_wconf 92' lang='lat' dir='ltr'><strong>alio</strong></span> <span class='ocrx_word' id='word_1_215' title='bbox 1196 2311 1404 2365; x_wconf 82' lang='lat' dir='ltr'><strong>deﬂecti</strong></span> <span class='ocrx_word' id='word_1_216' title='bbox 1432 2310 1838 2378; x_wconf 83' lang='lat' dir='ltr'><strong>permittentes;</strong></span> 
     </span>
    </p>
   </div>
   <div class='ocr_carea' id='block_1_28' title="bbox 251 2382 1844 2455">
    <p class='ocr_par' dir='ltr' id='par_1_28' title="bbox 251 2382 1844 2455">
     <span class='ocr_line' id='line_1_28' title="bbox 251 2382 1844 2455; baseline -0.004 -16"><span class='ocrx_word' id='word_1_217' title='bbox 251 2402 373 2455; x_wconf 79' lang='lat' dir='ltr'><strong>age,</strong></span> <span class='ocrx_word' id='word_1_218' title='bbox 405 2386 558 2439; x_wconf 88' lang='lat' dir='ltr'><strong>freno</strong></span> <span class='ocrx_word' id='word_1_219' title='bbox 583 2385 648 2437; x_wconf 90' lang='lat' dir='ltr'><strong>ad</strong></span> <span class='ocrx_word' id='word_1_220' title='bbox 671 2385 898 2455; x_wconf 78' lang='lat' dir='ltr'><strong>linguam</strong></span> <span class='ocrx_word' id='word_1_221' title='bbox 929 2382 1185 2455; x_wconf 87' lang='lat' dir='ltr'><strong>adhibito,</strong></span> <span class='ocrx_word' id='word_1_222' title='bbox 1213 2382 1543 2455; x_wconf 77' lang='lat' dir='ltr'><strong>reducamus</strong></span> <span class='ocrx_word' id='word_1_223' title='bbox 1563 2395 1844 2455; x_wconf 78' lang='lat' dir='ltr'><strong>argumen-</strong></span> 
     </span>
    </p>
   </div>
   <div class='ocr_carea' id='block_1_29' title="bbox 254 2450 1843 2523">
    <p class='ocr_par' dir='ltr' id='par_1_29' title="bbox 254 2450 1843 2523">
     <span class='ocr_line' id='line_1_29' title="bbox 254 2450 1843 2523; baseline -0.003 -15"><span class='ocrx_word' id='word_1_224' title='bbox 254 2450 368 2510; x_wconf 72' lang='lat' dir='ltr'><strong>tiini</strong></span> <span class='ocrx_word' id='word_1_225' title='bbox 411 2456 477 2508; x_wconf 90' lang='lat' dir='ltr'><strong>ad</strong></span> <span class='ocrx_word' id='word_1_226' title='bbox 527 2456 576 2508; x_wconf 94' lang='lat' dir='ltr'><strong>id</strong></span> <span class='ocrx_word' id='word_1_227' title='bbox 626 2450 767 2523; x_wconf 87' lang='lat' dir='ltr'><strong>quod</strong></span> <span class='ocrx_word' id='word_1_228' title='bbox 810 2454 953 2521; x_wconf 88' lang='lat' dir='ltr'><strong>prius</strong></span> <span class='ocrx_word' id='word_1_229' title='bbox 983 2454 1340 2522; x_wconf 80' lang='lat' dir='ltr'><strong>promisimus.</strong></span> <span class='ocrx_word' id='word_1_230' title='bbox 1368 2453 1503 2515; x_wconf 89' lang='lat' dir='ltr'><strong>Quid</strong></span> <span class='ocrx_word' id='word_1_231' title='bbox 1533 2450 1688 2519; x_wconf 92' lang='lat' dir='ltr'><strong>igitur</strong></span> <span class='ocrx_word' id='word_1_232' title='bbox 1715 2451 1843 2523; x_wconf 86' lang='lat' dir='ltr'><strong>dicit</strong></span> 
     </span>
    </p>
   </div>
   <div class='ocr_carea' id='block_1_30' title="bbox 256 2522 1841 2593">
    <p class='ocr_par' dir='ltr' id='par_1_30' title="bbox 256 2522 1841 2593">
     <span class='ocr_line' id='line_1_30' title="bbox 256 2522 1841 2593; baseline -0.003 -14"><span class='ocrx_word' id='word_1_233' title='bbox 256 2526 344 2579; x_wconf 86' lang='lat' dir='ltr'><strong>ille</strong></span> <span class='ocrx_word' id='word_1_234' title='bbox 375 2527 725 2580; x_wconf 85' lang='lat' dir='ltr'><strong>tentoriorum</strong></span> <span class='ocrx_word' id='word_1_235' title='bbox 770 2524 981 2593; x_wconf 81' lang='lat' dir='ltr'><strong>cpifex,</strong></span> <span class='ocrx_word' id='word_1_236' title='bbox 1024 2523 1517 2577; x_wconf 81' lang='lat' dir='ltr'><strong>circutnforaneus?</strong></span> <span class='ocrx_word' id='word_1_237' title='bbox 1560 2538 1661 2593; x_wconf 84' lang='lat' dir='ltr'><strong>noti</strong></span> <span class='ocrx_word' id='word_1_238' title='bbox 1699 2522 1841 2574; x_wconf 85' lang='lat' dir='ltr'><strong>enim</strong></span> 
     </span>
    </p>
   </div>
   <div class='ocr_carea' id='block_1_31' title="bbox 254 2592 1843 2661">
    <p class='ocr_par' dir='ltr' id='par_1_31' title="bbox 254 2592 1843 2661">
     <span class='ocr_line' id='line_1_31' title="bbox 254 2592 1843 2661; baseline -0.004 -11"><span class='ocrx_word' id='word_1_239' title='bbox 254 2600 419 2650; x_wconf 79' lang='lat' dir='ltr'><strong>liiiein</strong></span> <span class='ocrx_word' id='word_1_240' title='bbox 450 2597 637 2649; x_wconf 87' lang='lat' dir='ltr'><strong>faciam</strong></span> <span class='ocrx_word' id='word_1_241' title='bbox 663 2599 754 2649; x_wconf 89' lang='lat' dir='ltr'><strong>has</strong></span> <span class='ocrx_word' id='word_1_242' title='bbox 775 2592 933 2648; x_wconf 82' lang='lat' dir='ltr'><strong>voces</strong></span> <span class='ocrx_word' id='word_1_243' title='bbox 965 2593 1267 2661; x_wconf 85' lang='lat' dir='ltr'><strong>frequenter</strong></span> <span class='ocrx_word' id='word_1_244' title='bbox 1292 2592 1685 2661; x_wconf 85' lang='lat' dir='ltr'><strong>pronuntiandi,</strong></span> <span class='ocrx_word' id='word_1_245' title='bbox 1717 2605 1843 2659; x_wconf 83' lang='lat' dir='ltr'><strong>pro-</strong></span> 
     </span>
    </p>
   </div>
   <div class='ocr_carea' id='block_1_32' title="bbox 253 2664 1846 2735">
    <p class='ocr_par' dir='ltr' id='par_1_32' title="bbox 253 2664 1846 2735">
     <span class='ocr_line' id='line_1_32' title="bbox 253 2664 1846 2735; baseline -0.003 -17"><span class='ocrx_word' id='word_1_246' title='bbox 253 2677 376 2733; x_wconf 79' lang='lat' dir='ltr'><strong>pter</strong></span> <span class='ocrx_word' id='word_1_247' title='bbox 406 2668 547 2735; x_wconf 76' lang='lat' dir='ltr'><strong>vulgi</strong></span> <span class='ocrx_word' id='word_1_248' title='bbox 594 2668 863 2719; x_wconf 84' lang='lat' dir='ltr'><strong>hominum</strong></span> <span class='ocrx_word' id='word_1_249' title='bbox 905 2664 1261 2731; x_wconf 81' lang='lat' dir='ltr'><strong>insipientiam</strong></span> <span class='ocrx_word' id='word_1_250' title='bbox 1292 2678 1604 2735; x_wconf 57' lang='lat' dir='ltr'><strong>eorumque</strong></span> <span class='ocrx_word' id='word_1_251' title='bbox 1629 2672 1846 2735; x_wconf 75' lang='lat' dir='ltr'><strong>senten-</strong></span> 
     </span>
    </p>
   </div>
   <div class='ocr_carea' id='block_1_33' title="bbox 255 2731 1843 2804">
    <p class='ocr_par' dir='ltr' id='par_1_33' title="bbox 255 2731 1843 2804">
     <span class='ocr_line' id='line_1_33' title="bbox 255 2731 1843 2804; baseline -0.005 -15"><span class='ocrx_word' id='word_1_252' title='bbox 255 2731 393 2789; x_wconf 75' lang='lat' dir='ltr'><strong>tiam</strong></span> <span class='ocrx_word' id='word_1_253' title='bbox 427 2753 455 2788; x_wconf 88' lang='lat' dir='ltr'><strong>a</strong></span> <span class='ocrx_word' id='word_1_254' title='bbox 483 2731 806 2804; x_wconf 71' lang='lat' dir='ltr'><strong>philosophia</strong></span> <span class='ocrx_word' id='word_1_255' title='bbox 833 2736 1085 2790; x_wconf 90' lang='lat' dir='ltr'><strong>alienam.</strong></span> <span class='ocrx_word' id='word_1_256' title='bbox 1112 2736 1255 2804; x_wconf 79' lang='lat' dir='ltr'><strong>Quia</strong></span> <span class='ocrx_word' id='word_1_257' title='bbox 1277 2748 1467 2804; x_wconf 84' lang='lat' dir='ltr'><strong>nempe</strong></span> <span class='ocrx_word' id='word_1_258' title='bbox 1499 2733 1551 2785; x_wconf 90' lang='lat' dir='ltr'><strong>in</strong></span> <span class='ocrx_word' id='word_1_259' title='bbox 1584 2731 1697 2784; x_wconf 87' lang='lat' dir='ltr'><strong>foro</strong></span> <span class='ocrx_word' id='word_1_260' title='bbox 1725 2732 1843 2804; x_wconf 88' lang='lat' dir='ltr'><strong>plu-_</strong></span> 
     </span>
    </p>
   </div>
   <div class='ocr_carea' id='block_1_34' title="bbox 257 2802 1845 2874">
    <p class='ocr_par' dir='ltr' id='par_1_34' title="bbox 257 2802 1845 2874">
     <span class='ocr_line' id='line_1_34' title="bbox 257 2802 1845 2874; baseline -0.003 -14"><span class='ocrx_word' id='word_1_261' title='bbox 257 2808 388 2860; x_wconf 85' lang='lat' dir='ltr'><strong>rimi</strong></span> <span class='ocrx_word' id='word_1_262' title='bbox 409 2802 657 2860; x_wconf 74' lang='lat' dir='ltr'><strong>conviciis</strong></span> <span class='ocrx_word' id='word_1_263' title='bbox 671 2802 986 2874; x_wconf 79' lang='lat' dir='ltr'><strong>impotentes</strong></span> <span class='ocrx_word' id='word_1_264' title='bbox 1011 2806 1211 2867; x_wconf 87' lang='lat' dir='ltr'><strong>dicunt,</strong></span> <span class='ocrx_word' id='word_1_265' title='bbox 1230 2802 1693 2864; x_wconf 82' lang='lat' dir='ltr'><strong>Circumforanee;</strong></span> <span class='ocrx_word' id='word_1_266' title='bbox 1718 2802 1845 2874; x_wconf 78' lang='lat' dir='ltr'><strong>quid</strong></span> 
     </span>
    </p>
   </div>
   <div class='ocr_carea' id='block_1_35' title="bbox 258 2873 1846 2941">
    <p class='ocr_par' dir='ltr' id='par_1_35' title="bbox 258 2873 1846 2941">
     <span class='ocr_line' id='line_1_35' title="bbox 258 2873 1846 2941; baseline -0.002 -12"><span class='ocrx_word' id='word_1_267' title='bbox 258 2878 361 2930; x_wconf 88' lang='lat' dir='ltr'><strong>sibi</strong></span> <span class='ocrx_word' id='word_1_268' title='bbox 394 2878 509 2930; x_wconf 87' lang='lat' dir='ltr'><strong>vult</strong></span> <span class='ocrx_word' id='word_1_269' title='bbox 530 2878 670 2937; x_wconf 86' lang='lat' dir='ltr'><strong>illud,</strong></span> <span class='ocrx_word' id='word_1_270' title='bbox 700 2873 1178 2930; x_wconf 80' lang='lat' dir='ltr'><strong>Cireuniforanee?</strong></span> <span class='ocrx_word' id='word_1_271' title='bbox 1218 2875 1356 2941; x_wconf 90' lang='lat' dir='ltr'><strong>Quid</strong></span> <span class='ocrx_word' id='word_1_272' title='bbox 1401 2886 1479 2926; x_wconf 88' lang='lat' dir='ltr'><strong>est</strong></span> <span class='ocrx_word' id='word_1_273' title='bbox 1509 2873 1846 2926; x_wconf 83' lang='lat' dir='ltr'><strong>circumfora-</strong></span> 
     </span>
    </p>
   </div>
   <div class='ocr_carea' id='block_1_36' title="bbox 258 2944 1844 3011">
    <p class='ocr_par' dir='ltr' id='par_1_36' title="bbox 258 2944 1844 3011">
     <span class='ocr_line' id='line_1_36' title="bbox 258 2944 1844 3011; baseline -0.004 -10"><span class='ocrx_word' id='word_1_274' title='bbox 258 2964 419 3011; x_wconf 72' lang='grc' dir='ltr'>ιιι-ας,</span> <span class='ocrx_word' id='word_1_275' title='bbox 452 2949 541 3001; x_wconf 87' lang='lat' dir='ltr'><strong>dic</strong></span> <span class='ocrx_word' id='word_1_276' title='bbox 561 2948 722 3000; x_wconf 86' lang='lat' dir='ltr'><strong>mihi?</strong></span> <span class='ocrx_word' id='word_1_277' title='bbox 748 2962 856 3001; x_wconf 84' lang='lat' dir='ltr'><strong>non</strong></span> <span class='ocrx_word' id='word_1_278' title='bbox 877 2947 1020 2999; x_wconf 83' lang='lat' dir='ltr'><strong>enim</strong></span> <span class='ocrx_word' id='word_1_279' title='bbox 1042 2947 1242 2999; x_wconf 90' lang='lat' dir='ltr'><strong>crimen</strong></span> <span class='ocrx_word' id='word_1_280' title='bbox 1264 2956 1344 2998; x_wconf 89' lang='lat' dir='ltr'><strong>est</strong></span> <span class='ocrx_word' id='word_1_281' title='bbox 1365 2944 1844 2997; x_wconf 77' lang='lat' dir='ltr'><strong>circumforaneum</strong></span> 
     </span>
    </p>
   </div>
   <div class='ocr_carea' id='block_1_37' title="bbox 258 3011 1843 3081">
    <p class='ocr_par' dir='ltr' id='par_1_37' title="bbox 258 3011 1843 3081">
     <span class='ocr_line' id='line_1_37' title="bbox 258 3011 1843 3081; baseline -0.004 -10"><span class='ocrx_word' id='word_1_282' title='bbox 258 3034 401 3079; x_wconf 60' lang='lat' dir='ltr'><strong>esse,</strong></span> <span class='ocrx_word' id='word_1_283' title='bbox 435 3035 537 3072; x_wconf 80' lang='lat' dir='ltr'><strong>non</strong></span> <span class='ocrx_word' id='word_1_284' title='bbox 569 3018 773 3071; x_wconf 83' lang='lat' dir='ltr'><strong>crinicu</strong></span> <span class='ocrx_word' id='word_1_285' title='bbox 804 3028 884 3070; x_wconf 86' lang='lat' dir='ltr'><strong>est</strong></span> <span class='ocrx_word' id='word_1_286' title='bbox 904 3018 955 3069; x_wconf 93' lang='lat' dir='ltr'><strong>in</strong></span> <span class='ocrx_word' id='word_1_287' title='bbox 984 3016 1098 3069; x_wconf 79' lang='lat' dir='ltr'><strong>foro</strong></span> <span class='ocrx_word' id='word_1_288' title='bbox 1125 3028 1268 3070; x_wconf 88' lang='lat' dir='ltr'><strong>stare</strong></span> <span class='ocrx_word' id='word_1_289' title='bbox 1293 3025 1345 3068; x_wconf 89' lang='lat' dir='ltr'><strong>et</strong></span> <span class='ocrx_word' id='word_1_290' title='bbox 1371 3015 1600 3081; x_wconf 89' lang='lat' dir='ltr'><strong>operari.</strong></span> <span class='ocrx_word' id='word_1_291' title='bbox 1630 3011 1843 3065; x_wconf 88' lang='lat' dir='ltr'><strong>Crimen</strong></span> 
     </span>
    </p>
   </div>
   <div class='ocr_carea' id='block_1_38' title="bbox 259 3082 1849 3152">
    <p class='ocr_par' dir='ltr' id='par_1_38' title="bbox 259 3082 1849 3152">
     <span class='ocr_line' id='line_1_38' title="bbox 259 3082 1849 3152; baseline -0.005 -8"><span class='ocrx_word' id='word_1_292' title='bbox 259 3097 352 3141; x_wconf 71' lang='lat' dir='ltr'><strong>est</strong></span> <span class='ocrx_word' id='word_1_293' title='bbox 378 3089 520 3143; x_wconf 83' lang='lat' dir='ltr'><strong>intus</strong></span> <span class='ocrx_word' id='word_1_294' title='bbox 549 3099 853 3144; x_wconf 85' lang='lat' dir='ltr'><strong>manentem</strong></span> <span class='ocrx_word' id='word_1_295' title='bbox 885 3105 970 3141; x_wconf 78' lang='lat' dir='ltr'><strong>res</strong></span> <span class='ocrx_word' id='word_1_296' title='bbox 995 3088 1197 3141; x_wconf 87' lang='lat' dir='ltr'><strong>alienas</strong></span> <span class='ocrx_word' id='word_1_297' title='bbox 1220 3099 1428 3152; x_wconf 86' lang='lat' dir='ltr'><strong>rapere.</strong></span> <span class='ocrx_word' id='word_1_298' title='bbox 1458 3085 1610 3138; x_wconf 82' lang='lat' dir='ltr'><strong>Disce</strong></span> <span class='ocrx_word' id='word_1_299' title='bbox 1628 3082 1752 3151; x_wconf 88' lang='lat' dir='ltr'><strong>quid</strong></span> <span class='ocrx_word' id='word_1_300' title='bbox 1779 3083 1849 3137; x_wconf 89' lang='lat' dir='ltr'><strong>sit</strong></span> 
     </span>
    </p>
   </div>
   <div class='ocr_carea' id='block_1_39' title="bbox 260 3154 1850 3226">
    <p class='ocr_par' dir='ltr' id='par_1_39' title="bbox 260 3154 1850 3226">
     <span class='ocr_line' id='line_1_39' title="bbox 260 3154 1850 3226; baseline -0.003 -15"><span class='ocrx_word' id='word_1_301' title='bbox 260 3160 610 3222; x_wconf 78' lang='lat' dir='ltr'><strong>contumelia,</strong></span> <span class='ocrx_word' id='word_1_302' title='bbox 632 3160 756 3226; x_wconf 90' lang='lat' dir='ltr'><strong>quid</strong></span> <span class='ocrx_word' id='word_1_303' title='bbox 778 3156 1109 3220; x_wconf 85' lang='lat' dir='ltr'><strong>encomium,</strong></span> <span class='ocrx_word' id='word_1_304' title='bbox 1132 3168 1187 3210; x_wconf 88' lang='lat' dir='ltr'><strong>et</strong></span> <span class='ocrx_word' id='word_1_305' title='bbox 1211 3157 1317 3209; x_wconf 91' lang='lat' dir='ltr'><strong>noli</strong></span> <span class='ocrx_word' id='word_1_306' title='bbox 1349 3154 1572 3208; x_wconf 85' lang='lat' dir='ltr'><strong>irridere</strong></span> <span class='ocrx_word' id='word_1_307' title='bbox 1595 3173 1612 3210; x_wconf 84' lang='lat'><strong>:</strong></span> <span class='ocrx_word' id='word_1_308' title='bbox 1641 3167 1744 3207; x_wconf 92' lang='lat' dir='ltr'><strong>non</strong></span> <span class='ocrx_word' id='word_1_309' title='bbox 1767 3161 1850 3207; x_wconf 78' lang='lat' dir='ltr'><strong>est</strong></span> 
     </span>
    </p>
   </div>
   <div class='ocr_carea' id='block_1_40' title="bbox 259 3229 1850 3294">
    <p class='ocr_par' dir='ltr' id='par_1_40' title="bbox 259 3229 1850 3294">
     <span class='ocr_line' id='line_1_40' title="bbox 259 3229 1850 3294; baseline -0.004 -13"><span class='ocrx_word' id='word_1_310' title='bbox 259 3230 470 3281; x_wconf 75' lang='lat' dir='ltr'><strong>crimen</strong></span> <span class='ocrx_word' id='word_1_311' title='bbox 486 3245 606 3282; x_wconf 86' lang='lat' dir='ltr'><strong>esse</strong></span> <span class='ocrx_word' id='word_1_312' title='bbox 632 3231 1129 3290; x_wconf 78' lang='lat' dir='ltr'><strong>circumforaneum,</strong></span> <span class='ocrx_word' id='word_1_313' title='bbox 1157 3229 1250 3282; x_wconf 90' lang='lat' dir='ltr'><strong>sed</strong></span> <span class='ocrx_word' id='word_1_314' title='bbox 1273 3234 1538 3294; x_wconf 85' lang='lat' dir='ltr'><strong>raptorem</strong></span> <span class='ocrx_word' id='word_1_315' title='bbox 1563 3238 1703 3288; x_wconf 86' lang='lat' dir='ltr'><strong>esse,</strong></span> <span class='ocrx_word' id='word_1_316' title='bbox 1726 3238 1850 3276; x_wconf 87' lang='lat' dir='ltr'><strong>ava-</strong></span> 
     </span>
    </p>
   </div>
   <div class='ocr_carea' id='block_1_41' title="bbox 263 3294 1852 3367">
    <p class='ocr_par' dir='ltr' id='par_1_41' title="bbox 263 3294 1852 3367">
     <span class='ocr_line' id='line_1_41' title="bbox 263 3294 1852 3367; baseline -0.001 -18"><span class='ocrx_word' id='word_1_317' title='bbox 263 3313 383 3351; x_wconf 86' lang='lat' dir='ltr'><strong>rum</strong></span> <span class='ocrx_word' id='word_1_318' title='bbox 414 3313 557 3353; x_wconf 88' lang='lat' dir='ltr'><strong>esse.</strong></span> <span class='ocrx_word' id='word_1_319' title='bbox 583 3300 719 3365; x_wconf 84' lang='lat' dir='ltr'><strong>Quid</strong></span> <span class='ocrx_word' id='word_1_320' title='bbox 745 3301 872 3353; x_wconf 87' lang='lat' dir='ltr'><strong>mihi</strong></span> <span class='ocrx_word' id='word_1_321' title='bbox 902 3298 1095 3367; x_wconf 83' lang='lat' dir='ltr'><strong>prodes</strong></span> <span class='ocrx_word' id='word_1_322' title='bbox 1118 3314 1238 3350; x_wconf 91' lang='lat' dir='ltr'><strong>cum</strong></span> <span class='ocrx_word' id='word_1_323' title='bbox 1266 3297 1420 3352; x_wconf 88' lang='lat' dir='ltr'><strong>sedes</strong></span> <span class='ocrx_word' id='word_1_324' title='bbox 1445 3296 1494 3348; x_wconf 92' lang='lat' dir='ltr'><strong>in</strong></span> <span class='ocrx_word' id='word_1_325' title='bbox 1521 3294 1771 3367; x_wconf 85' lang='lat' dir='ltr'><strong>thalamo,</strong></span> <span class='ocrx_word' id='word_1_326' title='bbox 1798 3301 1852 3347; x_wconf 91' lang='lat' dir='ltr'><strong>et</strong></span> 
     </span>
    </p>
   </div>
   <div class='ocr_carea' id='block_1_42' title="bbox 262 3366 1846 3438">
    <p class='ocr_par' dir='ltr' id='par_1_42' title="bbox 262 3366 1846 3438">
     <span class='ocr_line' id='line_1_42' title="bbox 262 3366 1846 3438; baseline -0.004 -16"><span class='ocrx_word' id='word_1_327' title='bbox 262 3370 421 3437; x_wconf 86' lang='lat' dir='ltr'><strong>lupus</strong></span> <span class='ocrx_word' id='word_1_328' title='bbox 439 3384 499 3423; x_wconf 81' lang='lat' dir='ltr'><strong>es</strong></span> <span class='ocrx_word' id='word_1_329' title='bbox 517 3372 542 3421; x_wconf 71' lang='grc' dir='ltr'><em>ἲ</em></span> <span class='ocrx_word' id='word_1_330' title='bbox 564 3370 688 3438; x_wconf 87' lang='lat' dir='ltr'><strong>quid</strong></span> <span class='ocrx_word' id='word_1_331' title='bbox 713 3370 838 3423; x_wconf 89' lang='lat' dir='ltr'><strong>mihi</strong></span> <span class='ocrx_word' id='word_1_332' title='bbox 857 3366 1035 3422; x_wconf 84' lang='lat' dir='ltr'><strong>damni</strong></span> <span class='ocrx_word' id='word_1_333' title='bbox 1072 3369 1226 3423; x_wconf 82' lang='lat' dir='ltr'><strong>aﬂ‘ert</strong></span> <span class='ocrx_word' id='word_1_334' title='bbox 1250 3381 1448 3436; x_wconf 80' lang='lat' dir='ltr'><strong>pauper</strong></span> <span class='ocrx_word' id='word_1_335' title='bbox 1464 3367 1516 3438; x_wconf 79' lang='lat' dir='ltr'><strong>in</strong></span> <span class='ocrx_word' id='word_1_336' title='bbox 1543 3366 1657 3418; x_wconf 90' lang='lat' dir='ltr'><strong>foro</strong></span> <span class='ocrx_word' id='word_1_337' title='bbox 1680 3376 1846 3438; x_wconf 77' lang='lat' dir='ltr'><strong>stans,</strong></span> 
     </span>
    </p>
   </div>
   <div class='ocr_carea' id='block_1_43' title="bbox 262 3435 1850 3507">
    <p class='ocr_par' dir='ltr' id='par_1_43' title="bbox 262 3435 1850 3507">
     <span class='ocr_line' id='line_1_43' title="bbox 262 3435 1850 3507; baseline -0.003 -16"><span class='ocrx_word' id='word_1_338' title='bbox 262 3435 567 3507; x_wconf 74' lang='lat' dir='ltr'><strong>bovemque</strong></span> <span class='ocrx_word' id='word_1_339' title='bbox 583 3435 647 3493; x_wconf 52' lang='lat' dir='ltr'><strong>&#39;et</strong></span> <span class='ocrx_word' id='word_1_340' title='bbox 671 3450 936 3494; x_wconf 85' lang='lat' dir='ltr'><strong>aratorem</strong></span> <span class='ocrx_word' id='word_1_341' title='bbox 970 3439 1224 3492; x_wconf 79' lang='lat' dir='ltr'><strong>imitans?</strong></span> <span class='ocrx_word' id='word_1_342' title='bbox 1250 3435 1714 3507; x_wconf 74' lang='lat' dir='ltr'><strong>Circumforaneus</strong></span> <span class='ocrx_word' id='word_1_343' title='bbox 1743 3450 1804 3488; x_wconf 91' lang='lat' dir='ltr'><strong>es</strong></span> <span class='ocrx_word' id='word_1_344' title='bbox 1827 3436 1850 3486; x_wconf 67' lang='grc' dir='ltr'><strong>ἲ</strong></span> 
     </span>
    </p>
   </div>
   <div class='ocr_carea' id='block_1_44' title="bbox 260 3506 1847 3576">
    <p class='ocr_par' dir='ltr' id='par_1_44' title="bbox 260 3506 1847 3576">
     <span class='ocr_line' id='line_1_44' title="bbox 260 3506 1847 3576; baseline -0.004 -15"><span class='ocrx_word' id='word_1_345' title='bbox 260 3506 546 3576; x_wconf 81' lang='lat' dir='ltr'><strong>operarius</strong></span> <span class='ocrx_word' id='word_1_346' title='bbox 569 3525 632 3564; x_wconf 88' lang='lat' dir='ltr'><strong>es</strong></span> <span class='ocrx_word' id='word_1_347' title='bbox 654 3513 679 3562; x_wconf 69' lang='grc' dir='ltr'><em>ἲ</em></span> <span class='ocrx_word' id='word_1_348' title='bbox 705 3528 808 3564; x_wconf 90' lang='lat' dir='ltr'><strong>non</strong></span> <span class='ocrx_word' id='word_1_349' title='bbox 839 3519 964 3563; x_wconf 89' lang='lat' dir='ltr'><strong>sunt</strong></span> <span class='ocrx_word' id='word_1_350' title='bbox 1008 3509 1121 3563; x_wconf 71' lang='lat' dir='ltr'><strong>hinc</strong></span> <span class='ocrx_word' id='word_1_351' title='bbox 1144 3509 1369 3562; x_wconf 88' lang='lat' dir='ltr'><strong>erimina</strong></span> <span class='ocrx_word' id='word_1_352' title='bbox 1393 3522 1407 3559; x_wconf 89' lang='lat'><strong>:</strong></span> <span class='ocrx_word' id='word_1_353' title='bbox 1436 3506 1676 3561; x_wconf 87' lang='lat' dir='ltr'><strong>encouiia</strong></span> <span class='ocrx_word' id='word_1_354' title='bbox 1703 3515 1847 3568; x_wconf 86' lang='lat' dir='ltr'><strong>sunt,</strong></span> 
     </span>
    </p>
   </div>
   <div class='ocr_carea' id='block_1_45' title="bbox 259 3575 1853 3649">
    <p class='ocr_par' dir='ltr' id='par_1_45' title="bbox 259 3575 1853 3649">
     <span class='ocr_line' id='line_1_45' title="bbox 259 3575 1853 3649; baseline -0.002 -18"><span class='ocrx_word' id='word_1_355' title='bbox 259 3575 518 3647; x_wconf 80' lang='lat' dir='ltr'><strong>quoniam</strong></span> <span class='ocrx_word' id='word_1_356' title='bbox 548 3597 579 3631; x_wconf 87' lang='lat' dir='ltr'><strong>a</strong></span> <span class='ocrx_word' id='word_1_357' title='bbox 624 3580 785 3649; x_wconf 81' lang='lat' dir='ltr'><strong>justis</strong></span> <span class='ocrx_word' id='word_1_358' title='bbox 823 3580 1093 3634; x_wconf 80' lang='lat' dir='ltr'><strong>laboribus</strong></span> <span class='ocrx_word' id='word_1_359' title='bbox 1136 3580 1446 3649; x_wconf 86' lang='lat' dir='ltr'><strong>alimentum</strong></span> <span class='ocrx_word' id='word_1_360' title='bbox 1484 3575 1711 3649; x_wconf 80' lang='lat' dir='ltr'><strong>colligis,</strong></span> <span class='ocrx_word' id='word_1_361' title='bbox 1745 3591 1853 3630; x_wconf 88' lang='lat' dir='ltr'><strong>non</strong></span> 
     </span>
    </p>
   </div>
   <div class='ocr_carea' id='block_1_46' title="bbox 261 3647 1850 3719">
    <p class='ocr_par' dir='ltr' id='par_1_46' title="bbox 261 3647 1850 3719">
     <span class='ocr_line' id='line_1_46' title="bbox 261 3647 1850 3719; baseline 0.001 -18"><span class='ocrx_word' id='word_1_362' title='bbox 261 3652 460 3702; x_wconf 82' lang='lat' dir='ltr'><strong>donius</strong></span> <span class='ocrx_word' id='word_1_363' title='bbox 478 3647 677 3705; x_wconf 75' lang='lat' dir='ltr'><strong>alienas</strong></span> <span class='ocrx_word' id='word_1_364' title='bbox 697 3651 909 3706; x_wconf 86' lang='lat' dir='ltr'><strong>curiose</strong></span> <span class='ocrx_word' id='word_1_365' title='bbox 938 3650 1293 3719; x_wconf 85' lang='lat' dir='ltr'><strong>frequentans.</strong></span> <span class='ocrx_word' id='word_1_366' title='bbox 1324 3648 1437 3701; x_wconf 77' lang='lat' dir='ltr'><strong>Non</strong></span> <span class='ocrx_word' id='word_1_367' title='bbox 1461 3656 1543 3700; x_wconf 91' lang='lat' dir='ltr'><strong>est</strong></span> <span class='ocrx_word' id='word_1_368' title='bbox 1560 3647 1719 3719; x_wconf 87' lang='lat' dir='ltr'><strong>igitur</strong></span> <span class='ocrx_word' id='word_1_369' title='bbox 1743 3650 1850 3702; x_wconf 89' lang='lat' dir='ltr'><strong>cri-</strong></span> 
     </span>
    </p>
   </div>
   <div class='ocr_carea' id='block_1_47' title="bbox 264 3717 1849 3789">
    <p class='ocr_par' dir='ltr' id='par_1_47' title="bbox 264 3717 1849 3789">
     <span class='ocr_line' id='line_1_47' title="bbox 264 3717 1849 3789; baseline 0 -17"><span class='ocrx_word' id='word_1_370' title='bbox 264 3735 394 3773; x_wconf 84' lang='lat' dir='ltr'><strong>men</strong></span> <span class='ocrx_word' id='word_1_371' title='bbox 434 3721 913 3776; x_wconf 81' lang='lat' dir='ltr'><strong>circumforaneum</strong></span> <span class='ocrx_word' id='word_1_372' title='bbox 960 3717 1110 3782; x_wconf 80' lang='lat' dir='ltr'><strong>esse,</strong></span> <span class='ocrx_word' id='word_1_373' title='bbox 1145 3734 1317 3789; x_wconf 86' lang='lat' dir='ltr'><strong>neque</strong></span> <span class='ocrx_word' id='word_1_374' title='bbox 1362 3717 1662 3786; x_wconf 87' lang='lat' dir='ltr'><strong>operarium</strong></span> <span class='ocrx_word' id='word_1_375' title='bbox 1706 3733 1849 3789; x_wconf 83' lang='lat' dir='ltr'><strong>esse.</strong></span> 
     </span>
    </p>
   </div>
   <div class='ocr_carea' id='block_1_48' title="bbox 262 3787 1850 3856">
    <p class='ocr_par' dir='ltr' id='par_1_48' title="bbox 262 3787 1850 3856">
     <span class='ocr_line' id='line_1_48' title="bbox 262 3787 1850 3856; baseline 0.001 -15"><span class='ocrx_word' id='word_1_376' title='bbox 262 3792 407 3856; x_wconf 81' lang='lat' dir='ltr'><strong>Quid</strong></span> <span class='ocrx_word' id='word_1_377' title='bbox 434 3801 608 3845; x_wconf 83' lang='lat' dir='ltr'><strong>autem</strong></span> <span class='ocrx_word' id='word_1_378' title='bbox 631 3804 713 3846; x_wconf 91' lang='lat' dir='ltr'><strong>est</strong></span> <span class='ocrx_word' id='word_1_379' title='bbox 736 3792 975 3846; x_wconf 84' lang='lat' dir='ltr'><strong>crimen?</strong></span> <span class='ocrx_word' id='word_1_380' title='bbox 1017 3792 1186 3845; x_wconf 81' lang='lat' dir='ltr'><strong>otiose</strong></span> <span class='ocrx_word' id='word_1_381' title='bbox 1218 3787 1395 3843; x_wconf 83' lang='lat' dir='ltr'><strong>vivere</strong></span> <span class='ocrx_word' id='word_1_382' title='bbox 1424 3805 1438 3840; x_wconf 92' lang='lat'><strong>:</strong></span> <span class='ocrx_word' id='word_1_383' title='bbox 1466 3796 1624 3855; x_wconf 87' lang='lat' dir='ltr'><strong>atque</strong></span> <span class='ocrx_word' id='word_1_384' title='bbox 1652 3787 1850 3842; x_wconf 84' lang='lat' dir='ltr'><strong>utinam</strong></span> 
     </span>
    </p>
   </div>
   <div class='ocr_carea' id='block_1_49' title="bbox 264 3855 1854 3928">
    <p class='ocr_par' dir='ltr' id='par_1_49' title="bbox 264 3855 1854 3928">
     <span class='ocr_line' id='line_1_49' title="bbox 264 3855 1854 3928; baseline 0.002 -19"><span class='ocrx_word' id='word_1_385' title='bbox 264 3863 444 3912; x_wconf 81' lang='lat' dir='ltr'><strong>otiose</strong></span> <span class='ocrx_word' id='word_1_386' title='bbox 473 3870 675 3915; x_wconf 88' lang='lat' dir='ltr'><strong>tantum</strong></span> <span class='ocrx_word' id='word_1_387' title='bbox 725 3872 780 3916; x_wconf 87' lang='lat' dir='ltr'><strong>et</strong></span> <span class='ocrx_word' id='word_1_388' title='bbox 806 3878 908 3915; x_wconf 88' lang='lat' dir='ltr'><strong>non</strong></span> <span class='ocrx_word' id='word_1_389' title='bbox 936 3861 1074 3916; x_wconf 88' lang='lat' dir='ltr'><strong>male</strong></span> <span class='ocrx_word' id='word_1_390' title='bbox 1115 3858 1356 3928; x_wconf 81' lang='lat' dir='ltr'><strong>aperari!</strong></span> <span class='ocrx_word' id='word_1_391' title='bbox 1385 3855 1854 3928; x_wconf 86' lang='lat' dir='ltr'><strong>Circmnforaneus</strong></span> 
     </span>
    </p>
   </div>
   <div class='ocr_carea' id='block_1_50' title="bbox 265 3927 1856 3997">
    <p class='ocr_par' dir='ltr' id='par_1_50' title="bbox 265 3927 1856 3997">
     <span class='ocr_line' id='line_1_50' title="bbox 265 3927 1856 3997; baseline -0.001 -15"><span class='ocrx_word' id='word_1_392' title='bbox 265 3941 389 3983; x_wconf 83' lang='lat' dir='ltr'><strong>erat</strong></span> <span class='ocrx_word' id='word_1_393' title='bbox 437 3931 741 3993; x_wconf 87' lang='lat' dir='ltr'><strong>Paitlus.et</strong></span> <span class='ocrx_word' id='word_1_394' title='bbox 790 3934 840 3984; x_wconf 92' lang='lat' dir='ltr'><strong>in</strong></span> <span class='ocrx_word' id='word_1_395' title='bbox 889 3931 1095 3985; x_wconf 81' lang='lat' dir='ltr'><strong>officina</strong></span> <span class='ocrx_word' id='word_1_396' title='bbox 1137 3927 1341 3983; x_wconf 82' lang='lat' dir='ltr'><strong>stabat:</strong></span> <span class='ocrx_word' id='word_1_397' title='bbox 1368 3944 1538 3997; x_wconf 89' lang='lat' dir='ltr'><strong>neque</strong></span> <span class='ocrx_word' id='word_1_398' title='bbox 1583 3927 1703 3980; x_wconf 88' lang='lat' dir='ltr'><strong>talis</strong></span> <span class='ocrx_word' id='word_1_399' title='bbox 1740 3937 1856 3981; x_wconf 88' lang='lat' dir='ltr'><strong>erat</strong></span> 
     </span>
    </p>
   </div>
   <div class='ocr_carea' id='block_1_51' title="bbox 269 4000 1850 4071">
    <p class='ocr_par' dir='ltr' id='par_1_51' title="bbox 269 4000 1850 4071">
     <span class='ocr_line' id='line_1_51' title="bbox 269 4000 1850 4071; baseline 0 -20"><span class='ocrx_word' id='word_1_400' title='bbox 269 4011 400 4051; x_wconf 84' lang='lat' dir='ltr'><strong>ante</strong></span> <span class='ocrx_word' id='word_1_401' title='bbox 422 4000 786 4069; x_wconf 81' lang='lat' dir='ltr'><strong>Evangelium,</strong></span> <span class='ocrx_word' id='word_1_402' title='bbox 812 4012 932 4071; x_wconf 86' lang='lat' dir='ltr'><strong>post</strong></span> <span class='ocrx_word' id='word_1_403' title='bbox 963 4002 1300 4070; x_wconf 80' lang='lat' dir='ltr'><strong>Evangelium</strong></span> <span class='ocrx_word' id='word_1_404' title='bbox 1328 4015 1454 4053; x_wconf 91' lang='lat' dir='ltr'><strong>vero</strong></span> <span class='ocrx_word' id='word_1_405' title='bbox 1488 4009 1721 4071; x_wconf 90' lang='lat' dir='ltr'><strong>mutatus</strong></span> <span class='ocrx_word' id='word_1_406' title='bbox 1749 4010 1850 4071; x_wconf 86' lang='lat' dir='ltr'><strong>est.</strong></span> 
     </span>
    </p>
   </div>
   <div class='ocr_carea' id='block_1_52' title="bbox 271 4069 1856 4140">
    <p class='ocr_par' dir='ltr' id='par_1_52' title="bbox 271 4069 1856 4140">
     <span class='ocr_line' id='line_1_52' title="bbox 271 4069 1856 4140; baseline -0.001 -16"><span class='ocrx_word' id='word_1_407' title='bbox 271 4072 381 4124; x_wconf 77' lang='lat' dir='ltr'><strong>Sed</strong></span> <span class='ocrx_word' id='word_1_408' title='bbox 412 4081 466 4125; x_wconf 91' lang='lat' dir='ltr'><strong>et</strong></span> <span class='ocrx_word' id='word_1_409' title='bbox 511 4069 849 4139; x_wconf 80' lang='lat' dir='ltr'><strong>pra-dicabat,</strong></span> <span class='ocrx_word' id='word_1_410' title='bbox 877 4083 933 4126; x_wconf 87' lang='lat' dir='ltr'><strong>et</strong></span> <span class='ocrx_word' id='word_1_411' title='bbox 952 4069 1126 4140; x_wconf 83' lang='lat' dir='ltr'><strong>pelles</strong></span> <span class='ocrx_word' id='word_1_412' title='bbox 1158 4073 1452 4125; x_wconf 89' lang='lat' dir='ltr'><strong>consuebat</strong></span> <span class='ocrx_word' id='word_1_413' title='bbox 1488 4083 1501 4120; x_wconf 91' lang='lat'><strong>:</strong></span> <span class='ocrx_word' id='word_1_414' title='bbox 1538 4069 1856 4137; x_wconf 64' lang='lat' dir='ltr'><strong>piat-dicabat</strong></span> 
     </span>
    </p>
   </div>
   <div class='ocr_carea' id='block_1_53' title="bbox 272 4140 1855 4211">
    <p class='ocr_par' dir='ltr' id='par_1_53' title="bbox 272 4140 1855 4211">
     <span class='ocr_line' id='line_1_53' title="bbox 272 4140 1855 4211; baseline 0.001 -20"><span class='ocrx_word' id='word_1_415' title='bbox 272 4149 330 4192; x_wconf 84' lang='lat' dir='ltr'><strong>et</strong></span> <span class='ocrx_word' id='word_1_416' title='bbox 358 4144 605 4196; x_wconf 86' lang='lat' dir='ltr'><strong>manebat</strong></span> <span class='ocrx_word' id='word_1_417' title='bbox 629 4142 765 4211; x_wconf 88' lang='lat' dir='ltr'><strong>apud</strong></span> <span class='ocrx_word' id='word_1_418' title='bbox 794 4143 1090 4198; x_wconf 83' lang='lat' dir='ltr'><strong>Priscillam</strong></span> <span class='ocrx_word' id='word_1_419' title='bbox 1110 4152 1165 4196; x_wconf 91' lang='lat' dir='ltr'><strong>et</strong></span> <span class='ocrx_word' id='word_1_420' title='bbox 1188 4142 1455 4208; x_wconf 79' lang='lat' dir='ltr'><strong>Aquilam,</strong></span> <span class='ocrx_word' id='word_1_421' title='bbox 1474 4140 1605 4204; x_wconf 78' lang='lat' dir='ltr'><strong>Quia</strong></span> <span class='ocrx_word' id='word_1_422' title='bbox 1631 4140 1855 4211; x_wconf 72' lang='lat' dir='ltr'><strong>ejusdem</strong></span> 
     </span>
    </p>
   </div>
   <div class='ocr_carea' id='block_1_54' title="bbox 277 4209 1853 4281">
    <p class='ocr_par' dir='ltr' id='par_1_54' title="bbox 277 4209 1853 4281">
     <span class='ocr_line' id='line_1_54' title="bbox 277 4209 1853 4281; baseline 0.003 -22"><span class='ocrx_word' id='word_1_423' title='bbox 277 4220 389 4281; x_wconf 67' lang='lat' dir='ltr'><strong>erat</strong></span> <span class='ocrx_word' id='word_1_424' title='bbox 406 4212 539 4281; x_wconf 64' lang='lat' dir='ltr'><strong>ortis</strong></span> <span class='ocrx_word' id='word_1_425' title='bbox 563 4228 579 4264; x_wconf 91' lang='lat'><strong>:</strong></span> <span class='ocrx_word' id='word_1_426' title='bbox 609 4209 745 4266; x_wconf 76' lang='lat' dir='ltr'><strong>erant</strong></span> <span class='ocrx_word' id='word_1_427' title='bbox 771 4225 940 4267; x_wconf 79' lang='lat' dir='ltr'><strong>autem</strong></span> <span class='ocrx_word' id='word_1_428' title='bbox 968 4213 1346 4281; x_wconf 71' lang='lat' dir='ltr'><strong>scenofactoria:</strong></span> <span class='ocrx_word' id='word_1_429' title='bbox 1362 4212 1486 4263; x_wconf 85' lang='lat' dir='ltr'><strong>artis</strong></span> <span class='ocrx_word' id='word_1_430' title='bbox 1507 4210 1643 4278; x_wconf 81' lang='lat' dir='ltr'><strong>(Act.</strong></span> <span class='ocrx_word' id='word_1_431' title='bbox 1672 4209 1853 4271; x_wconf 72' lang='lat' dir='ltr'><strong>XVIII.</strong></span> 
     </span>
    </p>
   </div>
   <div class='ocr_carea' id='block_1_55' title="bbox 278 4279 1857 4350">
    <p class='ocr_par' dir='ltr' id='par_1_55' title="bbox 278 4279 1857 4350">
     <span class='ocr_line' id='line_1_55' title="bbox 278 4279 1857 4350; baseline 0.001 -19"><span class='ocrx_word' id='word_1_432' title='bbox 278 4280 360 4343; x_wconf 81' lang='grc'><strong>5).</strong></span> <span class='ocrx_word' id='word_1_433' title='bbox 393 4279 438 4334; x_wconf 95' lang='grc' dir='ltr'><strong>Ο</strong></span> <span class='ocrx_word' id='word_1_434' title='bbox 462 4281 789 4350; x_wconf 81' lang='lat' dir='ltr'><strong>philosophia</strong></span> <span class='ocrx_word' id='word_1_435' title='bbox 824 4283 970 4338; x_wconf 82' lang='lat' dir='ltr'><strong>Pauli</strong></span> <span class='ocrx_word' id='word_1_436' title='bbox 1000 4283 1014 4336; x_wconf 85' lang='lat' dir='ltr'><strong>l</strong></span> <span class='ocrx_word' id='word_1_437' title='bbox 1043 4299 1077 4337; x_wconf 88' lang='grc' dir='ltr'>ο</span> <span class='ocrx_word' id='word_1_438' title='bbox 1104 4279 1349 4335; x_wconf 76' lang='lat' dir='ltr'><strong>sublimis</strong></span> <span class='ocrx_word' id='word_1_439' title='bbox 1394 4296 1602 4343; x_wconf 81' lang='lat' dir='ltr'><strong>sensus,</strong></span> <span class='ocrx_word' id='word_1_440' title='bbox 1635 4290 1689 4334; x_wconf 88' lang='lat' dir='ltr'><strong>ct</strong></span> <span class='ocrx_word' id='word_1_441' title='bbox 1733 4295 1857 4334; x_wconf 82' lang='lat' dir='ltr'><strong>seu-</strong></span> 
     </span>
    </p>
   </div>
   <div class='ocr_carea' id='block_1_56' title="bbox 282 4351 1856 4408">
    <p class='ocr_par' dir='ltr' id='par_1_56' title="bbox 282 4351 1856 4408">
     <span class='ocr_line' id='line_1_56' title="bbox 282 4351 1856 4408; baseline 0.002 -6"><span class='ocrx_word' id='word_1_442' title='bbox 282 4353 441 4403; x_wconf 86' lang='lat' dir='ltr'><strong>tentia</strong></span> <span class='ocrx_word' id='word_1_443' title='bbox 464 4353 624 4406; x_wconf 89' lang='lat' dir='ltr'><strong>animi</strong></span> <span class='ocrx_word' id='word_1_444' title='bbox 648 4356 895 4408; x_wconf 88' lang='lat' dir='ltr'><strong>indomita</strong></span> <span class='ocrx_word' id='word_1_445' title='bbox 923 4357 935 4406; x_wconf 91' lang='lat'><strong>!</strong></span> <span class='ocrx_word' id='word_1_446' title='bbox 964 4370 997 4406; x_wconf 94' lang='lat' dir='ltr'><strong>o</strong></span> <span class='ocrx_word' id='word_1_447' title='bbox 1040 4368 1192 4407; x_wconf 88' lang='lat' dir='ltr'><strong>mens</strong></span> <span class='ocrx_word' id='word_1_448' title='bbox 1219 4352 1339 4405; x_wconf 66' lang='lat' dir='ltr'><strong>caeli</strong></span> <span class='ocrx_word' id='word_1_449' title='bbox 1386 4351 1640 4406; x_wconf 89' lang='lat' dir='ltr'><strong>fornicem</strong></span> <span class='ocrx_word' id='word_1_450' title='bbox 1693 4352 1856 4404; x_wconf 78' lang='lat' dir='ltr'><strong>attin-</strong></span> 
     </span>
    </p>
   </div>
   <div class='ocr_carea' id='block_1_57' title="bbox 283 4422 1851 4490">
    <p class='ocr_par' dir='ltr' id='par_1_57' title="bbox 283 4422 1851 4490">
     <span class='ocr_line' id='line_1_57' title="bbox 283 4422 1851 4490; baseline 0.001 -17"><span class='ocrx_word' id='word_1_451' title='bbox 283 4424 447 4485; x_wconf 76' lang='lat' dir='ltr'><strong>gens!</strong></span> <span class='ocrx_word' id='word_1_452' title='bbox 480 4437 515 4475; x_wconf 91' lang='grc' dir='ltr'>ο</span> <span class='ocrx_word' id='word_1_453' title='bbox 537 4425 707 4477; x_wconf 88' lang='lat' dir='ltr'><strong>anima</strong></span> <span class='ocrx_word' id='word_1_454' title='bbox 731 4424 952 4479; x_wconf 84' lang='lat' dir='ltr'><strong>visibilia</strong></span> <span class='ocrx_word' id='word_1_455' title='bbox 970 4424 1143 4476; x_wconf 81' lang='lat' dir='ltr'><strong>omnia</strong></span> <span class='ocrx_word' id='word_1_456' title='bbox 1166 4422 1493 4490; x_wconf 75' lang='lat' dir='ltr'><strong>despiciens!</strong></span> <span class='ocrx_word' id='word_1_457' title='bbox 1519 4437 1552 4474; x_wconf 92' lang='lat' dir='ltr'><strong>o</strong></span> <span class='ocrx_word' id='word_1_458' title='bbox 1582 4437 1732 4476; x_wconf 85' lang='lat' dir='ltr'><strong>mens</strong></span> <span class='ocrx_word' id='word_1_459' title='bbox 1839 4422 1851 4474; x_wconf 93' lang='lat'><strong>!</strong></span> 
     </span>
    </p>
   </div>
   <div class='ocr_carea' id='block_1_58' title="bbox 290 4491 1857 4550">
    <p class='ocr_par' dir='ltr' id='par_1_58' title="bbox 290 4491 1857 4550">
     <span class='ocr_line' id='line_1_58' title="bbox 290 4491 1857 4550; baseline 0.003 -10"><span class='ocrx_word' id='word_1_460' title='bbox 290 4491 441 4543; x_wconf 88' lang='lat' dir='ltr'><strong>telam</strong></span> <span class='ocrx_word' id='word_1_461' title='bbox 471 4508 681 4548; x_wconf 76' lang='lat' dir='ltr'><strong>aranea:</strong></span> <span class='ocrx_word' id='word_1_462' title='bbox 700 4510 820 4550; x_wconf 87' lang='lat' dir='ltr'><strong>esse</strong></span> <span class='ocrx_word' id='word_1_463' title='bbox 844 4494 1181 4548; x_wconf 74' lang='lat' dir='ltr'><strong>existimabat</strong></span> <span class='ocrx_word' id='word_1_464' title='bbox 1206 4493 1326 4546; x_wconf 77' lang='lat' dir='ltr'><strong>vita:</strong></span> <span class='ocrx_word' id='word_1_465' title='bbox 1348 4495 1537 4545; x_wconf 82' lang='lat' dir='ltr'><strong>fastum</strong></span> <span class='ocrx_word' id='word_1_466' title='bbox 1561 4510 1572 4545; x_wconf 91' lang='lat'><strong>:</strong></span> <span class='ocrx_word' id='word_1_467' title='bbox 1594 4509 1698 4544; x_wconf 93' lang='lat' dir='ltr'><strong>non</strong></span> <span class='ocrx_word' id='word_1_468' title='bbox 1728 4492 1857 4545; x_wconf 88' lang='lat' dir='ltr'><strong>adiit</strong></span> 
     </span>
    </p>
   </div>
   <div class='ocr_carea' id='block_1_59' title="bbox 293 4562 1854 4632">
    <p class='ocr_par' dir='ltr' id='par_1_59' title="bbox 293 4562 1854 4632">
     <span class='ocr_line' id='line_1_59' title="bbox 293 4562 1854 4632; baseline 0.001 -18"><span class='ocrx_word' id='word_1_469' title='bbox 293 4577 454 4629; x_wconf 65' lang='lat' dir='ltr'><strong>reges,</strong></span> <span class='ocrx_word' id='word_1_470' title='bbox 504 4578 609 4616; x_wconf 87' lang='lat' dir='ltr'><strong>non</strong></span> <span class='ocrx_word' id='word_1_471' title='bbox 653 4564 861 4629; x_wconf 83' lang='lat' dir='ltr'><strong>divites,</strong></span> <span class='ocrx_word' id='word_1_472' title='bbox 892 4581 996 4618; x_wconf 92' lang='lat' dir='ltr'><strong>non</strong></span> <span class='ocrx_word' id='word_1_473' title='bbox 1049 4565 1361 4632; x_wconf 91' lang='lat' dir='ltr'><strong>locupletes,</strong></span> <span class='ocrx_word' id='word_1_474' title='bbox 1383 4562 1476 4616; x_wconf 89' lang='lat' dir='ltr'><strong>sed</strong></span> <span class='ocrx_word' id='word_1_475' title='bbox 1507 4563 1854 4615; x_wconf 88' lang='lat' dir='ltr'><strong>tentoriorum</strong></span> 
     </span>
    </p>
   </div>
   <div class='ocr_carea' id='block_1_60' title="bbox 290 4632 1857 4703">
    <p class='ocr_par' dir='ltr' id='par_1_60' title="bbox 290 4632 1857 4703">
     <span class='ocr_line' id='line_1_60' title="bbox 290 4632 1857 4703; baseline 0.004 -24"><span class='ocrx_word' id='word_1_476' title='bbox 290 4634 496 4697; x_wconf 79' lang='lat' dir='ltr'><strong>opifices</strong></span> <span class='ocrx_word' id='word_1_477' title='bbox 519 4634 667 4699; x_wconf 87' lang='lat' dir='ltr'><strong>adiit,</strong></span> <span class='ocrx_word' id='word_1_478' title='bbox 693 4635 812 4703; x_wconf 87' lang='lat' dir='ltr'><strong>quia</strong></span> <span class='ocrx_word' id='word_1_479' title='bbox 839 4635 1074 4701; x_wconf 84' lang='lat' dir='ltr'><strong>ejusdem</strong></span> <span class='ocrx_word' id='word_1_480' title='bbox 1098 4644 1211 4688; x_wconf 85' lang='lat' dir='ltr'><strong>erat</strong></span> <span class='ocrx_word' id='word_1_481' title='bbox 1229 4635 1390 4695; x_wconf 86' lang='lat' dir='ltr'><strong>artis;</strong></span> <span class='ocrx_word' id='word_1_482' title='bbox 1418 4648 1514 4686; x_wconf 91' lang='lat' dir='ltr'><strong>nec</strong></span> <span class='ocrx_word' id='word_1_483' title='bbox 1542 4632 1752 4685; x_wconf 86' lang='lat' dir='ltr'><strong>erubuit</strong></span> <span class='ocrx_word' id='word_1_484' title='bbox 1780 4635 1857 4686; x_wconf 84' lang='lat' dir='ltr'><strong>in-</strong></span> 
     </span>
    </p>
   </div>
   <div class='ocr_carea' id='block_1_61' title="bbox 293 4704 1856 4774">
    <p class='ocr_par' dir='ltr' id='par_1_61' title="bbox 293 4704 1856 4774">
     <span class='ocr_line' id='line_1_61' title="bbox 293 4704 1856 4774; baseline 0.003 -23"><span class='ocrx_word' id='word_1_485' title='bbox 293 4704 519 4774; x_wconf 73' lang='lat' dir='ltr'><strong>stitutum</strong></span> <span class='ocrx_word' id='word_1_486' title='bbox 564 4705 686 4757; x_wconf 81' lang='lat' dir='ltr'><strong>vita:</strong></span> <span class='ocrx_word' id='word_1_487' title='bbox 714 4722 824 4760; x_wconf 76' lang='lat' dir='ltr'><strong>sua:</strong></span> <span class='ocrx_word' id='word_1_488' title='bbox 850 4707 1119 4774; x_wconf 82' lang='lat' dir='ltr'><strong>detegere,</strong></span> <span class='ocrx_word' id='word_1_489' title='bbox 1145 4705 1237 4758; x_wconf 86' lang='lat' dir='ltr'><strong>sed</strong></span> <span class='ocrx_word' id='word_1_490' title='bbox 1280 4706 1381 4757; x_wconf 86' lang='lat' dir='ltr'><strong>hoc</strong></span> <span class='ocrx_word' id='word_1_491' title='bbox 1409 4704 1656 4757; x_wconf 88' lang='lat' dir='ltr'><strong>omnibus</strong></span> <span class='ocrx_word' id='word_1_492' title='bbox 1683 4704 1856 4771; x_wconf 84' lang='lat' dir='ltr'><strong>palam</strong></span> 
     </span>
    </p>
   </div>
   <div class='ocr_carea' id='block_1_62' title="bbox 297 4772 1857 4843">
    <p class='ocr_par' dir='ltr' id='par_1_62' title="bbox 297 4772 1857 4843">
     <span class='ocr_line' id='line_1_62' title="bbox 297 4772 1857 4843; baseline 0.004 -22"><span class='ocrx_word' id='word_1_493' title='bbox 297 4772 428 4824; x_wconf 81' lang='lat' dir='ltr'><strong>fecit.</strong></span> <span class='ocrx_word' id='word_1_494' title='bbox 480 4774 537 4826; x_wconf 90' lang='lat' dir='ltr'><strong>In</strong></span> <span class='ocrx_word' id='word_1_495' title='bbox 565 4775 681 4827; x_wconf 90' lang='lat' dir='ltr'><strong>foro</strong></span> <span class='ocrx_word' id='word_1_496' title='bbox 708 4777 875 4841; x_wconf 79' lang='lat' dir='ltr'><strong>stetit,</strong></span> <span class='ocrx_word' id='word_1_497' title='bbox 908 4772 1249 4843; x_wconf 72' lang='lat' dir='ltr'><strong>Evangelium</strong></span> <span class='ocrx_word' id='word_1_498' title='bbox 1275 4774 1589 4843; x_wconf 62' lang='lat' dir='ltr'><strong>pra&#39;dicans,</strong></span> <span class='ocrx_word' id='word_1_499' title='bbox 1620 4785 1857 4827; x_wconf 88' lang='lat' dir='ltr'><strong>mortuos</strong></span> 
     </span>
    </p>
   </div>
   <div class='ocr_carea' id='block_1_63' title="bbox 293 4845 1859 4913">
    <p class='ocr_par' dir='ltr' id='par_1_63' title="bbox 293 4845 1859 4913">
     <span class='ocr_line' id='line_1_63' title="bbox 293 4845 1859 4913; baseline 0.004 -21"><span class='ocrx_word' id='word_1_500' title='bbox 293 4845 563 4913; x_wconf 80' lang='lat' dir='ltr'><strong>suscitans,</strong></span> <span class='ocrx_word' id='word_1_501' title='bbox 595 4845 833 4913; x_wconf 85' lang='lat' dir='ltr'><strong>leprosos</strong></span> <span class='ocrx_word' id='word_1_502' title='bbox 856 4848 1132 4907; x_wconf 87' lang='lat' dir='ltr'><strong>inundans,</strong></span> <span class='ocrx_word' id='word_1_503' title='bbox 1167 4862 1262 4899; x_wconf 88' lang='lat' dir='ltr'><strong>nec</strong></span> <span class='ocrx_word' id='word_1_504' title='bbox 1284 4846 1351 4899; x_wconf 88' lang='lat' dir='ltr'><strong>de</strong></span> <span class='ocrx_word' id='word_1_505' title='bbox 1379 4847 1496 4898; x_wconf 90' lang='lat' dir='ltr'><strong>loco</strong></span> <span class='ocrx_word' id='word_1_506' title='bbox 1529 4845 1756 4911; x_wconf 87' lang='lat' dir='ltr'><strong>pudebat</strong></span> <span class='ocrx_word' id='word_1_507' title='bbox 1795 4845 1859 4898; x_wconf 86' lang='lat' dir='ltr'><strong>il-</strong></span> 
     </span>
    </p>
   </div>
   <div class='ocr_carea' id='block_1_64' title="bbox 294 4912 1851 4984">
    <p class='ocr_par' dir='ltr' id='par_1_64' title="bbox 294 4912 1851 4984">
     <span class='ocr_line' id='line_1_64' title="bbox 294 4912 1851 4984; baseline 0.005 -25"><span class='ocrx_word' id='word_1_508' title='bbox 294 4912 417 4973; x_wconf 89' lang='lat' dir='ltr'><strong>lum,</strong></span> <span class='ocrx_word' id='word_1_509' title='bbox 445 4917 537 4967; x_wconf 84' lang='lat' dir='ltr'><strong>sed</strong></span> <span class='ocrx_word' id='word_1_510' title='bbox 566 4916 634 4968; x_wconf 92' lang='lat' dir='ltr'><strong>de</strong></span> <span class='ocrx_word' id='word_1_511' title='bbox 652 4912 1038 4970; x_wconf 82' lang='lat' dir='ltr'><strong>consuetudine</strong></span> <span class='ocrx_word' id='word_1_512' title='bbox 1063 4916 1403 4984; x_wconf 81' lang='lat' dir='ltr'><strong>gloriabatur.</strong></span> <span class='ocrx_word' id='word_1_513' title='bbox 1437 4913 1492 4967; x_wconf 89' lang='lat' dir='ltr'><strong>Iit</strong></span> <span class='ocrx_word' id='word_1_514' title='bbox 1522 4915 1636 4967; x_wconf 87' lang='lat' dir='ltr'><strong>foro</strong></span> <span class='ocrx_word' id='word_1_515' title='bbox 1661 4916 1851 4977; x_wconf 83' lang='lat' dir='ltr'><strong>stabat,</strong></span> 
     </span>
    </p>
   </div>
   <div class='ocr_carea' id='block_1_65' title="bbox 290 4984 1858 5054">
    <p class='ocr_par' dir='ltr' id='par_1_65' title="bbox 290 4984 1858 5054">
     <span class='ocr_line' id='line_1_65' title="bbox 290 4984 1858 5054; baseline 0.005 -24"><span class='ocrx_word' id='word_1_516' title='bbox 290 4990 341 5031; x_wconf 85' lang='lat' dir='ltr'><strong>et</strong></span> <span class='ocrx_word' id='word_1_517' title='bbox 364 4984 491 5036; x_wconf 85' lang='lat' dir='ltr'><strong>alius</strong></span> <span class='ocrx_word' id='word_1_518' title='bbox 511 4986 726 5053; x_wconf 89' lang='lat' dir='ltr'><strong>quidem</strong></span> <span class='ocrx_word' id='word_1_519' title='bbox 756 4988 916 5054; x_wconf 87' lang='lat' dir='ltr'><strong>pelles</strong></span> <span class='ocrx_word' id='word_1_520' title='bbox 936 4986 1114 5045; x_wconf 83' lang='lat' dir='ltr'><strong>dabat,</strong></span> <span class='ocrx_word' id='word_1_521' title='bbox 1145 4986 1231 5038; x_wconf 86' lang='lat' dir='ltr'><strong>alii</strong></span> <span class='ocrx_word' id='word_1_522' title='bbox 1262 5000 1390 5038; x_wconf 86' lang='lat' dir='ltr'><strong>vero</strong></span> <span class='ocrx_word' id='word_1_523' title='bbox 1416 4984 1681 5050; x_wconf 80' lang='lat' dir='ltr'><strong>dicebant,</strong></span> <span class='ocrx_word' id='word_1_524' title='bbox 1716 4986 1858 5039; x_wconf 72' lang='lat' dir='ltr'><strong>Moro</strong></span> 
     </span>
    </p>
   </div>
   <div class='ocr_carea' id='block_1_66' title="bbox 290 5056 1937 5125">
    <p class='ocr_par' dir='ltr' id='par_1_66' title="bbox 290 5056 1937 5125">
     <span class='ocr_line' id='line_1_66' title="bbox 290 5056 1937 5125; baseline 0.004 -25"><span class='ocrx_word' id='word_1_525' title='bbox 290 5060 432 5125; x_wconf 79' lang='lat' dir='ltr'><strong>tuum</strong></span> <span class='ocrx_word' id='word_1_526' title='bbox 456 5057 649 5107; x_wconf 75' lang='lat' dir='ltr'><strong>suscita</strong></span> <span class='ocrx_word' id='word_1_527' title='bbox 673 5074 689 5120; x_wconf 87' lang='lat'><strong>;</strong></span> <span class='ocrx_word' id='word_1_528' title='bbox 717 5072 781 5109; x_wconf 81' lang='lat' dir='ltr'><strong>ac</strong></span> <span class='ocrx_word' id='word_1_529' title='bbox 803 5066 1061 5110; x_wconf 89' lang='lat' dir='ltr'><strong>steterunt</strong></span> <span class='ocrx_word' id='word_1_530' title='bbox 1087 5056 1205 5108; x_wconf 77' lang='lat' dir='ltr'><strong>dna:</strong></span> <span class='ocrx_word' id='word_1_531' title='bbox 1227 5056 1497 5109; x_wconf 89' lang='lat' dir='ltr'><strong>mulieres:</strong></span> <span class='ocrx_word' id='word_1_532' title='bbox 1521 5071 1621 5107; x_wconf 93' lang='lat' dir='ltr'><strong>una</strong></span> <span class='ocrx_word' id='word_1_533' title='bbox 1643 5056 1856 5125; x_wconf 87' lang='lat' dir='ltr'><strong>quidem</strong></span> <span class='ocrx_word' id='word_1_534' title='bbox 1887 5099 1937 5115; x_wconf 69' lang='lat'><strong>-</strong></span> 
     </span>
    </p>
   </div>
   <div class='ocr_carea' id='block_1_67' title="bbox 291 5121 1860 5192">
    <p class='ocr_par' dir='ltr' id='par_1_67' title="bbox 291 5121 1860 5192">
     <span class='ocr_line' id='line_1_67' title="bbox 291 5121 1860 5192; baseline 0.004 -21"><span class='ocrx_word' id='word_1_535' title='bbox 291 5121 484 5187; x_wconf 82' lang='lat' dir='ltr'><strong>dicens,</strong></span> <span class='ocrx_word' id='word_1_536' title='bbox 514 5124 713 5180; x_wconf 84' lang='lat' dir='ltr'><strong>Pellem</strong></span> <span class='ocrx_word' id='word_1_537' title='bbox 744 5126 869 5179; x_wconf 88' lang='lat' dir='ltr'><strong>mihi</strong></span> <span class='ocrx_word' id='word_1_538' title='bbox 896 5129 948 5180; x_wconf 88' lang='lat' dir='ltr'><strong>in</strong></span> <span class='ocrx_word' id='word_1_539' title='bbox 974 5126 1263 5192; x_wconf 82' lang='lat' dir='ltr'><strong>stragulum</strong></span> <span class='ocrx_word' id='word_1_540' title='bbox 1286 5128 1519 5188; x_wconf 76' lang='lat' dir='ltr'><strong>confice;</strong></span> <span class='ocrx_word' id='word_1_541' title='bbox 1548 5121 1711 5179; x_wconf 77' lang='lat' dir='ltr'><strong>altera</strong></span> <span class='ocrx_word' id='word_1_542' title='bbox 1734 5142 1860 5178; x_wconf 87' lang='lat' dir='ltr'><strong>vero</strong></span> 
     </span>
    </p>
   </div>
   <div class='ocr_carea' id='block_1_68' title="bbox 291 5195 1853 5265">
    <p class='ocr_par' dir='ltr' id='par_1_68' title="bbox 291 5195 1853 5265">
     <span class='ocr_line' id='line_1_68' title="bbox 291 5195 1853 5265; baseline 0.004 -23"><span class='ocrx_word' id='word_1_543' title='bbox 291 5205 494 5258; x_wconf 72' lang='lat' dir='ltr'><strong>rogans,</strong></span> <span class='ocrx_word' id='word_1_544' title='bbox 524 5195 730 5250; x_wconf 86' lang='lat' dir='ltr'><strong>Suscita</strong></span> <span class='ocrx_word' id='word_1_545' title='bbox 781 5197 946 5250; x_wconf 83' lang='lat' dir='ltr'><strong>filium</strong></span> <span class='ocrx_word' id='word_1_546' title='bbox 989 5212 1161 5249; x_wconf 86' lang='lat' dir='ltr'><strong>meum</strong></span> <span class='ocrx_word' id='word_1_547' title='bbox 1189 5213 1202 5259; x_wconf 91' lang='lat'><strong>;</strong></span> <span class='ocrx_word' id='word_1_548' title='bbox 1243 5207 1297 5250; x_wconf 88' lang='lat' dir='ltr'><strong>et</strong></span> <span class='ocrx_word' id='word_1_549' title='bbox 1326 5199 1533 5264; x_wconf 84' lang='lat' dir='ltr'><strong>utrique</strong></span> <span class='ocrx_word' id='word_1_550' title='bbox 1562 5197 1853 5265; x_wconf 83' lang='lat' dir='ltr'><strong>respondit,</strong></span> 
     </span>
    </p>
   </div>
   <div class='ocr_carea' id='block_1_69' title="bbox 290 5266 1901 5334">
    <p class='ocr_par' dir='ltr' id='par_1_69' title="bbox 290 5266 1901 5334">
     <span class='ocr_line' id='line_1_69' title="bbox 290 5266 1901 5334; baseline 0.003 -24"><span class='ocrx_word' id='word_1_551' title='bbox 290 5270 441 5330; x_wconf 83' lang='lat' dir='ltr'><strong>atque</strong></span> <span class='ocrx_word' id='word_1_552' title='bbox 485 5268 624 5321; x_wconf 89' lang='lat' dir='ltr'><strong>aliud</strong></span> <span class='ocrx_word' id='word_1_553' title='bbox 653 5268 805 5322; x_wconf 87' lang='lat' dir='ltr'><strong>alteri</strong></span> <span class='ocrx_word' id='word_1_554' title='bbox 837 5267 1216 5334; x_wconf 89' lang='lat' dir='ltr'><strong>impedimento</strong></span> <span class='ocrx_word' id='word_1_555' title='bbox 1248 5284 1352 5321; x_wconf 81' lang='lat' dir='ltr'><strong>non</strong></span> <span class='ocrx_word' id='word_1_556' title='bbox 1382 5266 1515 5329; x_wconf 86' lang='lat' dir='ltr'><strong>fuit,</strong></span> <span class='ocrx_word' id='word_1_557' title='bbox 1548 5268 1641 5320; x_wconf 87' lang='lat' dir='ltr'><strong>sed</strong></span> <span class='ocrx_word' id='word_1_558' title='bbox 1673 5278 1727 5320; x_wconf 90' lang='lat' dir='ltr'><strong>et</strong></span> <span class='ocrx_word' id='word_1_559' title='bbox 1752 5277 1901 5318; x_wconf 65' lang='lat' dir='ltr'><strong>Itlzi-K</strong></span> 
     </span>
    </p>
   </div>
   <div class='ocr_carea' id='block_1_70' title="bbox 294 5337 1861 5406">
    <p class='ocr_par' dir='ltr' id='par_1_70' title="bbox 294 5337 1861 5406">
     <span class='ocr_line' id='line_1_70' title="bbox 294 5337 1861 5406; baseline 0.002 -19"><span class='ocrx_word' id='word_1_560' title='bbox 294 5346 386 5387; x_wconf 84' lang='lat' dir='ltr'><strong>nus</strong></span> <span class='ocrx_word' id='word_1_561' title='bbox 411 5337 737 5404; x_wconf 78' lang='lat' dir='ltr'><strong>laborabant,</strong></span> <span class='ocrx_word' id='word_1_562' title='bbox 766 5348 820 5392; x_wconf 89' lang='lat' dir='ltr'><strong>et</strong></span> <span class='ocrx_word' id='word_1_563' title='bbox 858 5342 1025 5404; x_wconf 79' lang='lat' dir='ltr'><strong>gratia</strong></span> <span class='ocrx_word' id='word_1_564' title='bbox 1044 5339 1365 5406; x_wconf 73' lang='lat' dir='ltr'><strong>operabatur</strong></span> <span class='ocrx_word' id='word_1_565' title='bbox 1390 5356 1403 5391; x_wconf 90' lang='lat'><strong>:</strong></span> <span class='ocrx_word' id='word_1_566' title='bbox 1433 5347 1486 5391; x_wconf 88' lang='lat' dir='ltr'><strong>et</strong></span> <span class='ocrx_word' id='word_1_567' title='bbox 1517 5339 1723 5406; x_wconf 88' lang='lat' dir='ltr'><strong>utrique</strong></span> <span class='ocrx_word' id='word_1_568' title='bbox 1774 5352 1861 5390; x_wconf 87' lang='lat' dir='ltr'><strong>re-</strong></span> 
     </span>
    </p>
   </div>
   <div class='ocr_carea' id='block_1_71' title="bbox 291 5405 1854 5476">
    <p class='ocr_par' dir='ltr' id='par_1_71' title="bbox 291 5405 1854 5476">
     <span class='ocr_line' id='line_1_71' title="bbox 291 5405 1854 5476; baseline -0.001 -19"><span class='ocrx_word' id='word_1_569' title='bbox 291 5409 572 5469; x_wconf 76' lang='lat' dir='ltr'><strong>Spomlebal</strong></span> <span class='ocrx_word' id='word_1_570' title='bbox 595 5410 945 5462; x_wconf 89' lang='lat' dir='ltr'><strong>tentoriorum</strong></span> <span class='ocrx_word' id='word_1_571' title='bbox 966 5405 1320 5476; x_wconf 79' lang='lat' dir='ltr'><strong>opifex,alteri</strong></span> <span class='ocrx_word' id='word_1_572' title='bbox 1344 5408 1554 5476; x_wconf 85' lang='lat' dir='ltr'><strong>quidem</strong></span> <span class='ocrx_word' id='word_1_573' title='bbox 1577 5405 1854 5471; x_wconf 68' lang='lat' dir='ltr'><strong>ariissttm,</strong></span> 
     </span>
    </p>
   </div>
   <div class='ocr_carea' id='block_1_72' title="bbox 289 5476 1859 5547">
    <p class='ocr_par' dir='ltr' id='par_1_72' title="bbox 289 5476 1859 5547">
     <span class='ocr_line' id='line_1_72' title="bbox 289 5476 1859 5547; baseline 0 -18"><span class='ocrx_word' id='word_1_574' title='bbox 289 5476 868 5547; x_wconf 63' lang='lat' dir='ltr'><strong>alterigratiaafructnm</strong></span> <span class='ocrx_word' id='word_1_575' title='bbox 893 5480 1140 5547; x_wconf 82' lang='lat' dir='ltr'><strong>largiens.</strong></span> <span class='ocrx_word' id='word_1_576' title='bbox 1172 5479 1306 5543; x_wconf 91' lang='lat' dir='ltr'><strong>Quid</strong></span> <span class='ocrx_word' id='word_1_577' title='bbox 1336 5489 1388 5530; x_wconf 91' lang='lat' dir='ltr'><strong>tu</strong></span> <span class='ocrx_word' id='word_1_578' title='bbox 1413 5480 1524 5531; x_wconf 81' lang='lat' dir='ltr'><strong>vis?</strong></span> <span class='ocrx_word' id='word_1_579' title='bbox 1550 5478 1738 5547; x_wconf 84' lang='lat' dir='ltr'><strong>pellem</strong></span> <span class='ocrx_word' id='word_1_580' title='bbox 1760 5493 1859 5545; x_wconf 85' lang='lat' dir='ltr'><strong>ego</strong></span> 
     </span>
    </p>
   </div>
   <div class='ocr_carea' id='block_1_73' title="bbox 288 5548 1859 5619">
    <p class='ocr_par' dir='ltr' id='par_1_73' title="bbox 288 5548 1859 5619">
     <span class='ocr_line' id='line_1_73' title="bbox 288 5548 1859 5619; baseline 0.001 -22"><span class='ocrx_word' id='word_1_581' title='bbox 288 5550 510 5619; x_wconf 77' lang='lat' dir='ltr'><strong>conficio</strong></span> <span class='ocrx_word' id='word_1_582' title='bbox 550 5551 600 5603; x_wconf 88' lang='lat' dir='ltr'><strong>iii</strong></span> <span class='ocrx_word' id='word_1_583' title='bbox 642 5551 931 5619; x_wconf 86' lang='lat' dir='ltr'><strong>stragulum</strong></span> <span class='ocrx_word' id='word_1_584' title='bbox 965 5566 978 5601; x_wconf 92' lang='lat'><strong>:</strong></span> <span class='ocrx_word' id='word_1_585' title='bbox 1010 5548 1172 5616; x_wconf 83' lang='lat' dir='ltr'><strong>pelles</strong></span> <span class='ocrx_word' id='word_1_586' title='bbox 1199 5549 1342 5603; x_wconf 89' lang='lat' dir='ltr'><strong>enim</strong></span> <span class='ocrx_word' id='word_1_587' title='bbox 1381 5564 1604 5602; x_wconf 85' lang='lat' dir='ltr'><strong>cousuo.</strong></span> <span class='ocrx_word' id='word_1_588' title='bbox 1637 5549 1772 5613; x_wconf 88' lang='lat' dir='ltr'><strong>Quid</strong></span> <span class='ocrx_word' id='word_1_589' title='bbox 1805 5559 1859 5600; x_wconf 93' lang='lat' dir='ltr'><strong>tu</strong></span> 
     </span>
    </p>
   </div>
   <div class='ocr_carea' id='block_1_74' title="bbox 295 5616 1858 5687">
    <p class='ocr_par' dir='ltr' id='par_1_74' title="bbox 295 5616 1858 5687">
     <span class='ocr_line' id='line_1_74' title="bbox 295 5616 1858 5687; baseline 0.003 -22"><span class='ocrx_word' id='word_1_590' title='bbox 295 5616 689 5672; x_wconf 79' lang='lat' dir='ltr'><strong>vis?mortuuin</strong></span> <span class='ocrx_word' id='word_1_591' title='bbox 718 5616 984 5687; x_wconf 78' lang='lat' dir='ltr'><strong>tiiuinego</strong></span> <span class='ocrx_word' id='word_1_592' title='bbox 1005 5622 1247 5674; x_wconf 84' lang='lat' dir='ltr'><strong>suscitari</strong></span> <span class='ocrx_word' id='word_1_593' title='bbox 1263 5620 1460 5674; x_wconf 83' lang='lat' dir='ltr'><strong>curabo</strong></span> <span class='ocrx_word' id='word_1_594' title='bbox 1489 5635 1503 5671; x_wconf 96' lang='lat'><strong>:</strong></span> <span class='ocrx_word' id='word_1_595' title='bbox 1534 5620 1698 5673; x_wconf 87' lang='lat' dir='ltr'><strong>Deum</strong></span> <span class='ocrx_word' id='word_1_596' title='bbox 1718 5619 1858 5671; x_wconf 89' lang='lat' dir='ltr'><strong>enim</strong></span> 
     </span>
    </p>
   </div>
   <div class='ocr_carea' id='block_1_75' title="bbox 285 5688 1858 5756">
    <p class='ocr_par' dir='ltr' id='par_1_75' title="bbox 285 5688 1858 5756">
     <span class='ocr_line' id='line_1_75' title="bbox 285 5688 1858 5756; baseline 0.003 -19"><span class='ocrx_word' id='word_1_597' title='bbox 285 5689 503 5755; x_wconf 77' lang='lat' dir='ltr'><strong>n-gaho.</strong></span> <span class='ocrx_word' id='word_1_598' title='bbox 525 5688 705 5756; x_wconf 76' lang='lat' dir='ltr'><strong>Neque</strong></span> <span class='ocrx_word' id='word_1_599' title='bbox 730 5691 976 5744; x_wconf 75' lang='lat' dir='ltr'><strong>dedecori</strong></span> <span class='ocrx_word' id='word_1_600' title='bbox 1004 5707 1092 5743; x_wconf 89' lang='lat' dir='ltr'><strong>ars</strong></span> <span class='ocrx_word' id='word_1_601' title='bbox 1114 5700 1245 5745; x_wconf 88' lang='lat' dir='ltr'><strong>erat.</strong></span> <span class='ocrx_word' id='word_1_602' title='bbox 1287 5690 1401 5745; x_wconf 77' lang='lat' dir='ltr'><strong>Non</strong></span> <span class='ocrx_word' id='word_1_603' title='bbox 1432 5690 1540 5743; x_wconf 89' lang='lat' dir='ltr'><strong>ibat</strong></span> <span class='ocrx_word' id='word_1_604' title='bbox 1567 5691 1618 5743; x_wconf 92' lang='lat' dir='ltr'><strong>in</strong></span> <span class='ocrx_word' id='word_1_605' title='bbox 1644 5690 1858 5742; x_wconf 89' lang='lat' dir='ltr'><strong>donntm</strong></span> 
     </span>
    </p>
   </div>
   <div class='ocr_carea' id='block_1_76' title="bbox 280 5756 1860 5828">
    <p class='ocr_par' dir='ltr' id='par_1_76' title="bbox 280 5756 1860 5828">
     <span class='ocr_line' id='line_1_76' title="bbox 280 5756 1860 5828; baseline 0.003 -20"><span class='ocrx_word' id='word_1_606' title='bbox 280 5756 497 5812; x_wconf 72' lang='lat' dir='ltr'><strong>divitem</strong></span> <span class='ocrx_word' id='word_1_607' title='bbox 524 5769 580 5812; x_wconf 89' lang='lat' dir='ltr'><strong>et</strong></span> <span class='ocrx_word' id='word_1_608' title='bbox 603 5760 918 5828; x_wconf 76' lang='lat' dir='ltr'><strong>locupletem</strong></span> <span class='ocrx_word' id='word_1_609' title='bbox 950 5776 963 5811; x_wconf 90' lang='lat'><strong>:</strong></span> <span class='ocrx_word' id='word_1_610' title='bbox 996 5761 1159 5828; x_wconf 70' lang='lat' dir='ltr'><strong>legem</strong></span> <span class='ocrx_word' id='word_1_611' title='bbox 1203 5763 1343 5815; x_wconf 77' lang='lat' dir='ltr'><strong>enim</strong></span> <span class='ocrx_word' id='word_1_612' title='bbox 1374 5761 1579 5815; x_wconf 86' lang='lat' dir='ltr'><strong>Domini</strong></span> <span class='ocrx_word' id='word_1_613' title='bbox 1608 5762 1860 5826; x_wconf 85' lang='lat' dir='ltr'><strong>implebat</strong></span> 
     </span>
    </p>
   </div>
   <div class='ocr_carea' id='block_1_77' title="bbox 280 5826 1856 5895">
    <p class='ocr_par' dir='ltr' id='par_1_77' title="bbox 280 5826 1856 5895">
     <span class='ocr_line' id='line_1_77' title="bbox 280 5826 1856 5895; baseline 0.003 -17"><span class='ocrx_word' id='word_1_614' title='bbox 280 5830 545 5883; x_wconf 70' lang='lat' dir='ltr'><strong>dicentem</strong></span> <span class='ocrx_word' id='word_1_615' title='bbox 571 5844 585 5881; x_wconf 91' lang='lat'><strong>:</strong></span> <span class='ocrx_word' id='word_1_616' title='bbox 615 5826 680 5882; x_wconf 83' lang='grc' dir='ltr'><strong>1η</strong></span> <span class='ocrx_word' id='word_1_617' title='bbox 706 5826 1063 5895; x_wconf 68' lang='lat' dir='ltr'><strong>quamcumque</strong></span> <span class='ocrx_word' id='word_1_618' title='bbox 1081 5844 1243 5885; x_wconf 75' lang='lat' dir='ltr'><strong>autem</strong></span> <span class='ocrx_word' id='word_1_619' title='bbox 1274 5833 1519 5886; x_wconf 79' lang='lat' dir='ltr'><strong>civitatem</strong></span> <span class='ocrx_word' id='word_1_620' title='bbox 1552 5842 1638 5885; x_wconf 85' lang='lat' dir='ltr'><strong>aut</strong></span> <span class='ocrx_word' id='word_1_621' title='bbox 1655 5834 1856 5884; x_wconf 83' lang='lat' dir='ltr'><strong>domum</strong></span> 
     </span>
    </p>
   </div>
   <div class='ocr_carea' id='block_1_78' title="bbox 239 746 1891 834">
    <p class='ocr_par' dir='ltr' id='par_1_78' title="bbox 239 746 1891 834">
     <span class='ocr_line' id='line_1_78' title="bbox 239 746 1891 834; baseline -0.007 -11"><span class='ocrx_word' id='word_1_622' title='bbox 239 746 408 827; x_wconf 54' lang='lat' dir='ltr'><strong>iiteie:</strong></span> <span class='ocrx_word' id='word_1_623' title='bbox 442 769 559 833; x_wconf 84' lang='lat' dir='ltr'><strong>sed,</strong></span> <span class='ocrx_word' id='word_1_624' title='bbox 587 746 921 834; x_wconf 70' lang='lat' dir='ltr'><strong>quocumque</strong></span> <span class='ocrx_word' id='word_1_625' title='bbox 941 746 1120 827; x_wconf 73' lang='lat' dir='ltr'><strong>abeas,</strong></span> <span class='ocrx_word' id='word_1_626' title='bbox 1152 764 1325 823; x_wconf 82' lang='lat' dir='ltr'><strong>audis,</strong></span> <span class='ocrx_word' id='word_1_627' title='bbox 1358 760 1418 814; x_wconf 84' lang='lat' dir='ltr'><strong>In</strong></span> <span class='ocrx_word' id='word_1_628' title='bbox 1451 762 1699 834; x_wconf 61' lang='lat' dir='ltr'><strong>principio</strong></span> <span class='ocrx_word' id='word_1_629' title='bbox 1727 746 1891 811; x_wconf 46' lang='lat' dir='ltr'><strong>eiut&quot;</strong></span> 
     </span>
    </p>
   </div>
   <div class='ocr_carea' id='block_1_79' title="bbox 1935 483 3506 552">
    <p class='ocr_par' dir='ltr' id='par_1_79' title="bbox 1935 483 3506 552">
     <span class='ocr_line' id='line_1_79' title="bbox 1935 483 3506 552; baseline 0.004 -19"><span class='ocrx_word' id='word_1_630' title='bbox 1935 483 2254 541; x_wconf 72' lang='lat' dir='ltr'><strong>intraveritis,</strong></span> <span class='ocrx_word' id='word_1_631' title='bbox 2278 485 2701 552; x_wconf 78' lang='lat' dir='ltr'><strong>tittcrrogathuis</strong></span> <span class='ocrx_word' id='word_1_632' title='bbox 2729 486 2777 536; x_wconf 87' lang='lat' dir='ltr'><strong>in</strong></span> <span class='ocrx_word' id='word_1_633' title='bbox 2808 501 2864 535; x_wconf 82' lang='lat' dir='ltr'><strong>m</strong></span> <span class='ocrx_word' id='word_1_634' title='bbox 2904 486 3085 552; x_wconf 61' lang='lat' dir='ltr'><strong>(lignus</strong></span> <span class='ocrx_word' id='word_1_635' title='bbox 3108 488 3189 545; x_wconf 77' lang='lat' dir='ltr'><strong>sit,</strong></span> <span class='ocrx_word' id='word_1_636' title='bbox 3220 499 3263 540; x_wconf 75' lang='lat' dir='ltr'><strong>rt</strong></span> <span class='ocrx_word' id='word_1_637' title='bbox 3292 490 3355 540; x_wconf 76' lang='grc' dir='ltr'><strong>ἰίιὶ</strong></span> <span class='ocrx_word' id='word_1_638' title='bbox 3399 508 3506 540; x_wconf 76' lang='lat' dir='ltr'><strong>mu-</strong></span> 
     </span>
    </p>
   </div>
   <div class='ocr_carea' id='block_1_80' title="bbox 1935 544 3510 630">
    <p class='ocr_par' dir='ltr' id='par_1_80' title="bbox 1935 544 3510 630">
     <span class='ocr_line' id='line_1_80' title="bbox 1935 544 3510 630; baseline 0.007 -27"><span class='ocrx_word' id='word_1_639' title='bbox 1935 563 2044 605; x_wconf 75' lang='lat' dir='ltr'><strong>uete</strong></span> <span class='ocrx_word' id='word_1_640' title='bbox 2085 552 2297 630; x_wconf 54' lang='lat' dir='ltr'><strong>(Matth:</strong></span> <span class='ocrx_word' id='word_1_641' title='bbox 2324 552 2391 615; x_wconf 83' lang='grc' dir='ltr'><strong>Χ.</strong></span> <span class='ocrx_word' id='word_1_642' title='bbox 2423 544 2534 623; x_wconf 79' lang='lat' dir='ltr'><strong>II).</strong></span> <span class='ocrx_word' id='word_1_643' title='bbox 2572 544 2762 630; x_wconf 50' lang='lat' dir='ltr'><strong>Elatiae</strong></span> <span class='ocrx_word' id='word_1_644' title='bbox 2784 557 2923 630; x_wconf 64' lang='lat' dir='ltr'><strong>enim</strong></span> <span class='ocrx_word' id='word_1_645' title='bbox 2950 544 3112 630; x_wconf 49' lang='lat' dir='ltr'><strong>Ilattlo</strong></span> <span class='ocrx_word' id='word_1_646' title='bbox 3132 544 3345 630; x_wconf 75' lang='lat' dir='ltr'><strong>dignum</strong></span> <span class='ocrx_word' id='word_1_647' title='bbox 3373 564 3510 630; x_wconf 65' lang='lat' dir='ltr'><strong>quod</strong></span> 
     </span>
    </p>
   </div>
   <div class='ocr_carea' id='block_1_81' title="bbox 1935 623 3514 695">
    <p class='ocr_par' dir='ltr' id='par_1_81' title="bbox 1935 623 3514 695">
     <span class='ocr_line' id='line_1_81' title="bbox 1935 623 3514 695; baseline 0.006 -20"><span class='ocrx_word' id='word_1_648' title='bbox 1935 632 2076 695; x_wconf 78' lang='lat' dir='ltr'><strong>esset</strong></span> <span class='ocrx_word' id='word_1_649' title='bbox 2099 623 2447 695; x_wconf 84' lang='lat' dir='ltr'><strong>tentoriorum</strong></span> <span class='ocrx_word' id='word_1_650' title='bbox 2500 623 2676 692; x_wconf 78' lang='lat' dir='ltr'><strong>opifex</strong></span> <span class='ocrx_word' id='word_1_651' title='bbox 2695 625 2718 676; x_wconf 74' lang='lat' dir='ltr'><strong>‘l</strong></span> <span class='ocrx_word' id='word_1_652' title='bbox 2750 626 2905 693; x_wconf 89' lang='lat' dir='ltr'><strong>plane</strong></span> <span class='ocrx_word' id='word_1_653' title='bbox 2954 623 3324 695; x_wconf 43' lang='lat' dir='ltr'><strong>quidemftlur</strong></span> <span class='ocrx_word' id='word_1_654' title='bbox 3372 623 3514 684; x_wconf 78' lang='lat' dir='ltr'><strong>non?</strong></span> 
     </span>
    </p>
   </div>
   <div class='ocr_carea' id='block_1_82' title="bbox 1935 693 3512 768">
    <p class='ocr_par' dir='ltr' id='par_1_82' title="bbox 1935 693 3512 768">
     <span class='ocr_line' id='line_1_82' title="bbox 1935 693 3512 768; baseline 0.005 -23"><span class='ocrx_word' id='word_1_655' title='bbox 1935 693 2198 768; x_wconf 79' lang='lat' dir='ltr'><strong>siquidem</strong></span> <span class='ocrx_word' id='word_1_656' title='bbox 2234 696 2582 768; x_wconf 61' lang='lat' dir='ltr'><strong>teiitiiijiii&#39;tttit</strong></span> <span class='ocrx_word' id='word_1_657' title='bbox 2610 695 2793 768; x_wconf 56' lang='lat' dir='ltr'><strong>opifex</strong></span> <span class='ocrx_word' id='word_1_658' title='bbox 2831 705 2943 750; x_wconf 90' lang='lat' dir='ltr'><strong>erat</strong></span> <span class='ocrx_word' id='word_1_659' title='bbox 2972 693 3260 752; x_wconf 68' lang='lat' dir='ltr'><strong>Secundum</strong></span> <span class='ocrx_word' id='word_1_660' title='bbox 3292 717 3512 768; x_wconf 72' lang='lat' dir='ltr'><strong>paupcr~</strong></span> 
     </span>
    </p>
   </div>
   <div class='ocr_carea' id='block_1_83' title="bbox 1935 763 3514 834">
    <p class='ocr_par' dir='ltr' id='par_1_83' title="bbox 1935 763 3514 834">
     <span class='ocr_line' id='line_1_83' title="bbox 1935 763 3514 834; baseline 0.006 -19"><span class='ocrx_word' id='word_1_661' title='bbox 1935 763 2058 815; x_wconf 90' lang='lat' dir='ltr'><strong>tatis</strong></span> <span class='ocrx_word' id='word_1_662' title='bbox 2083 765 2361 816; x_wconf 78' lang='lat' dir='ltr'><strong>amorem?</strong></span> <span class='ocrx_word' id='word_1_663' title='bbox 2394 763 2572 817; x_wconf 88' lang='lat' dir='ltr'><strong>Dicam</strong></span> <span class='ocrx_word' id='word_1_664' title='bbox 2626 766 2716 819; x_wconf 89' lang='lat' dir='ltr'><strong>tibi</strong></span> <span class='ocrx_word' id='word_1_665' title='bbox 2749 766 2862 834; x_wconf 82' lang='lat' dir='ltr'><strong>ejus</strong></span> <span class='ocrx_word' id='word_1_666' title='bbox 2892 769 3190 821; x_wconf 80' lang='lat' dir='ltr'><strong>coeuntium</strong></span> <span class='ocrx_word' id='word_1_667' title='bbox 3221 763 3514 825; x_wconf 72' lang='lat' dir='ltr'><strong>diademate</strong></span> 
     </span>
    </p>
   </div>
   <div class='ocr_carea' id='block_1_84' title="bbox 1937 834 3516 903">
    <p class='ocr_par' dir='ltr' id='par_1_84' title="bbox 1937 834 3516 903">
     <span class='ocr_line' id='line_1_84' title="bbox 1937 834 3516 903; baseline 0.007 -19"><span class='ocrx_word' id='word_1_668' title='bbox 1937 834 2296 899; x_wconf 57' lang='lat' dir='ltr'><strong>praestantius,</strong></span> <span class='ocrx_word' id='word_1_669' title='bbox 2318 844 2462 888; x_wconf 84' lang='lat' dir='ltr'><strong>veste</strong></span> <span class='ocrx_word' id='word_1_670' title='bbox 2479 851 2735 903; x_wconf 88' lang='lat' dir='ltr'><strong>purpurea</strong></span> <span class='ocrx_word' id='word_1_671' title='bbox 2757 838 3112 895; x_wconf 72' lang='lat' dir='ltr'><strong>sulendidius‘.’</strong></span> <span class='ocrx_word' id='word_1_672' title='bbox 3135 840 3365 893; x_wconf 81' lang='lat' dir='ltr'><strong>Salutate</strong></span> <span class='ocrx_word' id='word_1_673' title='bbox 3396 841 3516 894; x_wconf 84' lang='lat' dir='ltr'><strong>Pri-</strong></span> 
     </span>
    </p>
   </div>
   <div class='ocr_carea' id='block_1_85' title="bbox 1936 903 3514 975">
    <p class='ocr_par' dir='ltr' id='par_1_85' title="bbox 1936 903 3514 975">
     <span class='ocr_line' id='line_1_85' title="bbox 1936 903 3514 975; baseline 0.004 -20"><span class='ocrx_word' id='word_1_674' title='bbox 1936 903 2133 955; x_wconf 83' lang='lat' dir='ltr'><strong>scillam</strong></span> <span class='ocrx_word' id='word_1_675' title='bbox 2154 914 2199 955; x_wconf 86' lang='lat' dir='ltr'><strong>et</strong></span> <span class='ocrx_word' id='word_1_676' title='bbox 2226 906 2457 973; x_wconf 82' lang='lat' dir='ltr'><strong>Aquilam</strong></span> <span class='ocrx_word' id='word_1_677' title='bbox 2505 905 2678 975; x_wconf 84' lang='lat' dir='ltr'><strong>(Rom.</strong></span> <span class='ocrx_word' id='word_1_678' title='bbox 2708 906 2843 969; x_wconf 71' lang='lat' dir='ltr'><strong>XVI,</strong></span> <span class='ocrx_word' id='word_1_679' title='bbox 2875 910 2928 968; x_wconf 74' lang='grc' dir='ltr'><strong>ὅ.</strong></span> <span class='ocrx_word' id='word_1_680' title='bbox 2960 909 3039 973; x_wconf 70' lang='grc'><strong>4).</strong></span> <span class='ocrx_word' id='word_1_681' title='bbox 3079 910 3143 962; x_wconf 89' lang='lat' dir='ltr'><strong>Et</strong></span> <span class='ocrx_word' id='word_1_682' title='bbox 3170 911 3416 964; x_wconf 79' lang='lat' dir='ltr'><strong>feminam</strong></span> <span class='ocrx_word' id='word_1_683' title='bbox 3442 916 3514 961; x_wconf 83' lang='lat' dir='ltr'><strong>vi-</strong></span> 
     </span>
    </p>
   </div>
   <div class='ocr_carea' id='block_1_86' title="bbox 1939 975 3511 1044">
    <p class='ocr_par' dir='ltr' id='par_1_86' title="bbox 1939 975 3511 1044">
     <span class='ocr_line' id='line_1_86' title="bbox 1939 975 3511 1044; baseline 0.004 -17"><span class='ocrx_word' id='word_1_684' title='bbox 1939 989 1999 1027; x_wconf 87' lang='lat' dir='ltr'><strong>ro</strong></span> <span class='ocrx_word' id='word_1_685' title='bbox 2029 975 2302 1041; x_wconf 72' lang='lat' dir='ltr'><strong>prasponit,</strong></span> <span class='ocrx_word' id='word_1_686' title='bbox 2334 987 2389 1027; x_wconf 90' lang='lat' dir='ltr'><strong>ut</strong></span> <span class='ocrx_word' id='word_1_687' title='bbox 2416 985 2469 1027; x_wconf 86' lang='lat' dir='ltr'><strong>tu</strong></span> <span class='ocrx_word' id='word_1_688' title='bbox 2515 976 2688 1029; x_wconf 80' lang='lat' dir='ltr'><strong>discas</strong></span> <span class='ocrx_word' id='word_1_689' title='bbox 2740 978 2992 1044; x_wconf 78' lang='lat' dir='ltr'><strong>majorem</strong></span> <span class='ocrx_word' id='word_1_690' title='bbox 3027 978 3189 1035; x_wconf 77' lang='lat' dir='ltr'><strong>fuisse</strong></span> <span class='ocrx_word' id='word_1_691' title='bbox 3219 983 3268 1034; x_wconf 90' lang='lat' dir='ltr'><strong>in</strong></span> <span class='ocrx_word' id='word_1_692' title='bbox 3320 983 3511 1037; x_wconf 69' lang='lat' dir='ltr'><strong>femina</strong></span> 
     </span>
    </p>
   </div>
   <div class='ocr_carea' id='block_1_87' title="bbox 1939 1044 3517 1113">
    <p class='ocr_par' dir='ltr' id='par_1_87' title="bbox 1939 1044 3517 1113">
     <span class='ocr_line' id='line_1_87' title="bbox 1939 1044 3517 1113; baseline 0.006 -20"><span class='ocrx_word' id='word_1_693' title='bbox 1939 1044 2207 1097; x_wconf 77' lang='lat' dir='ltr'><strong>virtutem.</strong></span> <span class='ocrx_word' id='word_1_694' title='bbox 2241 1045 2474 1098; x_wconf 82' lang='lat' dir='ltr'><strong>Salutate</strong></span> <span class='ocrx_word' id='word_1_695' title='bbox 2502 1046 2790 1100; x_wconf 76' lang='lat' dir='ltr'><strong>Priscillam</strong></span> <span class='ocrx_word' id='word_1_696' title='bbox 2818 1058 2863 1100; x_wconf 80' lang='lat' dir='ltr'><strong>et</strong></span> <span class='ocrx_word' id='word_1_697' title='bbox 2880 1048 3133 1113; x_wconf 80' lang='lat' dir='ltr'><strong>Aquilam,</strong></span> <span class='ocrx_word' id='word_1_698' title='bbox 3156 1051 3220 1103; x_wconf 89' lang='lat' dir='ltr'><strong>ad</strong></span> <span class='ocrx_word' id='word_1_699' title='bbox 3253 1052 3517 1106; x_wconf 74' lang='lat' dir='ltr'><strong>Romanos</strong></span> 
     </span>
    </p>
   </div>
   <div class='ocr_carea' id='block_1_88' title="bbox 1939 1115 3516 1188">
    <p class='ocr_par' dir='ltr' id='par_1_88' title="bbox 1939 1115 3516 1188">
     <span class='ocr_line' id='line_1_88' title="bbox 1939 1115 3516 1188; baseline 0.004 -21"><span class='ocrx_word' id='word_1_700' title='bbox 1939 1115 2200 1188; x_wconf 71' lang='lat' dir='ltr'><strong>scribens,</strong></span> <span class='ocrx_word' id='word_1_701' title='bbox 2222 1116 2307 1183; x_wconf 89' lang='lat' dir='ltr'><strong>qui</strong></span> <span class='ocrx_word' id='word_1_702' title='bbox 2329 1133 2419 1188; x_wconf 83' lang='lat' dir='ltr'><strong>pro</strong></span> <span class='ocrx_word' id='word_1_703' title='bbox 2439 1118 2609 1188; x_wconf 73' lang='lat' dir='ltr'><strong>animo</strong></span> <span class='ocrx_word' id='word_1_704' title='bbox 2625 1134 2733 1188; x_wconf 71' lang='lat' dir='ltr'><strong>nica</strong></span> <span class='ocrx_word' id='word_1_705' title='bbox 2756 1134 2872 1170; x_wconf 82' lang='lat' dir='ltr'><strong>suns</strong></span> <span class='ocrx_word' id='word_1_706' title='bbox 2893 1121 3104 1172; x_wconf 67' lang='lat' dir='ltr'><strong>cervices</strong></span> <span class='ocrx_word' id='word_1_707' title='bbox 3124 1137 3516 1188; x_wconf 80' lang='lat' dir='ltr'><strong>supposuerunt.</strong></span> 
     </span>
    </p>
   </div>
   <div class='ocr_carea' id='block_1_89' title="bbox 1943 1183 3518 1260">
    <p class='ocr_par' dir='ltr' id='par_1_89' title="bbox 1943 1183 3518 1260">
     <span class='ocr_line' id='line_1_89' title="bbox 1943 1183 3518 1260; baseline 0.006 -25"><span class='ocrx_word' id='word_1_708' title='bbox 1943 1183 2130 1238; x_wconf 82' lang='lat' dir='ltr'><strong>Vidisti</strong></span> <span class='ocrx_word' id='word_1_709' title='bbox 2152 1183 2470 1260; x_wconf 77' lang='lat' dir='ltr'><strong>cnconiinni,</strong></span> <span class='ocrx_word' id='word_1_710' title='bbox 2506 1187 2679 1240; x_wconf 81' lang='lat' dir='ltr'><strong>vidisti</strong></span> <span class='ocrx_word' id='word_1_711' title='bbox 2712 1197 2874 1241; x_wconf 77' lang='lat' dir='ltr'><strong>testes</strong></span> <span class='ocrx_word' id='word_1_712' title='bbox 2893 1190 3066 1260; x_wconf 82' lang='lat' dir='ltr'><strong>_vivos,</strong></span> <span class='ocrx_word' id='word_1_713' title='bbox 3095 1190 3194 1253; x_wconf 85' lang='lat' dir='ltr'><strong>Qui</strong></span> <span class='ocrx_word' id='word_1_714' title='bbox 3224 1183 3315 1260; x_wconf 73' lang='lat' dir='ltr'><strong>pro</strong></span> <span class='ocrx_word' id='word_1_715' title='bbox 3346 1194 3481 1245; x_wconf 83' lang='lat' dir='ltr'><strong>anim</strong></span> <span class='ocrx_word' id='word_1_716' title='bbox 3501 1211 3518 1244; x_wconf 82' lang='grc' dir='ltr'><strong>ι</strong></span> 
     </span>
    </p>
   </div>
   <div class='ocr_carea' id='block_1_90' title="bbox 1940 1258 3517 1329">
    <p class='ocr_par' dir='ltr' id='par_1_90' title="bbox 1940 1258 3517 1329">
     <span class='ocr_line' id='line_1_90' title="bbox 1940 1258 3517 1329; baseline 0.003 -24"><span class='ocrx_word' id='word_1_717' title='bbox 1940 1271 2051 1308; x_wconf 83' lang='lat' dir='ltr'><strong>mea</strong></span> <span class='ocrx_word' id='word_1_718' title='bbox 2072 1272 2190 1329; x_wconf 71' lang='lat' dir='ltr'><strong>suos</strong></span> <span class='ocrx_word' id='word_1_719' title='bbox 2220 1258 2428 1309; x_wconf 81' lang='lat' dir='ltr'><strong>cervices</strong></span> <span class='ocrx_word' id='word_1_720' title='bbox 2456 1268 2842 1324; x_wconf 78' lang='lat' dir='ltr'><strong>supposuerunt.</strong></span> <span class='ocrx_word' id='word_1_721' title='bbox 2862 1258 3163 1329; x_wconf 83' lang='lat' dir='ltr'><strong>Martyrium</strong></span> <span class='ocrx_word' id='word_1_722' title='bbox 3195 1258 3517 1323; x_wconf 51' lang='lat' dir='ltr'><strong>absolutum,</strong></span> 
     </span>
    </p>
   </div>
   <div class='ocr_carea' id='block_1_91' title="bbox 1942 1327 3515 1395">
    <p class='ocr_par' dir='ltr' id='par_1_91' title="bbox 1942 1327 3515 1395">
     <span class='ocr_line' id='line_1_91' title="bbox 1942 1327 3515 1395; baseline 0.004 -17"><span class='ocrx_word' id='word_1_723' title='bbox 1942 1340 2046 1378; x_wconf 88' lang='lat' dir='ltr'><strong>non</strong></span> <span class='ocrx_word' id='word_1_724' title='bbox 2068 1327 2325 1379; x_wconf 77' lang='lat' dir='ltr'><strong>effusione</strong></span> <span class='ocrx_word' id='word_1_725' title='bbox 2354 1329 2643 1395; x_wconf 83' lang='lat' dir='ltr'><strong>sanguinis,</strong></span> <span class='ocrx_word' id='word_1_726' title='bbox 2676 1329 2769 1382; x_wconf 87' lang='lat' dir='ltr'><strong>sed</strong></span> <span class='ocrx_word' id='word_1_727' title='bbox 2798 1327 3056 1383; x_wconf 80' lang='lat' dir='ltr'><strong>elei-tione</strong></span> <span class='ocrx_word' id='word_1_728' title='bbox 3079 1332 3260 1383; x_wconf 88' lang='lat' dir='ltr'><strong>anhni.</strong></span> <span class='ocrx_word' id='word_1_729' title='bbox 3289 1331 3362 1385; x_wconf 73' lang='lat' dir='ltr'><strong>Ne</strong></span> <span class='ocrx_word' id='word_1_730' title='bbox 3388 1333 3515 1385; x_wconf 86' lang='lat' dir='ltr'><strong>mihi</strong></span> 
     </span>
    </p>
   </div>
   <div class='ocr_carea' id='block_1_92' title="bbox 1942 1395 3519 1470">
    <p class='ocr_par' dir='ltr' id='par_1_92' title="bbox 1942 1395 3519 1470">
     <span class='ocr_line' id='line_1_92' title="bbox 1942 1395 3519 1470; baseline 0.003 -22"><span class='ocrx_word' id='word_1_731' title='bbox 1942 1395 2110 1470; x_wconf 81' lang='lat' dir='ltr'><strong>dicas,</strong></span> <span class='ocrx_word' id='word_1_732' title='bbox 2143 1397 2255 1450; x_wconf 83' lang='lat' dir='ltr'><strong>Non</strong></span> <span class='ocrx_word' id='word_1_733' title='bbox 2282 1397 2441 1451; x_wconf 86' lang='lat' dir='ltr'><strong>occisi</strong></span> <span class='ocrx_word' id='word_1_734' title='bbox 2475 1396 2687 1470; x_wconf 87' lang='lat' dir='ltr'><strong>fuerunt</strong></span> <span class='ocrx_word' id='word_1_735' title='bbox 2717 1415 2730 1452; x_wconf 95' lang='lat'><strong>:</strong></span> <span class='ocrx_word' id='word_1_736' title='bbox 2761 1400 2966 1453; x_wconf 88' lang='lat' dir='ltr'><strong>etiamsi</strong></span> <span class='ocrx_word' id='word_1_737' title='bbox 2986 1402 3126 1453; x_wconf 90' lang='lat' dir='ltr'><strong>enim</strong></span> <span class='ocrx_word' id='word_1_738' title='bbox 3159 1402 3327 1470; x_wconf 74' lang='lat' dir='ltr'><strong>reipsa</strong></span> <span class='ocrx_word' id='word_1_739' title='bbox 3359 1404 3519 1455; x_wconf 73' lang='lat' dir='ltr'><strong>occisi</strong></span> 
     </span>
    </p>
   </div>
   <div class='ocr_carea' id='block_1_93' title="bbox 1945 1466 3519 1536">
    <p class='ocr_par' dir='ltr' id='par_1_93' title="bbox 1945 1466 3519 1536">
     <span class='ocr_line' id='line_1_93' title="bbox 1945 1466 3519 1536; baseline 0.004 -19"><span class='ocrx_word' id='word_1_740' title='bbox 1945 1480 2050 1519; x_wconf 90' lang='lat' dir='ltr'><strong>non</strong></span> <span class='ocrx_word' id='word_1_741' title='bbox 2076 1466 2289 1530; x_wconf 79' lang='lat' dir='ltr'><strong>fuerint,</strong></span> <span class='ocrx_word' id='word_1_742' title='bbox 2316 1468 2588 1536; x_wconf 87' lang='lat' dir='ltr'><strong>proposito</strong></span> <span class='ocrx_word' id='word_1_743' title='bbox 2610 1477 2782 1522; x_wconf 88' lang='lat' dir='ltr'><strong>tamen</strong></span> <span class='ocrx_word' id='word_1_744' title='bbox 2810 1471 2969 1523; x_wconf 85' lang='lat' dir='ltr'><strong>occisi</strong></span> <span class='ocrx_word' id='word_1_745' title='bbox 3000 1480 3151 1523; x_wconf 91' lang='lat' dir='ltr'><strong>sunt:</strong></span> <span class='ocrx_word' id='word_1_746' title='bbox 3182 1466 3317 1524; x_wconf 64' lang='lat' dir='ltr'><strong>[lous</strong></span> <span class='ocrx_word' id='word_1_747' title='bbox 3342 1486 3519 1526; x_wconf 82' lang='lat' dir='ltr'><strong>autem</strong></span> 
     </span>
    </p>
   </div>
   <div class='ocr_carea' id='block_1_94' title="bbox 1944 1538 3529 1609">
    <p class='ocr_par' dir='ltr' id='par_1_94' title="bbox 1944 1538 3529 1609">
     <span class='ocr_line' id='line_1_94' title="bbox 1944 1538 3529 1609; baseline 0.004 -21"><span class='ocrx_word' id='word_1_748' title='bbox 1944 1552 2046 1589; x_wconf 93' lang='lat' dir='ltr'><strong>non</strong></span> <span class='ocrx_word' id='word_1_749' title='bbox 2077 1538 2293 1609; x_wconf 85' lang='lat' dir='ltr'><strong>requirit</strong></span> <span class='ocrx_word' id='word_1_750' title='bbox 2324 1539 2544 1601; x_wconf 82' lang='lat' dir='ltr'><strong>exitum,</strong></span> <span class='ocrx_word' id='word_1_751' title='bbox 2576 1538 2668 1593; x_wconf 91' lang='lat' dir='ltr'><strong>sed</strong></span> <span class='ocrx_word' id='word_1_752' title='bbox 2722 1540 3085 1594; x_wconf 85' lang='lat' dir='ltr'><strong>intentionem.</strong></span> <span class='ocrx_word' id='word_1_753' title='bbox 3147 1543 3419 1609; x_wconf 77' lang='lat' dir='ltr'><strong>Siquidem</strong></span> <span class='ocrx_word' id='word_1_754' title='bbox 3469 1554 3529 1595; x_wconf 70' lang='lat' dir='ltr'><strong>et</strong></span> 
     </span>
    </p>
   </div>
   <div class='ocr_carea' id='block_1_95' title="bbox 1943 1608 3521 1682">
    <p class='ocr_par' dir='ltr' id='par_1_95' title="bbox 1943 1608 3521 1682">
     <span class='ocr_line' id='line_1_95' title="bbox 1943 1608 3521 1682; baseline 0.004 -23"><span class='ocrx_word' id='word_1_755' title='bbox 1943 1608 2209 1682; x_wconf 54' lang='lat' dir='ltr'><strong>Abraham</strong></span> <span class='ocrx_word' id='word_1_756' title='bbox 2235 1608 2397 1682; x_wconf 84' lang='lat' dir='ltr'><strong>lilium</strong></span> <span class='ocrx_word' id='word_1_757' title='bbox 2426 1610 2691 1682; x_wconf 81' lang='lat' dir='ltr'><strong>mactavit,</strong></span> <span class='ocrx_word' id='word_1_758' title='bbox 2720 1611 2960 1682; x_wconf 81' lang='lat' dir='ltr'><strong>quamvis</strong></span> <span class='ocrx_word' id='word_1_759' title='bbox 2983 1627 3085 1682; x_wconf 85' lang='lat' dir='ltr'><strong>non</strong></span> <span class='ocrx_word' id='word_1_760' title='bbox 3119 1608 3384 1677; x_wconf 79' lang='lat' dir='ltr'><strong>mactavit,</strong></span> <span class='ocrx_word' id='word_1_761' title='bbox 3412 1614 3494 1682; x_wconf 63' lang='grc' dir='ltr'>εἰει</span> <span class='ocrx_word' id='word_1_762' title='bbox 3518 1648 3521 1649; x_wconf 50' lang='grc' dir='ltr'><em>ν</em></span> 
     </span>
    </p>
   </div>
   <div class='ocr_carea' id='block_1_96' title="bbox 1943 1677 3525 1753">
    <p class='ocr_par' dir='ltr' id='par_1_96' title="bbox 1943 1677 3525 1753">
     <span class='ocr_line' id='line_1_96' title="bbox 1943 1677 3525 1753; baseline 0.003 -24"><span class='ocrx_word' id='word_1_763' title='bbox 1943 1677 2063 1731; x_wconf 88' lang='lat' dir='ltr'><strong>dius</strong></span> <span class='ocrx_word' id='word_1_764' title='bbox 2088 1680 2229 1731; x_wconf 90' lang='lat' dir='ltr'><strong>enim</strong></span> <span class='ocrx_word' id='word_1_765' title='bbox 2262 1680 2356 1732; x_wconf 85' lang='lat' dir='ltr'><strong>fuit</strong></span> <span class='ocrx_word' id='word_1_766' title='bbox 2388 1677 2751 1753; x_wconf 64' lang='lat' dir='ltr'><strong>mundus_,_c_t</strong></span> <span class='ocrx_word' id='word_1_767' title='bbox 2781 1680 2907 1753; x_wconf 79' lang='lat' dir='ltr'><strong>dicit</strong></span> <span class='ocrx_word' id='word_1_768' title='bbox 2930 1722 2943 1743; x_wconf 91' lang='lat'><strong>,</strong></span> <span class='ocrx_word' id='word_1_769' title='bbox 2980 1681 3099 1753; x_wconf 68' lang='lat' dir='ltr'><strong>Non</strong></span> <span class='ocrx_word' id='word_1_770' title='bbox 3120 1684 3392 1753; x_wconf 79' lang='lat' dir='ltr'><strong>pepercisti</strong></span> <span class='ocrx_word' id='word_1_771' title='bbox 3416 1677 3525 1750; x_wconf 59' lang='lat' dir='ltr'><strong>ﬁlio</strong></span> 
     </span>
    </p>
   </div>
   <div class='ocr_carea' id='block_1_97' title="bbox 1944 1748 3523 1822">
    <p class='ocr_par' dir='ltr' id='par_1_97' title="bbox 1944 1748 3523 1822">
     <span class='ocr_line' id='line_1_97' title="bbox 1944 1748 3523 1822; baseline 0.004 -22"><span class='ocrx_word' id='word_1_772' title='bbox 1944 1758 2029 1822; x_wconf 84' lang='lat' dir='ltr'><strong>tuo</strong></span> <span class='ocrx_word' id='word_1_773' title='bbox 2063 1759 2266 1816; x_wconf 84' lang='lat' dir='ltr'><strong>propter</strong></span> <span class='ocrx_word' id='word_1_774' title='bbox 2302 1766 2380 1803; x_wconf 82' lang='lat' dir='ltr'><strong>me</strong></span> <span class='ocrx_word' id='word_1_775' title='bbox 2406 1748 2558 1822; x_wconf 75' lang='lat' dir='ltr'><strong>(Gen.</strong></span> <span class='ocrx_word' id='word_1_776' title='bbox 2586 1750 2753 1809; x_wconf 78' lang='lat' dir='ltr'><strong>XXII.</strong></span> <span class='ocrx_word' id='word_1_777' title='bbox 2782 1751 2849 1804; x_wconf 75' lang='lat'><strong>1‘2</strong></span> <span class='ocrx_word' id='word_1_778' title='bbox 2872 1761 2919 1804; x_wconf 85' lang='lat' dir='ltr'><strong>et</strong></span> <span class='ocrx_word' id='word_1_779' title='bbox 2952 1750 3061 1822; x_wconf 81' lang='grc'><strong>16).</strong></span> <span class='ocrx_word' id='word_1_780' title='bbox 3086 1748 3202 1806; x_wconf 77' lang='lat' dir='ltr'><strong>Non</strong></span> <span class='ocrx_word' id='word_1_781' title='bbox 3243 1748 3523 1822; x_wconf 73' lang='lat' dir='ltr'><strong>pepercisti</strong></span> 
     </span>
    </p>
   </div>
   <div class='ocr_carea' id='block_1_98' title="bbox 1942 1820 3528 1889">
    <p class='ocr_par' dir='ltr' id='par_1_98' title="bbox 1942 1820 3528 1889">
     <span class='ocr_line' id='line_1_98' title="bbox 1942 1820 3528 1889; baseline 0.003 -18"><span class='ocrx_word' id='word_1_782' title='bbox 1942 1820 2142 1883; x_wconf 84' lang='lat' dir='ltr'><strong>animo,</strong></span> <span class='ocrx_word' id='word_1_783' title='bbox 2167 1834 2268 1889; x_wconf 81' lang='lat' dir='ltr'><strong>ego</strong></span> <span class='ocrx_word' id='word_1_784' title='bbox 2318 1834 2445 1874; x_wconf 84' lang='lat' dir='ltr'><strong>vero</strong></span> <span class='ocrx_word' id='word_1_785' title='bbox 2474 1820 2645 1888; x_wconf 87' lang='lat' dir='ltr'><strong>reipsa</strong></span> <span class='ocrx_word' id='word_1_786' title='bbox 2678 1823 2906 1888; x_wconf 88' lang='lat' dir='ltr'><strong>peperci.</strong></span> <span class='ocrx_word' id='word_1_787' title='bbox 2941 1820 3041 1889; x_wconf 81' lang='lat' dir='ltr'><strong>Qui</strong></span> <span class='ocrx_word' id='word_1_788' title='bbox 3088 1840 3179 1888; x_wconf 83' lang='lat' dir='ltr'><strong>pro</strong></span> <span class='ocrx_word' id='word_1_789' title='bbox 3217 1820 3387 1876; x_wconf 76' lang='lat' dir='ltr'><strong>anima</strong></span> <span class='ocrx_word' id='word_1_790' title='bbox 3417 1841 3528 1877; x_wconf 79' lang='lat' dir='ltr'><strong>tum</strong></span> 
     </span>
    </p>
   </div>
   <div class='ocr_carea' id='block_1_99' title="bbox 1944 1890 3527 1960">
    <p class='ocr_par' dir='ltr' id='par_1_99' title="bbox 1944 1890 3527 1960">
     <span class='ocr_line' id='line_1_99' title="bbox 1944 1890 3527 1960; baseline 0.004 -19"><span class='ocrx_word' id='word_1_791' title='bbox 1944 1905 2061 1943; x_wconf 82' lang='lat' dir='ltr'><strong>suas</strong></span> <span class='ocrx_word' id='word_1_792' title='bbox 2088 1890 2297 1943; x_wconf 80' lang='lat' dir='ltr'><strong>cervices</strong></span> <span class='ocrx_word' id='word_1_793' title='bbox 2321 1902 2710 1959; x_wconf 83' lang='lat' dir='ltr'><strong>supposuerunt.</strong></span> <span class='ocrx_word' id='word_1_794' title='bbox 2742 1891 3006 1959; x_wconf 77' lang='lat' dir='ltr'><strong>Sanguine</strong></span> <span class='ocrx_word' id='word_1_795' title='bbox 3026 1895 3332 1960; x_wconf 71' lang='lat' dir='ltr'><strong>Apostolnm</strong></span> <span class='ocrx_word' id='word_1_796' title='bbox 3363 1912 3527 1948; x_wconf 80' lang='lat' dir='ltr'><strong>cxce-</strong></span> 
     </span>
    </p>
   </div>
   <div class='ocr_carea' id='block_1_100' title="bbox 1945 1961 3528 2032">
    <p class='ocr_par' dir='ltr' id='par_1_100' title="bbox 1945 1961 3528 2032">
     <span class='ocr_line' id='line_1_100' title="bbox 1945 1961 3528 2032; baseline 0.003 -20"><span class='ocrx_word' id='word_1_797' title='bbox 1945 1970 2158 2032; x_wconf 84' lang='lat' dir='ltr'><strong>perunt.</strong></span> <span class='ocrx_word' id='word_1_798' title='bbox 2186 1962 2265 2014; x_wconf 80' lang='grc' dir='ltr'>Αιι</span> <span class='ocrx_word' id='word_1_799' title='bbox 2291 1961 2623 2015; x_wconf 81' lang='lat' dir='ltr'><strong>intellexistis</strong></span> <span class='ocrx_word' id='word_1_800' title='bbox 2658 1962 2797 2030; x_wconf 88' lang='lat' dir='ltr'><strong>quod</strong></span> <span class='ocrx_word' id='word_1_801' title='bbox 2829 1963 2979 2016; x_wconf 83' lang='lat' dir='ltr'><strong>dixi?</strong></span> <span class='ocrx_word' id='word_1_802' title='bbox 3010 1964 3122 2018; x_wconf 79' lang='lat' dir='ltr'><strong>Non</strong></span> <span class='ocrx_word' id='word_1_803' title='bbox 3153 1966 3293 2017; x_wconf 88' lang='lat' dir='ltr'><strong>enim</strong></span> <span class='ocrx_word' id='word_1_804' title='bbox 3338 1980 3528 2032; x_wconf 75' lang='lat' dir='ltr'><strong>porrus</strong></span> 
     </span>
    </p>
   </div>
   <div class='ocr_carea' id='block_1_101' title="bbox 1944 2031 3527 2103">
    <p class='ocr_par' dir='ltr' id='par_1_101' title="bbox 1944 2031 3527 2103">
     <span class='ocr_line' id='line_1_101' title="bbox 1944 2031 3527 2103; baseline 0.002 -21"><span class='ocrx_word' id='word_1_805' title='bbox 1944 2031 2029 2103; x_wconf 82' lang='lat' dir='ltr'><strong>vel</strong></span> <span class='ocrx_word' id='word_1_806' title='bbox 2058 2045 2224 2103; x_wconf 86' lang='lat' dir='ltr'><strong>agnos</strong></span> <span class='ocrx_word' id='word_1_807' title='bbox 2256 2039 2580 2103; x_wconf 77' lang='lat' dir='ltr'><strong>mactarunt,</strong></span> <span class='ocrx_word' id='word_1_808' title='bbox 2613 2033 2706 2103; x_wconf 81' lang='lat' dir='ltr'><strong>sed</strong></span> <span class='ocrx_word' id='word_1_809' title='bbox 2737 2034 3041 2101; x_wconf 84' lang='lat' dir='ltr'><strong>sanguinem</strong></span> <span class='ocrx_word' id='word_1_810' title='bbox 3089 2031 3363 2103; x_wconf 87' lang='lat' dir='ltr'><strong>proprium</strong></span> <span class='ocrx_word' id='word_1_811' title='bbox 3392 2036 3527 2087; x_wconf 69' lang='grc' dir='ltr'><strong>οτι...</strong></span> 
     </span>
    </p>
   </div>
   <div class='ocr_carea' id='block_1_102' title="bbox 1944 2100 3526 2171">
    <p class='ocr_par' dir='ltr' id='par_1_102' title="bbox 1944 2100 3526 2171">
     <span class='ocr_line' id='line_1_102' title="bbox 1944 2100 3526 2171; baseline 0.001 -18"><span class='ocrx_word' id='word_1_812' title='bbox 1944 2100 2159 2171; x_wconf 85' lang='lat' dir='ltr'><strong>deruut.</strong></span> <span class='ocrx_word' id='word_1_813' title='bbox 2183 2102 2229 2155; x_wconf 82' lang='grc' dir='ltr'>υ</span> <span class='ocrx_word' id='word_1_814' title='bbox 2256 2100 2627 2169; x_wconf 63' lang='lat' dir='ltr'><strong>hospitalitatis</strong></span> <span class='ocrx_word' id='word_1_815' title='bbox 2650 2100 2910 2171; x_wconf 75' lang='lat' dir='ltr'><strong>fastigium</strong></span> <span class='ocrx_word' id='word_1_816' title='bbox 2942 2104 2956 2156; x_wconf 85' lang='grc' dir='ltr'><strong>ι</strong></span> <span class='ocrx_word' id='word_1_817' title='bbox 2991 2100 3100 2157; x_wconf 83' lang='lat' dir='ltr'><strong>Alii</strong></span> <span class='ocrx_word' id='word_1_818' title='bbox 3120 2105 3162 2156; x_wconf 88' lang='lat' dir='ltr'><strong>si</strong></span> <span class='ocrx_word' id='word_1_819' title='bbox 3190 2100 3375 2159; x_wconf 82' lang='lat' dir='ltr'><strong>decem</strong></span> <span class='ocrx_word' id='word_1_820' title='bbox 3397 2108 3526 2156; x_wconf 81' lang='lat' dir='ltr'><strong>otiu-</strong></span> 
     </span>
    </p>
   </div>
   <div class='ocr_carea' id='block_1_103' title="bbox 1947 2170 3525 2244">
    <p class='ocr_par' dir='ltr' id='par_1_103' title="bbox 1947 2170 3525 2244">
     <span class='ocr_line' id='line_1_103' title="bbox 1947 2170 3525 2244; baseline 0.003 -21"><span class='ocrx_word' id='word_1_821' title='bbox 1947 2170 2025 2223; x_wconf 83' lang='lat' dir='ltr'><strong>los</strong></span> <span class='ocrx_word' id='word_1_822' title='bbox 2050 2170 2315 2244; x_wconf 83' lang='lat' dir='ltr'><strong>dederint,</strong></span> <span class='ocrx_word' id='word_1_823' title='bbox 2349 2172 2617 2225; x_wconf 82' lang='lat' dir='ltr'><strong>molestari</strong></span> <span class='ocrx_word' id='word_1_824' title='bbox 2658 2170 2798 2241; x_wconf 72' lang='lat' dir='ltr'><strong>:egre</strong></span> <span class='ocrx_word' id='word_1_825' title='bbox 2847 2173 3019 2227; x_wconf 89' lang='lat' dir='ltr'><strong>ferunt</strong></span> <span class='ocrx_word' id='word_1_826' title='bbox 3050 2192 3062 2226; x_wconf 91' lang='lat'><strong>:</strong></span> <span class='ocrx_word' id='word_1_827' title='bbox 3094 2175 3165 2227; x_wconf 92' lang='lat' dir='ltr'><strong>illi</strong></span> <span class='ocrx_word' id='word_1_828' title='bbox 3216 2177 3525 2244; x_wconf 81' lang='lat' dir='ltr'><strong>sanguinein</strong></span> 
     </span>
    </p>
   </div>
   <div class='ocr_carea' id='block_1_104' title="bbox 1946 2241 3530 2311">
    <p class='ocr_par' dir='ltr' id='par_1_104' title="bbox 1946 2241 3530 2311">
     <span class='ocr_line' id='line_1_104' title="bbox 1946 2241 3530 2311; baseline 0.001 -17"><span class='ocrx_word' id='word_1_829' title='bbox 1946 2255 2098 2294; x_wconf 90' lang='lat' dir='ltr'><strong>suum</strong></span> <span class='ocrx_word' id='word_1_830' title='bbox 2121 2241 2389 2306; x_wconf 86' lang='lat' dir='ltr'><strong>fuderunt,</strong></span> <span class='ocrx_word' id='word_1_831' title='bbox 2411 2251 2464 2296; x_wconf 90' lang='lat' dir='ltr'><strong>et</strong></span> <span class='ocrx_word' id='word_1_832' title='bbox 2479 2253 2790 2311; x_wconf 72' lang='lat' dir='ltr'><strong>prmsentem</strong></span> <span class='ocrx_word' id='word_1_833' title='bbox 2810 2245 2967 2298; x_wconf 84' lang='lat' dir='ltr'><strong>vitam</strong></span> <span class='ocrx_word' id='word_1_834' title='bbox 2986 2241 3413 2298; x_wconf 70' lang='lat' dir='ltr'><strong>contemnebant.</strong></span> <span class='ocrx_word' id='word_1_835' title='bbox 3442 2246 3530 2296; x_wconf 79' lang='lat' dir='ltr'><strong>\‘ir</strong></span> 
     </span>
    </p>
   </div>
   <div class='ocr_carea' id='block_1_105' title="bbox 1949 2312 3526 2383">
    <p class='ocr_par' dir='ltr' id='par_1_105' title="bbox 1949 2312 3526 2383">
     <span class='ocr_line' id='line_1_105' title="bbox 1949 2312 3526 2383; baseline 0.002 -19"><span class='ocrx_word' id='word_1_836' title='bbox 1949 2312 2308 2380; x_wconf 88' lang='lat' dir='ltr'><strong>bospitalisita</strong></span> <span class='ocrx_word' id='word_1_837' title='bbox 2334 2312 2653 2380; x_wconf 84' lang='lat' dir='ltr'><strong>conspicuus</strong></span> <span class='ocrx_word' id='word_1_838' title='bbox 2677 2314 2871 2379; x_wconf 85' lang='lat' dir='ltr'><strong>evadit,</strong></span> <span class='ocrx_word' id='word_1_839' title='bbox 2905 2331 3007 2367; x_wconf 90' lang='lat' dir='ltr'><strong>non</strong></span> <span class='ocrx_word' id='word_1_840' title='bbox 3037 2316 3173 2370; x_wconf 87' lang='lat' dir='ltr'><strong>sicut</strong></span> <span class='ocrx_word' id='word_1_841' title='bbox 3192 2316 3223 2369; x_wconf 92' lang='lat' dir='ltr'><strong>ii</strong></span> <span class='ocrx_word' id='word_1_842' title='bbox 3242 2317 3327 2383; x_wconf 89' lang='lat' dir='ltr'><strong>qui</strong></span> <span class='ocrx_word' id='word_1_843' title='bbox 3364 2330 3526 2378; x_wconf 77' lang='lat' dir='ltr'><strong>nunc,</strong></span> 
     </span>
    </p>
   </div>
   <div class='ocr_carea' id='block_1_106' title="bbox 1948 2384 3527 2454">
    <p class='ocr_par' dir='ltr' id='par_1_106' title="bbox 1948 2384 3527 2454">
     <span class='ocr_line' id='line_1_106' title="bbox 1948 2384 3527 2454; baseline 0.003 -19"><span class='ocrx_word' id='word_1_844' title='bbox 1948 2393 2099 2436; x_wconf 90' lang='lat' dir='ltr'><strong>torvo</strong></span> <span class='ocrx_word' id='word_1_845' title='bbox 2126 2385 2268 2437; x_wconf 91' lang='lat' dir='ltr'><strong>vultu</strong></span> <span class='ocrx_word' id='word_1_846' title='bbox 2296 2394 2350 2438; x_wconf 88' lang='lat' dir='ltr'><strong>et</strong></span> <span class='ocrx_word' id='word_1_847' title='bbox 2375 2384 2671 2450; x_wconf 87' lang='lat' dir='ltr'><strong>superciliis</strong></span> <span class='ocrx_word' id='word_1_848' title='bbox 2714 2385 2885 2447; x_wconf 89' lang='lat' dir='ltr'><strong>elatis,</strong></span> <span class='ocrx_word' id='word_1_849' title='bbox 2917 2387 3228 2454; x_wconf 82' lang='lat' dir='ltr'><strong>gloriantur,</strong></span> <span class='ocrx_word' id='word_1_850' title='bbox 3259 2388 3301 2439; x_wconf 88' lang='lat' dir='ltr'><strong>si</strong></span> <span class='ocrx_word' id='word_1_851' title='bbox 3344 2387 3527 2440; x_wconf 84' lang='lat' dir='ltr'><strong>decem</strong></span> 
     </span>
    </p>
   </div>
   <div class='ocr_carea' id='block_1_107' title="bbox 1947 2455 3525 2522">
    <p class='ocr_par' dir='ltr' id='par_1_107' title="bbox 1947 2455 3525 2522">
     <span class='ocr_line' id='line_1_107' title="bbox 1947 2455 3525 2522; baseline -0.001 -14"><span class='ocrx_word' id='word_1_852' title='bbox 1947 2455 2135 2510; x_wconf 86' lang='lat' dir='ltr'><strong>obolos</strong></span> <span class='ocrx_word' id='word_1_853' title='bbox 2158 2470 2252 2521; x_wconf 89' lang='lat' dir='ltr'><strong>per</strong></span> <span class='ocrx_word' id='word_1_854' title='bbox 2276 2469 2461 2508; x_wconf 87' lang='lat' dir='ltr'><strong>servos</strong></span> <span class='ocrx_word' id='word_1_855' title='bbox 2490 2469 2614 2507; x_wconf 91' lang='lat' dir='ltr'><strong>suos</strong></span> <span class='ocrx_word' id='word_1_856' title='bbox 2646 2458 2857 2522; x_wconf 88' lang='lat' dir='ltr'><strong>pauperi</strong></span> <span class='ocrx_word' id='word_1_857' title='bbox 2880 2456 3143 2510; x_wconf 84' lang='lat' dir='ltr'><strong>dederint.</strong></span> <span class='ocrx_word' id='word_1_858' title='bbox 3177 2458 3235 2509; x_wconf 89' lang='lat' dir='ltr'><strong>lli</strong></span> <span class='ocrx_word' id='word_1_859' title='bbox 3269 2473 3395 2509; x_wconf 80' lang='lat' dir='ltr'><strong>vero</strong></span> <span class='ocrx_word' id='word_1_860' title='bbox 3423 2473 3525 2509; x_wconf 86' lang='lat' dir='ltr'><strong>nou</strong></span> 
     </span>
    </p>
   </div>
   <div class='ocr_carea' id='block_1_108' title="bbox 1950 2524 3529 2594">
    <p class='ocr_par' dir='ltr' id='par_1_108' title="bbox 1950 2524 3529 2594">
     <span class='ocr_line' id='line_1_108' title="bbox 1950 2524 3529 2594; baseline 0.001 -17"><span class='ocrx_word' id='word_1_861' title='bbox 1950 2524 2111 2589; x_wconf 87' lang='lat' dir='ltr'><strong>item;</strong></span> <span class='ocrx_word' id='word_1_862' title='bbox 2154 2540 2274 2578; x_wconf 89' lang='lat' dir='ltr'><strong>nam</strong></span> <span class='ocrx_word' id='word_1_863' title='bbox 2303 2536 2357 2579; x_wconf 89' lang='lat' dir='ltr'><strong>et</strong></span> <span class='ocrx_word' id='word_1_864' title='bbox 2381 2526 2477 2594; x_wconf 88' lang='lat' dir='ltr'><strong>ipsi</strong></span> <span class='ocrx_word' id='word_1_865' title='bbox 2508 2524 2629 2579; x_wconf 88' lang='lat' dir='ltr'><strong>facti</strong></span> <span class='ocrx_word' id='word_1_866' title='bbox 2655 2536 2778 2577; x_wconf 91' lang='lat' dir='ltr'><strong>sunt</strong></span> <span class='ocrx_word' id='word_1_867' title='bbox 2807 2527 2969 2580; x_wconf 88' lang='lat' dir='ltr'><strong>servi.</strong></span> <span class='ocrx_word' id='word_1_868' title='bbox 2993 2527 3081 2582; x_wconf 81' lang='lat' dir='ltr'><strong>Sic</strong></span> <span class='ocrx_word' id='word_1_869' title='bbox 3106 2537 3158 2581; x_wconf 90' lang='lat' dir='ltr'><strong>et</strong></span> <span class='ocrx_word' id='word_1_870' title='bbox 3184 2527 3448 2581; x_wconf 76' lang='lat' dir='ltr'><strong>Abraham</strong></span> <span class='ocrx_word' id='word_1_871' title='bbox 3475 2538 3529 2579; x_wconf 76' lang='grc' dir='ltr'><strong>ιιι</strong></span> 
     </span>
    </p>
   </div>
   <div class='ocr_carea' id='block_1_109' title="bbox 1948 2594 3531 2658">
    <p class='ocr_par' dir='ltr' id='par_1_109' title="bbox 1948 2594 3531 2658">
     <span class='ocr_line' id='line_1_109' title="bbox 1948 2594 3531 2658; baseline -0.002 -8"><span class='ocrx_word' id='word_1_872' title='bbox 1948 2594 2078 2650; x_wconf 89' lang='lat' dir='ltr'><strong>Sara</strong></span> <span class='ocrx_word' id='word_1_873' title='bbox 2105 2612 2118 2647; x_wconf 92' lang='lat'><strong>:</strong></span> <span class='ocrx_word' id='word_1_874' title='bbox 2152 2611 2271 2648; x_wconf 88' lang='lat' dir='ltr'><strong>nam</strong></span> <span class='ocrx_word' id='word_1_875' title='bbox 2301 2595 2385 2649; x_wconf 90' lang='lat' dir='ltr'><strong>illa</strong></span> <span class='ocrx_word' id='word_1_876' title='bbox 2410 2596 2744 2650; x_wconf 89' lang='lat' dir='ltr'><strong>commiscuit</strong></span> <span class='ocrx_word' id='word_1_877' title='bbox 2770 2596 3119 2658; x_wconf 85' lang='lat' dir='ltr'><strong>farinam,non</strong></span> <span class='ocrx_word' id='word_1_878' title='bbox 3137 2600 3424 2653; x_wconf 89' lang='lat' dir='ltr'><strong>secundum</strong></span> <span class='ocrx_word' id='word_1_879' title='bbox 3442 2614 3531 2651; x_wconf 79' lang='lat' dir='ltr'><strong>ea-</strong></span> 
     </span>
    </p>
   </div>
   <div class='ocr_carea' id='block_1_110' title="bbox 1952 2666 3533 2738">
    <p class='ocr_par' dir='ltr' id='par_1_110' title="bbox 1952 2666 3533 2738">
     <span class='ocr_line' id='line_1_110' title="bbox 1952 2666 3533 2738; baseline 0 -19"><span class='ocrx_word' id='word_1_880' title='bbox 1952 2681 2065 2719; x_wconf 92' lang='lat' dir='ltr'><strong>rum</strong></span> <span class='ocrx_word' id='word_1_881' title='bbox 2083 2680 2200 2735; x_wconf 78' lang='lat' dir='ltr'><strong>qua:</strong></span> <span class='ocrx_word' id='word_1_882' title='bbox 2220 2682 2359 2738; x_wconf 85' lang='lat' dir='ltr'><strong>nunc</strong></span> <span class='ocrx_word' id='word_1_883' title='bbox 2374 2676 2496 2719; x_wconf 85' lang='lat' dir='ltr'><strong>sunt</strong></span> <span class='ocrx_word' id='word_1_884' title='bbox 2509 2666 2785 2720; x_wconf 83' lang='lat' dir='ltr'><strong>mulierum</strong></span> <span class='ocrx_word' id='word_1_885' title='bbox 2803 2667 3221 2738; x_wconf 76' lang='lat' dir='ltr'><strong>mollitiem,qu:c</strong></span> <span class='ocrx_word' id='word_1_886' title='bbox 3246 2683 3377 2738; x_wconf 79' lang='lat' dir='ltr'><strong>auro</strong></span> <span class='ocrx_word' id='word_1_887' title='bbox 3399 2672 3533 2721; x_wconf 72' lang='lat' dir='ltr'><strong>scr:-</strong></span> 
     </span>
    </p>
   </div>
   <div class='ocr_carea' id='block_1_111' title="bbox 1950 2735 3530 2802">
    <p class='ocr_par' dir='ltr' id='par_1_111' title="bbox 1950 2735 3530 2802">
     <span class='ocr_line' id='line_1_111' title="bbox 1950 2735 3530 2802; baseline -0.001 -13"><span class='ocrx_word' id='word_1_888' title='bbox 1950 2737 2137 2798; x_wconf 82' lang='lat' dir='ltr'><strong>eisque</strong></span> <span class='ocrx_word' id='word_1_889' title='bbox 2162 2736 2398 2789; x_wconf 89' lang='lat' dir='ltr'><strong>vestibus</strong></span> <span class='ocrx_word' id='word_1_890' title='bbox 2447 2748 2692 2790; x_wconf 88' lang='lat' dir='ltr'><strong>naturam</strong></span> <span class='ocrx_word' id='word_1_891' title='bbox 2721 2738 2882 2791; x_wconf 88' lang='lat' dir='ltr'><strong>efficit</strong></span> <span class='ocrx_word' id='word_1_892' title='bbox 2919 2735 3256 2802; x_wconf 74' lang='lat' dir='ltr'><strong>ignaviorem.</strong></span> <span class='ocrx_word' id='word_1_893' title='bbox 3287 2735 3379 2791; x_wconf 87' lang='lat' dir='ltr'><strong>Illa</strong></span> <span class='ocrx_word' id='word_1_894' title='bbox 3401 2754 3530 2791; x_wconf 86' lang='lat' dir='ltr'><strong>vero</strong></span> 
     </span>
    </p>
   </div>
   <div class='ocr_carea' id='block_1_112' title="bbox 1951 2805 3526 2875">
    <p class='ocr_par' dir='ltr' id='par_1_112' title="bbox 1951 2805 3526 2875">
     <span class='ocr_line' id='line_1_112' title="bbox 1951 2805 3526 2875; baseline -0.001 -16"><span class='ocrx_word' id='word_1_895' title='bbox 1951 2806 2226 2860; x_wconf 88' lang='lat' dir='ltr'><strong>molitricis</strong></span> <span class='ocrx_word' id='word_1_896' title='bbox 2254 2805 2366 2859; x_wconf 91' lang='lat' dir='ltr'><strong>obit</strong></span> <span class='ocrx_word' id='word_1_897' title='bbox 2386 2821 2603 2860; x_wconf 88' lang='lat' dir='ltr'><strong>munera</strong></span> <span class='ocrx_word' id='word_1_898' title='bbox 2624 2824 2636 2857; x_wconf 94' lang='lat'><strong>:</strong></span> <span class='ocrx_word' id='word_1_899' title='bbox 2656 2807 2888 2875; x_wconf 87' lang='lat' dir='ltr'><strong>dicitque</strong></span> <span class='ocrx_word' id='word_1_900' title='bbox 2915 2808 2984 2861; x_wconf 92' lang='lat' dir='ltr'><strong>illi</strong></span> <span class='ocrx_word' id='word_1_901' title='bbox 3007 2810 3251 2860; x_wconf 85' lang='lat' dir='ltr'><strong>maritus:</strong></span> <span class='ocrx_word' id='word_1_902' title='bbox 3276 2810 3526 2864; x_wconf 71' lang='lat' dir='ltr'><strong>Acria/crit,</strong></span> 
     </span>
    </p>
   </div>
   <div class='ocr_carea' id='block_1_113' title="bbox 1951 2876 3531 2944">
    <p class='ocr_par' dir='ltr' id='par_1_113' title="bbox 1951 2876 3531 2944">
     <span class='ocr_line' id='line_1_113' title="bbox 1951 2876 3531 2944; baseline 0 -16"><span class='ocrx_word' id='word_1_903' title='bbox 1951 2876 2049 2928; x_wconf 87' lang='lat' dir='ltr'><strong>tria</strong></span> <span class='ocrx_word' id='word_1_904' title='bbox 2084 2886 2196 2928; x_wconf 86' lang='lat' dir='ltr'><strong>sata</strong></span> <span class='ocrx_word' id='word_1_905' title='bbox 2248 2876 2428 2929; x_wconf 70' lang='lat' dir='ltr'><strong>simila</strong></span> <span class='ocrx_word' id='word_1_906' title='bbox 2466 2877 2731 2929; x_wconf 82' lang='lat' dir='ltr'><strong>commisce</strong></span> <span class='ocrx_word' id='word_1_907' title='bbox 2774 2876 2924 2937; x_wconf 80' lang='lat' dir='ltr'><strong>(Gen.</strong></span> <span class='ocrx_word' id='word_1_908' title='bbox 2977 2877 3159 2940; x_wconf 78' lang='lat' dir='ltr'><strong>XVIII,</strong></span> <span class='ocrx_word' id='word_1_909' title='bbox 3207 2878 3283 2944; x_wconf 87' lang='lat'><strong>6).</strong></span> <span class='ocrx_word' id='word_1_910' title='bbox 3350 2877 3531 2943; x_wconf 71' lang='lat' dir='ltr'><strong>Neque</strong></span> 
     </span>
    </p>
   </div>
   <div class='ocr_carea' id='block_1_114' title="bbox 1950 2946 3527 3015">
    <p class='ocr_par' dir='ltr' id='par_1_114' title="bbox 1950 2946 3527 3015">
     <span class='ocr_line' id='line_1_114' title="bbox 1950 2946 3527 3015; baseline -0.003 -15"><span class='ocrx_word' id='word_1_911' title='bbox 1950 2946 2224 3013; x_wconf 87' lang='lat' dir='ltr'><strong>respondit</strong></span> <span class='ocrx_word' id='word_1_912' title='bbox 2245 2987 2258 3009; x_wconf 92' lang='lat'><strong>,</strong></span> <span class='ocrx_word' id='word_1_913' title='bbox 2290 2946 2534 3000; x_wconf 59' lang='lat' dir='ltr'><strong>Haecine</strong></span> <span class='ocrx_word' id='word_1_914' title='bbox 2561 2954 2687 2999; x_wconf 86' lang='lat' dir='ltr'><strong>sunt</strong></span> <span class='ocrx_word' id='word_1_915' title='bbox 2714 2946 3001 3001; x_wconf 85' lang='lat' dir='ltr'><strong>tolerahilia</strong></span> <span class='ocrx_word' id='word_1_916' title='bbox 3025 2950 3048 3000; x_wconf 64' lang='grc' dir='ltr'>ἲ</span> <span class='ocrx_word' id='word_1_917' title='bbox 3078 2963 3231 3000; x_wconf 88' lang='lat' dir='ltr'><strong>mene</strong></span> <span class='ocrx_word' id='word_1_918' title='bbox 3251 2959 3527 3015; x_wconf 80' lang='lat' dir='ltr'><strong>cognatam</strong></span> 
     </span>
    </p>
   </div>
   <div class='ocr_carea' id='block_1_115' title="bbox 1950 3016 3529 3086">
    <p class='ocr_par' dir='ltr' id='par_1_115' title="bbox 1950 3016 3529 3086">
     <span class='ocr_line' id='line_1_115' title="bbox 1950 3016 3529 3086; baseline 0 -17"><span class='ocrx_word' id='word_1_919' title='bbox 1950 3016 2200 3084; x_wconf 87' lang='lat' dir='ltr'><strong>accepisti</strong></span> <span class='ocrx_word' id='word_1_920' title='bbox 2219 3033 2312 3083; x_wconf 90' lang='lat' dir='ltr'><strong>pro</strong></span> <span class='ocrx_word' id='word_1_921' title='bbox 2334 3016 2547 3086; x_wconf 85' lang='lat' dir='ltr'><strong>pistoria</strong></span> <span class='ocrx_word' id='word_1_922' title='bbox 2568 3016 2593 3068; x_wconf 81' lang='lat' dir='ltr'><strong>&#39;l</strong></span> <span class='ocrx_word' id='word_1_923' title='bbox 2614 3030 2789 3071; x_wconf 88' lang='lat' dir='ltr'><strong>nonne</strong></span> <span class='ocrx_word' id='word_1_924' title='bbox 2809 3017 2986 3070; x_wconf 90' lang='lat' dir='ltr'><strong>dotem</strong></span> <span class='ocrx_word' id='word_1_925' title='bbox 3006 3018 3153 3070; x_wconf 87' lang='lat' dir='ltr'><strong>attuli</strong></span> <span class='ocrx_word' id='word_1_926' title='bbox 3171 3019 3193 3069; x_wconf 86' lang='lat'><strong>?</strong></span> <span class='ocrx_word' id='word_1_927' title='bbox 3214 3031 3387 3070; x_wconf 89' lang='lat' dir='ltr'><strong>nonne</strong></span> <span class='ocrx_word' id='word_1_928' title='bbox 3410 3031 3529 3069; x_wconf 83' lang='lat' dir='ltr'><strong>sunt</strong></span> 
     </span>
    </p>
   </div>
   <div class='ocr_carea' id='block_1_116' title="bbox 1953 3086 3531 3155">
    <p class='ocr_par' dir='ltr' id='par_1_116' title="bbox 1953 3086 3531 3155">
     <span class='ocr_line' id='line_1_116' title="bbox 1953 3086 3531 3155; baseline -0.002 -16"><span class='ocrx_word' id='word_1_929' title='bbox 1953 3086 2160 3141; x_wconf 85' lang='lat' dir='ltr'><strong>libera?</strong></span> <span class='ocrx_word' id='word_1_930' title='bbox 2185 3102 2304 3154; x_wconf 75' lang='lat' dir='ltr'><strong>quze</strong></span> <span class='ocrx_word' id='word_1_931' title='bbox 2344 3087 2658 3140; x_wconf 84' lang='lat' dir='ltr'><strong>famularum</strong></span> <span class='ocrx_word' id='word_1_932' title='bbox 2690 3096 2813 3141; x_wconf 83' lang='lat' dir='ltr'><strong>sunt</strong></span> <span class='ocrx_word' id='word_1_933' title='bbox 2841 3088 3068 3155; x_wconf 69' lang='lat' dir='ltr'><strong>imperas</strong></span> <span class='ocrx_word' id='word_1_934' title='bbox 3118 3088 3264 3140; x_wconf 89' lang='lat' dir='ltr'><strong>inihi.</strong></span> <span class='ocrx_word' id='word_1_935' title='bbox 3301 3086 3531 3141; x_wconf 77' lang='lat' dir='ltr'><strong>Haecin:</strong></span> 
     </span>
    </p>
   </div>
   <div class='ocr_carea' id='block_1_117' title="bbox 1952 3156 3530 3225">
    <p class='ocr_par' dir='ltr' id='par_1_117' title="bbox 1952 3156 3530 3225">
     <span class='ocr_line' id='line_1_117' title="bbox 1952 3156 3530 3225; baseline -0.001 -15"><span class='ocrx_word' id='word_1_936' title='bbox 1952 3170 2048 3225; x_wconf 84' lang='lat' dir='ltr'><strong>spe</strong></span> <span class='ocrx_word' id='word_1_937' title='bbox 2073 3156 2199 3211; x_wconf 85' lang='lat' dir='ltr'><strong>fulta</strong></span> <span class='ocrx_word' id='word_1_938' title='bbox 2238 3158 2357 3213; x_wconf 76' lang='lat' dir='ltr'><strong>veni</strong></span> <span class='ocrx_word' id='word_1_939' title='bbox 2392 3158 2441 3211; x_wconf 89' lang='lat' dir='ltr'><strong>in</strong></span> <span class='ocrx_word' id='word_1_940' title='bbox 2489 3157 2707 3211; x_wconf 90' lang='lat' dir='ltr'><strong>domum</strong></span> <span class='ocrx_word' id='word_1_941' title='bbox 2754 3158 2949 3212; x_wconf 82' lang='lat' dir='ltr'><strong>tuam?</strong></span> <span class='ocrx_word' id='word_1_942' title='bbox 2978 3157 3115 3212; x_wconf 85' lang='lat' dir='ltr'><strong>Nihil</strong></span> <span class='ocrx_word' id='word_1_943' title='bbox 3160 3158 3347 3211; x_wconf 79' lang='lat' dir='ltr'><strong>horum</strong></span> <span class='ocrx_word' id='word_1_944' title='bbox 3376 3157 3530 3217; x_wconf 65' lang='lat' dir='ltr'><strong>diaiz,</strong></span> 
     </span>
    </p>
   </div>
   <div class='ocr_carea' id='block_1_118' title="bbox 1953 3225 3528 3286">
    <p class='ocr_par' dir='ltr' id='par_1_118' title="bbox 1953 3225 3528 3286">
     <span class='ocr_line' id='line_1_118' title="bbox 1953 3225 3528 3286; baseline -0.003 -5"><span class='ocrx_word' id='word_1_945' title='bbox 1953 3227 2044 3281; x_wconf 83' lang='lat' dir='ltr'><strong>sed</strong></span> <span class='ocrx_word' id='word_1_946' title='bbox 2075 3225 2341 3282; x_wconf 82' lang='lat' dir='ltr'><strong>festinavit</strong></span> <span class='ocrx_word' id='word_1_947' title='bbox 2362 3237 2414 3281; x_wconf 89' lang='lat' dir='ltr'><strong>et</strong></span> <span class='ocrx_word' id='word_1_948' title='bbox 2438 3228 2803 3282; x_wconf 87' lang='lat' dir='ltr'><strong>commiscuit:</strong></span> <span class='ocrx_word' id='word_1_949' title='bbox 2826 3242 2957 3282; x_wconf 84' lang='lat' dir='ltr'><strong>uxor</strong></span> <span class='ocrx_word' id='word_1_950' title='bbox 2981 3230 3120 3283; x_wconf 87' lang='lat' dir='ltr'><strong>enim</strong></span> <span class='ocrx_word' id='word_1_951' title='bbox 3150 3227 3528 3286; x_wconf 68' lang='lat' dir='ltr'><strong>eratAbraliw,</strong></span> 
     </span>
    </p>
   </div>
   <div class='ocr_carea' id='block_1_119' title="bbox 1954 3298 3533 3368">
    <p class='ocr_par' dir='ltr' id='par_1_119' title="bbox 1954 3298 3533 3368">
     <span class='ocr_line' id='line_1_119' title="bbox 1954 3298 3533 3368; baseline 0.002 -18"><span class='ocrx_word' id='word_1_952' title='bbox 1954 3312 2059 3350; x_wconf 90' lang='lat' dir='ltr'><strong>non</strong></span> <span class='ocrx_word' id='word_1_953' title='bbox 2089 3299 2211 3352; x_wconf 71' lang='lat' dir='ltr'><strong>vita:</strong></span> <span class='ocrx_word' id='word_1_954' title='bbox 2238 3298 2358 3368; x_wconf 86' lang='lat' dir='ltr'><strong>lege</strong></span> <span class='ocrx_word' id='word_1_955' title='bbox 2382 3298 2555 3352; x_wconf 90' lang='lat' dir='ltr'><strong>solum</strong></span> <span class='ocrx_word' id='word_1_956' title='bbox 2581 3336 2599 3368; x_wconf 16' lang='grc' dir='ltr'><strong>ν.</strong></span> <span class='ocrx_word' id='word_1_957' title='bbox 2655 3298 2749 3353; x_wconf 85' lang='lat' dir='ltr'><strong>sed</strong></span> <span class='ocrx_word' id='word_1_958' title='bbox 2798 3298 2956 3352; x_wconf 89' lang='lat' dir='ltr'><strong>etiam</strong></span> <span class='ocrx_word' id='word_1_959' title='bbox 3011 3300 3267 3352; x_wconf 91' lang='lat' dir='ltr'><strong>bonorum</strong></span> <span class='ocrx_word' id='word_1_960' title='bbox 3312 3313 3533 3368; x_wconf 84' lang='lat' dir='ltr'><strong>operum</strong></span> 
     </span>
    </p>
   </div>
   <div class='ocr_carea' id='block_1_120' title="bbox 1952 3367 3533 3437">
    <p class='ocr_par' dir='ltr' id='par_1_120' title="bbox 1952 3367 3533 3437">
     <span class='ocr_line' id='line_1_120' title="bbox 1952 3367 3533 3437; baseline -0.003 -16"><span class='ocrx_word' id='word_1_961' title='bbox 1952 3368 2169 3423; x_wconf 88' lang='lat' dir='ltr'><strong>virtute.</strong></span> <span class='ocrx_word' id='word_1_962' title='bbox 2213 3367 2546 3431; x_wconf 81' lang='lat' dir='ltr'><strong>Communis,</strong></span> <span class='ocrx_word' id='word_1_963' title='bbox 2576 3367 2766 3437; x_wconf 89' lang='lat' dir='ltr'><strong>inquit,</strong></span> <span class='ocrx_word' id='word_1_964' title='bbox 2797 3369 2866 3422; x_wconf 86' lang='lat' dir='ltr'><strong>sit</strong></span> <span class='ocrx_word' id='word_1_965' title='bbox 2915 3368 3265 3436; x_wconf 83' lang='lat' dir='ltr'><strong>hospitalitas,</strong></span> <span class='ocrx_word' id='word_1_966' title='bbox 3298 3367 3533 3422; x_wconf 75' lang='grc' dir='ltr'>οοιιιιιιιιο</span> 
     </span>
    </p>
   </div>
   <div class='ocr_carea' id='block_1_121' title="bbox 1954 3438 3528 3507">
    <p class='ocr_par' dir='ltr' id='par_1_121' title="bbox 1954 3438 3528 3507">
     <span class='ocr_line' id='line_1_121' title="bbox 1954 3438 3528 3507; baseline -0.001 -15"><span class='ocrx_word' id='word_1_967' title='bbox 1954 3453 2078 3492; x_wconf 89' lang='lat' dir='ltr'><strong>nem</strong></span> <span class='ocrx_word' id='word_1_968' title='bbox 2103 3453 2315 3507; x_wconf 85' lang='lat' dir='ltr'><strong>quoque</strong></span> <span class='ocrx_word' id='word_1_969' title='bbox 2339 3439 2565 3492; x_wconf 85' lang='lat' dir='ltr'><strong>fructum</strong></span> <span class='ocrx_word' id='word_1_970' title='bbox 2594 3438 2908 3493; x_wconf 86' lang='lat' dir='ltr'><strong>referamus.</strong></span> <span class='ocrx_word' id='word_1_971' title='bbox 2944 3438 3244 3493; x_wconf 84' lang='lat' dir='ltr'><strong>Tliesanrus</strong></span> <span class='ocrx_word' id='word_1_972' title='bbox 3272 3447 3354 3491; x_wconf 87' lang='lat' dir='ltr'><strong>est</strong></span> <span class='ocrx_word' id='word_1_973' title='bbox 3372 3479 3387 3498; x_wconf 89' lang='lat'><strong>.</strong></span> <span class='ocrx_word' id='word_1_974' title='bbox 3415 3439 3488 3491; x_wconf 87' lang='lat' dir='ltr'><strong>ait</strong></span> <span class='ocrx_word' id='word_1_975' title='bbox 3516 3456 3528 3491; x_wconf 87' lang='lat'><strong>:</strong></span> 
     </span>
    </p>
   </div>
   <div class='ocr_carea' id='block_1_122' title="bbox 1956 3508 3534 3578">
    <p class='ocr_par' dir='ltr' id='par_1_122' title="bbox 1956 3508 3534 3578">
     <span class='ocr_line' id='line_1_122' title="bbox 1956 3508 3534 3578; baseline -0.001 -19"><span class='ocrx_word' id='word_1_976' title='bbox 1956 3524 2060 3561; x_wconf 88' lang='lat' dir='ltr'><strong>una</strong></span> <span class='ocrx_word' id='word_1_977' title='bbox 2088 3510 2256 3563; x_wconf 87' lang='lat' dir='ltr'><strong>simus</strong></span> <span class='ocrx_word' id='word_1_978' title='bbox 2284 3510 2564 3578; x_wconf 81' lang='lat' dir='ltr'><strong>participes</strong></span> <span class='ocrx_word' id='word_1_979' title='bbox 2590 3526 2603 3560; x_wconf 91' lang='lat'><strong>:</strong></span> <span class='ocrx_word' id='word_1_980' title='bbox 2631 3524 2731 3578; x_wconf 78' lang='lat' dir='ltr'><strong>ego</strong></span> <span class='ocrx_word' id='word_1_981' title='bbox 2756 3509 2994 3573; x_wconf 90' lang='lat' dir='ltr'><strong>vitulum,</strong></span> <span class='ocrx_word' id='word_1_982' title='bbox 3019 3520 3073 3562; x_wconf 90' lang='lat' dir='ltr'><strong>tu</strong></span> <span class='ocrx_word' id='word_1_983' title='bbox 3099 3508 3295 3563; x_wconf 83' lang='lat' dir='ltr'><strong>farinas</strong></span> <span class='ocrx_word' id='word_1_984' title='bbox 3318 3508 3534 3563; x_wconf 73' lang='lat' dir='ltr'><strong>offeres.</strong></span> 
     </span>
    </p>
   </div>
   <div class='ocr_carea' id='block_1_123' title="bbox 1956 3578 3539 3648">
    <p class='ocr_par' dir='ltr' id='par_1_123' title="bbox 1956 3578 3539 3648">
     <span class='ocr_line' id='line_1_123' title="bbox 1956 3578 3539 3648; baseline -0.003 -14"><span class='ocrx_word' id='word_1_985' title='bbox 1956 3578 2193 3634; x_wconf 85' lang='lat' dir='ltr'><strong>Vitulum</strong></span> <span class='ocrx_word' id='word_1_986' title='bbox 2222 3580 2493 3641; x_wconf 84' lang='lat' dir='ltr'><strong>mactavit,</strong></span> <span class='ocrx_word' id='word_1_987' title='bbox 2520 3588 2576 3633; x_wconf 88' lang='lat' dir='ltr'><strong>et</strong></span> <span class='ocrx_word' id='word_1_988' title='bbox 2618 3581 2824 3648; x_wconf 68' lang='lat' dir='ltr'><strong>accepit</strong></span> <span class='ocrx_word' id='word_1_989' title='bbox 2866 3579 3015 3635; x_wconf 88' lang='lat' dir='ltr'><strong>Isaac</strong></span> <span class='ocrx_word' id='word_1_990' title='bbox 3044 3596 3057 3632; x_wconf 91' lang='lat'><strong>:</strong></span> <span class='ocrx_word' id='word_1_991' title='bbox 3087 3580 3281 3633; x_wconf 87' lang='lat' dir='ltr'><strong>fariuas</strong></span> <span class='ocrx_word' id='word_1_992' title='bbox 3326 3581 3539 3632; x_wconf 69' lang='lat' dir='ltr'><strong>miscuit</strong></span> 
     </span>
    </p>
   </div>
   <div class='ocr_carea' id='block_1_124' title="bbox 1957 3648 3538 3719">
    <p class='ocr_par' dir='ltr' id='par_1_124' title="bbox 1957 3648 3538 3719">
     <span class='ocr_line' id='line_1_124' title="bbox 1957 3648 3538 3719; baseline -0.001 -17"><span class='ocrx_word' id='word_1_993' title='bbox 1957 3651 2064 3714; x_wconf 90' lang='lat' dir='ltr'><strong>illa,</strong></span> <span class='ocrx_word' id='word_1_994' title='bbox 2094 3648 2161 3703; x_wconf 77' lang='lat' dir='ltr'><strong>Et</strong></span> <span class='ocrx_word' id='word_1_995' title='bbox 2187 3654 2376 3719; x_wconf 70' lang='lat' dir='ltr'><strong>factum</strong></span> <span class='ocrx_word' id='word_1_996' title='bbox 2398 3659 2469 3703; x_wconf 79' lang='lat' dir='ltr'><strong>est</strong></span> <span class='ocrx_word' id='word_1_997' title='bbox 2491 3664 2657 3702; x_wconf 79' lang='lat' dir='ltr'><strong>semen</strong></span> <span class='ocrx_word' id='word_1_998' title='bbox 2682 3652 2793 3719; x_wconf 81' lang='lat' dir='ltr'><strong>ejus</strong></span> <span class='ocrx_word' id='word_1_999' title='bbox 2836 3652 2965 3704; x_wconf 84' lang='lat' dir='ltr'><strong>sicut</strong></span> <span class='ocrx_word' id='word_1_1000' title='bbox 2990 3652 3136 3704; x_wconf 83' lang='lat' dir='ltr'><strong>stella</strong></span> <span class='ocrx_word' id='word_1_1001' title='bbox 3160 3651 3292 3715; x_wconf 75' lang='lat' dir='ltr'><strong>mli,</strong></span> <span class='ocrx_word' id='word_1_1002' title='bbox 3325 3661 3370 3702; x_wconf 81' lang='lat' dir='ltr'><strong>et</strong></span> <span class='ocrx_word' id='word_1_1003' title='bbox 3408 3651 3538 3703; x_wconf 82' lang='lat' dir='ltr'><strong>sicut</strong></span> 
     </span>
    </p>
   </div>
   <div class='ocr_carea' id='block_1_125' title="bbox 1956 3719 3539 3788">
    <p class='ocr_par' dir='ltr' id='par_1_125' title="bbox 1956 3719 3539 3788">
     <span class='ocr_line' id='line_1_125' title="bbox 1956 3719 3539 3788; baseline 0.001 -16"><span class='ocrx_word' id='word_1_1004' title='bbox 1956 3736 2112 3774; x_wconf 72' lang='lat' dir='ltr'><strong>arena</strong></span> <span class='ocrx_word' id='word_1_1005' title='bbox 2131 3720 2305 3774; x_wconf 80' lang='lat' dir='ltr'><strong>maris.</strong></span> <span class='ocrx_word' id='word_1_1006' title='bbox 2335 3719 2458 3773; x_wconf 68' lang='lat' dir='ltr'><strong>llasc</strong></span> <span class='ocrx_word' id='word_1_1007' title='bbox 2476 3719 2598 3772; x_wconf 92' lang='lat' dir='ltr'><strong>dico</strong></span> <span class='ocrx_word' id='word_1_1008' title='bbox 2620 3721 2905 3773; x_wconf 87' lang='lat' dir='ltr'><strong>humanum</strong></span> <span class='ocrx_word' id='word_1_1009' title='bbox 2928 3720 3115 3775; x_wconf 89' lang='lat' dir='ltr'><strong>fastum</strong></span> <span class='ocrx_word' id='word_1_1010' title='bbox 3134 3721 3454 3788; x_wconf 84' lang='lat' dir='ltr'><strong>deprimens,</strong></span> <span class='ocrx_word' id='word_1_1011' title='bbox 3486 3731 3539 3773; x_wconf 83' lang='lat' dir='ltr'><strong>et</strong></span> 
     </span>
    </p>
   </div>
   <div class='ocr_carea' id='block_1_126' title="bbox 1958 3790 3540 3862">
    <p class='ocr_par' dir='ltr' id='par_1_126' title="bbox 1958 3790 3540 3862">
     <span class='ocr_line' id='line_1_126' title="bbox 1958 3790 3540 3862; baseline -0.001 -18"><span class='ocrx_word' id='word_1_1012' title='bbox 1958 3791 2183 3862; x_wconf 86' lang='lat' dir='ltr'><strong>divitum</strong></span> <span class='ocrx_word' id='word_1_1013' title='bbox 2201 3790 2436 3843; x_wconf 91' lang='lat' dir='ltr'><strong>omnium</strong></span> <span class='ocrx_word' id='word_1_1014' title='bbox 2459 3790 2745 3862; x_wconf 86' lang='lat' dir='ltr'><strong>amentiam</strong></span> <span class='ocrx_word' id='word_1_1015' title='bbox 2775 3802 3143 3857; x_wconf 83' lang='lat' dir='ltr'><strong>contemnens,</strong></span> <span class='ocrx_word' id='word_1_1016' title='bbox 3174 3805 3540 3862; x_wconf 78' lang='lat' dir='ltr'><strong>pauperesqnu</strong></span> 
     </span>
    </p>
   </div>
   <div class='ocr_carea' id='block_1_127' title="bbox 1957 3860 3539 3930">
    <p class='ocr_par' dir='ltr' id='par_1_127' title="bbox 1957 3860 3539 3930">
     <span class='ocr_line' id='line_1_127' title="bbox 1957 3860 3539 3930; baseline -0.001 -16"><span class='ocrx_word' id='word_1_1017' title='bbox 1957 3860 2261 3922; x_wconf 88' lang='lat' dir='ltr'><strong>consolans,</strong></span> <span class='ocrx_word' id='word_1_1018' title='bbox 2293 3868 2349 3913; x_wconf 93' lang='lat' dir='ltr'><strong>ut</strong></span> <span class='ocrx_word' id='word_1_1019' title='bbox 2370 3874 2527 3930; x_wconf 87' lang='lat' dir='ltr'><strong>nemo</strong></span> <span class='ocrx_word' id='word_1_1020' title='bbox 2555 3861 2644 3930; x_wconf 88' lang='lat' dir='ltr'><strong>vel</strong></span> <span class='ocrx_word' id='word_1_1021' title='bbox 2672 3862 2721 3914; x_wconf 90' lang='lat' dir='ltr'><strong>iu</strong></span> <span class='ocrx_word' id='word_1_1022' title='bbox 2749 3871 3060 3930; x_wconf 83' lang='lat' dir='ltr'><strong>paupertate</strong></span> <span class='ocrx_word' id='word_1_1023' title='bbox 3103 3860 3431 3927; x_wconf 55' lang='lat' dir='ltr'><strong>se&#39;dejieiat,</strong></span> <span class='ocrx_word' id='word_1_1024' title='bbox 3458 3862 3539 3912; x_wconf 79' lang='lat' dir='ltr'><strong>vri</strong></span> 
     </span>
    </p>
   </div>
   <div class='ocr_carea' id='block_1_128' title="bbox 1959 3929 3540 3985">
    <p class='ocr_par' dir='ltr' id='par_1_128' title="bbox 1959 3929 3540 3985">
     <span class='ocr_line' id='line_1_128' title="bbox 1959 3929 3540 3985; baseline -0.003 -1"><span class='ocrx_word' id='word_1_1025' title='bbox 1959 3932 2010 3984; x_wconf 89' lang='lat' dir='ltr'><strong>in</strong></span> <span class='ocrx_word' id='word_1_1026' title='bbox 2032 3930 2232 3984; x_wconf 86' lang='lat' dir='ltr'><strong>divitiis</strong></span> <span class='ocrx_word' id='word_1_1027' title='bbox 2255 3944 2315 3984; x_wconf 88' lang='lat' dir='ltr'><strong>se</strong></span> <span class='ocrx_word' id='word_1_1028' title='bbox 2342 3929 2566 3984; x_wconf 74' lang='lat' dir='ltr'><strong>extollat</strong></span> <span class='ocrx_word' id='word_1_1029' title='bbox 2592 3947 2604 3982; x_wconf 93' lang='lat'><strong>:</strong></span> <span class='ocrx_word' id='word_1_1030' title='bbox 2636 3929 2954 3985; x_wconf 27' lang='lat' dir='ltr'><strong>lucc’autem</strong></span> <span class='ocrx_word' id='word_1_1031' title='bbox 2980 3932 3137 3985; x_wconf 80' lang='lat' dir='ltr'><strong>ambo</strong></span> <span class='ocrx_word' id='word_1_1032' title='bbox 3166 3940 3288 3984; x_wconf 86' lang='lat' dir='ltr'><strong>sunt</strong></span> <span class='ocrx_word' id='word_1_1033' title='bbox 3329 3931 3540 3981; x_wconf 70' lang='lat' dir='ltr'><strong>virtutis</strong></span> 
     </span>
    </p>
   </div>
   <div class='ocr_carea' id='block_1_129' title="bbox 1959 4000 3537 4071">
    <p class='ocr_par' dir='ltr' id='par_1_129' title="bbox 1959 4000 3537 4071">
     <span class='ocr_line' id='line_1_129' title="bbox 1959 4000 3537 4071; baseline -0.004 -16"><span class='ocrx_word' id='word_1_1034' title='bbox 1959 4000 2359 4071; x_wconf 89' lang='lat' dir='ltr'><strong>impedimenta.</strong></span> <span class='ocrx_word' id='word_1_1035' title='bbox 2409 4000 2564 4055; x_wconf 78' lang='lat' dir='ltr'><strong>Ratio</strong></span> <span class='ocrx_word' id='word_1_1036' title='bbox 2607 4009 2782 4055; x_wconf 85' lang='lat' dir='ltr'><strong>autem</strong></span> <span class='ocrx_word' id='word_1_1037' title='bbox 2811 4001 3181 4068; x_wconf 88' lang='lat' dir='ltr'><strong>gubernatoris</strong></span> <span class='ocrx_word' id='word_1_1038' title='bbox 3232 4000 3427 4071; x_wconf 89' lang='lat' dir='ltr'><strong>nautici</strong></span> <span class='ocrx_word' id='word_1_1039' title='bbox 3459 4003 3537 4050; x_wconf 87' lang='lat' dir='ltr'><strong>vi-</strong></span> 
     </span>
    </p>
   </div>
   <div class='ocr_carea' id='block_1_130' title="bbox 1957 4070 3538 4140">
    <p class='ocr_par' dir='ltr' id='par_1_130' title="bbox 1957 4070 3538 4140">
     <span class='ocr_line' id='line_1_130' title="bbox 1957 4070 3538 4140; baseline -0.003 -14"><span class='ocrx_word' id='word_1_1040' title='bbox 1957 4070 2322 4132; x_wconf 86' lang='lat' dir='ltr'><strong>cemobtinet.</strong></span> <span class='ocrx_word' id='word_1_1041' title='bbox 2358 4086 2478 4137; x_wconf 71' lang='lat' dir='ltr'><strong>quae</strong></span> <span class='ocrx_word' id='word_1_1042' title='bbox 2504 4085 2675 4140; x_wconf 88' lang='lat' dir='ltr'><strong>neque</strong></span> <span class='ocrx_word' id='word_1_1043' title='bbox 2720 4088 2750 4126; x_wconf 87' lang='lat' dir='ltr'><strong>a</strong></span> <span class='ocrx_word' id='word_1_1044' title='bbox 2799 4077 3113 4140; x_wconf 87' lang='lat' dir='ltr'><strong>tempestate</strong></span> <span class='ocrx_word' id='word_1_1045' title='bbox 3162 4070 3538 4133; x_wconf 66' lang='lat' dir='ltr'><strong>summergitur,</strong></span> 
     </span>
    </p>
   </div>
   <div class='ocr_carea' id='block_1_131' title="bbox 1960 4140 3542 4211">
    <p class='ocr_par' dir='ltr' id='par_1_131' title="bbox 1960 4140 3542 4211">
     <span class='ocr_line' id='line_1_131' title="bbox 1960 4140 3542 4211; baseline -0.003 -16"><span class='ocrx_word' id='word_1_1046' title='bbox 1960 4157 2133 4211; x_wconf 86' lang='lat' dir='ltr'><strong>neque</strong></span> <span class='ocrx_word' id='word_1_1047' title='bbox 2160 4157 2187 4194; x_wconf 90' lang='lat' dir='ltr'><strong>a</strong></span> <span class='ocrx_word' id='word_1_1048' title='bbox 2215 4141 2503 4198; x_wconf 84' lang='lat' dir='ltr'><strong>serenitate</strong></span> <span class='ocrx_word' id='word_1_1049' title='bbox 2544 4142 2757 4198; x_wconf 86' lang='lat' dir='ltr'><strong>mollior</strong></span> <span class='ocrx_word' id='word_1_1050' title='bbox 2796 4140 3060 4205; x_wconf 74' lang='lat' dir='ltr'><strong>efficitur;</strong></span> <span class='ocrx_word' id='word_1_1051' title='bbox 3093 4142 3185 4196; x_wconf 89' lang='lat' dir='ltr'><strong>sed</strong></span> <span class='ocrx_word' id='word_1_1052' title='bbox 3216 4141 3269 4195; x_wconf 90' lang='lat' dir='ltr'><strong>in</strong></span> <span class='ocrx_word' id='word_1_1053' title='bbox 3301 4149 3542 4209; x_wconf 72' lang='lat' dir='ltr'><strong>tempora</strong></span> 
     </span>
    </p>
   </div>
   <div class='ocr_carea' id='block_1_132' title="bbox 1957 4210 3543 4282">
    <p class='ocr_par' dir='ltr' id='par_1_132' title="bbox 1957 4210 3543 4282">
     <span class='ocr_line' id='line_1_132' title="bbox 1957 4210 3543 4282; baseline -0.003 -16"><span class='ocrx_word' id='word_1_1054' title='bbox 1957 4210 2156 4282; x_wconf 85' lang='lat' dir='ltr'><strong>dispari</strong></span> <span class='ocrx_word' id='word_1_1055' title='bbox 2187 4227 2365 4281; x_wconf 90' lang='lat' dir='ltr'><strong>parem</strong></span> <span class='ocrx_word' id='word_1_1056' title='bbox 2392 4226 2612 4268; x_wconf 86' lang='lat' dir='ltr'><strong>servans</strong></span> <span class='ocrx_word' id='word_1_1057' title='bbox 2642 4210 3033 4282; x_wconf 79' lang='lat' dir='ltr'><strong>philosOphiaiu</strong></span> <span class='ocrx_word' id='word_1_1058' title='bbox 3050 4281 3059 4282; x_wconf 17' lang='grc' dir='ltr'>ί</span> <span class='ocrx_word' id='word_1_1059' title='bbox 3076 4227 3176 4268; x_wconf 88' lang='lat' dir='ltr'><strong>nec</strong></span> <span class='ocrx_word' id='word_1_1060' title='bbox 3201 4212 3306 4266; x_wconf 89' lang='lat' dir='ltr'><strong>ulla</strong></span> <span class='ocrx_word' id='word_1_1061' title='bbox 3328 4212 3543 4282; x_wconf 78' lang='lat' dir='ltr'><strong>diversi-</strong></span> 
     </span>
    </p>
   </div>
   <div class='ocr_carea' id='block_1_133' title="bbox 1960 4281 3545 4347">
    <p class='ocr_par' dir='ltr' id='par_1_133' title="bbox 1960 4281 3545 4347">
     <span class='ocr_line' id='line_1_133' title="bbox 1960 4281 3545 4347; baseline -0.001 -11"><span class='ocrx_word' id='word_1_1062' title='bbox 1960 4292 2067 4337; x_wconf 85' lang='lat' dir='ltr'><strong>tate</strong></span> <span class='ocrx_word' id='word_1_1063' title='bbox 2098 4294 2357 4347; x_wconf 89' lang='lat' dir='ltr'><strong>movetur,</strong></span> <span class='ocrx_word' id='word_1_1064' title='bbox 2388 4297 2452 4337; x_wconf 90' lang='lat' dir='ltr'><strong>ac</strong></span> <span class='ocrx_word' id='word_1_1065' title='bbox 2471 4283 2554 4339; x_wconf 86' lang='lat' dir='ltr'><strong>vel</strong></span> <span class='ocrx_word' id='word_1_1066' title='bbox 2585 4281 2688 4338; x_wconf 85' lang='lat' dir='ltr'><strong>hoc</strong></span> <span class='ocrx_word' id='word_1_1067' title='bbox 2710 4284 2792 4338; x_wconf 87' lang='lat' dir='ltr'><strong>vel</strong></span> <span class='ocrx_word' id='word_1_1068' title='bbox 2829 4282 2954 4337; x_wconf 89' lang='lat' dir='ltr'><strong>illud</strong></span> <span class='ocrx_word' id='word_1_1069' title='bbox 2980 4281 3210 4337; x_wconf 83' lang='lat' dir='ltr'><strong>efficitur</strong></span> <span class='ocrx_word' id='word_1_1070' title='bbox 3239 4298 3253 4336; x_wconf 89' lang='lat'><strong>:</strong></span> <span class='ocrx_word' id='word_1_1071' title='bbox 3284 4283 3418 4337; x_wconf 89' lang='lat' dir='ltr'><strong>sicut</strong></span> <span class='ocrx_word' id='word_1_1072' title='bbox 3443 4281 3545 4336; x_wconf 69' lang='lat' dir='ltr'><strong>Job</strong></span> 
     </span>
    </p>
   </div>
   <div class='ocr_carea' id='block_1_134' title="bbox 1961 4351 3545 4422">
    <p class='ocr_par' dir='ltr' id='par_1_134' title="bbox 1961 4351 3545 4422">
     <span class='ocr_line' id='line_1_134' title="bbox 1961 4351 3545 4422; baseline -0.001 -15"><span class='ocrx_word' id='word_1_1073' title='bbox 1961 4354 2203 4418; x_wconf 88' lang='lat' dir='ltr'><strong>nequein</strong></span> <span class='ocrx_word' id='word_1_1074' title='bbox 2228 4362 2539 4421; x_wconf 87' lang='lat' dir='ltr'><strong>paupertate</strong></span> <span class='ocrx_word' id='word_1_1075' title='bbox 2560 4353 2900 4419; x_wconf 85' lang='lat' dir='ltr'><strong>blasphemus</strong></span> <span class='ocrx_word' id='word_1_1076' title='bbox 2919 4351 3037 4419; x_wconf 87' lang='lat' dir='ltr'><strong>fuit,</strong></span> <span class='ocrx_word' id='word_1_1077' title='bbox 3068 4368 3241 4422; x_wconf 87' lang='lat' dir='ltr'><strong>neque</strong></span> <span class='ocrx_word' id='word_1_1078' title='bbox 3270 4355 3320 4407; x_wconf 88' lang='lat' dir='ltr'><strong>iii</strong></span> <span class='ocrx_word' id='word_1_1079' title='bbox 3342 4353 3545 4407; x_wconf 82' lang='lat' dir='ltr'><strong>divitiis</strong></span> 
     </span>
    </p>
   </div>
   <div class='ocr_carea' id='block_1_135' title="bbox 1960 4422 3543 4491">
    <p class='ocr_par' dir='ltr' id='par_1_135' title="bbox 1960 4422 3543 4491">
     <span class='ocr_line' id='line_1_135' title="bbox 1960 4422 3543 4491; baseline 0 -15"><span class='ocrx_word' id='word_1_1080' title='bbox 1960 4423 2151 4485; x_wconf 87' lang='lat' dir='ltr'><strong>elatus.</strong></span> <span class='ocrx_word' id='word_1_1081' title='bbox 2179 4423 2271 4476; x_wconf 78' lang='lat' dir='ltr'><strong>sed</strong></span> <span class='ocrx_word' id='word_1_1082' title='bbox 2294 4439 2413 4476; x_wconf 92' lang='lat' dir='ltr'><strong>cunt</strong></span> <span class='ocrx_word' id='word_1_1083' title='bbox 2444 4423 2596 4476; x_wconf 86' lang='lat' dir='ltr'><strong>dives</strong></span> <span class='ocrx_word' id='word_1_1084' title='bbox 2614 4432 2775 4485; x_wconf 86' lang='lat' dir='ltr'><strong>esset,</strong></span> <span class='ocrx_word' id='word_1_1085' title='bbox 2803 4422 2993 4490; x_wconf 84' lang='lat' dir='ltr'><strong>januas</strong></span> <span class='ocrx_word' id='word_1_1086' title='bbox 3021 4424 3228 4491; x_wconf 88' lang='lat' dir='ltr'><strong>aperuit</strong></span> <span class='ocrx_word' id='word_1_1087' title='bbox 3252 4440 3267 4487; x_wconf 89' lang='lat'><strong>;</strong></span> <span class='ocrx_word' id='word_1_1088' title='bbox 3299 4439 3420 4477; x_wconf 91' lang='lat' dir='ltr'><strong>cum</strong></span> <span class='ocrx_word' id='word_1_1089' title='bbox 3450 4438 3543 4476; x_wconf 88' lang='lat' dir='ltr'><strong>ve-</strong></span> 
     </span>
    </p>
   </div>
   <div class='ocr_carea' id='block_1_136' title="bbox 1960 4493 3545 4562">
    <p class='ocr_par' dir='ltr' id='par_1_136' title="bbox 1960 4493 3545 4562">
     <span class='ocr_line' id='line_1_136' title="bbox 1960 4493 3545 4562; baseline -0.004 -15"><span class='ocrx_word' id='word_1_1090' title='bbox 1960 4508 2022 4547; x_wconf 89' lang='lat' dir='ltr'><strong>ro</strong></span> <span class='ocrx_word' id='word_1_1091' title='bbox 2045 4508 2243 4561; x_wconf 86' lang='lat' dir='ltr'><strong>pauper</strong></span> <span class='ocrx_word' id='word_1_1092' title='bbox 2269 4503 2432 4556; x_wconf 89' lang='lat' dir='ltr'><strong>esset,</strong></span> <span class='ocrx_word' id='word_1_1093' title='bbox 2485 4494 2645 4547; x_wconf 88' lang='lat' dir='ltr'><strong>latera</strong></span> <span class='ocrx_word' id='word_1_1094' title='bbox 2677 4493 2959 4562; x_wconf 86' lang='lat' dir='ltr'><strong>patefecit:</strong></span> <span class='ocrx_word' id='word_1_1095' title='bbox 2987 4501 3113 4547; x_wconf 88' lang='lat' dir='ltr'><strong>tunc</strong></span> <span class='ocrx_word' id='word_1_1096' title='bbox 3157 4493 3369 4561; x_wconf 85' lang='lat' dir='ltr'><strong>quidem</strong></span> <span class='ocrx_word' id='word_1_1097' title='bbox 3418 4508 3545 4558; x_wconf 84' lang='lat' dir='ltr'><strong>pan-</strong></span> 
     </span>
    </p>
   </div>
   <div class='ocr_carea' id='block_1_137' title="bbox 1963 4562 3541 4633">
    <p class='ocr_par' dir='ltr' id='par_1_137' title="bbox 1963 4562 3541 4633">
     <span class='ocr_line' id='line_1_137' title="bbox 1963 4562 3541 4633; baseline -0.003 -15"><span class='ocrx_word' id='word_1_1098' title='bbox 1963 4564 2176 4632; x_wconf 81' lang='lat' dir='ltr'><strong>peribns</strong></span> <span class='ocrx_word' id='word_1_1099' title='bbox 2221 4564 2442 4622; x_wconf 89' lang='lat' dir='ltr'><strong>amicus.</strong></span> <span class='ocrx_word' id='word_1_1100' title='bbox 2475 4573 2655 4632; x_wconf 88' lang='lat' dir='ltr'><strong>postea</strong></span> <span class='ocrx_word' id='word_1_1101' title='bbox 2686 4578 2813 4617; x_wconf 91' lang='lat' dir='ltr'><strong>vero</strong></span> <span class='ocrx_word' id='word_1_1102' title='bbox 2858 4562 3226 4633; x_wconf 89' lang='lat' dir='ltr'><strong>philosophus,</strong></span> <span class='ocrx_word' id='word_1_1103' title='bbox 3249 4576 3312 4615; x_wconf 90' lang='lat' dir='ltr'><strong>ac</strong></span> <span class='ocrx_word' id='word_1_1104' title='bbox 3367 4577 3541 4616; x_wconf 86' lang='lat' dir='ltr'><strong>rerum</strong></span> 
     </span>
    </p>
   </div>
   <div class='ocr_carea' id='block_1_138' title="bbox 1962 4633 3543 4700">
    <p class='ocr_par' dir='ltr' id='par_1_138' title="bbox 1962 4633 3543 4700">
     <span class='ocr_line' id='line_1_138' title="bbox 1962 4633 3543 4700; baseline -0.003 -14"><span class='ocrx_word' id='word_1_1105' title='bbox 1962 4634 2350 4687; x_wconf 86' lang='lat' dir='ltr'><strong>mundanarum</strong></span> <span class='ocrx_word' id='word_1_1106' title='bbox 2397 4633 2758 4687; x_wconf 88' lang='lat' dir='ltr'><strong>diversitatem</strong></span> <span class='ocrx_word' id='word_1_1107' title='bbox 2801 4634 3034 4687; x_wconf 86' lang='lat' dir='ltr'><strong>calcans.</strong></span> <span class='ocrx_word' id='word_1_1108' title='bbox 3089 4633 3372 4700; x_wconf 86' lang='lat' dir='ltr'><strong>I’ostquatn</strong></span> <span class='ocrx_word' id='word_1_1109' title='bbox 3415 4647 3543 4685; x_wconf 83' lang='lat' dir='ltr'><strong>vero</strong></span> 
     </span>
    </p>
   </div>
   <div class='ocr_carea' id='block_1_139' title="bbox 1961 4701 3545 4771">
    <p class='ocr_par' dir='ltr' id='par_1_139' title="bbox 1961 4701 3545 4771">
     <span class='ocr_line' id='line_1_139' title="bbox 1961 4701 3545 4771; baseline -0.001 -14"><span class='ocrx_word' id='word_1_1110' title='bbox 1961 4713 2105 4758; x_wconf 90' lang='lat' dir='ltr'><strong>tanta</strong></span> <span class='ocrx_word' id='word_1_1111' title='bbox 2134 4704 2203 4758; x_wconf 90' lang='lat' dir='ltr'><strong>de</strong></span> <span class='ocrx_word' id='word_1_1112' title='bbox 2229 4703 2572 4757; x_wconf 90' lang='lat' dir='ltr'><strong>tentoriorum</strong></span> <span class='ocrx_word' id='word_1_1113' title='bbox 2618 4703 2809 4771; x_wconf 82' lang='lat' dir='ltr'><strong>opifice</strong></span> <span class='ocrx_word' id='word_1_1114' title='bbox 2832 4703 3083 4767; x_wconf 84' lang='lat' dir='ltr'><strong>diximus,</strong></span> <span class='ocrx_word' id='word_1_1115' title='bbox 3110 4716 3207 4770; x_wconf 88' lang='lat' dir='ltr'><strong>age</strong></span> <span class='ocrx_word' id='word_1_1116' title='bbox 3230 4701 3388 4756; x_wconf 89' lang='lat' dir='ltr'><strong>etiam</strong></span> <span class='ocrx_word' id='word_1_1117' title='bbox 3414 4718 3545 4756; x_wconf 55' lang='lat' dir='ltr'><strong>non.</strong></span> 
     </span>
    </p>
   </div>
   <div class='ocr_carea' id='block_1_140' title="bbox 1962 4773 3544 4843">
    <p class='ocr_par' dir='ltr' id='par_1_140' title="bbox 1962 4773 3544 4843">
     <span class='ocr_line' id='line_1_140' title="bbox 1962 4773 3544 4843; baseline -0.003 -14"><span class='ocrx_word' id='word_1_1118' title='bbox 1962 4776 2106 4829; x_wconf 88' lang='lat' dir='ltr'><strong>nulla</strong></span> <span class='ocrx_word' id='word_1_1119' title='bbox 2138 4790 2321 4830; x_wconf 89' lang='lat' dir='ltr'><strong>eorum</strong></span> <span class='ocrx_word' id='word_1_1120' title='bbox 2347 4789 2464 4843; x_wconf 66' lang='lat' dir='ltr'><strong>qua:</strong></span> <span class='ocrx_word' id='word_1_1121' title='bbox 2492 4775 2810 4842; x_wconf 88' lang='lat' dir='ltr'><strong>protulimus</strong></span> <span class='ocrx_word' id='word_1_1122' title='bbox 2834 4773 3011 4827; x_wconf 89' lang='lat' dir='ltr'><strong>denuo</strong></span> <span class='ocrx_word' id='word_1_1123' title='bbox 3038 4782 3345 4836; x_wconf 89' lang='lat' dir='ltr'><strong>tractemus,</strong></span> <span class='ocrx_word' id='word_1_1124' title='bbox 3381 4788 3544 4842; x_wconf 75' lang='lat' dir='ltr'><strong>pauca</strong></span> 
     </span>
    </p>
   </div>
   <div class='ocr_carea' id='block_1_141' title="bbox 1961 4843 3546 4914">
    <p class='ocr_par' dir='ltr' id='par_1_141' title="bbox 1961 4843 3546 4914">
     <span class='ocr_line' id='line_1_141' title="bbox 1961 4843 3546 4914; baseline 0 -18"><span class='ocrx_word' id='word_1_1125' title='bbox 1961 4846 2173 4914; x_wconf 83' lang='lat' dir='ltr'><strong>quidem</strong></span> <span class='ocrx_word' id='word_1_1126' title='bbox 2205 4844 2365 4897; x_wconf 86' lang='lat' dir='ltr'><strong>verba</strong></span> <span class='ocrx_word' id='word_1_1127' title='bbox 2388 4846 2438 4897; x_wconf 92' lang='lat' dir='ltr'><strong>in</strong></span> <span class='ocrx_word' id='word_1_1128' title='bbox 2469 4843 2701 4914; x_wconf 86' lang='lat' dir='ltr'><strong>medium</strong></span> <span class='ocrx_word' id='word_1_1129' title='bbox 2728 4843 3079 4913; x_wconf 88' lang='lat' dir='ltr'><strong>proferentes,</strong></span> <span class='ocrx_word' id='word_1_1130' title='bbox 3110 4844 3427 4898; x_wconf 89' lang='lat' dir='ltr'><strong>immensum</strong></span> <span class='ocrx_word' id='word_1_1131' title='bbox 3458 4860 3546 4896; x_wconf 84' lang='lat' dir='ltr'><strong>ve-</strong></span> 
     </span>
    </p>
   </div>
   <div class='ocr_carea' id='block_1_142' title="bbox 1963 4913 3546 4984">
    <p class='ocr_par' dir='ltr' id='par_1_142' title="bbox 1963 4913 3546 4984">
     <span class='ocr_line' id='line_1_142' title="bbox 1963 4913 3546 4984; baseline -0.003 -15"><span class='ocrx_word' id='word_1_1132' title='bbox 1963 4913 2023 4969; x_wconf 87' lang='lat' dir='ltr'><strong>ro</strong></span> <span class='ocrx_word' id='word_1_1133' title='bbox 2048 4924 2397 4983; x_wconf 89' lang='lat' dir='ltr'><strong>conceptuum</strong></span> <span class='ocrx_word' id='word_1_1134' title='bbox 2426 4913 2641 4984; x_wconf 82' lang='lat' dir='ltr'><strong>pelagus</strong></span> <span class='ocrx_word' id='word_1_1135' title='bbox 2671 4916 2824 4971; x_wconf 87' lang='lat' dir='ltr'><strong>nobis</strong></span> <span class='ocrx_word' id='word_1_1136' title='bbox 2868 4915 2995 4984; x_wconf 87' lang='lat' dir='ltr'><strong>ipsis</strong></span> <span class='ocrx_word' id='word_1_1137' title='bbox 3029 4915 3347 4983; x_wconf 88' lang='lat' dir='ltr'><strong>aperientes.</strong></span> <span class='ocrx_word' id='word_1_1138' title='bbox 3404 4914 3546 4967; x_wconf 67' lang='lat' dir='ltr'><strong>Talis</strong></span> 
     </span>
    </p>
   </div>
   <div class='ocr_carea' id='block_1_143' title="bbox 1961 4985 3544 5055">
    <p class='ocr_par' dir='ltr' id='par_1_143' title="bbox 1961 4985 3544 5055">
     <span class='ocr_line' id='line_1_143' title="bbox 1961 4985 3544 5055; baseline -0.003 -16"><span class='ocrx_word' id='word_1_1139' title='bbox 1961 4988 2104 5039; x_wconf 88' lang='lat' dir='ltr'><strong>enim</strong></span> <span class='ocrx_word' id='word_1_1140' title='bbox 2132 4996 2215 5040; x_wconf 93' lang='lat' dir='ltr'><strong>est</strong></span> <span class='ocrx_word' id='word_1_1141' title='bbox 2260 4985 2540 5055; x_wconf 87' lang='lat' dir='ltr'><strong>thesaurus</strong></span> <span class='ocrx_word' id='word_1_1142' title='bbox 2566 4986 2984 5053; x_wconf 86' lang='lat' dir='ltr'><strong>Scripturarum,</strong></span> <span class='ocrx_word' id='word_1_1143' title='bbox 3030 5001 3151 5055; x_wconf 79' lang='lat' dir='ltr'><strong>qnte</strong></span> <span class='ocrx_word' id='word_1_1144' title='bbox 3204 5000 3306 5038; x_wconf 90' lang='lat' dir='ltr'><strong>non</strong></span> <span class='ocrx_word' id='word_1_1145' title='bbox 3357 4985 3544 5037; x_wconf 87' lang='lat' dir='ltr'><strong>verbo-</strong></span> 
     </span>
    </p>
   </div>
   <div class='ocr_carea' id='block_1_144' title="bbox 1963 5053 3544 5125">
    <p class='ocr_par' dir='ltr' id='par_1_144' title="bbox 1963 5053 3544 5125">
     <span class='ocr_line' id='line_1_144' title="bbox 1963 5053 3544 5125; baseline -0.004 -14"><span class='ocrx_word' id='word_1_1146' title='bbox 1963 5072 2082 5112; x_wconf 80' lang='lat' dir='ltr'><strong>rum</strong></span> <span class='ocrx_word' id='word_1_1147' title='bbox 2130 5056 2300 5124; x_wconf 88' lang='lat' dir='ltr'><strong>copia,</strong></span> <span class='ocrx_word' id='word_1_1148' title='bbox 2332 5053 2426 5108; x_wconf 83' lang='lat' dir='ltr'><strong>sed</strong></span> <span class='ocrx_word' id='word_1_1149' title='bbox 2482 5066 2835 5125; x_wconf 85' lang='lat' dir='ltr'><strong>conceptuum</strong></span> <span class='ocrx_word' id='word_1_1150' title='bbox 2885 5057 2937 5109; x_wconf 89' lang='lat' dir='ltr'><strong>vi</strong></span> <span class='ocrx_word' id='word_1_1151' title='bbox 2980 5053 3358 5125; x_wconf 84' lang='lat' dir='ltr'><strong>abundantiam</strong></span> <span class='ocrx_word' id='word_1_1152' title='bbox 3391 5055 3544 5108; x_wconf 78' lang='lat' dir='ltr'><strong>nobis</strong></span> 
     </span>
    </p>
   </div>
   <div class='ocr_carea' id='block_1_145' title="bbox 1964 5123 3545 5194">
    <p class='ocr_par' dir='ltr' id='par_1_145' title="bbox 1964 5123 3545 5194">
     <span class='ocr_line' id='line_1_145' title="bbox 1964 5123 3545 5194; baseline -0.006 -13"><span class='ocrx_word' id='word_1_1153' title='bbox 1964 5123 2234 5181; x_wconf 81' lang='lat' dir='ltr'><strong>exhibent.</strong></span> <span class='ocrx_word' id='word_1_1154' title='bbox 2283 5125 2417 5191; x_wconf 87' lang='lat' dir='ltr'><strong>Quid</strong></span> <span class='ocrx_word' id='word_1_1155' title='bbox 2476 5123 2666 5194; x_wconf 23' lang='lat' dir='ltr'><strong>igituri</strong></span> <span class='ocrx_word' id='word_1_1156' title='bbox 2695 5127 2769 5179; x_wconf 87' lang='lat' dir='ltr'><strong>ait</strong></span> <span class='ocrx_word' id='word_1_1157' title='bbox 2816 5128 3162 5182; x_wconf 87' lang='lat' dir='ltr'><strong>tentoriorum</strong></span> <span class='ocrx_word' id='word_1_1158' title='bbox 3208 5123 3384 5192; x_wconf 78' lang='lat' dir='ltr'><strong>opifex</strong></span> <span class='ocrx_word' id='word_1_1159' title='bbox 3415 5141 3545 5194; x_wconf 12' lang='grc' dir='ltr'>,ξιιμ</span> 
     </span>
    </p>
   </div>
   <div class='ocr_carea' id='block_1_146' title="bbox 1962 5192 3546 5266">
    <p class='ocr_par' dir='ltr' id='par_1_146' title="bbox 1962 5192 3546 5266">
     <span class='ocr_line' id='line_1_146' title="bbox 1962 5192 3546 5266; baseline -0.004 -16"><span class='ocrx_word' id='word_1_1160' title='bbox 1962 5199 2244 5250; x_wconf 86' lang='lat' dir='ltr'><strong>sanctitate</strong></span> <span class='ocrx_word' id='word_1_1161' title='bbox 2317 5192 2623 5263; x_wconf 81' lang='lat' dir='ltr'><strong>repletum,</strong></span> <span class='ocrx_word' id='word_1_1162' title='bbox 2679 5196 2854 5266; x_wconf 89' lang='lat' dir='ltr'><strong>lingua</strong></span> <span class='ocrx_word' id='word_1_1163' title='bbox 2929 5198 3084 5251; x_wconf 88' lang='lat' dir='ltr'><strong>morti</strong></span> <span class='ocrx_word' id='word_1_1164' title='bbox 3167 5192 3546 5248; x_wconf 76' lang='lat' dir='ltr'><strong>formidanda?</strong></span> 
     </span>
    </p>
   </div>
   <div class='ocr_carea' id='block_1_147' title="bbox 1962 5266 3538 5335">
    <p class='ocr_par' dir='ltr' id='par_1_147' title="bbox 1962 5266 3538 5335">
     <span class='ocr_line' id='line_1_147' title="bbox 1962 5266 3538 5335; baseline -0.004 -16"><span class='ocrx_word' id='word_1_1165' title='bbox 1962 5267 2087 5335; x_wconf 88' lang='lat' dir='ltr'><strong>quid</strong></span> <span class='ocrx_word' id='word_1_1166' title='bbox 2119 5267 2302 5321; x_wconf 89' lang='lat' dir='ltr'><strong>scribit</strong></span> <span class='ocrx_word' id='word_1_1167' title='bbox 2345 5266 2563 5320; x_wconf 77' lang='lat' dir='ltr'><strong>dextera</strong></span> <span class='ocrx_word' id='word_1_1168' title='bbox 2614 5267 2701 5321; x_wconf 92' lang='lat' dir='ltr'><strong>illa</strong></span> <span class='ocrx_word' id='word_1_1169' title='bbox 2755 5286 2783 5320; x_wconf 90' lang='lat' dir='ltr'><strong>a</strong></span> <span class='ocrx_word' id='word_1_1170' title='bbox 2834 5268 3060 5322; x_wconf 86' lang='lat' dir='ltr'><strong>vinculis</strong></span> <span class='ocrx_word' id='word_1_1171' title='bbox 3084 5275 3266 5320; x_wconf 88' lang='lat' dir='ltr'><strong>ornata</strong></span> <span class='ocrx_word' id='word_1_1172' title='bbox 3292 5305 3306 5326; x_wconf 95' lang='lat'><strong>,</strong></span> <span class='ocrx_word' id='word_1_1173' title='bbox 3334 5275 3405 5335; x_wconf 78' lang='lat' dir='ltr'><strong>et</strong></span> <span class='ocrx_word' id='word_1_1174' title='bbox 3434 5279 3538 5315; x_wconf 80' lang='lat' dir='ltr'><strong>nia-</strong></span> 
     </span>
    </p>
   </div>
   <div class='ocr_carea' id='block_1_148' title="bbox 1964 5333 3544 5418">
    <p class='ocr_par' dir='ltr' id='par_1_148' title="bbox 1964 5333 3544 5418">
     <span class='ocr_line' id='line_1_148' title="bbox 1964 5333 3544 5418; baseline -0.004 -30"><span class='ocrx_word' id='word_1_1175' title='bbox 1964 5333 2120 5418; x_wconf 63' lang='lat' dir='ltr'><strong>uicis</strong></span> <span class='ocrx_word' id='word_1_1176' title='bbox 2162 5337 2547 5418; x_wconf 43' lang='lat' dir='ltr'><strong>“circumdata,</strong></span> <span class='ocrx_word' id='word_1_1177' title='bbox 2620 5347 2964 5418; x_wconf 57' lang='lat' dir='ltr'><strong>monitosque</strong></span> <span class='ocrx_word' id='word_1_1178' title='bbox 3047 5333 3351 5418; x_wconf 72' lang='lat' dir='ltr'><strong>suscitans?</strong></span> <span class='ocrx_word' id='word_1_1179' title='bbox 3416 5336 3544 5418; x_wconf 63' lang='lat' dir='ltr'><strong>quid</strong></span> 
     </span>
    </p>
   </div>
   <div class='ocr_carea' id='block_1_149' title="bbox 1965 5405 3543 5477">
    <p class='ocr_par' dir='ltr' id='par_1_149' title="bbox 1965 5405 3543 5477">
     <span class='ocr_line' id='line_1_149' title="bbox 1965 5405 3543 5477; baseline -0.003 -16"><span class='ocrx_word' id='word_1_1180' title='bbox 1965 5408 2184 5461; x_wconf 80' lang='lat' dir='ltr'><strong>Scribit?</strong></span> <span class='ocrx_word' id='word_1_1181' title='bbox 2209 5408 2337 5477; x_wconf 89' lang='lat' dir='ltr'><strong>quid</strong></span> <span class='ocrx_word' id='word_1_1182' title='bbox 2366 5407 2631 5476; x_wconf 86' lang='lat' dir='ltr'><strong>aitlingua</strong></span> <span class='ocrx_word' id='word_1_1183' title='bbox 2656 5408 2778 5461; x_wconf 87' lang='lat' dir='ltr'><strong>illa?</strong></span> <span class='ocrx_word' id='word_1_1184' title='bbox 2804 5405 2929 5476; x_wconf 89' lang='lat' dir='ltr'><strong>quid</strong></span> <span class='ocrx_word' id='word_1_1185' title='bbox 2961 5407 3144 5459; x_wconf 86' lang='lat' dir='ltr'><strong>scribit</strong></span> <span class='ocrx_word' id='word_1_1186' title='bbox 3168 5406 3384 5477; x_wconf 74' lang='lat' dir='ltr'><strong>ilcxtera</strong></span> <span class='ocrx_word' id='word_1_1187' title='bbox 3416 5405 3499 5457; x_wconf 87' lang='lat' dir='ltr'><strong>illa</strong></span> <span class='ocrx_word' id='word_1_1188' title='bbox 3521 5407 3543 5456; x_wconf 67' lang='grc' dir='ltr'><strong>’ἐ</strong></span> 
     </span>
    </p>
   </div>
   <div class='ocr_carea' id='block_1_150' title="bbox 1966 5475 3542 5546">
    <p class='ocr_par' dir='ltr' id='par_1_150' title="bbox 1966 5475 3542 5546">
     <span class='ocr_line' id='line_1_150' title="bbox 1966 5475 3542 5546; baseline -0.004 -15"><span class='ocrx_word' id='word_1_1189' title='bbox 1966 5477 2147 5546; x_wconf 83' lang='lat' dir='ltr'><strong>Itaque</strong></span> <span class='ocrx_word' id='word_1_1190' title='bbox 2174 5475 2282 5541; x_wconf 70' lang='lat' dir='ltr'><strong>nos,</strong></span> <span class='ocrx_word' id='word_1_1191' title='bbox 2321 5488 2369 5533; x_wconf 79' lang='lat' dir='ltr'><strong>et</strong></span> <span class='ocrx_word' id='word_1_1192' title='bbox 2394 5479 2438 5533; x_wconf 91' lang='lat' dir='ltr'><strong>si</strong></span> <span class='ocrx_word' id='word_1_1193' title='bbox 2477 5475 2704 5532; x_wconf 78' lang='lat' dir='ltr'><strong>nouimus</strong></span> <span class='ocrx_word' id='word_1_1194' title='bbox 2744 5475 3017 5533; x_wconf 82' lang='lat' dir='ltr'><strong>secundum</strong></span> <span class='ocrx_word' id='word_1_1195' title='bbox 3042 5492 3241 5546; x_wconf 79' lang='lat' dir='ltr'><strong>carnem</strong></span> <span class='ocrx_word' id='word_1_1196' title='bbox 3264 5475 3542 5536; x_wconf 72' lang='lat' dir='ltr'><strong>Christum,</strong></span> 
     </span>
    </p>
   </div>
   <div class='ocr_carea' id='block_1_151' title="bbox 1964 5544 3545 5619">
    <p class='ocr_par' dir='ltr' id='par_1_151' title="bbox 1964 5544 3545 5619">
     <span class='ocr_line' id='line_1_151' title="bbox 1964 5544 3545 5619; baseline -0.003 -17"><span class='ocrx_word' id='word_1_1197' title='bbox 1964 5549 2052 5602; x_wconf 75' lang='lat' dir='ltr'><strong>sed</strong></span> <span class='ocrx_word' id='word_1_1198' title='bbox 2066 5544 2205 5603; x_wconf 78' lang='lat' dir='ltr'><strong>nunc</strong></span> <span class='ocrx_word' id='word_1_1199' title='bbox 2222 5551 2336 5619; x_wconf 80' lang='lat' dir='ltr'><strong>jam</strong></span> <span class='ocrx_word' id='word_1_1200' title='bbox 2361 5565 2460 5602; x_wconf 81' lang='lat' dir='ltr'><strong>non</strong></span> <span class='ocrx_word' id='word_1_1201' title='bbox 2487 5550 2732 5619; x_wconf 68' lang='lat' dir='ltr'><strong>nouimus.</strong></span> <span class='ocrx_word' id='word_1_1202' title='bbox 2756 5549 2927 5616; x_wconf 75' lang='lat' dir='ltr'><strong>Siqua</strong></span> <span class='ocrx_word' id='word_1_1203' title='bbox 2953 5563 3070 5619; x_wconf 73' lang='lat' dir='ltr'><strong>ergo</strong></span> <span class='ocrx_word' id='word_1_1204' title='bbox 3096 5546 3149 5619; x_wconf 78' lang='lat' dir='ltr'><strong>iu</strong></span> <span class='ocrx_word' id='word_1_1205' title='bbox 3163 5544 3383 5619; x_wconf 75' lang='lat' dir='ltr'><strong>Christo,</strong></span> <span class='ocrx_word' id='word_1_1206' title='bbox 3417 5564 3545 5599; x_wconf 80' lang='lat' dir='ltr'><strong>nava</strong></span> 
     </span>
    </p>
   </div>
   <div class='ocr_carea' id='block_1_152' title="bbox 1965 5616 3541 5706">
    <p class='ocr_par' dir='ltr' id='par_1_152' title="bbox 1965 5616 3541 5706">
     <span class='ocr_line' id='line_1_152' title="bbox 1965 5616 3541 5706; baseline -0.002 -34"><span class='ocrx_word' id='word_1_1207' title='bbox 1965 5616 2273 5706; x_wconf 39' lang='lat' dir='ltr'><strong>creaturalll</strong></span> <span class='ocrx_word' id='word_1_1208' title='bbox 2295 5620 2411 5673; x_wconf 82' lang='lat' dir='ltr'><strong>Cor.</strong></span> <span class='ocrx_word' id='word_1_1209' title='bbox 2438 5619 2501 5683; x_wconf 92' lang='lat' dir='ltr'><strong>V,</strong></span> <span class='ocrx_word' id='word_1_1210' title='bbox 2525 5618 2611 5699; x_wconf 67' lang='grc' dir='ltr'><strong>ιβ,</strong></span> <span class='ocrx_word' id='word_1_1211' title='bbox 2632 5618 3018 5706; x_wconf 12' lang='grc' dir='ltr'><strong>ιχξτγέιιιιυιιῂαυ,</strong></span> <span class='ocrx_word' id='word_1_1212' title='bbox 3047 5616 3110 5670; x_wconf 88' lang='lat' dir='ltr'><strong>ad</strong></span> <span class='ocrx_word' id='word_1_1213' title='bbox 3139 5617 3300 5706; x_wconf 72' lang='lat' dir='ltr'><strong>inium</strong></span> <span class='ocrx_word' id='word_1_1214' title='bbox 3321 5617 3541 5706; x_wconf 74' lang='lat' dir='ltr'><strong>disceu-</strong></span> 
     </span>
    </p>
   </div>
   <div class='ocr_carea' id='block_1_153' title="bbox 1965 5687 3543 5759">
    <p class='ocr_par' dir='ltr' id='par_1_153' title="bbox 1965 5687 3543 5759">
     <span class='ocr_line' id='line_1_153' title="bbox 1965 5687 3543 5759; baseline -0.004 -16"><span class='ocrx_word' id='word_1_1215' title='bbox 1965 5690 2162 5744; x_wconf 86' lang='lat' dir='ltr'><strong>diinus.</strong></span> <span class='ocrx_word' id='word_1_1216' title='bbox 2193 5687 2254 5744; x_wconf 83' lang='lat' dir='ltr'><strong>Si</strong></span> <span class='ocrx_word' id='word_1_1217' title='bbox 2286 5706 2389 5759; x_wconf 87' lang='lat' dir='ltr'><strong>qua</strong></span> <span class='ocrx_word' id='word_1_1218' title='bbox 2413 5706 2531 5757; x_wconf 84' lang='lat' dir='ltr'><strong>ergo</strong></span> <span class='ocrx_word' id='word_1_1219' title='bbox 2556 5692 2608 5742; x_wconf 85' lang='lat' dir='ltr'><strong>iu</strong></span> <span class='ocrx_word' id='word_1_1220' title='bbox 2654 5687 2873 5751; x_wconf 77' lang='lat' dir='ltr'><strong>Christo,</strong></span> <span class='ocrx_word' id='word_1_1221' title='bbox 2916 5702 3048 5759; x_wconf 80' lang='lat' dir='ltr'><strong>nova</strong></span> <span class='ocrx_word' id='word_1_1222' title='bbox 3075 5700 3305 5741; x_wconf 81' lang='lat' dir='ltr'><strong>creatura</strong></span> <span class='ocrx_word' id='word_1_1223' title='bbox 3335 5703 3352 5740; x_wconf 95' lang='lat'><strong>:</strong></span> <span class='ocrx_word' id='word_1_1224' title='bbox 3381 5699 3543 5741; x_wconf 74' lang='lat' dir='ltr'><strong>vetem</strong></span> 
     </span>
    </p>
   </div>
   <div class='ocr_carea' id='block_1_154' title="bbox 1967 5758 3543 5828">
    <p class='ocr_par' dir='ltr' id='par_1_154' title="bbox 1967 5758 3543 5828">
     <span class='ocr_line' id='line_1_154' title="bbox 1967 5758 3543 5828; baseline -0.002 -16"><span class='ocrx_word' id='word_1_1225' title='bbox 1967 5758 2307 5823; x_wconf 73' lang='lat' dir='ltr'><strong>transierunt,</strong></span> <span class='ocrx_word' id='word_1_1226' title='bbox 2341 5777 2455 5813; x_wconf 80' lang='lat' dir='ltr'><strong>ecce</strong></span> <span class='ocrx_word' id='word_1_1227' title='bbox 2481 5764 2617 5828; x_wconf 75' lang='lat' dir='ltr'><strong>facta</strong></span> <span class='ocrx_word' id='word_1_1228' title='bbox 2645 5767 2759 5811; x_wconf 83' lang='lat' dir='ltr'><strong>sunt</strong></span> <span class='ocrx_word' id='word_1_1229' title='bbox 2786 5758 2957 5809; x_wconf 80' lang='lat' dir='ltr'><strong>omnia</strong></span> <span class='ocrx_word' id='word_1_1230' title='bbox 2978 5772 3106 5815; x_wconf 72' lang='lat' dir='ltr'><strong>uasa</strong></span> <span class='ocrx_word' id='word_1_1231' title='bbox 3136 5775 3153 5810; x_wconf 88' lang='lat'><strong>:</strong></span> <span class='ocrx_word' id='word_1_1232' title='bbox 3185 5760 3355 5812; x_wconf 83' lang='lat' dir='ltr'><strong>omnia</strong></span> <span class='ocrx_word' id='word_1_1233' title='bbox 3377 5772 3543 5809; x_wconf 72' lang='lat' dir='ltr'><strong>animi</strong></span> 
     </span>
    </p>
   </div>
   <div class='ocr_carea' id='block_1_155' title="bbox 1969 5828 3538 5902">
    <p class='ocr_par' dir='ltr' id='par_1_155' title="bbox 1969 5828 3538 5902">
     <span class='ocr_line' id='line_1_155' title="bbox 1969 5828 3538 5902; baseline -0.005 -17"><span class='ocrx_word' id='word_1_1234' title='bbox 1969 5847 2031 5885; x_wconf 75' lang='lat' dir='ltr'><strong>ex</strong></span> <span class='ocrx_word' id='word_1_1235' title='bbox 2061 5830 2187 5885; x_wconf 80' lang='lat' dir='ltr'><strong>Deo.</strong></span> <span class='ocrx_word' id='word_1_1236' title='bbox 2222 5830 2523 5887; x_wconf 83' lang='lat' dir='ltr'><strong>Thesaurus</strong></span> <span class='ocrx_word' id='word_1_1237' title='bbox 2545 5839 2623 5886; x_wconf 88' lang='lat' dir='ltr'><strong>cst</strong></span> <span class='ocrx_word' id='word_1_1238' title='bbox 2650 5828 2989 5884; x_wconf 71' lang='lat' dir='ltr'><strong>absentiditus</strong></span> <span class='ocrx_word' id='word_1_1239' title='bbox 3008 5829 3220 5902; x_wconf 82' lang='lat' dir='ltr'><strong>quidem</strong></span> <span class='ocrx_word' id='word_1_1240' title='bbox 3248 5847 3260 5897; x_wconf 66' lang='grc' dir='ltr'><strong>ί</strong></span> <span class='ocrx_word' id='word_1_1241' title='bbox 3295 5830 3386 5884; x_wconf 80' lang='lat' dir='ltr'><strong>sed</strong></span> <span class='ocrx_word' id='word_1_1242' title='bbox 3410 5830 3538 5881; x_wconf 75' lang='lat' dir='ltr'><strong>effo-</strong></span> 
     </span>
    </p>
   </div>
  </div>
