4054 6216
355 322 427 373 δῖῑ
1658 333 1900 391 srunu

2046 331 2270 391 team.
3551 347 3617 399 π,

356 460 535 523 Neque
564 455 703 511 enim
734 462 1006 523 peceatum
1035 463 1113 506 est
1139 462 1340 506 natura!
1365 492 1380 514 ,
1414 450 1503 506 sed
1532 450 1828 505 electionis.
1847 450 1937 523 En

354 519 620 580 hominem
646 519 871 579 exhibeo
900 541 1108 583 samnn,
1142 538 1232 576 vas
1257 532 1554 591 purgatum,
1582 529 1638 574 ct
1658 524 1771 574 sine
1797 519 1933 573 labe.

356 599 420 651 Et
446 610 592 649 stans
620 597 669 649 in
715 595 889 649 medio
916 596 1091 663 populi
1131 594 1342 647 dicebat
1368 611 1381 647 :
1418 591 1541 657 Quis
1587 608 1650 644 ea:
1688 594 1821 663 vobis
1848 610 1934 642 aro

353 678 467 738 gnat
510 685 587 720 me
615 668 677 719 de
702 661 954 738 peccato?
972 661 1026 719 et
1055 680 1211 719 nemo
1237 663 1523 738 quidquam
1575 663 1714 738 quod
1758 661 1938 716 dicere

356 731 535 808 posset
571 731 789 791 invenit.
821 735 957 803 Quid
997 751 1123 801 ergo
1167 731 1343 808 tuine?
1375 734 1531 808 intrat
1571 731 1638 784 ad
1656 741 1933 808 tegrqtos=

357 802 571 862 hortans
603 809 722 862 illos
764 802 979 871 verbis,
1017 816 1069 858 ut
1120 805 1355 859 medicus
1400 802 1745 872 pharmacis:
1796 802 1934 855 Nihil

355 880 518 933 habes
550 881 692 940 mali.
722 880 764 931 si
796 878 970 945 sapias
999 894 1011 929 :
1042 878 1220 945 gravis
1243 885 1325 929 est
1354 871 1573 927 morbus
1593 914 1611 933 ,
1639 871 1729 926 sed
1757 873 1934 945 sanari

358 960 551 1020 potem.
581 952 829 1002 Ilortatnr
855 942 974 1001 illos
1008 963 1022 999 :
1046 942 1241 998 'Venite
1268 945 1341 1020 ad
1364 961 1442 997 me
1470 959 1666 1020 omnes,
1686 943 1772 1020 qui
1795 942 1933 1020 Iaho-

355 1012 479 1075 ratis
506 1031 549 1073 et
580 1021 774 1074 onerati
802 1019 922 1072 estis
947 1056 961 1080 ,
1009 1026 1055 1068 et
1085 1034 1174 1086 ego
1201 1016 1444 1086 reﬁciam,
1464 1030 1549 1066 vos
1587 1012 1808 1086 (Matth.
1828 1012 1896 1066 XI
1917 1054 1933 1077 ,

354 1092 468 1158 28).
500 1091 715 1145 (literati
745 1099 898 1143 erant
922 1084 1146 1156 a-groli‘:
1177 1102 1337 1158 onera
1364 1084 1504 1137 enim
1534 1094 1657 1158 sunt
1678 1084 1933 1158 morbus,

356 1151 639 1216 inordinati
671 1174 867 1222 mores,
901 1151 1169 1218 scortatio,
1204 1156 1421 1217 furtum,
1451 1154 1805 1217 mendacium,
1839 1151 1936 1206 fal-

354 1250 471 1287 sum
505 1232 912 1285 testimOnimn:
956 1227 1159 1282 nullum
1199 1229 1394 1295 quippe
1441 1238 1575 1277 ontts
1624 1234 1729 1277 tam
1774 1239 1935 1293 grave

355 1315 453 1366 est,
484 1317 639 1371 quam
669 1301 805 1354 mala
832 1300 1176 1371 conscientia.
1210 1296 1318 1351 Sed
1347 1296 1468 1364 quia
1501 1309 1642 1371 {eger
1671 1296 1932 1371 medicum

357 1363 545 1435 timet,
592 1372 820 1425 maxime
844 1385 962 1423 cum
1010 1370 1227 1422 morbus
1270 1377 1351 1420 est
1370 1363 1594 1434 gravis,
1642 1380 1709 1419 ne
1737 1363 1934 1419 ferrum

356 1452 508 1497 .Ictttll
536 1485 550 1507 ,
599 1458 665 1495 ne
711 1443 881 1510 ignem
911 1441 1198 1500 accendat;
1227 1446 1280 1491 et
1319 1436 1446 1506 tegri
1479 1436 1629 1489 multi
1657 1436 1711 1510 in_
1738 1436 1935 1489 morbis

355 1516 488 1568 mori
525 1508 860 1575 maluerunt,
909 1525 1065 1578 quam
1116 1510 1625 1562 medicamentorum
1667 1508 1771 1578 vim
1815 1522 1935 1573 per-

358 1585 459 1650 peti
479 1623 495 1649 ,
524 1594 576 1635 et
606 1582 884 1635 sanitatem
913 1577 940 1632 a
969 1580 1153 1632 dolore
1183 1580 1458 1650 percipere
1488 1592 1604 1650 :_ne
1629 1577 1769 1644 quis,
1797 1592 1933 1650 quo-

357 1646 494 1708 niam
530 1655 615 1706 ille
647 1654 789 1705 venit
811 1692 827 1715 ,
860 1651 961 1704 hoc
990 1646 1195 1704 metuat
1215 1659 1269 1703 et
1297 1649 1439 1703 dicat
1468 1666 1481 1702 :
1516 1647 1692 1701 Poscit
1720 1662 1751 1700 a
1781 1646 1935 1700 nobis

358 1734 695 1792 peccatorum
724 1723 979 1775 rationem
998 1761 1013 1785 ,
1042 1721 1207 1789 exigit
1230 1736 1258 1773 a
1292 1720 1446 1773 nobis
1474 1719 1789 1792 delictorum
1817 1732 1932 1792 pte-

356 1789 474 1848 nam
496 1836 510 1860 ,
542 1795 725 1861 punire
753 1807 851 1845 nos
876 1792 1021 1855 vult,
1047 1801 1101 1843 et
1136 1801 1259 1844 tunc
1278 1789 1652 1861 nosetnendat
1678 1806 1690 1839 :
1721 1803 1797 1861 ne
1816 1790 1933 1856 quis

356 1869 455 1919 hoc
484 1858 664 1918 secum
692 1871 943 1932 reputans
971 1860 1238 1929 aufugiat,
1276 1859 1468 1921 Venite,
1498 1859 1696 1932 inquit,
1730 1858 1797 1911 ad
1834 1876 1931 1912 me.

356 1933 478 1988 Non
506 1935 616 1988 veni
647 1944 699 1987 ut
716 1930 943 2002 judicem
970 1937 1215 2002 mundum
1235 1972 1249 1993 ,
1279 1932 1367 1983 sed
1393 1939 1446 1982 ut
1474 1930 1749 2002 salvi/ieeur
1784 1945 1936 2002 mun-

355 2009 474 2058 dum
502 2004 678 2072 (Joan.
706 2000 818 2066 ΧΠ,
852 2003 965 2069 47).
993 2000 1133 2055 Nihil
1162 2017 1320 2070 grave
1347 2009 1429 2054 est
1456 2018 1469 2055 :
1499 2014 1604 2053 non
1636 2001 1806 2053 habeo
1832 2001 1935 2055 ler-

356 2093 497 2138 rum,
531 2092 636 2128 non
667 2074 836 2128 habeo
863 2074 1036 2143 ignem
1068 2073 1470 2143 comburentem
1490 2110 1512 2143 _,
1542 2084 1649 2143 non
1676 2084 1799 2132 uro,
1828 2085 1933 2123 non

355 2162 479 2200 seco
512 2164 524 2197 :
557 2146 671 2199 sine
701 2141 986 2199 dolore'est
1015 2142 1310 2205 medicina,
1343 2142 1458 2196 sine
1488 2141 1668 2194 labore
1711 2143 1931 2196 curatio.

356 2219 412 2269 Si
445 2232 548 2270 non
578 2215 814 2282 creditis,
848 2216 1025 2268 videte
1055 2213 1415 2275 meretricem,
1447 2213 1620 2265 videte
1651 2213 1934 2282 latronem,

359 2289 533 2340 videte
560 2300 741 2355 magos
762 2326 778 2349 ,
800 2280 807 2282 ⁷
832 2285 1171 2355 publicanum
1196 2322 1213 2349 ,
1255 2282 1608 2355 Chananteam
1640 2280 1934 2355 :_indicium

356 2358 507 2411 vobis
534 2351 748 2410 dedi'ah
774 2355 1029 2410 exordiis.
1055 2354 1186 2408 Num
1215 2352 1363 2406 ussi?
1391 2367 1516 2405 num
1545 2351 1729 2405 secui?
1759 2365 1936 2405 nonne

359 2428 610 2482 meretrix
638 2427 784 2481 llevit
825 2425 1031 2487 solum,
1074 2435 1127 2478 et
1155 2422 1291 2477 facta
1319 2433 1405 2478 est
1432 2421 1719 2490 virginibus
1761 2422 1933 2475 conti-

359 2498 607 2551 neutior?
631 2512 808 2551 nonne
832 2497 969 2566 magi
996 2496 1306 2566 adorarunt,
1338 2493 1534 2566 etlacti
1562 2501 1687 2566 sunt
1709 2506 1937 2561 cvange-

359 2570 531 2622 listte?
560 2583 736 2621 nonne
764 2563 1061 2621 Chananzea
1094 2565 1273 2627 venit,
1303 2575 1357 2619 et
1383 2564 1504 2616 lilia:
1533 2563 1813 2614 sanitatem
1841 2576 1935 2614 ac-

358 2640 536 2709 repit?
564 2637 615 2691 Ν
620 2655 695 2709 ait
711 2639 821 2691 veni
850 2648 903 2689 ut
923 2637 1155 2709 judicent
1183 2636 1451 2709 mundam,
1479 2634 1639 2709 sedat
1665 2632 1937 2709 salvi/irent

358 2703 621 2762 vitandam.
654 2707 827 2762 Venite
863 2708 932 2761 ad
960 2723 1038 2760 me
1062 2722 1235 2759 omnes
1265 2707 1350 2774 qui
1392 2705 1639 2758 laborati:
1674 2711 1719 2756 et
1745 2703 1938 2774 onerati

358 2781 497 2833 estis.
528 2779 652 2834 llzec
680 2781 839 2832 verba
868 2777 1033 2833 eﬂ'ero
1057 2794 1070 2830 :
1105 2777 1357 2830 Dominus
1382 2790 1497 2826 sum
1519 2814 1532 2834 ,
1567 2789 1669 2825 non
1701 2773 1933 2841 indigeo,

360 2867 464 2903 non
491 2865 609 2903 sum
638 2865 822 2903 servus
860 2850 961 2917 legi
1002 2847 1244 2901 subditus
1276 2863 1287 2896 :
1321 2854 1537 2898 accusat
1577 2855 1628 2897 te
1677 2844 1758 2895 lex
1784 2882 1799 2906 ,
1845 2842 1937 2895 sed

359 2923 752 2974 accusationem
795 2920 971 2981 solvo,
1006 2918 1173 2986 ipsum
1219 2924 1582 2969 accusntorem
1631 2928 1936 2986 compesco.

359 2991 675 3059 Quomodo?
703 2991 877 3059 Ipsum
906 2984 1045 3041 enim
1072 2986 1245 3059 gratia
1267 2988 1593 3059 compescuit
1625 3003 1637 3038 :
1669 2984 1939 3059 prophqu

360 3054 641 3127 a'cCItsatrt,
688 3054 779 3115 sed
828 3054 1095 3127 major-eui
1125 3058 1339 3127 prwbeo
1364 3058 1682 3127 libertatem.
1715 3054 1941 3127 Veniens

360 3132 518 3202 igitur
546 3141 599 3186 et
630 3126 1165 3202 reperiensnaturatu
1196 3128 1333 3202 male
1356 3126 1817 3202 se_hahente_m,et
1844 3126 1940 3176 hos

326 3246 331 3250 .
359 3196 572 3270 «fuidem
602 3203 652 3253 in
681 3196 1032 3262 seni-talione,
1061 3199 1194 3251 alios
1224 3198 1273 3249 in
1303 3196 1589 3270 adulterio,
1624 3196 1941 3270 uido_retuet

360 3264 559 3324 bunum
578 3287 698 3323 acra
720 3271 1061 3338 pollueutcm,
1086 3277 1383 3336 czeteraque
1404 3265 1611 3338 omnia;
1636 3265 1757 3333 quid
1783 3264 1940 3317 l'acit?

368 3342 561 3396 Videas
588 3337 756 3409 genus
786 3350 1024 3393 nostrum
1052 3338 1199 3392 febre
1228 3338 1496 3409 laborans,
1521 3337 1657 3388 lavat
1689 3338 1937 3403 primum,

359 3412 562 3474 dicens,
595 3407 757 3472 Lava,
790 3419 843 3465 et
872 3410 1005 3463 liber
1024 3419 1139 3462 esto
1164 3425 1192 3459 a
1222 3408 1408 3461 m0rho
1439 3425 1451 3460 :
1487 3407 1627 3459 lavat
1656 3420 1939 3472 regenera-

362 3483 520 3536 tionis
548 3484 779 3539 lavacro.
810 3491 863 3535 et
892 3482 1036 3548 ungit
1066 3496 1079 3532 :
1113 3479 1178 3532 Et
1206 3478 1457 3547 unguenti
1489 3475 1775 3548 chrismate
1802 3491 1942 3548 ungo

363 3564 414 3605 te
439 3563 491 3607 et
522 3553 662 3614 lavo,
692 3562 747 3607 et
777 3545 1072 3604 trausuiuto
1102 3560 1170 3603 te.
1200 3545 1438 3603 Tantane
1477 3557 1559 3601 est
1602 3546 1793 3599 lavacri
1828 3545 1943 3599 vis?

360 3624 550 3676 'l'anta.
597 3624 868 3678 Descende
910 3623 1183 3675 deorsum.
1238 3619 1517 3673 Descendit
1559 3617 1850 3682 deorsum,
1890 3627 1945 3671 et

364 3704 514 3748 \etus
543 3694 704 3748 homo
745 3710 847 3746 non
897 3702 1097 3747 manet.
1145 3691 1261 3745 Non
1307 3705 1443 3758 opus
1481 3696 1564 3742 est
1609 3687 1787 3752 l‘erro,
1838 3703 1944 3740 non

360 3766 597 3818 sectione
624 3775 676 3818 et
717 3764 909 3819 dolore
938 3781 955 3816 :
993 3777 1118 3815 cum
1148 3761 1418 3829 voluptate
1446 3768 1528 3813 est
1569 3758 1804 3821 utilitas,
1839 3774 1942 3811 non

364 3837 627 3888 laboriosa
658 3844 741 3890 est
769 3834 997 3889 medela.
1031 3833 1098 3886 Et
1132 3833 1259 3902 quid
1289 3830 1544 3902 faciemus
1594 3838 1652 3883 ut
1698 3829 1827 3902 Salvi
1853 3829 1944 3902 si-

362 3906 517 3960 mus?
548 3907 749 3959 inlinita
782 3905 919 3959 mala
948 3899 1306 3973 patraviinus,
1356 3900 1738 3955 conscientiam
1782 3899 1944 3955 hahe-

364 4031 3391 4057 Μ

2045 469 2162 506 mus
2193 452 2382 506 malam
2404 493 2420 515 ,
2467 454 2739 522 periimus.
2774 454 2908 509 Dicit
2934 464 2988 508 ut
3034 455 3363 523 haptizcmur
3393 466 3443 511 et
3474 461 3613 514 salu-

2043 535 2147 597 tum
2175 538 2584 597 consequamur.
2620 525 2826 579 Etenim
2857 525 3221 597 apprehenSos
3250 530 3426 597 ungit,
3458 529 3614 591 lavat.

2039 593 2232 666 deinde
2250 596 2413 666 nutrit
2432 596 2602 648 solido
2619 593 2898 650 alimento.
2918 593 3201 665 Postquam
3225 593 3365 652 enim
3389 613 3618 666 :egrotus

2043 663 2289 717 innoxius
2312 664 2481 720 factus
2502 678 2603 726 est,
2639 668 2802 720 nutrit
2828 683 2947 720 eum
2976 674 3031 720 et
3057 663 3284 733 corpore
3309 684 3406 722 suo
3433 663 3616 733 nutrit,

2041 746 2093 809 et
2120 735 2429 809 sanguinem
2466 751 2619 809 suum
2653 738 2704 789 in
2733 746 2912 804 potum
2952 736 3080 809 dat;
3123 754 3277 791 suum
3301 779 3319 803 ,
3367 739 3617 809 inquam,

2042 804 2240 877 ipsius,
2274 807 2363 874 qui
2390 816 2471 860 est
2514 808 2628 861 sine
2656 817 2894 876 peccato.
2923 808 3053 861 Cum
3085 809 3225 862 enim
3272 819 3326 862 tu
3354 804 3453 877 per
3476 804 3619 865 lava-1

2040 889 2187 947 crum
2215 875 2383 929 laetus
2422 878 2497 930 sis
2523 878 2636 931 sine
2668 890 2904 945 peccato,
2933 878 3145 944 quando
3176 880 3279 933 tale
3304 875 3500 947 corpus
3529 897 3620 936 ac-

2040 945 2195 1012 cipis,
2227 957 2276 1000 te
2301 948 2482 1015 ungit,
2512 948 2648 1001 lavat
2673 988 2687 1011 ,
2720 949 2903 1000 nutrit.
2938 947 3059 1001 llaec
3082 957 3163 1001 est
3189 965 3325 1004 nova
3353 945 3620 1006 creatura.

2039 1015 2169 1069 Cum
2219 1018 2378 1070 intrat
2406 1019 2677 1082 cinrcdns,
2723 1027 2776 1072 et
2823 1018 2879 1072 lit
2916 1018 3120 1087 justus,
3153 1035 3326 1074 nonne
3371 1030 3453 1072 est
3482 1038 3622 1075 nova

2040 1088 2322 1140 creatura?
2351 1103 2471 1141 cum
2502 1088 2663 1141 intrat
2704 1104 2869 1157 rapis
2889 1130 2902 1149 ,
2935 1098 2989 1142 et
3024 1104 3053 1141 a
3084 1091 3314 1158 peccatis
3340 1091 3625 1155 liberatur,

2041 1172 2219 1234 nonne
2245 1168 2326 1234 est
2370 1174 2505 1234 nova
2549 1159 2847 1234 creatura?
2869 1159 3051 1234 Vidisti
3098 1161 3148 1212 in
3192 1161 3360 1234 gratia
3409 1173 3625 1216 creatu-

2040 1232 2191 1279 ram?
2236 1227 2355 1299 vide
2381 1229 2539 1281 etiam
2591 1230 2792 1299 invitae
2837 1229 3079 1282 instituto
3120 1227 3441 1285 creaturam.
3484 1234 3628 1299 Quot-

2040 1298 2351 1351 meretrices
2373 1299 2723 1353 deseruerunt
2749 1298 2977 1360 theatra,
3007 1309 3182 1353 vestes
3209 1301 3406 1354 sericas
3434 1298 3626 1357 missas

2041 1366 2311 1431 fecerunt,
2346 1369 2527 1439 cinere
2556 1385 2613 1424 se
2645 1371 3039 1439 inspersernnt,
3092 1384 3276 1425 saccos
3308 1372 3622 1434 induerunt,

2040 1446 2095 1492 et
2123 1454 2262 1491 nunc
2294 1441 2343 1491 in
2376 1438 2588 1493 Christo
2621 1442 2782 1493 vitam
2827 1440 3145 1493 inStituunt?
3173 1455 3349 1495 annon
3380 1451 3462 1497 est
3488 1458 3628 1499 nova

2039 1510 2323 1581 creatura?
2350 1510 2482 1563 Cum
2509 1525 2638 1579 ergo
2663 1510 2860 1565 videris
2891 1511 3227 1565 meretricem
3263 1528 3366 1565 non
3397 1516 3629 1581 amplius

2040 1580 2397 1659 meretricem,
2426 1581 2518 1635 sed
2542 1582 2746 1649 virgine
2766 1582 3209 1659 continentiorem
3230 1622 3243 1644 ,
3273 1582 3377 1647 dic,
3403 1580 3625 1637 (Zreatns

2040 1660 2121 1702 cst
2152 1652 2248 1717 ipsi
2277 1652 2487 1705 animus
2507 1693 2522 1716 ,
2559 1662 2814 1704 mutatum
2841 1660 2923 1705 est
2948 1666 3042 1705 cor
3069 1652 3219 1720 ejus,
3253 1668 3509 1707 conversa
3542 1668 3625 1708 est

2040 1722 2212 1772 anima
2264 1721 2378 1788 ejus
2420 1736 2447 1772 a
2495 1737 2644 1776 more
2672 1722 2928 1790 pristino;
2977 1738 3081 1775 non
3125 1722 3261 1776 ultra
3312 1724 3364 1776 in
3413 1725 3626 1779 theatro

2039 1803 2307 1859 comparet
2334 1832 2351 1855 ,
2399 1806 2503 1844 non
2532 1794 2668 1844 alios
2700 1792 2860 1863 trahit
2906 1793 2956 1863 in
2989 1793 3229 1861 laqueum
3251 1834 3266 1856 ,
3308 1795 3402 1848 sed
3432 1807 3485 1848 et
3512 1796 3628 1863 ipsa

2040 1871 2313 1923 servatur;
2346 1876 2450 1915 non
2476 1863 2705 1927 amplius
2728 1862 2850 1916 aliis
2873 1862 3151 1916 oll'ensioni
3176 1876 3279 1926 est,
3310 1867 3402 1918 sed
3426 1867 3581 1919 saluti
3607 1884 3622 1921 :

2039 1930 2219 1985 vident
2244 1932 2384 1984 enim
2408 1934 2618 1997 cinzedi,
2645 1942 2699 1985 et
2721 1932 2851 1985 linnt
2873 1934 3025 1985 casti.
3055 1932 3237 1987 Viden’
3260 1950 3447 1989 novam
3472 1950 3622 1991 crea—

2042 2001 2254 2055 turam?
2296 2001 2429 2055 Cum
2461 2004 2660 2057 videris
2703 2017 2985 2069 rapacem,
3016 2003 3299 2069 Gnecum,
3350 2020 3471 2059 aras
3518 2007 3625 2060 lin-

2039 2082 2284 2139 gentem,
2313 2081 2497 2125 contra
2535 2073 2864 2127 Christianos
2908 2074 3289 2138 insanientem,
3320 2075 3632 2130 innumeros

2040 2141 2313 2220 orphanos
2352 2143 2665 2220 Spoliantem
2696 2183 2710 2204 ,
2746 2145 3363 2220 innumerasnudantem
3397 2148 3579 2201 viduas
3604 2187 3625 2212 ,

2027 2211 2643 2283 Christianuml‘actnm,
2693 2228 2787 2267 sua
2832 2215 3154 2283 pauperibus
3183 2216 3524 2283 largientem,
3572 2211 3629 2271 ct

2039 2282 2106 2337 ad
2142 2283 2418 2353 pervigilia
2449 2285 2787 2353 venientem;
2819 2282 2902 2337 dic
2924 2282 2955 2350 ,ί
2987 2285 3210 2338 Creatus
3253 2282 3337 2339 est
3384 2288 3493 2340 ille.
3525 2287 3629 2340 lta-

2039 2368 2177 2421 que,
2212 2353 2273 2408 Si
2297 2352 2397 2424 qua
2436 2355 2488 2407 in
2528 2352 2762 2417 Christo,
2801 2370 2931 2407 nova
2973 2365 3222 2408 creatura.
3260 2355 3395 2410 Vide
3433 2357 3625 2423 ubique

2043 2433 2303 2477 terrarum
2351 2438 2540 2477 novam
2580 2435 2903 2479 creaturam.
2950 2424 3080 2479 Cum
3112 2426 3307 2479 videris
3336 2428 3630 2480 monachos

2042 2498 2300 2547 montium
2323 2494 2449 2563 juga
2475 2505 2796 2563 occupantes
2819 2536 2834 2555 ,
2881 2491 3163 2549 cruciﬁxus
3185 2536 3199 2557 ,
3245 2498 3624 2551 conculcantes

2043 2574 2246 2635 natum:
2275 2566 2640 2627 necessitates,
2673 2565 3004 2619 immunitate
3026 2581 3054 2618 a
3088 2568 3420 2631 passionibns
3460 2583 3623 2635 ange-

2043 2633 2125 2687 los
2157 2634 2425 2687 imitantes
2454 2653 2467 2687 :
2498 2637 2673 2703 itaque
2692 2677 2708 2699 ,
2739 2636 2798 2689 Si
2838 2651 2935 2703 qua
2961 2637 3010 2688 in
3048 2635 3245 2690 Christo
3267 2679 3281 2697 ,
3316 2653 3443 2691 nova
3481 2633 3625 2691 erea—

2044 2714 2179 2756 tura.
2212 2705 2309 2758 Abi
2336 2705 2387 2757 iu
2418 2704 2713 2767 Persidem,
2739 2705 2785 2759 si
2809 2722 2911 2758 non
2935 2721 3178 2772 corpore,
3203 2708 3387 2761 Saltem
3416 2719 3629 2770 mente;

2046 2783 2244 2847 matres
2276 2775 2327 2847 in
2358 2775 2865 2847 uxoresducebant,
2897 2791 3039 2828 nunc
3064 2787 3240 2829 autem
3268 2778 3625 2847 virginitatem

2044 2846 2224 2898 colunt
2250 2862 2262 2897 :
2289 2846 2485 2913 itaque,
2513 2845 2574 2898 Si
2602 2862 2701 2911 qua
2729 2846 2780 2897 in
2806 2845 3025 2907 Christo,
3050 2862 3177 2898 nova
3198 2845 3447 2900 creatura.
3472 2849 3632 2901 Crea-

2048 2924 2219 2968 turam
2263 2917 2517 2983 conspice
2559 2931 2726 2984 usque
2763 2917 2828 2967 ad
2877 2931 3061 2983 reges,
3092 2917 3177 2986 qui
3220 2918 3518 2972 diademate
3543 2936 3632 2971 or-

2049 2997 2260 3057 nantur.
2289 2987 2530 3040 Antehac
2579 3000 2733 3055 reges
2773 2987 2947 3039 Omnia
3000 2987 3267 3054 impietate
3314 2988 3630 3057 replehaut;

2039 3056 2149 3126 jam
2181 3072 2310 3128 vero
2334 3072 2485 3125 rcges
2510 3058 2561 3109 in
2593 3056 2871 3112 ecclesiam
2898 3072 2956 3110 se
2984 3058 3263 3111 eonlerunt
3288 3075 3301 3109 τ
3332 3056 3455 3112 tunc
3479 3074 3635 3128 reges

2046 3126 2295 3179 omnibus
2320 3137 2474 3180 erant
2514 3128 2809 3190 terribiles;
2844 3142 2989 3180 nunc
3016 3138 3192 3181 autem
3238 3129 3471 3182 Ecclesia
3504 3126 3633 3197 ipsis

2047 3197 2298 3250 terribilis
2324 3207 2426 3251 est.
2448 3197 2577 3262 Quis
2605 3198 2744 3250 ausit
2770 3199 2880 3266 regi
2909 3197 3107 3259 dicere,
3143 3198 3356 3266 Depone
3375 3201 3621 3253 diadema

2049 3269 2232 3320 tuum?
2264 3267 2499 3321 Ecclesia
2527 3282 2655 3321 vero
2686 3267 2737 3320 id
2768 3268 2915 3332 dicit,
2948 3277 3003 3321 et
3032 3269 3119 3320 ille
3148 3270 3501 3337 obtemperat,
3533 3288 3629 3323 ve—

2048 3339 2230 3405 nitque
2260 3339 2402 3389 nudo
2441 3340 2614 3407 capite
2637 3378 2656 3402 ,
2704 3338 2915 3390 nemine
2939 3339 3157 3405 jubente
3183 3379 3198 3400 ,
3244 3341 3337 3393 sed
3389 3343 3634 3395 hortante

2049 3408 2293 3461 ratione:
2323 3407 2463 3461 nudo
2486 3409 2656 3478 capite
2687 3423 2785 3461 nec
2823 3423 3011 3462 ornato
3043 3427 3055 3461 :
3100 3410 3341 3464 diadema
3392 3413 3635 3478 projicit,

2048 3490 2101 3531 et
2125 3493 2338 3530 crucem
2363 3480 2571 3550 accipit.
2594 3477 2791 3531 Intrant
2807 3478 2872 3531 ad
2905 3494 3139 3533 thensam
3162 3480 3407 3535 similiter
3437 3477 3632 3550 pauper

2049 3558 2100 3619 et
2134 3563 2255 3607 rex;
2289 3564 2398 3619 non
2424 3549 2576 3602 aliter
2617 3565 2817 3616 pauper
2844 3559 2898 3603 et
2942 3550 3096 3603 aliter
3136 3567 3225 3603 rex
3258 3568 3274 3604 ε
3318 3568 3488 3619 ιιειμιε
3537 3549 3630 3605 rex

2052 3618 2173 3671 dicit
2199 3659 2215 3680 ,
2262 3618 2383 3671 Mihi
2413 3620 2639 3690 amplius
2667 3619 2825 3684 dato,
2858 3620 3076 3689 pauperi
3107 3636 3230 3673 vero
3276 3618 3511 3690 parcius;
3542 3625 3634 3675 sed

2051 3705 2172 3741 cum
2199 3690 2384 3742 eadem
2410 3689 2724 3752 humilitate,
2755 3705 2874 3743 cum
2906 3692 3090 3744 eadem
3116 3689 3328 3759 pietate,
3361 3702 3417 3745 ut
3441 3709 3635 3759 pauper

2051 3760 2129 3813 sic
2154 3768 2207 3813 et
2232 3775 2330 3828 ego
2360 3776 2372 3810 :
2408 3759 2616 3829 itaque,
2648 3760 2706 3813 Si
2734 3776 2833 3828 qua
2863 3761 2913 3813 in
2944 3760 3142 3814 Christo
3162 3800 3178 3825 ,
3220 3778 3347 3815 nova
3384 3774 3633 3817 creatura.

2054 3829 2156 3902 Pro
2185 3828 2267 3902 his
2287 3839 2464 3883 autent
2494 3828 2741 3884 munibus
2772 3831 2877 3884 Deo
2896 3832 3091 3901 gratias
3110 3847 3349 3902 agamus,
3380 3835 3633 3902 queniam

2056 3901 2129 3954 illi
2156 3900 2323 3970 gloria
2348 3904 2401 3954 in
2433 3902 2635 3955 secula.
2657 3902 2850 3956 Amen.

3405 4035 3605 4046 ——‘———

584 4118 698 4177 ῙΧ.
747 4132 1032 4175 ewsueu
1081 4130 1148 4172 ιη
1195 4129 1382 4172 ιιιυι)
1416 4129 1431 4167 :
1471 4127 1575 4168 ntc
1624 4127 1738 4169 εετ
1783 4127 1939 4168 ιτιιιι

2046 4126 2201 4167 ιιιευε
2244 4125 2574 4180 υιιιῖετυε,
2620 4126 2682 4167 IN
2728 4126 2853 4177 QUO
2898 4126 3041 4168 MIHI
3087 4126 3443 4174 COMPLACL’I

1715 4232 1972 4314 (Matth.
2000 4232 2197 4300 xvn,
2243 4231 2332 4313 5).

432 4395 529 4450 llic
553 4396 717 4465 prolis
740 4405 925 4446 amans
955 4389 1201 4465 paterob
1228 4403 1382 4465 suum
1410 4404 1536 4465 erga
1566 4401 1665 4465 nos
1700 4386 1948 4441 allectum

362 4459 629 4522 sertnonis
655 4459 1022 4535 argumentum
1039 4460 1196 4535 Amisit
1222 4461 1375 4535 mihi,
1403 4469 1457 4514 et
1488 4459 1695 4535 laudem
1717 4474 1837 4528 qua,
1866 4473 1951 4512 me

358 4548 603 4605 curante,
632 4530 893 4591 vos'illum
920 4533 1228 4587 celebrastis
1247 4573 1262 4595 ,
1297 4531 1394 4585 hac
1420 4530 1666 4605 praesenti
1700 4544 1947 4599 remune-

361 4610 495 4663 ravit
540 4601 908 4667 institutione,
958 4605 1245 4658 liberorum
1290 4616 1508 4655 suorum
1561 4601 1762 4653 lucrum
1793 4614 1945 4652 suum

362 4694 483 4733 esse
512 4689 723 4747 putans.
774 4676 887 4746 Ego
918 4689 1045 4730 vero
1084 4674 1237 4727 Ιιιιιιιε
1274 4670 1945 4747 adhortationemarcepi,

360 4764 424 4802 ac
470 4741 589 4803 cum
643 4741 845 4803 ﬁducia
889 4760 1076 4800 rursus
1119 4760 1213 4797 vos
1259 4743 1521 4812 alloquor,
1575 4741 1947 4812 pristinormn-

361 4834 467 4890 que
493 4821 772 4873 verborum
816 4818 1010 4890 seriem
1058 4810 1409 4890 libentissime
1453 4810 1719 4890 persequi
1727 4810 1943 4890 curabo.

361 4881 588 4944 Ostendi
609 4892 750 4944 enim
778 4887 946 4947 vobis,
963 4886 1015 4941 in
1043 4881 1654 4951 prascedentidominica’,
1681 4881 1948 4936 Christum

360 4977 481 5015 cum
529 4962 698 5014 servis
741 4958 853 5013 suis
890 4957 956 5009 ad
1005 4956 1322 5023 baptismum
1358 4955 1657 5009 venientem
1695 4969 1709 5006 :
1754 4953 1948 5005 deinde

366 5033 655 5100 llaptistam
670 5031 758 5100 qui
777 5026 1115 5081 accedentem
1139 5026 1414 5100 Dominum
1431 5025 1665 5093 agnovit,
1689 5023 1946 5100 baptisma

362 5094 741 5156 adt-ninistrare
761 5108 1094 5157 renuentem,
1127 5112 1188 5149 ac
1204 5096 1437 5155 demum.
1466 5103 1680 5163 propter
1708 5094 1943 5148 Salvato-

363 5175 437 5226 ris
467 5174 796 5235 inaudatum,
821 5168 1128 5240 mysterium
1159 5166 1897 5240 meouomizejompleutem
1935 5183 1946 5240 ξ

363 5244 563 5311 scripto
591 5234 1169 5312 postett’rcpt'msentavi
1213 5237 1377 5312 Deum
1404 5245 1458 5288 et
1498 5234 1709 5312 Patrem
1743 5235 1947 5312 lanuuii

364 5303 530 5367 nosiri
561 5303 685 5368 Jesu
713 5303 904 5368 Christi
932 5309 1000 5362 de
1023 5307 1161 5362 caelo
1186 5308 1502 5360 clamantem
1528 5323 1541 5359 :
1572 5305 1669 5357 llic
1689 5315 1761 5356 est
1785 5303 1949 5355 Filius

365 5400 503 5436 meus
532 5384 762 5448 dilectus,
793 5382 846 5435 in
869 5396 966 5451 quo
994 5379 1114 5430 mihi
1145 5376 1445 5451 rouiplarni.
1470 5374 1537 5429 Et
1554 5375 1620 5427 ad
1650 5374 1749 5427 hoc
1778 5389 1947 5442 usque

369 5454 724 5507 testimonium
760 5447 1108 5522 progressus,
1134 5447 1385 5522 descendi
1425 5455 1779 5522 e__sugges_tu,
1814 5456 1948 5498 tent-

368 5537 497 5594 pore
524 5538 735 5576 cursum
762 5515 1020 5576 orationis
1044 5518 1431 5589 intcrpellanle.
1466 5515 1639 5594 Hodie
1672 5515 1830 5594 igitur
1856 5527 1944 5569 re-

367 5584 579 5648 iumere
615 5595 736 5646 volo
764 5606 884 5663 qua:
928 5601 1052 5645 tunc
1094 5584 1341 5663 omittere
1370 5596 1588 5642 coactus
1615 5584 1689 5663 lui
1732 5595 1947 5663 propter

368 5664 617 5733 temporis
646 5657 940 5733 angustiam
962 5701 978 5723 ,
1019 5670 1079 5733 et
1100 5660 1389 5729 adjuogere
1414 5658 1679 5733 sermonis
1720 5657 1945 5710 solutio-

367 5731 509 5797 m-m,
544 5744 599 5787 ut
630 5731 733 5803 per
751 5731 1187 5803 caugsccndatis
1209 5735 1271 5803 ad
1294 5740 1563 5803 auctorem
1585 5731 1724 5803 ejus,
1739 5741 1945 5803 nempe

367 5805 580 5860 filium.
618 5799 716 5857 ilic
740 5813 809 5857 est
839 5800 884 5854 F
888 5802 1006 5854 ilius
1037 5817 1172 5855 meus
1196 5802 1426 5869 dilectus,
1456 5800 1505 5853 in
1533 5814 1630 5868 quo
1659 5799 1779 5850 mihi
1805 5814 1939 5851 com—

2054 4384 2248 4453 placai.
2282 4381 2378 4437 llic
2405 4392 2522 4446 est,
2553 4381 2640 4452 qui
2688 4396 2895 4436 mecum
2926 4382 3069 4437 misit
3098 4397 3261 4451 super
3288 4397 3348 4436 se
3384 4382 3640 4451 Spiritum

2060 4464 2323 4518 sanctum,
2357 4455 2652 4522 iterumque
2681 4468 2838 4521 quem
2866 4466 3139 4521 receperat
3164 4453 3415 4523 Spiritum
3447 4455 3590 4507 misit
3622 4476 3635 4509 :

2059 4524 2145 4579 hic
2168 4534 2283 4588 est,
2316 4525 2405 4594 qui
2444 4532 2569 4578 ante
2605 4524 2782 4577 omnia
2824 4525 3001 4578 secula
3044 4540 3112 4578 ex
3148 4541 3233 4578 me
3277 4526 3487 4594 genitus
3521 4538 3639 4591 est,

2060 4611 2164 4649 non
2193 4606 2436 4660 creatus;
2482 4595 2617 4647 Deus
2646 4597 2859 4663 genitus
2882 4610 3059 4649 exnie
3086 4598 3201 4647 solo
3227 4597 3548 4664 unigenittts,
3583 4610 3634 4650 ut

2057 4668 2202 4720 solus
2231 4681 2331 4735 ego
2357 4666 2500 4728 novi,
2532 4674 2586 4718 et
2616 4675 2672 4719 ut
2697 4664 2783 4717 ille
2804 4664 2903 4717 scit
2927 4665 3074 4719 solus
3098 4680 3111 4716 :
3143 4665 3225 4717 hic
3248 4677 3331 4719 est
3357 4668 3638 4734 perfectio-

2060 4739 2140 4790 nis
2184 4751 2316 4791 ηιειε
2356 4736 2632 4790 character
2676 4744 2730 4788 et
2774 4735 2985 4789 deitatis
3017 4738 3148 4788 m'eze
3193 4737 3510 4790 character:
3557 4738 3639 4790 hic

2057 4818 2140 4861 est
2184 4809 2272 4877 qui
2313 4807 2621 4861 substantia:
2667 4821 2799 4860 mea:
2827 4807 2967 4860 clare
3000 4806 3105 4859 fert
3135 4806 3437 4872 imaginem.
3472 4808 3635 4860 Filius

2057 4891 2137 4932 εει
2167 4892 2315 4932 meus
2334 4892 2398 4932 ex
2428 4893 2544 4931 mea
2570 4878 2798 4931 essentia
2850 4878 3192 4940 ittcorpurce,
3223 4877 3645 4947 incorruptibili-

2059 4958 2158 5013 ter,
2188 4949 2303 5003 sine
2333 4949 2437 5002 ulla
2470 4948 2722 5016 temporis
2750 4947 2954 5001 ratione
2979 4948 3214 5011 elucens,
3244 4963 3349 5001 non
3382 4965 3447 5002 ex
3468 4950 3633 5001 altera

2056 5019 2350 5073 substantia
2382 5036 2440 5073 se
2471 5020 2719 5088 prodens.
2754 5018 2918 5071 Filius
2962 5028 3044 5073 est
3089 5033 3238 5071 meus
3279 5027 3463 5071 natura
3485 5060 3500 5079 ,
3533 5036 3637 5071 non

2054 5091 2217 5158 gratia
2239 5131 2254 5154 ,
2286 5087 2583 5144 coaeternus
2603 5130 2619 5151 ,
2667 5104 2771 5142 non
2798 5087 2981 5154 junior
3009 5089 3089 5142 vel
3118 5090 3382 5143 secundus
3413 5106 3427 5141 :
3475 5089 3638 5142 Filius

2053 5169 2134 5214 es:
2162 5175 2311 5213 meus
2336 5160 2699 5215 eocssentialis
2727 5158 2853 5212 mihi
2875 5200 2891 5224 ,
2935 5170 2989 5213 ut
3018 5159 3196 5212 lumen
3226 5175 3286 5213 ex
3319 5159 3546 5222 lumine,
3584 5167 3637 5210 nt

2057 5231 2159 5283 vita
2192 5245 2259 5285 ex
2289 5232 2393 5284 vita
2420 5271 2434 5291 ,
2485 5241 2540 5283 ut
2578 5232 2778 5284 veritas
2806 5246 2868 5284 ex
2899 5231 3123 5283 veritate
3150 5270 3164 5291 ,
3210 5240 3265 5283 ut
3313 5230 3542 5297 potentia
3571 5244 3636 5281 ex

2055 5304 2331 5369 potentia,
2382 5310 2439 5354 ut
2485 5303 2623 5355 Deus
2650 5317 2714 5354 ex
2768 5301 2894 5353 Deo.
2950 5300 3062 5370 Ego
3106 5301 3298 5368 genui,
3350 5299 3439 5351 ille
3469 5301 3637 5370 geni-

2056 5368 2138 5424 tus
2180 5380 2263 5425 est
2295 5388 2308 5425 :
2340 5372 2477 5426 inter
2503 5387 2588 5425 me
2626 5385 2753 5424 vero
2794 5380 2849 5424 ct
2874 5368 3022 5424 illum
3066 5371 3192 5424 nihil
3240 5380 3322 5422 est
3360 5368 3591 5422 modunn
3622 5387 3635 5422 :

2053 5455 2152 5510 ego
2210 5444 2364 5510 genui
2426 5453 2483 5496 ut
2541 5457 2626 5496 me
2682 5441 2836 5496 decet
2894 5442 3112 5509 gignere
3163 5450 3353 5493 natura
3414 5441 3637 5494 Deum:

2056 5509 2143 5582 ille
2186 5509 2395 5582 genitus
2449 5521 2533 5567 est
2578 5517 2716 5566 sicut
2753 5511 2908 5566 decet
2954 5512 3102 5564 illum
3143 5511 3319 5580 gigni,
3366 5512 3454 5580 qui
3500 5511 3639 5566 Deus

2054 5581 2285 5637 Verbum
2334 5593 2437 5639 est.
2491 5583 2786 5637 Humanum
2838 5582 3197 5650 generationis
3248 5596 3484 5648 nomen,
3545 5582 3638 5636 sed

2052 5655 2274 5724 mystica
2327 5664 2409 5709 est
2465 5662 2715 5724 tempore,
2755 5654 2997 5720 superior
3053 5651 3344 5722 generatio.
3398 5652 3639 5724 Tempus

2028 5722 2158 5779 \uon
2194 5726 2341 5778 novit
2392 5722 2751 5795 generationis
2799 5737 2933 5795 mea),
2980 5726 3293 5795 mysterium
3334 5738 3347 5774 :
3396 5722 3495 5778 hoc
3549 5737 3641 5776 ne-

2050 5798 2223 5850 stiqu
2265 5792 2483 5868 (postea
2526 5794 2667 5851 enim
2708 5792 2831 5849 facti
2885 5796 3044 5864 sunt)
3090 5794 3365 5851 cherubim
3407 5805 3451 5849 et
3491 5806 3634 5848 sera-
