4054 6216
402 329 467 383 '57
1733 321 1976 381 SPURIA
2014 320 2347 392 QUAEDAM.
3590 326 3661 387 33

399 448 789 523 maritimum,
818 449 872 503 in
895 463 992 517 quo
1020 441 1471 523 utiliicompfacui.
1502 442 1655 510 Szepe
1687 442 1845 523 igitur
1866 440 1968 494 Pa-

401 530 481 572 ter
521 518 710 574 Filium
757 515 1078 586 nuncupavit
1104 515 1269 570 filium
1309 527 1462 586 suum
1491 553 1507 576 ,
1536 522 1718 586 utpote
1756 515 1969 586 unicum

399 588 564 642 filium
591 628 607 651 ,
652 599 707 642 et
756 604 883 643 voce
924 581 1074 657 quasi
1136 600 1323 657 manu_
1340 583 1577 657 designat
1607 581 1967 652 Unigeuitum,

399 672 617 728 propter
654 673 747 713 eos
794 658 884 727 qui
926 654 1185 712 conantur
1221 670 1251 708 a
1296 654 1646 728 Patre_illum
1696 667 1971 720 separare.

401 721 617 803 propter
645 744 738 781 eos
764 721 853 798 qui
892 728 1076 782 dicunt
1105 728 1156 780 in
1188 734 1426 792 tempore
1457 721 1798 803 factumesse
1823 737 1969 784 eum,

397 800 487 866 qui
518 814 619 852 non
649 807 732 853 est
765 810 1177 866 temporanens;
1212 804 1429 864 propter
1452 807 1546 847 eos
1586 800 1673 861 qui
1712 803 1973 872 creaturm

401 876 756 940 adnumerant
781 881 1047 940 auctorem
1076 875 1365 940 creatura);
1410 874 1624 931 propter
1666 879 1759 918 eos
1800 878 1889 931 qut
1922 876 1972 940 tu

399 939 713 992 servitutem
765 938 1083 1003 redegerunt
1124 935 1500 997 liberatorem;
1526 944 1739 1002 propter
1765 948 1857 987 eos
1884 935 1977 1052 qui

399 1008 560 1052 alium
603 1011 900 1052 t-mdinmint
934 1008 1115 1052 filium.
1150 1004 1275 1052 {deo
1318 1020 1457 1052 sane
1492 1002 1798 1052 testificatur
1830 1021 1843 1052 :
1877 1001 1898 1052 1
1930 1002 1975 1052 ic

399 1008 560 1059 alium
603 1001 908 1075 confingunt
934 1008 1115 1058 filium.
1150 1004 1275 1058 {deo
1318 1020 1457 1069 saepe
1492 1001 1798 1075 testificatur
1830 1021 1844 1075 :_
1877 1001 1975 1053 llic

402 1088 475 1130 est
498 1077 667 1131 Filius
693 1073 832 1130 meus
864 1076 1097 1138 dilectus,
1125 1092 1177 1128 in
1198 1091 1297 1144 quo
1327 1075 1452 1127 mihi
1474 1074 1754 1143 complacui
1794 1073 1972 1141 (Joan.

403 1147 446 1201 Χ
469 1187 486 1211 ,
514 1149 585 1202 50
615 1165 630 1210 ;
664 1146 854 1209 XIV,9
888 1163 902 1209 ;
936 1145 1002 1206 X,
1035 1146 1142 1209 58;
1196 1144 1349 1207 XIV,
1404 1144 1496 1212 28)
1528 1161 1541 1197 :
1573 1149 1742 1207 ipsum
1783 1143 1973 1195 audite.

402 1219 457 1270 Si
485 1219 657 1277 dicat,
693 1215 804 1286 Ego
838 1214 1066 1286 etPater-
1091 1232 1246 1268 unum
1272 1232 1478 1286 sumus;
1502 1216 1548 1286 si
1575 1214 1714 1269 dicat
1732 1214 1875 1286 ,_Qui
1903 1216 1977 1286 vi-

401 1288 485 1339 det
512 1304 609 1351 me,
640 1282 770 1339 videt
799 1298 844 1339 et
880 1285 1085 1339 Patrem
1106 1326 1121 1350 ,
1145 1294 1230 1347 et,
1274 1285 1381 1355 Ego
1409 1288 1460 1337 in
1492 1283 1644 1336 Patre
1667 1295 1713 1336 et
1742 1282 1897 1355 Pater
1925 1284 1980 1336 in

401 1373 482 1409 me
510 1366 581 1409 est
602 1399 615 1418 ,
645 1359 815 1423 ipsum
862 1357 1038 1409 audite
1070 1372 1083 1407 :
1113 1356 1155 1407 si
1192 1353 1331 1408 dicat
1357 1397 1370 1416 ,
1409 1355 1506 1421 Qui
1535 1355 1669 1406 misit
1698 1371 1775 1406 me
1803 1353 1975 1423 Pater,

403 1429 569 1495 major
599 1444 676 1479 me
701 1436 772 1480 est
810 1426 1031 1495 (Matth.
1081 1423 1272 1488 XXVI,
1297 1425 1439 1491 ‘28):
1470 1425 1782 1495 (Economitc
1808 1426 1978 1479 admi-

403 1493 593 1550 remini
644 1493 1134 1564 attemperationetn
1179 1496 1265 1548 :si
1308 1496 1490 1565 dicat,
1528 1493 1641 1547 Hoc
1684 1506 1756 1546 est
1797 1511 1981 1565 corpus

406 1583 569 1619 meum
594 1607 608 1629 ,
640 1576 685 1618 et
714 1563 919 1636 sanguis
947 1567 1029 1632 qui
1062 1581 1153 1631 pro
1190 1565 1362 1636 multis
1392 1563 1678 1636 e/fnndetur
1714 1566 1767 1636 in
1807 1563 1983 1619 remis-

405 1638 596 1690 sionem
626 1634 970 1704 peccatorum,
1000 1636 1169 1702 ipsum
1206 1635 1403 1690 audite.
1445 1635 1559 1688 Non
1591 1635 1689 1688 hoc
1713 1634 1841 1688 dicit
1866 1651 1982 1689 ear-

408 1724 527 1759 nem
560 1726 586 1757 a
617 1709 814 1760 deitate
840 1720 1127 1774 separans;
1160 1719 1285 1758 caro
1311 1706 1451 1759 enim
1484 1707 1533 1758 in
1566 1705 1648 1759 his
1674 1706 1849 1758 verbis
1875 1723 1980 1761 non

407 1789 687 1846 separatur
717 1794 730 1830 :
758 1778 952 1837 etenim
971 1792 1088 1844 qua:
1110 1775 1174 1828 ad
1201 1790 1395 1846 corpus
1423 1777 1710 1844 pertinent,
1731 1785 1855 1830 sunt
1880 1778 1987 1830 dei-

409 1845 566 1911 tatis;
598 1856 653 1899 et
688 1864 806 1915 quae
840 1846 906 1899 ad
935 1847 1182 1899 deitatem
1220 1845 1508 1912 pertinent,
1557 1853 1682 1899 sunt
1716 1848 1978 1909 corporis.

409 1932 582 1984 neque
637 1916 855 1969 alterius
899 1916 1207 1983 cujusquam
1248 1923 1440 1983 praztcr
1496 1919 1690 1983 ipsum.
1726 1916 1779 1970 Si
1819 1917 1981 1979 dicat,

410 1985 593 2056 Tristis
622 1996 693 2038 est
714 1987 886 2038 anima
912 2002 1021 2037 mea
1039 2002 1195 2056 usque
1218 1986 1286 2056 ad
1306 1996 1513 2038 mortem
1535 1985 1748 2056 (Matth.
1792 1986 1885 2039 ΧΧ
1900 1988 1980 2053 Vl,

407 2054 519 2125 38),
555 2066 802 2123 tanquam
821 2054 1313 2125 irreprehensibiles
1346 2054 1553 2109 nostras
1581 2057 1853 2124 passiones
1883 2060 1980 2112 sibi

410 2124 761 2180 vindieantetn
792 2127 962 2194 ipsum
994 2125 1193 2179 audite.
1232 2124 1388 2179 Nulla
1424 2128 1564 2179 enim
1601 2137 1681 2179 est
1718 2131 1984 2195 separatio

410 2197 587 2249 carnis
613 2204 668 2249 et
714 2196 966 2250 deitatis:
999 2197 1175 2249 omnia
1219 2197 1414 2264 quippe
1460 2206 1514 2249 et
1551 2196 1615 2250 ad
1648 2196 1899 2250 deitatem
1933 2207 1987 2253 et

410 2265 477 2319 ad
508 2266 888 2320 humanitatem
939 2265 1254 2334 pertinentia
1302 2267 1388 2318 uni
1435 2281 1673 2334 personae
1714 2270 1985 2335 unicuique

414 2335 724 2390 substantia:
745 2345 798 2390 et
827 2350 1029 2389 natura:
1058 2336 1313 2389 incarnati
1344 2336 1436 2389 Dei
1461 2338 1626 2390 nostri
1653 2336 1778 2391 Jesu
1804 2336 1987 2391 Chris-

416 2405 454 2459 ti
475 2405 789 2475 opponimus
827 2417 882 2460 et
909 2405 1261 2474 assignamus.
1290 2406 1416 2459 lltec
1436 2420 1464 2458 a
1493 2407 1602 2460 Deo
1626 2416 1679 2459 et
1709 2408 1864 2462 Patre
1892 2425 1985 2462 su-

413 2492 535 2530 mus
563 2474 735 2530 edocti
769 2494 781 2530 :
818 2476 930 2530 haec
962 2479 1029 2529 ab
1061 2476 1331 2547 unigenito
1364 2476 1458 2547 Dei
1491 2476 1624 2531 Filio
1652 2492 1746 2547 per
1770 2478 1985 2533 institu-

418 2547 615 2600 tionem
658 2548 961 2614 accepimus
994 2563 1006 2598 :
1044 2546 1108 2598 ad
1140 2545 1251 2599 ltmc
1279 2560 1309 2599 a
1347 2546 1546 2614 Spiritu
1581 2545 1766 2600 sancto
1790 2547 1986 2604 fuimus

417 2616 605 2669 initiati
641 2633 654 2669 :
685 2618 797 2670 lucc
827 2631 856 2669 a
883 2615 1047 2669 sacris
1070 2616 1357 2685 Scripturis
1383 2618 1651 2670 enuntiata
1679 2627 1801 2671 sunt
1830 2636 1843 2671 :
1872 2619 1986 2674 hinc

411 2700 444 2739 ιι
469 2687 666 2759 sanctis
692 2686 931 2759 Patribus
952 2694 1075 2759 sunt
1097 2685 1396 2753 praedicata.
1437 2686 1561 2759 flare
1587 2688 1762 2757 itaque
1780 2693 1988 2759 accepi-

412 2771 553 2819 mus,
575 2756 688 2809 lnec
702 2755 1000 2817 didicimus,
1032 2756 1144 2809 haec
1163 2764 1455 2811 teneamus.
1472 2756 1580 2811 Cur
1595 2755 1985 2816 temereconira

415 2841 512 2879 nos
559 2827 781 2881 invicem
828 2826 1158 2894 pugnamus?
1187 2841 1281 2880 cur
1311 2842 1407 2881 nos
1450 2838 1635 2881 mutuo
1665 2830 1987 2885 insectantur

412 2895 591 2969 bello,
620 2896 709 2969 qui
760 2898 917 2949 etiam
944 2896 1085 2969 _odio
1133 2895 1388 2969 habentes
1436 2898 1685 2966 jnbemur
1724 2900 1986 2969 diligere?

410 2981 506 3037 cur
544 2967 717 3037 fidem
765 2965 1111 3019 amandautes
1148 3007 1163 3031 ,
1208 2965 1498 3022 artificiose
1542 2965 1873 3037 disputamus
1918 2973 1986 3027 de

412 3035 557 3090 fide?
585 3039 797 3107 genitus
816 3046 917 3098 est,
947 3052 1049 3089 non
1079 3045 1161 3090 est
1189 3037 1400 3105 genitus
1424 3054 1436 3099 ;
1463 3035 1650 3104 passus
1671 3049 1773 3105 est,
1800 3049 1853 3091 at
1878 3057 1982 3095 non

410 3117 491 3158 est
545 3122 764 3174 passus;
808 3108 1136 3171 resurrexit,
1169 3119 1223 3159 at
1271 3121 1373 3158 non
1424 3109 1731 3160 resurrexit.
1762 3109 1868 3162 Cur
1895 3127 1984 3166 re-

410 3178 744 3243 demptorem
774 3179 824 3228 in
848 3176 935 3244 jus
966 3175 1254 3230 vocamus?
1282 3191 1379 3229 cur
1399 3193 1427 3228 a
1450 3175 1790 3233 benefactore
1816 3182 1982 3235 ratio-

413 3260 508 3299 nes
548 3246 924 3316 deposcimus?
952 3246 1126 3300 Semel
1157 3248 1360 3300 libitum
1395 3255 1477 3300 est
1514 3246 1560 3299 ei
1587 3287 1601 3310 ,
1633 3257 1683 3302 et
1727 3250 1861 3303 sicut
1886 3267 1983 3304 vo-

414 3316 509 3367 luit
533 3316 746 3371 advenit
783 3326 837 3370 et
868 3332 1054 3384 passus
1089 3326 1169 3369 est
1199 3326 1254 3370 et
1290 3326 1530 3370 mortuus
1558 3326 1677 3382 est;
1713 3333 1776 3372 ac
1807 3336 1985 3375 resur-

410 3389 567 3444 rexit.
595 3400 643 3440 et
673 3388 912 3440 ascendit
932 3387 981 3453 iu
1011 3386 1198 3451 caelos,
1227 3398 1280 3440 et
1308 3388 1479 3441 veniet
1502 3386 1741 3455 judicare
1762 3391 1911 3446 vivos
1931 3403 1985 3447 ct

412 3464 668 3519 moi-tuos,
695 3467 847 3523 prout
877 3466 931 3511 et
948 3457 1056 3524 jam
1099 3458 1279 3522 venit,
1308 3472 1409 3510 una
1444 3474 1563 3511 cum
1592 3458 1758 3513 forma
1781 3473 1981 3517 nostra.

409 3525 525 3579 Non
566 3527 708 3580 enim
741 3529 874 3580 lianc
904 3527 1069 3591 exuit,
1093 3543 1248 3594 quam
1276 3538 1475 3581 tantum
1512 3529 1696 3582 dilexit
1726 3547 1739 3584 :
1771 3547 1874 3586 non
1901 3549 1985 3587 re-

412 3595 566 3664 liquit
620 3597 670 3649 in
730 3598 977 3665 sepulcro
1025 3600 1265 3664 corporis
1306 3599 1385 3651 sui
1430 3600 1856 3666 operimentum;
1890 3604 1982 3657 sed

410 3669 490 3738 sic
521 3682 704 3738 rttrsns
733 3669 905 3721 veniet
945 3667 1107 3735 judex
1157 3670 1396 3721 vivorum
1436 3681 1491 3722 et
1529 3680 1897 3738 mortuorum;
1929 3687 1983 3727 ut

410 3736 581 3790 videat
611 3737 775 3791 Judas
801 3754 1083 3806 quemnam
1128 3737 1408 3792 homicidis
1440 3740 1645 3793 Domini
1671 3736 1979 3807 tradiderit;

409 3815 468 3861 ut
497 3808 708 3861 videant
732 3807 898 3862 λιιι]ςυὶ
926 3809 1064 3879 quod
1092 3820 1249 3876 caput
1271 3809 1437 3877 spinis
1465 3812 1875 3878 coronaveriut;
1906 3824 1981 3879 ut,

407 3894 527 3932 cum
571 3879 801 3933 viderint
826 3894 945 3932 eum
987 3878 1039 3932 in
1087 3879 1276 3933 throno
1312 3881 1547 3946 judieem
1592 3883 1864 3943 sedentem
1891 3878 1984 3946 ,et

405 3951 727 4003 cberubinos
765 3950 1184 4019 serapliiuosqne
1232 3966 1352 4003 cum
1396 3950 1586 4004 timore
1633 3961 1687 4005 et
1751 3965 1981 4011 tremore

407 4019 699 4087 adstantes,
728 4030 782 4074 et
810 4021 1077 4082 dixerint,
1102 4018 1217 4073 Nos
1258 4035 1364 4074 non
1410 4019 1550 4074 hunc
1587 4024 1979 4091 crucifiximus;

1020 4161 1226 4172 ..ι-...ιιι-

1700 4165 1901 4176 ——__.

2075 439 2238 493 alium
2278 437 2583 508 quempiam
2623 438 2807 494 Jesom
2838 438 3169 493 Nazarcnum
3217 439 3657 501 Bethlelicmitam

2074 510 2581 572 condenntavinius;
2628 509 2875 563 ostendat
2906 510 3005 563 illis
3055 512 3190 564 latus
3239 522 3294 566 et
3337 512 3547 569 videant
3603 518 3655 570 in

2074 594 2234 648 quem
2253 581 2650 643 transfixernnt,
2673 594 2756 641 ac,
2786 579 2866 633 vel
2898 581 3070 640 inviti,
3097 583 3322 636 adorent
3352 584 3522 637 illum.
3553 589 3657 639 Cur

2073 665 2223 715 ergo,
2258 650 2417 702 missa
2445 650 2570 714 fide,
2601 666 2721 703 cum
2751 649 2973 703 artificio
3018 652 3393 706 ratiocinamur
3430 654 3498 708 de
3525 657 3654 714 fide.

2074 732 2172 771 eur
2224 721 2521 795 communis
2549 720 2763 795 inimici
2795 719 3117 795 desiderium
3152 722 3456 791 implemns.
3499 724 3657 795 Cogi-

2078 798 2194 863 tans
2224 791 2373 863 enim
2386 789 2651 863 diabolus,
2677 789 2890 863 humani
2930 791 3140 860 generis
3183 789 3485 863 corruptor,
3520 789 3657 857 quod

2077 859 2121 911 si
2151 860 2433 928 tranquille
2479 861 2637 912 vitam
2684 852 2901 929 agamus
2925 852 2958 923 ξ
2973 863 3139 929 pietas
3167 852 3377 917 florebi't
3405 906 3419 928 ,
3453 852 3496 920 si
3527 852 3658 921 fides

2079 929 2270 997 fulgeat
2299 971 2313 995 ,
2343 930 2495 1003 beata,
2514 930 2988 1003 vitaprtevalebit,
3017 947 3079 986 ac
3106 947 3263 986 cursu
3292 937 3377 1002 pio
3406 952 3659 1003 prospere

2081 1010 2333 1066 peracto,
2363 999 2583 1054 felicitas
2627 999 2695 1054 ita
2745 1001 3045 1055 viventibus
3085 999 3344 1069 accedet,
3387 999 3659 1063 Creatoris

2078 1070 2233 1122 amici
2262 1072 2670 1132 constituentur,
2702 1079 2759 1124 et
2786 1072 2851 1123 ad
2874 1072 3230 1127 desideratum
3273 1076 3417 1128 illum
3445 1092 3656 1132 sursum

2084 1154 2425 1193 accurremus
2448 1181 2463 1202 ,
2496 1152 2551 1194 ut
2580 1141 2703 1195 illuc
2743 1141 2883 1194 unde
2932 1142 2976 1195 is
3024 1143 3222 1196 decidit
3265 1147 3657 1203 ascendamus:

2086 1209 2260 1263 videte
2290 1212 2412 1277 quid
2454 1209 2617 1271 fecit,
2662 1220 2716 1263 et
2744 1227 2902 1279 quam
2928 1222 3102 1267 astute
3144 1222 3199 1266 et
3234 1215 3416 1269 dolose
3461 1217 3658 1273 bellum

2080 1280 2362 1332 adversum
2393 1297 2489 1333 nos
2514 1281 2874 1349 apparaverit,
2900 1283 3157 1335 malorum
3185 1287 3501 1341 artiliciosus
3532 1305 3660 1344 eou-

2082 1350 2376 1402 Sarcinator
2400 1389 2415 1412 ,
2446 1358 2501 1403 et
2533 1352 2745 1416 sapiens
2793 1352 2843 1403 in
2904 1350 3177 1406 fraudibus
3210 1395 3223 1416 ,
3251 1366 3305 1409 et
3354 1356 3405 1409 in
3452 1357 3659 1416 insidiis

2083 1419 2281 1495 varius,
2296 1429 2351 1473 et
2374 1419 2522 1495 dives
2545 1421 2597 1495 in
2617 1420 3052 1495 machinamentis
3071 1423 3225 1478 malis
3249 1442 3261 1477 :
3282 1427 3538 1495 quosdam
3560 1446 3657 1495 ap.

2084 1493 2289 1567 paravit
2312 1491 2486 1569 quiin
2517 1491 2725 1569 pietatis
2744 1492 2930 1569 _speeie
2958 1494 3244 1569 militarent
3267 1537 3283 1560 ,
3301 1491 3368 1550 ἐι
3394 1491 3662 1569 disquisi-

2087 1559 2282 1611 tionem
2306 1560 2426 1635 fidei
2456 1571 2639 1635 contra
2688 1562 2843 1616 fidem
2876 1564 3099 1635 armavit
3127 1582 3139 1615 :
3173 1559 3377 1635 piisque
3412 1559 3659 1624 ominibus

2083 1630 2441 1706 contentionis
2463 1632 2765 1706 cupidinem
2807 1632 3000 1686 anima:
3041 1630 3422 1703 corruptricem
3456 1639 3657 1706 injecit,

2085 1699 2433 1779 etﬁcclesia:
2472 1702 2706 1755 membra
2732 1712 2915 1760 contra
2954 1718 3025 1779 _se
3074 1699 3297 1779 invicem
3342 1710 3394 1762 in
3424 1699 3540 1764 acie

2085 1768 2231 1849 snit.
2265 1779 2321 1823 ut
2348 1772 2511 1850 risum
2565 1787 2811 1840 magnum
2862 1774 3168 1850 emitteret,
3194 1777 3380 1831 videns
3427 1794 3519 1833 eos
3565 1768 3658 1850 qui

2087 1839 2252 1904 ipsius
2283 1842 2520 1895 consiliis
2550 1839 2824 1919 uterentur
2852 1844 2918 1897 ab
2948 1846 3061 1919 ipso
3088 1847 3323 1919 delusos,
3358 1864 3555 1919 perque
3575 1839 3657 1909 ea.

2086 1926 2204 1976 quae
2228 1922 2412 1963 contra
2442 1927 2500 1965 se
2530 1922 2711 1966 mutuo
2741 1912 2994 1983 facerent,
3017 1916 3186 1981 ipsum
3213 1912 3560 1983 delectantes,
3580 1933 3653 1980 et,

2088 1992 2325 2054 nepost
2377 1982 2635 2035 malorum
2690 1981 2903 2052 quidem
2956 1988 3360 2054 experientiam,
3392 1981 3658 2046 auctorem

2088 2051 2819 2124 malorumcognoscentem
2847 2054 2953 2109 Nos
2985 2051 3142 2124 igitur
3172 2068 3443 2112 vertamus
3476 2072 3661 2115 contra

2087 2130 2246 2197 caput
2271 2122 2585 2197 sceleratum
2612 2123 2823 2197 idquod
2852 2122 3022 2192 ipsum
3050 2126 3298 2193 delectat,
3328 2130 3547 2197 ejusque
3574 2132 3660 2185 lie-

2090 2188 2257 2242 titiam
2283 2202 2547 2245 mutemus
2569 2194 2618 2245 in
2645 2188 2882 2249 dolorem
2903 2206 2957 2249 et
2980 2197 3175 2250 luctum
3195 2188 3659 2255 inconsolabilem:

2088 2260 2457 2341 desideremus
2482 2277 2687 2341 pacem,
2720 2280 2876 2341 quam
2907 2265 3018 2317 odit
3047 2266 3135 2341 ille
3164 2282 3177 2319 :
3204 2268 3509 2324 desinamus
3534 2271 3663 2341 dog-

2091 2330 2248 2383 matis
2293 2332 2454 2386 verba
2484 2330 2565 2385 ad
2617 2330 2865 2387 trutinam
2892 2336 3200 2390 examinare
3232 2356 3245 2389 :
3278 2353 3346 2393 ne
3376 2341 3508 2393 ultra
3535 2330 3664 2395 veh-

2087 2401 2207 2454 mus
2229 2400 2506 2456 doctorum
2539 2412 2839 2457 nostrorum
2867 2419 2987 2459 esse
3006 2404 3253 2463 doctores
3285 2425 3298 2461 :
3323 2408 3447 2461 odio
3468 2410 3662 2465 habea-

2089 2485 2208 2523 mus
2236 2473 2630 2526 controversias
2661 2473 2778 2527 illas
2806 2476 2871 2527 ad
2901 2476 3229 2531 audientium
3274 2480 3605 2534 eversionem
3642 2500 3657 2534 :

2088 2540 2366 2615 credamus
2396 2553 2449 2596 ιιι
2489 2552 2662 2610 patres
2694 2545 3042 2601 tradiderunt.
3072 2546 3185 2602 Non
3211 2564 3394 2602 smnus
3424 2551 3659 2615 patribus

2089 2612 2461 2678 sapientiores,
2490 2628 2594 2667 non
2626 2628 2811 2667 sumus
2854 2616 3120 2685 magistris
3150 2622 3345 2672 nostris
3371 2612 3664 2673 accuratio-
3742 2631 3745 2633 ’

2088 2695 2196 2744 res,
2226 2698 2331 2737 non
2371 2698 2556 2736 sumus
2586 2695 2855 2751 pastorum
2886 2697 3125 2755 pastores
3149 2729 3163 2752 ,
3194 2692 3288 2742 sed
3340 2705 3467 2744 oves
3496 2706 3510 2740 :
3556 2706 3661 2743 non

2091 2763 2311 2819 pascunt
2353 2767 2480 2807 oves
2512 2763 2750 2826 pastores
2778 2772 2903 2810 suos
2932 2772 2948 2820 ;
2977 2756 3070 2810 sed
3101 2768 3361 2826 pastores,
3389 2773 3534 2813 oves.
3586 2762 3663 2813 Ad

2089 2837 2273 2890 pacem
2310 2837 2407 2876 nos
2455 2826 2665 2878 vocavit
2716 2824 2860 2880 Deus
2884 2867 2899 2891 ,
2932 2842 3036 2881 non
3082 2824 3146 2881 ad
3178 2824 3385 2893 rixam;
3411 2839 3469 2882 ιιι
3494 2832 3662 2883 vocati

2089 2906 2292 2969 sumus,
2321 2893 2392 2947 ita
2423 2909 2752 2969 maneamus.
2776 2897 2903 2949 Cum
2920 2907 3149 2969 tremore
3174 2913 3508 2953 revercamur
3526 2915 3665 2969 mys-

2092 2962 2247 3038 ticam
2271 2979 2505 3017 meusam
2527 3005 2542 3027 ,
2574 2966 2765 3038 inqua
2788 2968 3081 3022 caelestium
3110 2971 3480 3038 mysteriorum
3514 2962 3663 3038 paiti-

2088 3036 2237 3101 cipes
2258 3049 2442 3093 sumus
2465 3052 2487 3106 7:
2521 3051 2587 3088 ne
2608 3036 2773 3089 simus
2801 3046 2986 3090 contra
3016 3053 3113 3091 nos
3142 3036 3283 3106 ipsos
3314 3036 3665 3094 mensaicou-

2089 3113 2283 3168 sortes,
2307 3113 2359 3156 et
2389 3105 2543 3158 nobis
2584 3117 2767 3158 mutuo
2794 3106 3102 3161 insidiantes
3135 3105 3242 3163 :ne
3282 3112 3368 3163 hic
3393 3113 3661 3164 communi

2088 3187 2287 3247 mensa
2315 3173 2553 3247 fruentes
2577 3216 2592 3240 ,
2622 3183 2675 3228 et
2724 3185 2873 3247 extra
2907 3177 3036 3230 rixis
3065 3177 3230 3233 dediti
3261 3196 3274 3232 :
3305 3194 3371 3233 ne
3413 3179 3499 3235 hic
3526 3181 3665 3247 ejus-

2086 3242 2207 3315 dem
2259 3242 2378 3315 fidei
2404 3256 2497 3309 ,et
2539 3254 2686 3299 extra
2731 3246 3040 3315 alienigena:
3068 3264 3083 3301 :
3110 3264 3176 3302 ne
3216 3250 3283 3303 de
3330 3251 3481 3305 nobis
3507 3242 3664 3304 etiam

2086 3313 2230 3366 dicat
2254 3313 2496 3371 Christus
2528 3333 2541 3370 :
2575 3314 2741 3369 Filios
2768 3313 2924 3384 genui
2953 3328 3005 3371 et
3030 3320 3248 3372 exaltavi
3288 3330 3335 3373 et
3361 3323 3571 3373 enutrivi
3602 3337 3664 3373 ex

2087 3396 2248 3437 carne
2276 3398 2395 3458 mea
2418 3426 2432 3441 .
2462 3388 2560 3454 ipsi
2599 3402 2714 3438 vero
2761 3397 3049 3453 spreverunt
3078 3405 3174 3442 me.
3209 3389 3326 3458 lpse
3354 3406 3529 3445 autem
3553 3392 3668 3445 Ser-

2088 3456 2517 3529 vatoromnium,
2540 3458 2914 3529 pacisatictor,
2943 3467 3179 3512 motuum
3212 3456 3439 3529 bellique
3462 3472 3662 3514 amato-

2088 3539 2199 3597 rem
2228 3524 2496 3597 diabolum
2526 3542 2553 3578 a
2591 3528 2741 3582 vobis
2780 3528 3011 3593 depellat
3038 3545 3052 3580 :
3082 3531 3196 3597 ipse
3224 3524 3382 3585 etiam
3414 3532 3667 3584 Ecclesiis

2089 3595 2199 3647 suis
2228 3596 2663 3670 tranquillitatem
2692 3600 2942 3670 conciliet
2971 3640 2985 3663 ,
3016 3595 3127 3667 ipse
3156 3614 3363 3655 sacrum
3392 3601 3530 3655 hunc
3557 3618 3669 3670 gre-

2087 3680 2205 3732 gem
2235 3679 2535 3738 conservet,
2567 3668 2680 3735 ipse
2706 3669 2881 3737 gregis
2907 3671 3189 3737 prtesidem
3216 3673 3479 3725 custodiat
3507 3712 3521 3734 ,
3556 3668 3669 3738 ipse

2095 3751 2235 3800 pium
2288 3745 2343 3789 et
2389 3737 2593 3810 _Christi
2666 3749 2934 3793 amantem
3000 3741 3371 3810 imperatorem
3426 3737 3669 3796 nostrum

2091 3814 2300 3880 tueatur
2341 3823 2353 3858 :
2387 3807 2499 3876 ipse
2545 3811 2595 3862 in
2634 3810 2814 3862 caulas
2840 3823 2965 3863 suas
2996 3807 3237 3864 errantes
3275 3826 3403 3867 oves
3428 3813 3665 3880 colligat,

2095 3875 2161 3949 Ut
2189 3877 2280 3942 ﬁat
2307 3875 2462 3931 unum
2492 3880 2619 3932 ovile
2640 3889 2686 3932 et
2729 3896 2859 3932 unus
2881 3890 3069 3949 pastor,
3099 3881 3152 3933 in
3181 3881 3394 3935 Christo
3424 3875 3670 3937 Jesu‘Do-

2089 3946 2234 4001 mino
2266 3956 2469 4015 nostro,
2498 3952 2581 4004 cui
2611 3950 2774 4019 gloria
2799 3951 2850 4002 in
2881 3946 3077 4003 secula
3120 3952 3443 4006 seculorum.
3473 3959 3663 4007 Amen.

411 4230 494 4291 X.
541 4249 850 4306 EIUSDEM,
897 4251 957 4292 IN
1004 4251 1342 4294 EVANGELII
1386 4252 1654 4309 DICTUM,
1700 4255 1781 4297 ET
1827 4259 1910 4299 DE
1954 4260 2392 4317 VIBGINITATE,
2438 4261 2521 4302 ET
2561 4259 2768 4302 SEBMO
2811 4259 3252 4302 HORTATORIUS
3317 4261 3402 4301 AD
3446 4262 3667 4306 ιΑΡδΑιι

1884 4362 2202 4407 VIRGINES.

480 4504 689 4561 Nullum
742 4504 965 4571 muigma
1026 4501 1243 4556 tradidit
1290 4518 1466 4575 seruio
1509 4505 1597 4558 Dei
1664 4507 1985 4575 inconsulto,

411 4580 493 4630 vel
547 4594 574 4627 a
621 4576 790 4629 salute
841 4585 1019 4628 nostra
1071 4575 1324 4628 alienum.
1372 4574 1522 4629 Unde
1580 4592 1707 4631 vero
1756 4589 1984 4633 tuentem

412 4663 582 4700 meam
618 4646 903 4713 explicem,
938 4645 1242 4713 frequenter
1272 4646 1521 4713 Cogitavi,
1553 4657 1605 4700 et
1646 4665 1754 4700 rem
1797 4650 1989 4703 exami-

414 4718 555 4776 navi,
587 4728 643 4768 ιιι
672 4716 903 4769 viderem
934 4716 1056 4784 quid
1086 4715 1184 4767 sibi
1218 4716 1346 4768 velit
1376 4716 1502 4768 illud
1534 4717 1672 4785 quod
1704 4736 1730 4769 a
1764 4718 1988 4773 Domino

411 4785 607 4856 dicitur
634 4786 682 4836 in
712 4784 1014 4856 Evangelia.
1054 4785 1229 4840 Multis
1256 4788 1396 4839 enim
1437 4786 1603 4839 multa
1652 4802 1741 4856 per
1762 4789 1986 4854 parabo-

415 4855 517 4908 lam
569 4854 771 4907 locutus
804 4854 886 4908 est
914 4895 929 4917 ,
960 4858 1078 4909 aliis
1115 4857 1347 4909 difficilia
1393 4854 1684 4921 explicans,
1715 4859 1833 4910 aliis
1862 4874 1990 4913 vero

416 4924 657 4979 revolans
685 4938 747 4976 ea
771 4940 886 4993 qua:
912 4926 1061 4977 nobis
1088 4926 1227 4977 clara
1254 4937 1374 4977 sunt
1398 4967 1412 4990 ,
1445 4940 1563 4980 eum
1593 4931 1660 4979 de
1690 4930 1859 4981 salute
1882 4945 1991 4983 ver-

416 4997 479 5050 ba
511 4992 633 5048 facit
662 5033 679 5059 ,
711 4992 891 5061 utpote
920 4994 1089 5068 bonus
1134 5006 1187 5048 et
1239 4996 1508 5068 hominum
1538 5013 1761 5068 amans,
1798 5001 1994 5068 perspi-

416 5078 572 5121 cuum
626 5075 679 5137 et
720 5080 823 5137 non
873 5064 1397 5137 cotil‘uanntradidit
1447 5064 1992 5137 mttigtnatum'speei-

418 5152 575 5199 meo;
606 5133 795 5189 alicubi
842 5133 1054 5205 quidem
1088 5132 1238 5205 nobis
1265 5149 1293 5186 a
1326 5137 1484 5189 rebus
1532 5132 1976 5205 quotidianis'ser

419 5209 589 5261 tnoois
630 5207 733 5258 vim
789 5204 1057 5273 exlilicare
1102 5204 1430 5269 valentibus;
1479 5204 1672 5260 alicubi
1722 5224 1847 5261 vero
1880 5220 1934 5261 ιιι
1963 5224 1990 5262 a

420 5286 681 5346 conceptu
719 5290 933 5331 seusmn
962 5274 1079 5343 ejus
1105 5273 1243 5342 quod
1266 5275 1458 5346 dicitur
1482 5277 1745 5330 ostendat.
1777 5278 1994 5333 Dicebat

423 5347 676 5401 Dominus
707 5364 720 5399 :
755 5347 980 5417 Angusta
1011 5357 1055 5397 et
1074 5354 1221 5417 arcta
1250 5345 1328 5417 via
1354 5355 1426 5397 est
1456 5386 1470 5408 ,
1499 5362 1623 5417 quas
1638 5347 1773 5399 ducit
1821 5350 1888 5400 ad
1923 5351 1995 5403 vi-

421 5428 523 5468 tum
548 5458 561 5477 ,
589 5427 635 5468 et
676 5421 821 5486 pauci
840 5416 969 5470 sunt
997 5416 1082 5484 qui
1125 5416 1381 5486 inveniunt
1411 5431 1539 5467 eain.
1595 5416 1724 5469 Lata
1754 5427 1918 5471 autem
1949 5428 1996 5473 ef

421 5488 643 5543 spatiosa
696 5488 775 5540 via
813 5498 884 5541 est
938 5502 1048 5556 qna:
1094 5486 1231 5538 ducit
1282 5485 1349 5536 ad
1380 5486 1738 5556 perditionmn,
1768 5497 1815 5541 et
1849 5489 2001 5543 multi

424 5566 543 5610 sunt
600 5557 686 5622 qui
739 5554 957 5610 intranti
985 5575 1078 5621 per
1138 5575 1252 5611 eam
1324 5554 1551 5627 (Matth.
1590 5556 1698 5619 VII,
1735 5558 1800 5611 14
1828 5599 1842 5621 ,
1888 5560 1995 5627 15).

426 5627 883 5696 tjm_i.ster_iiatioiiis
907 5636 987 5680 est
1008 5642 1207 5695 sermo.
1238 5625 1547 5694 ignorantia:
1568 5638 1651 5679 est
1680 5628 1863 5696 figura.
1892 5625 1999 5683 Ctir

426 5692 589 5757 dicit,
635 5691 877 5765 Luta_est
926 5692 1013 5748 via
1050 5697 1117 5749 ad
1156 5691 1523 5765 perditionem?
1568 5691 1811 5751 Christus
1863 5699 1999 5754 hanc

425 5766 567 5822 viam
616 5778 721 5817 non
764 5763 1032 5831 declarat;
1067 5763 1169 5821 non
1200 5771 1339 5821 enitn
1384 5781 1477 5836 per
1504 5766 1649 5822 illum
1680 5770 1839 5825 fiebat
1874 5771 1994 5825 ista.

2101 4511 2191 4564 Est
2241 4511 2396 4580 igitur
2470 4510 2944 4567 commiserationis
3009 4512 3251 4578 dictum,
3305 4514 3525 4569 medela:
3592 4527 3672 4571 est

2094 4598 2339 4635 ωιιιειιιει.

2166 4599 2194 4631 ιι
2237 4598 2339 4635 tua.

2164 4597 2231 4705 (.)8
2254 4652 2671 4705 benevolentiam
2719 4666 2839 4720 erga
2886 4650 3164 4706 homines!
3197 4669 3230 4705 o
3261 4654 3299 4704 D
3320 4655 3466 4707 ιπηῖηί
3509 4660 3671 4711 nostri

2093 4722 2310 4774 curam!
2339 4722 2495 4776 simul
2517 4732 2570 4775 et
2590 4722 2866 4775 victoriam
2896 4732 2949 4774 et
2974 4722 3180 4774 cladem
3212 4726 3481 4791 proponit.
3516 4729 3673 4781 siuml

2095 4801 2148 4845 et
2190 4792 2523 4864 clementiam
2573 4800 2627 4845 et
2673 4792 2839 4864 talem
2884 4793 3218 4845 sententiain.
3273 4792 3403 4847 Novi
3431 4835 3444 4853 .
3480 4797 3670 4864 inquit.

2097 4878 2252 4929 quam
2307 4863 2459 4916 labile
2502 4864 2571 4915 sit
2614 4877 2781 4927 genus
2829 4862 3113 4914 humanum
3148 4903 3161 4922 ,
3193 4879 3349 4930 quam
3382 4862 3669 4932 abjectiutn,

2097 4946 2251 5004 quam
2277 4933 2706 5004 infirmisoutlis,
2732 4948 2887 5001 quam
2919 4932 3198 5004 lubricum,
3225 4951 3380 5002 quam
3409 4951 3671 5004 expugna-

2099 5003 2223 5065 bile,
2254 5020 2406 5071 qnatn
2435 5003 2625 5065 debile,
2658 5012 2811 5071 quam
2834 5010 2990 5068 captu
3031 5001 3182 5056 facile
3206 5046 3218 5066 ,
3247 5006 3342 5057 nisi
3374 5001 3492 5057 fide
3520 5001 3673 5059 iobo-

2099 5084 2262 5125 retur.
2288 5073 2804 5127 Andivitlatanie~sc
2822 5074 2975 5127 viam.
3003 5083 3057 5126 et
3074 5076 3456 5128 accurritsicut
3476 5077 3587 5127 avis
3604 5074 3671 5127 ad

2101 5140 2344 5211 laqueum
2364 5160 2377 5206 ;
2397 5154 2669 5213 angustam
2702 5158 2820 5198 esse
2848 5144 3123 5209 audivit,et
3150 5146 3368 5200 salutem
3400 5145 3671 5212 fugit,non

2099 5214 2366 5280 eXplorata
2394 5217 2666 5283 utriusque
2696 5217 2935 5267 utilitate.
2957 5214 3118 5267 Lucta
3141 5217 3332 5284 quippe
3356 5215 3668 5283 postulatur,

2099 5292 2195 5335 eta
2218 5284 2390 5338 studio
2413 5284 2579 5353 fugit;
2620 5286 2953 5354 maximeque
2988 5301 3108 5337 cum
3139 5286 3283 5339 audit
3305 5284 3460 5338 illud:
3502 5286 3675 5338 Μιιιιιε

2103 5353 2780 5424 tribululionesjustorum,et
2798 5355 2859 5408 de
2873 5353 3102 5407 omnibus
3123 5356 3200 5407 Ιιὶε
3222 5354 3445 5407 liberabit
3459 5372 3543 5408 eos
3565 5354 3673 5409 ου-

2102 5424 2265 5493 minus
2284 5424 2642 5493 (ΡιλΧΧΙΙΙ,
2664 5424 2757 5493 20)
2781 5425 2873 5479 :ad
2899 5426 3267 5493 opitulatorein
3293 5439 3395 5476 non
3423 5427 3674 5489 accurrit,

2103 5493 2198 5565 sed
2222 5492 2396 5561 fugant
2426 5496 2690 5565 capessit,
2725 5492 2969 5565 ignorans
2992 5510 3050 5548 se
3078 5495 3268 5565 bonum
3300 5496 3497 5565 fugere,
3521 5498 3677 5550 etde-

2107 5563 2282 5616 tcriori
2303 5563 2576 5619 adlia‘rere
2616 5564 2659 5619 Ο
2686 5563 3064 5633 insipientiam!
3093 5563 3224 5617 Cum
3256 5564 3676 5630 atttlircs,Mu1ta

2106 5632 2450 5704 tribulatioues
2472 5636 2728 5704 justorum
2750 5676 2764 5698 ,
2790 5632 3038 5689 idefccisti
3059 5676 3074 5696 ,
3118 5650 3149 5683 ιι
3181 5634 3368 5689 homo!
3416 5636 3547 5688 (ἰιιιιι
3580 5655 3675 5686 an-

2105 5701 2270 5767 dit'cs,
2320 5701 2487 5757 Multa
2529 5706 2734 5774 ﬂagella
2778 5716 3047 5775 peccatoris
3094 5706 3272 5769 (Paul.
3316 5705 3522 5761 XXXI.
3570 5709 3675 5773 10),

2107 5789 2210 5826 nun
2255 5775 2566 5831 tcrrcfaetus
2601 5777 2691 5831 es!
2750 5776 2854 5830 into
2892 5778 3063 5847 potius
3103 5776 3363 5846 flagellum
3413 5777 3627 5831 timuisti
3655 5816 3673 5843 ,
