4054 6216
342 390 401 445 ιτ
1636 384 1877 440 διιυιιιλ
1921 384 2247 450 ρυίιςυλιιι.
3500 386 3565 435 48

336 505 445 572 quia
486 500 704 556 Ascendo
738 502 818 572 uti
868 499 1071 572 Patrem
1122 514 1285 551 meum
1320 499 1415 572 :_si
1459 498 1600 572 enim
1639 515 1737 572 ego
1777 515 1880 553 non

333 568 505 628 abeam
524 612 540 634 ,
570 571 871 624 consolator
899 570 965 623 ad
996 582 1091 622 vos
1119 584 1220 622 non
1254 568 1451 624 veniet.
1496 569 1605 636 Ego
1635 571 1787 632 abeo,
1829 579 1884 624 et

335 650 440 711 post
464 642 643 695 decem
669 641 784 695 dies
824 642 975 692 mitto
1003 639 1680 711 consolatorem,sauclum
1718 650 1770 692 et
1800 640 1881 693 vi-

332 707 612 765 viﬁcantem
639 711 910 776 Spiritum.
938 711 1109 777 Atque
1139 709 1228 761 illo
1255 707 1370 761 lucc
1389 708 1617 769 dicente,
1640 723 1765 763 ecce
1787 723 1882 762 an-

327 781 551 851 gelorum
596 780 877 851 multitudo
920 779 1286 851 circumciuxit
1322 794 1461 851 eum,
1510 788 1563 831 et
1601 777 1878 851 seraphim

328 847 693 904 obumbrantes
728 859 781 903 et
818 849 1074 913 dicentes,
1104 848 1344 909 Sanctus,
1376 847 1615 913 Sanetus,
1640 848 1877 911 Sanctus,

327 919 560 973 Dominus
589 920 726 973 Deus
755 919 1101 979 exercituum;
1125 918 1275 985 plena
1303 918 1443 971 enim
1470 927 1590 971 sunt
1611 918 1800 971 cwlum
1829 928 1881 972 et

328 1002 447 1042 terra
471 990 629 1058 gloria
657 991 765 1056 ejus
792 987 943 1057 (Isai.
977 986 1061 1050 VI,
1084 989 1162 1053 3).
1190 990 1268 1058 Ac
1292 988 1467 1040 statim
1491 987 1678 1041 nebula
1706 987 1877 1041 lucida

328 1057 509 1114 obtexit
532 1066 789 1123 montem,
818 1069 872 1111 et
897 1058 1042 1112 chori
1076 1057 1450 1126 prophetarum
1476 1058 1526 1110 in
1551 1068 1729 1112 monte
1754 1072 1879 1111 con-

328 1128 683 1198 gregabantur.
724 1129 889 1182 David
930 1138 1104 1181 autem
1134 1143 1254 1198 cum
1295 1128 1557 1198 spirituali
1585 1128 1788 1198 cithara
1826 1128 1876 1180 in

325 1195 487 1253 medio
509 1208 623 1251 erat
650 1198 1028 1268 prophetarum
1052 1197 1321 1268 omnium_;
1352 1206 1405 1268 et
1440 1195 1620 1251 Iesum
1660 1197 1880 1268 hortans

327 1280 378 1321 ut
400 1269 449 1321 iu
472 1265 664 1322 cmluni
689 1268 1024 1331 ascenderet,
1048 1267 1176 1321 dixit
1207 1283 1220 1317 :
1255 1265 1498 1319 Exaltare
1521 1283 1671 1334 super
1705 1266 1874 1329 melos,

324 1336 485 1407 Deus;
508 1349 554 1390 et
577 1340 631 1391 in
651 1354 849 1391 onmem
878 1348 1063 1391 terram
1098 1336 1263 1407 gloria
1310 1348 1397 1407 tua
1430 1335 1777 1407 (PsalzLVl,
1813 1336 1880 1390 12

322 1418 366 1478 et
392 1406 611 1473 XCVIII,
640 1406 716 1477 6).
748 1407 816 1461 Et
840 1407 1094 1478 apostolis
1135 1407 1284 1478 dixit,
1334 1406 1572 1478 Exaitate
1607 1406 1877 1478 Dominum

322 1477 476 1531 Deum
498 1476 743 1542 nostrum,
765 1488 814 1532 et
832 1476 1044 1531 adoriae
1056 1476 1327 1530 scabellum
1369 1476 1553 1545 pedum
1593 1476 1725 1545 ejus.
1757 1492 1875 1543 quo-

322 1549 452 1600 niam
475 1558 697 1600 sanctum
722 1557 814 1602 est.
838 1547 906 1601 Et
930 1563 1074 1611 ecce,
1103 1548 1167 1601 iis
1196 1546 1613 1614 inspicieutibus,
1639 1546 1878 1598 sublatus

321 1627 419 1681 est,
445 1628 496 1671 et
520 1618 707 1672 nebula
738 1618 908 1670 lucida
939 1619 1139 1686 accepit
1163 1632 1304 1671 eum.
1335 1616 1507 1684 Atque
1535 1617 1723 1668 iterum
1750 1614 1781 1667 ιι
1806 1626 1878 1668 ett

320 1686 562 1741 Dominus
586 1687 863 1755 discipulis
899 1705 911 1741 :
934 1686 1050 1741 Pax
1075 1686 1208 1740 vobis
1229 1702 1249 1740 :
1268 1702 1442 1754 pacem
1463 1702 1623 1738 meum
1649 1686 1715 1738 do
1740 1686 1877 1739 vobis

1989 498 2170 567 (lonn.
2216 495 2351 559 XIV,
2381 496 2493 560 27).
2547 495 2909 567 Cuinquelmc
2934 494 3158 567 dixerat,
3192 508 3295 547 non
3336 496 3560 567 amplius

1989 564 2360 637 aspiciebatur.
2392 566 2523 637 Cum
2568 575 2742 637 autem
2790 564 2949 637 David
3003 572 3247 637 cerneret
3282 565 3424 632 quod
3460 566 3557 617 Do-

1988 632 2163 691 minus
2204 638 2255 690 in
2303 636 2495 690 caelum
2542 636 2893 699 ascenderat;
2927 634 3123 688 iterum
3149 632 3459 696 delectatus,
3501 652 3559 688 ac

1989 709 2202 773 pulsans
2239 707 2496 761 citharam
2541 705 2863 772 spiritualem
2887 745 2901 769 ,
2933 703 3066 756 dixit
3098 720 3121 773 ί
3146 703 3384 757 Ascendit
3425 703 3559 757 Deus

1985 772 2037 829 in
2063 778 2230 846 jubilo
2254 816 2269 841 ,
2300 785 2347 830 et
2388 774 2635 846 Dominus
2662 774 2712 827 in
2755 790 2869 846 voce
2896 773 3025 846 (abte
3054 772 3232 846 (Psal.
3268 773 3447 846 XLVI,
3481 773 3558 846 6).

1988 843 2142 901 Paier
2183 846 2406 914 desuper
2450 843 2750 898 acclamans
2788 844 2946 908 dixit,
2977 843 3159 898 Sedea
3184 844 3373 895 dextris
3415 845 3555 908 meis,

1984 917 2141 969 donec
2179 932 2364 981 ponam
2402 915 2631 968 inimicos
2682 926 2790 967 (uos
2841 914 3112 966 scabeflnm
3145 914 3328 981 pedum
3360 924 3558 966 (uorum

1985 933 2141 969 donec
2213 933 2364 969 οηαηι
2402 933 2631 968 ιηιιηιεοδ
2682 933 2790 967 (I103
2841 933 3112 966 καθειμένη
3145 933 3328 981 peaum
3360 933 3558 966 ιιιονιιιη

1985 985 2141 1056 (CIX,
2175 933 2362 1056 I’)._'_l‘u
2388 999 2446 1056 es
2471 980 3057 1056 iiiusmeus‘dilectus,
3082 984 3134 1035 iu
3154 999 3252 1052 quo
3276 983 3399 1035 mihi
3420 999 3558 1036 cont-

1984 1052 2155 1126 placui
2203 1054 2437 1126 (Matth:
2484 1052 2572 1117 Ill,
2618 1054 2743 1123 l7);
2780 1064 2833 1108 tu
2884 1069 2942 1107 es
2997 1066 3164 1122 agnus
3192 1068 3360 1115 meus,
3398 1063 3451 1106 tu
3502 1066 3562 1126 es

1982 1122 2035 1181 in
2083 1125 2330 1193 principio
2384 1122 2600 1176 Verbum
2639 1122 2814 1178 meum
2860 1138 3067 1193 verum.
3123 1131 3175 1175 tu
3222 1137 3279 1176 es
3325 1124 3557 1190 potentia

1982 1212 2122 1260 mea,
2168 1203 2222 1248 tu
2248 1192 2309 1249 es
2340 1194 2594 1262 sapientia
2644 1208 2778 1247 mea.
2830 1193 2895 1247 Et
2936 1209 3001 1247 eo
3043 1192 3094 1246 in
3134 1193 3326 1246 coelum
3369 1207 3558 1262 ascen-

1978 1268 2140 1324 dente
2163 1304 2179 1328 ,
2222 1260 2413 1318 omnes
2439 1263 2730 1317 Potestates
2759 1262 3051 1317 arlorabant
3080 1262 3226 1316 illum
3260 1278 3275 1327 ;
3319 1260 3559 1329 seditque

1985 1351 2017 1391 a
2053 1335 2256 1389 dextris
2301 1334 2492 1399 Palis,
2532 1347 2655 1387 eum
2698 1332 3041 1399 adimplesset
3081 1347 3293 1385 omnem
3340 1345 3560 1386 (nconc-

1983 1384 2151 1460 titiairi
2160 1384 2665 1470 :eonst’tfsta'ntialis
2692 1384 2831 1455 Patri
2847 1384 3102 1456 reitisteus
3158 1384 3415 1469 ejusdem
3454 1384 3551 1469 po-

1984 1476 2184 1538 lentiae,
2220 1489 2322 1527 una
2351 1472 2618 1536 divinitas,
2644 1487 2744 1524 una
2776 1481 3030 1540 potestas,
3076 1471 3244 1524 Patris
3272 1480 3326 1525 et
3358 1471 3474 1526 Filii
3505 1480 3559 1524 et

1983 1545 2215 1611 Spiritus
2236 1543 2400 1596 sancti
2432 1559 2444 1593 :
2478 1558 2636 1610 quam
2667 1541 2979 1596 Trinitatem
3012 1556 3108 1594 nos
3138 1541 3320 1595 iideles
3358 1541 3552 1594 adora-

1984 1629 2138 1674 tuus,
2193 1628 2331 1668 nunc
2368 1621 2422 1668 et
2466 1628 2716 1682 semper,
2772 1621 2826 1666 et
2887 1612 2938 1667 iu
2998 1611 3175 1666 secula
3232 1611 3555 1665 seculorum.

1983 1688 2172 1738 Amen.

319 1914 374 1957 IN
413 1912 642 1956 CODICE
685 1912 788 1955 IS.
835 1909 1257 1959 COISLINIANO,
1300 1909 1461 1953 NUM.
1526 1908 1769 1964 LXXVII,
1818 1908 1869 1950 Ρ.

1976 1888 2063 1960 i7,
2120 1908 2390 1952 BOMILIL
2448 1906 2727 1959 sequens
2798 1907 3118 1950 manus.
3180 1905 3294 1949 EST
3340 1908 3555 1954 aurea:

387 2011 589 2054 (ζουεί
634 2009 703 2051 XI
747 2007 990 2064 SECULI,
1035 2006 1430 2059 MULTUHQUE
1465 2007 1813 2051 DISCREPAT
1841 2009 1922 2051 ΔΒ
1948 2007 2322 2051 ΔΡΟῦΒΔΡΗΟ
2365 2008 2428 2050 ν.
2473 2007 2570 2050 αι.
2619 2006 2849 2051 ΒΟΜΙΝΙ
2892 2008 3162 2065 τΔΥιοιι,
3209 2012 3316 2063 QUI
3364 2012 3555 2056 ιιιΑιι

387 2111 753 2155 ειεοιιινδιτ
794 2110 881 2153 EX
922 2108 1172 2164 CODICE,
1217 2107 1324 2151 UBI
1366 2108 1585 2151 MAGNA
1628 2108 1783 2152 PARS
1827 2106 1868 2151 Η

1976 2107 2112 2150 [LIB
2153 2107 2219 2150 IN
2262 2106 2411 2150 FINE
2453 2106 2919 2150 DESIDERA'I‘UB.

314 2256 518 2303 SANCTI
562 2254 790 2299 PATRIS
833 2253 1059 2298 NOSTBI
1098 2252 1357 2297 JOANNIS
1385 2253 1845 2311 οειιιγεοετοω,
1876 2252 2355 2299 ARCHIEPISCOPI
2388 2252 3143 2301 CONSTANTINOPOLITANI.
3182 2257 3446 2303 lIDMllJA
3494 2262 3555 2301 ωε

995 2352 1290 2396 STAGNUM
1330 2353 1723 2410 GENESARBT,
1769 2355 1849 2397 ΕΤ
1892 2355 1956 2397 IN
2001 2354 2051 2397 S.
2100 2354 2355 2397 PETRUM
2402 2354 2796 2398 APOSTOLUM.

370 2486 588 2555 Quando
621 2484 854 2540 celebris
889 2494 972 2539 est
1010 2484 1282 2553 magister,
1313 2484 1751 2555 tuncrdiscipulus
1792 2464 1875 2540 est.

310 2554 753 2626 obsequens,tuuc
772 2555 1060 2625 discipulus
1076 2555 1267 2610 bonam
1280 2569 1428 2623 Spem
1446 2554 1605 2609 habet
1625 2572 1640 2608 :
1664 2556 1874 2624 quando

315 2630 548 2696 magister
571 2638 659 2681 est
688 2626 901 2689 alacris,
937 2635 1058 2680 tunc
1079 2626 1218 2681 idem
1246 2626 1495 2695 magister
1517 2626 1720 2679 lucrum
1752 2641 1873 2694 per-

319 2700 471 2767 cipit:
496 2713 614 2750 cum
645 2696 936 2764 discipulus
961 2696 1284 2765 diligentiam
1310 2696 1552 2767 exhibet.
1580 2705 1705 2749 tunc
1736 2696 1872 2750 idem

319 2765 587 2837 discipulus
617 2767 856 2835 magistri
900 2777 1068 2821 artem
1098 2767 1294 2837 excipit
1318 2807 1334 2830 ,
1379 2765 1592 2837 quando
1617 2768 1873 2820 exercita-

316 2835 501 2892 tionem
527 2847 579 2890 nt
610 2849 816 2905 gratam
848 2838 1204 2904 amplectitur.
1227 2836 1370 2890 Alias
1395 2835 1538 2889 enim
1569 2850 1672 2889 non
1700 2844 1871 2905 potest

311 2924 527 2975 unquam
562 2908 829 2976 magister
852 2907 1169 2971 enitescere,
1200 2907 1299 2959 nisi
1330 2906 1572 2973 discipuli
1603 2906 1871 2960 lucernam

309 2993 565 3031 accensam
596 2979 840 3031 inveniat
868 2976 987 3030 oleo
1016 2977 1212 3031 amoris
1238 2976 1532 3045 disciplina:
1560 2976 1828 3045 irrigatam
1855 2993 1868 3027 :

308 3058 354 3101 et
376 3046 499 3102 alias
539 3064 656 3101 non
687 3058 861 3116 potest
887 3047 1176 3116 discipulus
1200 3046 1499 3116 splendere,
1532 3046 1630 3099 nisi
1659 3047 1868 3115 sapien-

309 3122 383 3172 tize
402 3121 539 3174 rivos
558 3115 783 3172 abunde
806 3115 1056 3183 magister
1076 3116 1330 3171 effundat.
1354 3115 1483 3169 Nam
1509 3117 1715 3185 utrique
1740 3118 1871 3186 parti

305 3203 448 3244 cursu
484 3204 631 3258 Opus
660 3199 743 3241 est
768 3198 816 3241 et
843 3187 1112 3253 diligentia
1136 3229 1151 3253 ,
1182 3196 1234 3241 et
1265 3195 1322 3240 ut
1364 3187 1565 3258 melius
1590 3187 1868 3258 aedilicium

302 3256 657 3319 construatur,
679 3270 960 3324 utrumque
974 3268 1177 3326 oportet
1199 3272 1292 3311 sua
1318 3272 1412 3326 pro
1435 3257 1571 3311 virili
1593 3256 1869 3313 conferre:

299 3330 361 3381 ita
384 3341 436 3383 ut
461 3332 545 3384 hic
565 3330 794 3398 quidem
818 3328 1048 3396 linguam
1068 3335 1243 3392 acuat,
1273 3327 1360 3382 ille
1382 3342 1507 3382 vero
1532 3343 1685 3381 aures
1708 3328 1871 3396 probe

298 3399 531 3454 adhibeat
555 3418 573 3453 :
599 3407 669 3452 et
690 3398 776 3451 hic
802 3399 1014 3466 quidem
1047 3398 1370 3451 intellectum
1400 3404 1535 3452 bene
1557 3399 1868 3452 instructum

299 3468 495 3535 habeat,
524 3471 628 3525 ille
660 3483 791 3522 vero
819 3478 1051 3522 mentem
1082 3469 1415 3535 tranquillam
1457 3468 1710 3536 prteheat.
1748 3468 1870 3522 Htec

298 3549 460 3594 autem
487 3557 593 3594 non
630 3540 809 3594 solum
838 3540 890 3591 in
919 3536 1078 3591 rebus
1103 3539 1375 3606 corporeis
1401 3539 1697 3592 necessaria
1723 3547 1866 3603 sunt,

296 3609 379 3663 sed
415 3612 575 3665 etiam
628 3611 685 3664 in
729 3608 1092 3676 spiritualibus
1134 3608 1387 3662 curanda.
1433 3608 1579 3663 Sicut
1623 3608 1764 3663 enim
1814 3608 1867 3663 in

297 3682 555 3744 corporeis
581 3696 694 3734 non
722 3679 877 3732 aliter
905 3692 1035 3747 puer
1057 3692 1088 3732 a
1112 3678 1257 3747 virga
1280 3678 1555 3743 liberatur,
1580 3693 1739 3747 quam
1761 3678 1868 3733 dis-

296 3749 494 3820 ciplinis
520 3748 860 3820 iuvigilando
888 3765 901 3801 :
932 3749 1002 3802 ita
1026 3751 1185 3820 etiam
1212 3748 1265 3801 in
1288 3747 1552 3820 doctrinis
1566 3748 1868 3820 Aspirituali-A

296 3817 404 3878 bus.
425 3838 528 3875 non
544 3817 713 3875 aliter
735 3834 763 3872 a
784 3818 1227 3874 condemnatione
1250 3819 1541 3873 absolvitur
1564 3818 1742 3883 homo,
1765 3818 1867 3873 nisi

297 3888 342 3941 in
383 3890 497 3961 lege
541 3891 783 3955 Domini,
822 3899 888 3961 ut
924 3891 998 3943 ait
1046 3888 1324 3961 prOpheta,
1364 3889 1648 3944 meditetur
1685 3889 1868 3961 dieac

298 3957 456 4016 nocte.
485 3962 625 4018 Cum
672 3965 791 4015 haec
819 3960 978 4028 igitur
1003 3961 1070 4013 ita
1100 3971 1158 4012 se
1186 3957 1454 4025 habeant,
1486 3967 1540 4014 et
1567 3974 1752 4014 omnes
1782 3958 1868 4013 hic

297 4044 575 4094 prasente:
604 4033 783 4086 simus
816 4029 1013 4084 Christi
1037 4028 1382 4095 condiscipuli
1410 4046 1424 4094 ;
1456 4044 1620 4083 unum
1646 4028 1787 4083 enim
1814 4037 1869 4087 et

294 4102 524 4158 eumdem
558 4103 829 4157 habemus
870 4114 1057 4154 omnes
1097 4098 1448 4153 institutorem
1479 4108 1534 4153 et
1568 4099 1864 4164 doctorem,

297 4167 574 4235 Christum,
594 4171 898 4227 secundum
929 4168 1056 4224 illud
1095 4168 1329 4222 divinum
1357 4169 1557 4223 dictum
1580 4210 1595 4233 ,
1631 4169 1697 4222 Et
1724 4178 1867 4225 erunt

293 4254 448 4311 onum
474 4244 729 4297 docibiles
752 4238 844 4294 Dei
868 4238 1139 4311 (Joan.VI,
1164 4237 1254 4308 45)
1278 4253 1292 4290 ;
1320 4254 1439 4309 age,
1468 4239 1626 4294 hodie
1656 4255 1867 4311 quoque

292 4308 544 4390 duplicem
574 4312 821 4366 auditum
842 4352 857 4377 ,
879 4308 1214 4390 spiritualem
1241 4308 1430 4390 nempe
1449 4320 1506 4390 et
1523 4308 1862 4390 carpere-um,

293 4377 438 4435 latius
480 4396 814 4452 apparemus
842 4377 1244 4452 ad’doctrinam
1281 4377 1521 4452 Domini;
1546 4377 1864 4452 iut‘verbum

290 4453 425 4516 (nasi
448 4448 643 4508 semen
660 4452 988 4520 excipientes
1013 4466 1078 4504 ex
1106 4448 1371 4503 fructuosa
1397 4450 1481 4502 illa
1508 4451 1866 4520 obsequentia:

292 4523 446 4589 spica,
494 4524 775 4590 possimus
818 4525 1044 4576 fructum
1098 4521 1333 4587 proferre
1380 4522 1462 4575 vel
1514 4524 1862 4588 trigesimum.

294 4591 362 4643 vel
391 4596 851 4663 sexagesimum,
903 4591 989 4663 vel
1033 4590 1405 4663 centesimum.
1459 4591 1668 4663 Audisti
1723 4595 1863 4647 enim

290 4661 439 4714 modo
481 4660 691 4732 Lucam
740 4661 1117 4732 evangelistam
1161 4660 1475 4732 clamantem
1521 4676 1537 4715 :
1582 4662 1865 4715 Ascendens

289 4740 445 4785 autem
469 4730 632 4787 Iesus
658 4733 713 4786 in
740 4730 899 4786 unani
923 4732 1091 4801 navim
1119 4746 1254 4801 (μιαίΔ
1266 4740 1373 4783 erat
1401 4730 1645 4801 Simonis,
1672 4733 1866 4801 rogavit

290 4814 394 4871 eum
419 4818 453 4855 a
478 4814 624 4857 terra
664 4802 904 4857 reducere
931 4798 1171 4870 pusillum
1199 4798 1351 4871 (Luc.
1390 4799 1451 4867 V,
1488 4801 1564 4869 5).
1599 4800 1661 4854 Et
1689 4798 1865 4856 sedens

292 4869 482 4925 docebat
509 4873 576 4926 de
602 4874 843 4927 nauicula
869 4869 1058 4926 turbas.

353 4940 541 4998 Vidisti
588 4942 831 5012 Magistri
862 4942 1094 4997 divinam
1117 4940 1466 5012 doctrinam?
1494 4939 1669 4993 vidisti
1700 4942 1864 4997 turbae

288 5013 561 5067 amabilem
598 5011 1016 5068 collectionem?
1046 5011 1222 5065 vidisti
1263 5011 1643 5080 discipulorum
1672 5013 1864 5067 aninue

290 5082 458 5136 utilem
504 5083 890 5153 diligentiam?
932 5082 1108 5153 vidisti
1159 5081 1433 5153 hominum
1476 5082 1732 5153 mercede
1786 5083 1864 5137 di-

289 5165 430 5217 gnam
462 5149 964 5220 perséverauliam?
988 5152 1123 5207 Num
1150 5152 1268 5221 quis
1294 5166 1358 5205 ex
1386 5149 1724 5205 audientibus
1754 5168 1866 5207 ver-

295 5226 401 5275 taun
432 5224 525 5277 Dei
558 5222 791 5278 affectus
814 5232 897 5277 est
928 5224 1107 5288 tredio,
1138 5221 1221 5276 vel
1250 5236 1282 5274 a
1311 5230 1499 5290 stagno
1538 5221 1685 5284 abiit,
1719 5224 1797 5277 vel
1832 5238 1862 5276 a

295 5303 457 5347 monte
491 5294 805 5358 descendit,
844 5293 928 5347 vel
960 5294 1165 5363 rogavit
1204 5291 1407 5357 dicens,
1435 5303 1495 5363 ut
1526 5291 1684 5362 aliqui
1730 5308 1864 5361 pra:-

296 5365 506 5417 seutium
542 5380 557 5416 :
585 5363 700 5417 Cur
726 5362 1299 5418 sermonemextendis
1320 5404 1337 5429 ,
1365 5362 1656 5431 magister?
1694 5364 1864 5417 habeo

295 5432 419 5494 ttuod
448 5448 633 5502 agam,
662 5442 937 5502 exapectat
966 5448 1050 5487 me
1075 5436 1302 5487 societas
1364 5436 1589 5494 uzedam,
1628 5433 1862 5487 nondum

295 5501 349 5554 ad
372 5503 663 5557 modium
687 5506 986 5557 necessaria
1013 5505 1139 5557 emi.
1168 5448 1377 5557 lavanIIi
1407 5512 1614 5557 tempus
1640 5515 1861 5557 nrazter-

294 5501 349 5576 ad
372 5501 663 5576 prandium
687 5506 986 5576 necessaria
1013 5505 1139 5567 emi,
1168 5501 1377 5576 lavandi
1407 5512 1614 5576 tempus
1640 5515 1861 5573 prmter-

294 5572 367 5643 iit,
388 5575 608 5627 demum
656 5584 813 5629 cestus
855 5590 939 5629 me
968 5574 1179 5628 invasit.
1225 5572 1360 5627 Num
1390 5573 1511 5643 quis
1535 5588 1600 5628 ex
1633 5572 1865 5643 prasen-

294 5641 443 5713 tibus,
482 5643 579 5698 illo
621 5653 881 5713 tempore,
912 5645 1135 5699 Domino
1163 5644 1351 5697 horum
1376 5641 1647 5713 quidpiam
1688 5644 1864 5698 dixit?

290 5708 634 5784 I‘iequaquam
684 5708 936 5781 profecto.
967 5713 1190 5780 Quare?
1228 5714 1361 5779 Quia
1393 5708 1651 5768 noverant
1692 5716 1860 5784 ipsum

294 5779 426 5853 bona
460 5779 649 5836 omnia
687 5779 861 5840 dicere
889 5786 941 5839 in
974 5779 1212 5853 tempore
1249 5799 1367 5839 suo.
1411 5784 1661 5838 Introiisti
1696 5779 1745 5839 in
1776 5801 1864 5841 ee-

292 5848 502 5909 desiatn
548 5854 675 5917 Dei,
716 5855 902 5927 dignus
942 5848 1151 5913 habitus
1191 5870 1250 5912 es
1298 5854 1495 5911 Christi
1535 5870 1866 5925 congressu:

1988 2487 2090 2541 nisi
2117 2486 2419 2545 dimittaris.
2462 2502 2528 2542 ne
2556 2502 2715 2541 exeas
2742 2504 2756 2550 ;
2800 2489 2843 2540 si
2870 2489 3010 2543 enim
3039 2500 3163 2545 ante
3189 2489 3553 2548 dimissionem

1986 2573 2166 2631 exeas,
2201 2568 2257 2612 ut
2286 2556 2538 2631 fugitivus
2561 2558 2697 2631 viam
2720 2557 2923 2631 dirigis.
2956 2558 3059 2614 Sex
3082 2559 3268 2631 diebus
3298 2562 3349 2616 in
3370 2576 3557 2631 corpo-

1983 2628 2182 2682 ratibus
2223 2629 2521 2699 occuparis,
2562 2637 2616 2682 et
2657 2628 2862 2682 duabus
2910 2628 3056 2683 horis
3094 2630 3144 2682 in
3191 2628 3555 2699 spiritualihus

1982 2713 2214 2753 versare.
2246 2697 2360 2752 Noli
2392 2698 2478 2751 hic
2504 2698 2827 2756 contristari.
2856 2709 2905 2753 et
2933 2699 3074 2753 foras
3100 2697 3283 2756 hilaris
3309 2717 3460 2763 esse;
3491 2722 3557 2759 ne

1983 2767 2067 2823 hic
2090 2769 2311 2831 nutatio,
2334 2777 2388 2838 et
2411 2767 2539 2838 foris
2564 2769 2789 2821 attentio
2814 2786 2828 2833 ;
2853 2770 2957 2822 noli
2983 2770 3067 2823 hic
3088 2769 3326 2838 laudare,
3350 2784 3401 2827 et
3430 2774 3557 2830 foris

1984 2838 2300 2905 vituperare.
2331 2837 2439 2891 Res
2477 2837 2680 2891 Domini
2711 2839 3024 2905 apponimus
3056 2858 3068 2893 :
3100 2856 3165 2893 an
3198 2837 3325 2895 vero
3353 2843 3556 2897 fabulas

1982 2906 2289 2978 loquimur?
2320 2905 2691 2978 prophetarum
2721 2909 2880 2961 verba
2913 2909 3133 2977 legimus
3165 2927 3177 2960 :
3207 2926 3272 2963 an
3316 2928 3440 2965 vero
3462 2914 3554 2978 ju-

1978 2986 2092 3032 stus
2130 2976 2469 3031 fastidimus?
2497 2978 2857 3044 apostolorum
2898 2976 3217 3033 intentionem
3253 2976 3507 3035 habemus
3541 3003 3550 3037 :

1976 3063 2044 3101 an
2068 3062 2195 3102 vero
2222 3057 2396 3116 patres
2427 3046 2576 3119 nihili
2616 3048 2834 3119 facimus
2861 3047 2883 3100 ?
2912 3047 2968 3101 In
3001 3048 3263 3103 theatrum
3295 3065 3435 3119 smpe
3464 3069 3551 3107 as-

1977 3119 2181 3183 cendis,
2213 3128 2267 3173 et
2285 3125 2407 3172 ante
2432 3118 2792 3173 dimissionem
2818 3134 2920 3173 non
2949 3119 3262 3184 descendis;
3297 3122 3347 3174 iu
3376 3118 3549 3175 eccle-

1978 3189 2111 3260 siam
2140 3204 2270 3260 vero
2294 3189 2488 3251 intras,
2520 3198 2573 3260 et
2602 3200 2723 3260 ante
2748 3189 2922 3243 divina
2952 3193 3202 3259 mysteria
3243 3194 3550 3260 egrederis?

1976 3258 2151 3313 Metue
2193 3259 2340 3312 illum
2376 3260 2463 3326 qui
2512 3259 2644 3313 dixit
2685 3277 2697 3311 :
2734 3260 2833 3325 Qui
2878 3258 3143 3314 contemnit
3190 3258 3313 3323 reni,
3360 3264 3422 3315 ab
3464 3266 3551 3317 ilin

1974 3339 2331 3401 contemneturr
2372 3329 2550 3401 (freta.
2580 3328 2718 3394 XIII,
2754 3332 2861 3401 15).
2891 3331 3026 3396 Quid
3060 3348 3185 3398 ergo
3216 3333 3339 3385 dicit
3382 3334 3549 3387 Luem

1974 3400 2341 3470 evangelista?
2373 3398 2586 3452 Factum
2625 3411 2695 3453 est
2731 3398 2844 3454 cunt
2895 3400 3038 3454 turba
3091 3403 3298 3455 irrueret
3361 3405 3411 3454 in
3459 3405 3543 3457 Je-

1974 3486 2105 3543 sttnt.
2126 3482 2171 3543 et
2189 3471 2296 3536 ipse
2313 3470 2476 3543 stabat
2500 3486 2641 3543 secus
2667 3480 2897 3543 stagnum
2913 3471 3189 3543 ‘Genesaret
3210 3472 3362 3540 (Luc.
3384 3474 3445 3537 γ,
3477 3476 3547 3543 1).

1974 3538 2018 3593 Ο
2049 3540 2267 3612 peritam
2311 3540 2515 3612 Domini
2541 3538 2834 3595 doctrinam
2859 3542 2872 3595 !
2904 3540 3092 3597 ﬂuvius
3120 3538 3272 3598 secus
3296 3538 3542 3612 stagnum

1974 3610 2147 3664 stabat
2170 3625 2184 3673 ;
2209 3611 2314 3663 imo
2334 3625 2459 3663 vero
2484 3610 2752 3664 hominum
2782 3613 3171 3679 piseatorvenit
3192 3613 3257 3666 ad
3282 3610 3547 3679 stag—num.

1976 3687 2032 3753 ut
2069 3679 2563 3753 pisciunieaptores
2591 3691 2824 3753 caperet.
2854 3682 2993 3735 Nihil
3022 3682 3166 3736 enim
3198 3684 3380 3738 Inutile
3408 3688 3546 3753 apud

1976 3749 2254 3803 Dominum
2281 3749 2584 3804 Christum:
2614 3749 2717 3805 nun
2743 3751 2911 3813 locus.
2940 3768 3043 3805 non
3076 3767 3273 3815 sermo,
3296 3769 3400 3807 non
3431 3749 3547 3808 sua.

1972 3834 2113 3887 gma,
2144 3833 2248 3873 non
2280 3827 2576 3889 suggestus.
2606 3821 2737 3887 Quia
2762 3822 2901 3875 enim
2930 3822 3137 3886 Petrus,
3172 3823 3430 3888 Andreas,
3462 3824 3547 3878 Ja-

1972 3891 2136 3945 cobus
2176 3898 2230 3944 et
2271 3888 2504 3944 Ioannes
2546 3889 2599 3944 in
2641 3900 2827 3960 stagno
2868 3891 3158 3947 Genesaret
3209 3893 3545 3960 piscatoriam

1971 3968 2140 4014 artem
2169 3961 2520 4025 exercebant,
2551 3960 2605 4014 in
2632 3961 2856 4015 occultis
2885 3977 3033 4029 spem
3066 3962 3319 4015 habentes
3338 4002 3353 4025 ,
3383 3964 3546 4015 scissa

1972 4031 2101 4084 retia
2125 4031 2403 4099 iacientes,
2433 4044 2552 4084 cum
2583 4031 2842 4085 immenso
2874 4031 3133 4099 profundo
3157 4040 3545 4096 concertantes,

1970 4102 2272 4155 nescientes
2321 4114 2571 4170 quorsum
2616 4109 2825 4155 vertere
2870 4115 2928 4154 se
2967 4111 3255 4170 oporteret,
3316 4100 3549 4156 furantes

1971 4172 2138 4240 magis
2165 4186 2321 4240 quam
2347 4171 2669 4231 laborantes.
2701 4171 2996 4226 inescantes
3038 4172 3211 4241 potius
3239 4186 3395 4241 quam
3424 4188 3549 4227 sua-

1970 4240 2186 4311 dentes:
2217 4256 2338 4295 nam
2363 4242 2479 4295 sine
2503 4240 2686 4295 fraude
2719 4241 2875 4310 piscis
2900 4258 3004 4296 non
3035 4240 3239 4311 capitur
3258 4240 3283 4297 7:
3314 4242 3411 4298 hos
3445 4244 3550 4297 Do-

1971 4310 2167 4379 minus,
2195 4314 2371 4367 divino
2414 4319 2468 4366 et
2513 4313 2711 4366 erroris
2735 4323 2955 4382 experte
2985 4310 3197 4378 intuitu,
3227 4312 3293 4366 ad
3325 4314 3544 4382 piscium

1970 4395 2241 4451 capturam
2268 4392 2420 4452 aptos
2448 4396 2798 4451 cognoscens.
2826 4383 2890 4437 ad
2915 4393 3156 4452 stagnum
3178 4384 3321 4438 venit
3346 4394 3395 4436 ut
3428 4385 3545 4437 illos

1971 4452 2201 4507 vicissim
2227 4468 2418 4523 sngena
2449 4461 2682 4523 caperet.
2716 4469 2819 4508 non
2846 4455 2988 4522 jacto
3016 4456 3291 4523 religiosus,
3317 4453 3409 4506 sed
3434 4469 3547 4507 ser-

1970 4538 2127 4576 tnoue
2170 4523 2235 4576 ad
2281 4522 2705 4590 persuadendum
2749 4532 3071 4592 opportuno.
3110 4522 3178 4575 Et
3224 4524 3345 4592 quia
3362 4534 3551 4592 supra-

1967 4593 2092 4647 dicti
2118 4594 2364 4662 apostoli,
2389 4594 2640 4647 naviculis
2655 4591 2898 4661 stagnum
2924 4591 3352 4662 percursantibus
3379 4591 3545 4645 fiden-

1968 4671 2071 4732 tes,
2101 4660 2203 4716 non
2234 4663 2623 4732 cognoscebant
2652 4672 2704 4715 et
2729 4660 2899 4731 stagni
2933 4662 3072 4716 illius
3095 4670 3148 4715 et
3175 4660 3543 4715 universorum

1969 4731 2283 4796 Dominum;
2309 4731 2514 4788 ideirco
2553 4732 2698 4786 venit
2726 4732 2979 4786 Dominus
3008 4732 3060 4785 in
3100 4740 3367 4799 stagnum,
3397 4742 3453 4784 ut
3492 4743 3545 4785 et

1970 4802 2151 4871 turbas
2175 4802 2413 4868 doceret,
2438 4812 2492 4856 et
2509 4802 2799 4870 piscatores
2826 4801 2983 4855 hamo
3002 4810 3234 4869 caperet.
3258 4801 3393 4870 Quid
3421 4816 3546 4871 ergo

1966 4869 2097 4925 dicit
2122 4873 2485 4941 evangelista?
2509 4869 2794 4925 Ascendens
2819 4882 2985 4924 autem
3008 4871 3159 4925 Jesus
3189 4872 3241 4925 in
3272 4869 3424 4926 unam
3453 4869 3544 4923 n21-

1966 4941 2090 5005 vim,
2114 4956 2227 5010 qua:
2261 4953 2367 4997 erat
2397 4941 2653 5007 Simonis,
2690 4947 2885 5011 rogavit
2925 4957 3039 4995 eum
3078 4958 3110 4995 a
3140 4951 3274 4995 terra
3314 4943 3545 4996 reducens

1967 5013 2228 5083 pusillum.

2038 5082 2202 5138 Vides
2247 5080 2514 5152 quomodo
2545 5081 2598 5135 in
2638 5081 2811 5135 navim
2851 5083 3124 5146 ascendit,
3157 5082 3242 5151 qui
3283 5082 3404 5135 navi
3441 5094 3542 5133 non

1969 5152 2259 5223 indigebat,
2308 5162 2365 5206 ut
2405 5152 2678 5223 dominum
2718 5152 2873 5223 navis
2915 5154 3247 5223 lucraretur.
3271 5153 3544 5223 Cu_r__vcro

1966 5219 2237 5278 Simonem
2267 5230 2419 5292 rogat
2447 5221 2743 5277 Dominus?
2766 5220 2916 5276 Cur?
2942 5224 3063 5277 audi
3091 5238 3209 5276 eum
3238 5219 3543 5286 intelligen-

1970 5295 2061 5347 tia.
2093 5293 2300 5357 Simon,
2338 5291 2399 5346 ut
2436 5292 2596 5346 modo
2622 5291 2838 5359 audisti,
2869 5307 2988 5347 cum
3017 5308 3108 5360 per
3136 5302 3299 5346 totam
3322 5299 3543 5360 noctem

1970 5363 2284 5426 laborasset,
2316 5370 2372 5417 et
2400 5361 2532 5417 nihil
2558 5365 2806 5431 cepisset,
2850 5378 2910 5416 re
2939 5359 3131 5415 infecta
3164 5359 3376 5431 mansit.
3407 5360 3543 5415 Gra—

1968 5434 2184 5489 vissime
2219 5442 2397 5488 autem
2422 5449 2535 5487 rem
2562 5430 2785 5496 ferebat,
2815 5433 2994 5485 lavaus
3026 5434 3155 5485 retia
3176 5471 3191 5496 ,
3223 5439 3279 5484 et
3306 5430 3544 5485 labarent

1969 5504 2136 5558 labori
2174 5503 2394 5565 addens,
2426 5504 2738 5569 lucrumque
2768 5501 2969 5555 nullum
3000 5502 3313 5569 respiciens.
3342 5499 3543 5555 Idcirco

1972 5572 2247 5639 Dominus,
2272 5590 2394 5629 eum
2414 5575 2618 5630 videret
2637 5571 2850 5629 Petrum
2874 5572 2925 5624 in
2951 5571 3227 5638 mrestitia,
3242 5572 3545 5627 consolatur

1967 5643 2138 5713 ipsum
2172 5663 2183 5697 :
2208 5645 2513 5699 consolator
2530 5644 2673 5697 enim
2694 5641 3011 5696 afﬂictorum
3038 5652 3140 5697 est.
3170 5642 3361 5713 Statim
3391 5643 3539 5696 enim

1971 5712 2058 5771 ubi
2090 5716 2220 5769 vidit
2258 5716 2513 5769 Dominus
2541 5713 2811 5768 Simonem
2844 5722 3269 5779 consternatum,
3310 5712 3539 5765 hortato-

1968 5786 2051 5841 rio
2077 5800 2323 5841 sermone
2346 5783 2550 5839 dixitei
2580 5798 2594 5836 :
2630 5782 2733 5837 Pro
2759 5783 2967 5837 tantillo
2998 5791 3236 5852 tempore
3263 5781 3392 5852 mihi
3424 5796 3541 5833 mu-

1972 5867 2059 5907 tuo
2087 5857 2151 5909 da
2183 5855 2451 5924 navigium
2489 5863 2659 5921 tuum,
2703 5862 2883 5921 nauta,
2925 5863 2980 5910 ut
3011 5851 3281 5924 ingressus
3319 5851 3538 5906 doceam
