4054 6216
470 374 533 427 εει
1809 367 2053 424 sectus
2094 366 2422 437 ρυιειιειιιι.
3654 378 3728 436 tto

469 488 815 555 rrmliann‘pic
842 487 1228 541 multitudinem
1252 529 1263 549 ,
1311 501 1466 554 quam
1510 502 1595 539 me
1625 497 1934 555 sequentem
1970 491 2043 540 vi-

468 560 563 609 des
590 574 602 609 :
638 559 902 626 navigium
932 566 1077 610 tuum
1106 559 1232 611 ntilti
1264 557 1353 611 fiat
1380 557 1605 611 ecclesia
1631 596 1646 618 ,
1678 568 1833 610 nauta
1870 577 1882 611 :
1925 559 2046 612 audi

470 630 688 681 verbum
723 628 837 681 Dei.
860 627 977 681 Noli
1001 643 1085 681 me
1112 628 1469 698 importunum
1501 636 1686 696 putare
1716 643 1729 680 :
1758 630 1878 682 veni
1904 630 2046 683 enim

471 710 525 751 ut
567 710 617 752 te
647 698 921 753 meliorem
953 698 1191 752 reddam.
1234 699 1494 767 Relinque
1530 712 1717 769 vanam
1747 712 1894 769 spem
1924 714 2047 753 cor-

469 784 709 838 porcam,
741 769 1172 837 spiritualemque
1195 769 1490 836 portionem
1509 768 1890 837 circumspice;
1922 784 2049 838 pau-

469 840 636 893 lulum
666 840 791 892 mihi
828 850 1009 892 tnutuo
1040 842 1103 891 da
1148 840 1410 906 navigium
1441 849 1609 901 tuum,
1644 850 1822 893 nauta.
1862 840 2046 894 Simon

469 925 600 964 vero
634 911 810 963 adhuc
838 912 1118 963 immersus
1162 911 1230 962 im
1264 910 1568 963 ittmstitiain
1610 912 1679 963 ob
1707 910 1897 963 frustra
1931 925 2049 965 sus-

466 991 677 1051 ceptum
704 981 959 1043 laborem,
985 979 1730 1051 respondensDominodixit
1758 999 1773 1035 ε
1807 979 1957 1035 Unde
1980 980 2046 1035 ad

469 1049 555 1105 me
584 1051 777 1104 venisti
801 1092 814 1113 ,
846 1050 1006 1103 homo
1035 1049 1351 1118 peregrine?
1377 1064 1471 1102 cur
1501 1049 1627 1102 mihi
1659 1051 1911 1105 molestus
1945 1051 2048 1107 es?

466 1123 625 1174 aliam
657 1092 1009 1187 circuiuspicc
1036 1092 1309 1188 scapham,
1339 1120 1384 1174 si
1415 1120 1495 1173 vis
1527 1120 1577 1172 iu
1605 1129 1793 1185 stagno
1817 1136 2049 1176 commo-

470 1192 596 1244 rari.
622 1191 783 1246 Vides
810 1206 896 1245 me
924 1190 1210 1257 lugentem,
1241 1198 1419 1258 utpote
1449 1206 1583 1258 pane
1619 1189 1967 1260 indigentem,
1995 1202 2049 1246 et

471 1262 689 1316 verbum
726 1262 813 1316 Dei
848 1270 897 1315 te
935 1263 1217 1315 allaturum
1248 1261 1552 1329 promittis?
1582 1260 1696 1314 Non
1736 1262 2048 1332 circumspi-

467 1335 603 1386 ciam
646 1333 786 1386 unde
815 1342 1089 1401 argentum
1133 1341 1313 1384 nmtuo
1349 1331 1605 1397 accipiam
1628 1373 1641 1393 ,
1674 1342 1731 1386 ut
1754 1331 2049 1387 socrum’et

469 1419 694 1458 uxorem
728 1419 897 1456 mcatn
927 1402 1063 1455 alam
1090 1418 1103 1464 ;
1137 1401 1229 1455 sed
1270 1402 1359 1455 tibi
1390 1402 1655 1469 navigium
1688 1403 2045 1468 snbsternam,

466 1486 523 1528 ut
559 1476 643 1528 die
681 1484 939 1541 nocteque
980 1474 1171 1525 frustra
1214 1472 1495 1525 laborem?
1531 1474 1585 1526 Si
1617 1474 1827 1524 naulum
1865 1473 2044 1540 affers,

467 1544 739 1609 inscende,
774 1545 823 1596 in
853 1543 1145 1596 naviculam
1174 1560 1191 1608 ς
1216 1543 1298 1597 sin
1331 1543 1526 1605 minus,
1558 1542 1641 1596 abi
1661 1543 1883 1596 obsecro
1920 1562 1931 1596 :
1965 1562 2049 1599 me

465 1617 607 1669 enim
630 1616 827 1668 donum
856 1614 968 1676 alit,
994 1628 1097 1666 non
1121 1628 1319 1667 sermo.
1348 1612 1479 1665 Tum
1508 1613 1762 1665 D.:minus
1784 1614 1849 1666 ad
1877 1613 2047 1666 Simo-

467 1702 585 1738 nem
622 1704 633 1737 :
667 1685 743 1739 Ne
784 1700 928 1752 aegre
967 1683 1125 1739 feras.
1168 1684 1390 1746 Simon;
1423 1698 1546 1737 vere
1583 1693 1639 1737 ut
1667 1693 1823 1736 nauta
1863 1684 2048 1752 loque-

468 1755 559 1808 ris.
598 1755 827 1809 Verbum
859 1755 948 1808 Dei
976 1755 1041 1807 ad
1071 1754 1380 1808 alimentum
1410 1754 1526 1822 plus
1551 1770 1708 1820 quam
1741 1756 1893 1823 panis
1913 1771 2044 1809 cou-

466 1825 568 1879 fert
601 1843 613 1877 :
637 1825 846 1878 abunde
866 1834 916 1877 te
933 1825 1070 1878 alam
1096 1840 1110 1882 :
1136 1839 1252 1877 sum
1276 1824 1416 1877 enim
1442 1824 1592 1893 panis
1612 1826 1751 1877 vitae.
1773 1824 1847 1877 Ne
1873 1840 2044 1880 meam

467 1896 803 1959 prmsentiam
828 1904 982 1964 putes
1008 1895 1101 1949 tibi
1127 1895 1450 1949 detrimento
1476 1909 1595 1949 esse
1626 1913 1638 1947 :
1667 1906 1920 1963 quantum
1949 1912 2047 1949 vo-

466 1966 626 2021 lueris
651 1967 832 2032 accipe
866 1984 879 2020 :
909 1966 1087 2020 divitis
1126 1966 1463 2037 enimpatris
1487 1966 1625 2037 ﬁlius
1645 1981 1760 2037 sum
1785 1966 2046 2037 locuples.

538 2038 629 2091 llis
654 2037 848 2091 auditis
872 2036 1081 2096 Simon,
1110 2051 1173 2090 ac
1201 2036 1347 2090 vultu
1372 2036 1525 2104 paulo
1548 2035 1787 2096 hilarior,
1816 2038 1866 2090 in
1898 2035 2045 2091 navi-

464 2108 582 2161 cula
616 2108 896 2161 Dominum
930 2107 1128 2176 excipit
1158 2149 1171 2168 ,
1203 2122 1487 2175 remosque
1520 2122 1739 2161 movens
1767 2106 1902 2161 dixit
1927 2107 1999 2161 illi
2032 2127 2045 2163 :

467 2178 520 2231 ln
550 2178 725 2233 medio
753 2179 880 2233 sedc
905 2220 919 2243 ,
950 2176 1112 2231 homo
1141 2178 1437 2246 peregrine.
1483 2176 1642 2244 Quasi
1671 2187 1937 2232 vectorem
1968 2177 2045 2232 fec

466 2264 588 2302 rens
632 2248 852 2302 allectus
894 2256 1010 2303 erat
1033 2289 1048 2313 ,
1097 2248 1342 2301 nesciens
1372 2262 1431 2300 se
1460 2263 1580 2301 eum
1613 2249 1701 2315 qui
1736 2247 1837 2300 fert
1866 2252 2041 2303 omnia

466 2321 622 2372 ferre.
668 2319 937 2387 Ingressus
985 2319 1141 2386 igitur
1180 2317 1336 2371 .lesus
1378 2317 1428 2369 in
1461 2318 1724 2385 navigium
1772 2316 2042 2383 Simonis,

465 2389 667 2457 rogavit
693 2386 813 2443 eum
842 2404 870 2441 a
900 2398 1036 2441 terra
1062 2387 1316 2457 reducere
1338 2387 1603 2456 pusillum.
1628 2386 1847 2442 Simone
1867 2398 2042 2443 autem

466 2456 609 2512 illum
640 2460 868 2513 ducente
893 2473 989 2528 spe
1016 2456 1337 2528 recipienda}
1361 2457 1642 2528 mercedis,
1664 2458 1864 2528 sedens
1890 2458 2045 2513 Jesus

462 2530 688 2584 docebat
716 2529 783 2584 de
809 2529 1049 2583 navicula
1080 2530 1280 2582 turbas.
1310 2527 1447 2595 Quid
1478 2542 1603 2582 vero
1639 2527 1909 2582 docebat?
1938 2529 2044 2582 Ca-

466 2602 674 2655 ritatem
701 2602 818 2655 sine
847 2599 1207 2662 simulatione,
1242 2598 1397 2653 fidem
1424 2599 1540 2652 sine
1568 2597 1918 2661 dubitatione,
1949 2615 2041 2667 pa-

461 2686 578 2726 cem
608 2672 723 2726 sine
755 2671 957 2735 fraude,
991 2669 1284 2724 fraternum
1313 2683 1549 2723 amorem
1587 2669 1993 2736 inseparabilem
2027 2712 2043 2729 .

466 2742 712 2808 pietatem
745 2758 848 2795 non
878 2742 1102 2795 fucatam
1132 2780 1146 2804 ,
1177 2740 1270 2794 Dei
1316 2740 1669 2807 cognitionem
1699 2740 1813 2792 sine
1840 2740 2042 2809 argenti

463 2813 713 2881 cupidine
733 2855 746 2878 ,
779 2813 1132 2881 virginitatem
1163 2810 1279 2864 sine
1308 2808 1512 2862 macula
1534 2850 1547 2871 ,
1575 2809 1779 2881 ascesin
1807 2808 1921 2862 sine
1949 2825 2014 2862 an
2032 2840 2045 2847 -

465 2879 661 2936 xiiétate
687 2924 702 2946 ,
728 2879 1031 2950 coniugium
1076 2882 1361 2934 indivisum
1397 2897 1409 2932 :
1436 2894 1649 2933 omnem
1686 2879 1919 2950 laborem
1951 2895 2046 2949 pro

464 2955 690 3009 veritate
729 2948 1119 3022 suscipiendum
1167 2965 1307 3016 esse,
1355 2965 1459 3002 non
1503 2948 1764 3004 timendos
1807 2964 1928 3004 esse
1956 2948 2048 3003 eos

464 3025 553 3091 qui
596 3025 844 3079 occidunt
888 3038 1125 3091 corpus,
1170 3022 1399 3074 animum
1449 3031 1625 3074 autem
1671 3035 1775 3072 non
1827 3030 2049 3091 possunt

464 3090 733 3148 decidere.
782 3094 907 3148 Ila-c
953 3090 1177 3147 Domino
1223 3092 1482 3153 docente,
1512 3094 1777 3158 etiamque
1816 3090 1916 3141 alia
1949 3090 2045 3142 ad-

464 3163 667 3216 dente:
699 3164 797 3229 Qui
840 3172 983 3214 amat
1030 3162 1262 3215 animam
1311 3175 1499 3223 suam,
1551 3159 1735 3227 perdet
1779 3175 1933 3222 eam;
1985 3175 2048 3215 ac

464 3249 701 3299 rursum,
718 3234 817 3301 Qui
841 3236 956 3285 vult
972 3239 1095 3301 pOsl.
1111 3247 1195 3284 me
1216 3231 1653 3297 venire,abneget
1674 3231 2041 3301 semetipsum,

464 3312 518 3355 et
549 3305 695 3358 tollat
734 3299 945 3356 crucem
974 3299 1144 3364 suam,
1175 3310 1228 3355 et
1269 3308 1524 3368 sequatur
1566 3315 1691 3363 me;
1721 3308 1774 3352 et
1799 3299 1990 3353 iterum
2023 3341 2040 3365 ,

465 3373 635 3426 Nolito
666 3375 937 3440 possidere
978 3387 1164 3425 aurum
1188 3410 1203 3435 ,
1232 3384 1329 3423 nec
1357 3379 1656 3438 argentum,
1691 3384 1861 3438 neque
1889 3385 2047 3438 pecu-

465 3448 605 3496 niam
640 3445 689 3497 in
722 3450 872 3497 zonis
900 3442 1107 3505 vestris,
1139 3456 1237 3494 nec
1280 3455 1462 3509 peram
1488 3480 1501 3500 ,
1535 3456 1707 3508 neque
1736 3443 2002 3493 saccnlum
2027 3483 2043 3507 ,

465 3530 637 3581 neque
681 3515 812 3568 duas
856 3515 1059 3567 tunicas
1088 3530 1099 3564 :
1131 3512 1243 3565 ha-c
1290 3512 1514 3563 Domino
1553 3510 1779 3564 docente
1805 3550 1819 3574 ,
1853 3509 2036 3566 Simon

463 3586 706 3651 audiens,
754 3586 843 3656 qui
876 3584 1093 3655 putabat
1138 3597 1197 3635 se
1238 3582 1500 3656 navigium
1544 3584 1790 3656 mercede
1836 3582 2042 3656 condu-

464 3656 607 3709 xisse
640 3651 892 3720 Domino,
913 3668 1246 3708 murmurare
1283 3652 1465 3719 coepit,
1493 3660 1547 3705 et
1577 3651 1712 3705 intra
1740 3666 1798 3705 se
1820 3652 1996 3707 dicere
2030 3672 2042 3707 :

463 3729 544 3779 Au
573 3727 640 3780 ab
666 3726 768 3781 isto
816 3725 1115 3781 mercedem
1161 3738 1259 3777 nos
1300 3733 1612 3790 accepturos
1654 3736 1774 3776 esse
1816 3724 2049 3791 sperabi.

465 3798 626 3851 inus?
653 3798 704 3852 in
734 3798 984 3851 damnum
1014 3796 1183 3850 noctis
1211 3804 1266 3848 et
1293 3794 1397 3847 diei
1422 3794 1602 3847 incidi.
1635 3793 1888 3859 Quisnam
1914 3794 2043 3850 mihi

467 3868 623 3924 hodie
652 3869 929 3924 occurrit?
956 3867 1051 3922 Hic
1081 3867 1147 3920 de
1174 3866 1569 3933 possessionum
1613 3863 1911 3930 abjertione
1939 3864 2045 3919 dis

463 3941 612 4002 serit,
646 3941 858 3995 nemine
884 3938 1150 4012 quidpiam
1183 3934 1481 4012 habendum
1509 3948 1628 3988 esse
1650 3936 1874 4012 docens.
1910 3934 2046 4012 For-

467 4022 606 4062 tasse
634 4012 746 4064 vult
772 4028 857 4065 me
885 4008 1148 4079 navigium
1171 4008 1425 4067 vendere,
1455 4016 1510 4079 ut
1542 4008 1765 4072 pretium
1795 4008 2040 4073 pauperi—

468 4082 565 4131 bus
591 4081 902 4135 distribuam
931 4097 941 4131 :
963 4076 1031 4133 ab
1061 4079 1245 4144 ipsene
1268 4076 1570 4129 mercedem
1597 4089 1681 4126 me
1703 4084 2043 4141 accepturum

464 4162 584 4202 esse
613 4165 822 4217 sperem
846 4151 869 4191 ν
899 4151 1019 4203 llazc
1044 4149 1264 4201 Simone
1288 4147 1428 4215 apud
1454 4159 1513 4217 se
1544 4144 1915 4217 ratiocinante,
1947 4146 2045 4197 llo-

467 4213 883 4273 minus-docendi
907 4234 1098 4271 mmms
1122 4213 1345 4283 perlicit,
1365 4224 1422 4268 ut
1443 4213 1751 4267 miraculum
1769 4215 2042 4283 exhibeat,

462 4287 842 4356 Simonemque
861 4290 1141 4343 certiorem
1166 4285 1321 4339 faciat
1345 4302 1357 4337 :
1379 4286 1529 4356 labor
1552 4284 1693 4356 enim
1718 4295 1800 4339 est
1830 4284 2042 4340 idiotam

466 4357 629 4428 verbo
675 4355 1017 4428 persuadere.
1054 4356 1255 4428 Deinde
1289 4355 1713 4428 cumDominus
1740 4368 2041 4428 sermonem

464 4425 794 4496 perfecisset,
839 4439 895 4485 et
921 4438 1028 4483 tota
1059 4425 1338 4481 multitudo
1363 4426 1720 4480 delectaretur
1743 4466 1758 4489 ,
1786 4427 2044 4481 accedens

466 4502 651 4555 Simon
675 4501 899 4555 Domino
922 4500 1085 4555 dixit:
1112 4496 1281 4551 Verba
1305 4496 1516 4565 quidem
1546 4503 1631 4548 tua
1661 4497 1875 4564 pulchra
1899 4507 2041 4559 sunt,

463 4586 569 4623 vox
598 4580 686 4626 tua
712 4571 881 4627 dulcis
906 4612 920 4637 ,
951 4581 1005 4625 et
1029 4570 1267 4624 deeirina
1315 4579 1402 4621 tua
1445 4567 1781 4631 veneranda;
1810 4575 2043 4629 attamen

463 4642 592 4695 mihi
624 4651 834 4710 pactum
861 4657 1013 4697 serva
1040 4658 1054 4701 ;
1079 4640 1207 4709 jube
1236 4638 1537 4710 mercedem
1565 4651 1654 4710 inc
1683 4640 1927 4710 accipere
1948 4653 2043 4706 pro

468 4707 705 4783 vectura,
733 4724 790 4767 ut
813 4728 913 4781 ego
950 4707 1160 4783 quoque
1184 4724 1305 4764 cum
1334 4707 1671 4765 multitudine
1689 4709 1945 4778 gaudens,
1978 4709 2043 4763 ad

461 4779 678 4834 domum
709 4779 879 4837 meam
908 4779 1163 4838 revertar.

535 4850 669 4905 Tum
699 4852 951 4907 Dominus
979 4857 1043 4906 ad
1071 4854 1342 4908 Simonem
1374 4872 1386 4906 :
1415 4851 1564 4906 Sicut
1589 4848 1747 4903 modo
1771 4848 2040 4916 audivisti,

464 4920 669 4984 Simon,
688 4922 987 4977 mercedem
1012 4934 1153 4977 tuam
1183 4926 1331 4977 visne
1351 4921 1624 4991 accipere?
1646 4919 1758 4973 Duc
1781 4922 1832 4973 in
1859 4922 2041 4985 altum,

460 4992 695 5064 etiamdie
716 4994 840 5045 retia
861 5004 1024 5046 vestra
1047 4996 1096 5045 in
1118 5004 1383 5060 capturum
1412 4992 1561 5064 (Luc.
1592 4992 1655 5052 V,
1684 4991 1762 5061 4),
1791 5003 1843 5045 ct
1863 4995 2045 5064 accipe

462 5063 764 5117 mercedem
805 5080 831 5114 a
865 5079 950 5116 me
992 5065 1083 5117 tibi
1117 5065 1451 5132 promissam.
1485 5064 1667 5116 Simon
1714 5073 1888 5115 autent
1937 5063 2042 5116 Do-

465 5135 611 5189 mino
637 5152 652 5188 :
684 5135 948 5188 ltertunne
974 5135 1219 5201 piscabor
1248 5144 1301 5186 et
1339 5136 1467 5185 retia
1502 5134 1688 5185 laxabo
1720 5150 1781 5186 ac
1809 5133 2041 5187 laborem

459 5207 777 5262 sustinebo?
813 5205 1094 5261 Utinamne
1134 5219 1227 5271 per
1276 5213 1481 5255 noctem
1524 5202 1735 5270 quidem
1777 5220 1835 5255 ca
1866 5205 2043 5257 vacuis

467 5281 707 5333 inanibus
760 5277 1046 5347 tetigissent
1075 5273 1198 5347 lAn
1239 5290 1365 5347 vero
1405 5273 1739 5347 peritiurnie
1765 5289 1822 5326 es
1850 5277 1898 5347 in
1924 5284 2043 5347 arte

466 5351 670 5417 nautica
692 5351 716 5403 ?
742 5367 808 5404 an
851 5343 1049 5417 aliquid
1100 5345 1147 5397 in
1193 5343 1454 5417 profundo
1480 5343 1726 5395 invisibili
1761 5344 2041 5417 possides?

466 5413 659 5470 ltoc'tor
687 5435 805 5473 esse
830 5413 1016 5487 potes;
1047 5433 1112 5471 an
1142 5413 1298 5487 etiam
1334 5415 1550 5487 piscium
1574 5414 1857 5481 captator?
1886 5415 1981 5487 Exi
2010 5430 2038 5467 a

464 5497 550 5535 me
575 5499 590 5548 ;
623 5489 776 5542 video
796 5482 939 5544 enim
962 5501 1012 5545 te
1036 5488 1164 5543 nihil
1190 5485 1469 5540 fcrenti-ni.
1493 5482 1597 5536 Cur
1621 5496 1824 5551 tempus
1846 5485 2042 5552 perdo?

462 5567 640 5609 nonne
667 5559 735 5611 ab
781 5563 930 5614 initio
962 5564 1075 5614 haec
1105 5559 1197 5612 tibi
1247 5557 1558 5611 testificatus
1600 5556 1760 5608 smn?
1788 5555 2042 5609 Dominus

461 5632 635 5677 autem
673 5628 739 5679 ad
787 5629 1057 5685 Simonem
1093 5629 1248 5684 :Noli
1282 5643 1367 5681 me
1410 5638 1465 5679 ut
1509 5627 1719 5694 inopetn
1751 5636 1991 5694 spectare
2021 5666 2054 5690 ,,

459 5694 666 5758 Simon,
692 5698 796 5750 noli
820 5715 1009 5753 mamts
1035 5715 1180 5753 nicas
1195 5709 1248 5753 et
1268 5701 1442 5757 sinum
1469 5712 1642 5751 mequ
1664 5697 2036 5751 considerare:

457 5780 565 5819 non
593 5767 642 5819 in
666 5768 908 5821 manibus
935 5771 1085 5831 meis,
1114 5771 1205 5823 sed
1235 5772 1284 5823 in
1307 5786 1402 5823 ore
1424 5785 1543 5822 meo
1571 5767 1869 5821 mercedem
1895 5778 2039 5821 tuam

456 5836 586 5895 lcro.
621 5836 754 5895 Tota
801 5848 955 5895 nocte
988 5840 1232 5894 laborasti
1259 5883 1272 5906 ,
1309 5842 1437 5897 nihil
1483 5842 1667 5911 cepisti
1699 5857 1710 5893 :
1741 5855 1842 5894 nox
1890 5839 2031 5895 cnim

858 6102 1081 6171 Α

2161 490 2359 563 inopize
2379 497 2503 543 sunt
2532 490 2884 563 cogitationes
2910 489 3162 547 Judaicze.
3197 491 3252 547 In
3282 492 3367 548 die
3393 486 3574 563 gratia:
3614 496 3727 555 laxa

2158 561 2286 634 retia
2309 579 2322 634 _:
2350 561 2436 634 lux
2464 560 2606 614 enim
2636 561 2758 634 boni
2786 560 2985 615 fructus
3001 560 3435 617 suntllhristiana
3456 565 3726 634 obsequia.

2160 629 2271 715 r‘1).nc
2301 632 2351 683 in
2379 630 2559 715 altam,
2587 642 2634 713 et
2660 630 2981 715 laxate'retia
3007 641 3168 715 nemo
3187 634 3553 715 _i_n_captu£am.
3583 629 3732 692 Tunc

2154 700 2335 755 Simon
2362 703 2429 755 ad
2456 700 2740 774 Dominum
2769 717 2792 774 :_
2808 700 2877 756 Ut
2905 701 3063 756 modo
3098 700 3380 774 audivisti,
3411 704 3727 774 Pra'ccptor,

2155 788 2244 839 per
2287 781 2440 824 totum
2466 781 2679 842 noctem
2722 771 3005 842 laborantes
3053 773 3181 826 nihil
3221 775 3473 842 cepimus;
3507 776 3561 827 in
3590 771 3733 830 verba

2155 853 2319 895 autem
2344 853 2429 893 tuo
2456 841 2878 914 laxaborctenEt
2908 858 3021 896 cum
3044 843 3139 896 hoc
3178 846 3410 914 fecissent
3434 885 3448 909 ,
3478 846 3736 899 concluse-

2154 922 2269 965 rnnt
2298 914 2509 983 piscium
2547 912 2919 983 multitudinea:
2960 912 3214 983 copiosam
3243 930 3263 967 :
3289 914 3617 983 rumpebatur
3644 932 3731 969 au-

2156 992 2252 1053 tem
2294 991 2395 1036 rete
2421 981 2569 1050 (Luc.
2600 982 2668 1044 V,
2709 983 2743 1037 5
2768 993 2813 1036 et
2834 981 3019 1053 seqq.).
3050 983 3094 1038 Ο
3124 999 3210 1038 res
3230 981 3598 1053 admirandas!
3633 1001 3734 1040 non

2154 1052 2304 1106 deest
2334 1055 2493 1107 Petro
2521 1068 2645 1107 cura
2675 1069 2688 1107 :
2725 1052 3071 1123 Runipebatur
3090 1063 3209 1107 rete.
3243 1055 3310 1109 Et
3334 1052 3604 1109 Christum
3629 1058 3735 1111 cir-

2156 1123 2537 1188 cumspiriebat
2562 1163 2577 1189 ,
2606 1133 2661 1177 et
2704 1123 2875 1189 pisces
2902 1124 3283 1193 perpendebat,
3312 1139 3535 1194 remque
3559 1127 3735 1180 consi-

2155 1194 2394 1264 derabat.
2429 1194 2549 1264 Non
2588 1194 2755 1264 potuit
2803 1194 3009 1259 pondus
3053 1195 3344 1259 attrahere,
3383 1204 3440 1249 et
3468 1195 3736 1264 adjutores

2155 1263 2445 1316 advocabat
2465 1280 2491 1335 _:
2521 1261 2803 1335 lnnuebant
2828 1264 2968 1335 enim
2994 1304 3009 1328 ,
3035 1264 3242 1333 inquit,
3272 1266 3422 1318 sociis
3442 1307 3457 1331 ,
3489 1261 3738 1335 quierant

2154 1335 2204 1386 in
2231 1336 2335 1386 alia
2361 1333 2509 1406 navi,
2539 1334 2624 1387 tibi
2654 1343 2805 1387 erant
2832 1325 3061 1406 Iacobus
3084 1325 3136 1406 et
3175 1325 3409 1390 Joannes
3434 1325 3454 1399 ,⁷
3477 1325 3564 1406 qui
3592 1352 3737 1391 vene.

2154 1413 2269 1456 rant
2313 1413 2366 1456 ut
2413 1402 2712 1474 adiuvarent
2758 1420 2863 1458 eos.
2914 1404 3247 1470 lnnuebant,
3280 1422 3384 1459 non
3434 1402 3735 1461 clamabant

2155 1484 2349 1539 naulu‘,
2377 1473 2481 1543 qui
2508 1475 2624 1528 sine
2664 1473 2899 1528 clamore
2924 1483 2978 1528 et
3004 1477 3228 1529 tumultu
3274 1475 3404 1529 nihil
3437 1475 3615 1530 facere
3644 1491 3734 1532 so-

2155 1547 2283 1598 lent.
2316 1545 2534 1609 Quare?
2560 1543 2690 1611 Quia
2725 1544 2798 1596 rei
2830 1545 3034 1597 novitas
3061 1560 3246 1600 vocem
3272 1544 3400 1614 ipsis
3425 1548 3732 1601 sustulerat.

2154 1615 2286 1680 Quid
2311 1630 2446 1685 opus
2471 1626 2583 1668 erat
2607 1624 2661 1666 ut
2688 1614 2997 1679 clamarent,
3019 1630 3137 1669 cum
3165 1616 3291 1669 satis
3318 1627 3461 1670 esset
3491 1618 3733 1681 innuere,

2152 1685 2389 1739 divinum
2432 1685 2740 1755 mysterium
2788 1684 3069 1739 videntes?
3113 1685 3505 1741 Concurreutes
3556 1698 3731 1740 autem

2155 1764 2209 1826 et
2236 1756 2309 1809 illi
2335 1797 2350 1821 ,
2378 1756 2466 1826 qui
2497 1763 2649 1809 erant
2677 1756 2728 1807 in
2757 1756 2922 1808 altera
2951 1757 3090 1820 navi,
3137 1757 3222 1810 ubi
3252 1769 3401 1811 erant
3426 1756 3657 1811 Jacobus
3685 1767 3737 1811 et

2152 1825 2422 1897 Joannes,
2465 1835 2745 1894 cmperuut
2789 1827 2958 1897 pisces
2997 1827 3247 1897 colligere
3273 1868 3286 1888 ,
3316 1836 3370 1880 et
3417 1843 3524 1897 quo
3572 1828 3738 1895 magis

2152 1896 2495 1966 colligebant,
2530 1904 2674 1950 tanto
2712 1896 2879 1965 magis
2915 1894 3417 1964 multiplicabantur.
3435 1894 3735 1951 Certabant

2153 1967 2292 2021 enim
2328 1967 2499 2036 pisces
2522 2007 2538 2031 ,
2569 1966 2685 2035 quis
2718 1968 2918 2033 primus
2960 1967 3207 2020 mandato
3234 1968 3440 2021 Domini
3466 1969 3734 2037 obseque-

2152 2049 2300 2092 retur
2332 2056 2345 2090 :
2374 2037 2517 2106 parvi
2542 2052 2761 2103 magnos
2785 2038 3283 2104 prietercurrebant,
3312 2038 3470 2092 medii
3502 2039 3735 2107 majores

2154 2123 2185 2163 e
2207 2108 2371 2161 latere
2394 2107 2786 2176 prtecedebant,
2811 2108 2983 2176 magni
3011 2122 3167 2175 snpra
3192 2123 3378 2175 parvos
3402 2109 3735 2162 insiliehant:

2154 2193 2339 2231 manus
2365 2181 2684 2247 piscatorum
2714 2192 2817 2230 non
2846 2179 3262 2248 exspectabant,
3293 2193 3351 2232 se
3381 2179 3433 2231 in
3465 2180 3737 2248 navigium

2151 2248 2395 2301 saltando
2424 2248 2790 2315 projiciebant.
2823 2248 3001 2315 Stagui
3048 2247 3264 2301 fundum
3293 2263 3399 2301 non
3429 2247 3743 2301 commove-

2152 2319 2326 2380 batur,
2362 2318 2519 2386 piscis
2567 2318 2742 2370 uullus
2769 2317 2901 2371 infra
2934 2333 3149 2371 manere
3192 2319 3489 2371 sustinebat
3521 2335 3536 2370 :
3575 2334 3742 2370 nove-

2151 2400 2267 2442 rant
2299 2390 2441 2442 enim
2473 2404 2591 2443 eum
2619 2389 2707 2457 qui
2734 2388 2865 2441 dixit
2893 2404 2905 2439 :
2931 2387 3224 2440 Producant
3249 2403 3392 2454 aqua:
3416 2390 3596 2454 reptile
3628 2391 3741 2441 ani-

2151 2475 2249 2512 nnc
2276 2459 2480 2513 viventis
2520 2459 2537 2528 (
2561 2456 2690 2511 Gen.
2735 2457 2775 2523 l,
2807 2458 2878 2513 20
2900 2456 2940 2528 ).
2985 2458 3121 2525 Quid
3150 2474 3279 2527 ergo
3306 2460 3491 2512 Simon
3518 2498 3533 2520 ,
3565 2460 3655 2527 qni
3684 2459 3737 2512 in

2150 2530 2284 2582 duos
2311 2544 2466 2583 casus
2497 2528 2789 2593 inciderat,
2818 2529 2910 2597 qui
2955 2538 3060 2581 tota
3108 2538 3262 2583 nocte
3305 2528 3557 2582 laborans
3602 2528 3734 2581 nihil

2150 2609 2385 2667 Ceperat,
2415 2612 2467 2653 et
2495 2601 2545 2652 in
2572 2599 2659 2652 die
2682 2598 2747 2652 ad
2773 2600 2992 2654 verbum
3023 2599 3229 2653 Domini
3268 2600 3445 2652 omnia
3472 2610 3690 2666 ceperat
3714 2600 3736 2652 ἓ

2153 2669 2221 2724 Ut
2246 2671 2374 2722 vidit
2401 2671 2532 2724 retia
2558 2672 2744 2733 scissa,
2772 2680 2827 2724 et
2854 2670 3048 2723 multos
3069 2670 3203 2723 alios
3228 2670 3399 2738 pisces
3427 2668 3553 2721 foris
3584 2678 3736 2721 stan-

2155 2750 2233 2793 tes
2258 2781 2273 2803 ,
2304 2741 2613 2809 hiautesque
2645 2748 2703 2793 ut
2728 2751 3044 2807 caperentur
3070 2779 3086 2803 ,
3118 2754 3219 2793 nec
3261 2738 3446 2807 procul
3473 2754 3502 2790 a
3529 2738 3739 2809 retibus

2155 2825 2372 2863 manere
2397 2807 2721 2863 sustinentes
2746 2851 2761 2874 ,
2790 2811 2939 2877 quasi
2985 2811 3089 2864 vim
3140 2824 3331 2878 passus
3364 2807 3587 2876 procidit
3615 2818 3737 2863 ante

2154 2880 2456 2941 Dominum,
2486 2879 2667 2933 dicens
2696 2897 2709 2933 :
2739 2880 2841 2933 Exi
2861 2896 2892 2932 a
2910 2896 3006 2945 me,
3027 2881 3145 2947 quia
3172 2880 3320 2933 homo
3348 2890 3580 2947 peccator
3602 2896 3732 2945 sum,

2157 2950 2390 3003 Domine.
2422 2950 2545 3004 Scio
2592 2950 2805 3004 demum
2845 2951 2963 3019 quis
2996 2951 3070 3004 sis
3098 2967 3111 3003 :
3144 2965 3410 3019 nunquam
3442 2949 3549 3003 vidi
3580 2950 3735 3003 talem

2156 3022 2377 3089 piscium
2403 3029 2699 3087 capturam.
2726 3019 2840 3074 Mos
2868 3031 2985 3085 est,
3018 3022 3260 3084 Domine,
3288 3019 3461 3090 pisces
3491 3020 3627 3073 intra
3654 3034 3737 3073 sa-

2151 3106 2341 3214 genam
2385 3090 2693 3145 includere:
2721 3100 2774 3143 at
2803 3091 3125 3145 contrarium
3167 3106 3308 3144 nunc
3358 3090 3534 3157 video,
3567 3090 3736 3158 pisces

2175 3161 2284 3214 oris
2327 3175 2578 3214 sacenam
2609 3170 2887 3214 occupant.
2918 3160 3015 3214 Exi
3044 3176 3071 3212 a
3099 3176 3186 3214 me
3211 3201 3223 3214 .
3253 3161 3500 3214 obsecro.
3534 3160 3734 3214 Cohibe

2175 3161 2284 3214 ’oris
2327 3175 2578 3230 sagenam
2609 3170 2887 3227 occupant.
2918 3160 3015 3214 Exi
3044 3176 3071 3212 a
3099 3176 3186 3215 me
3211 3201 3223 3225 ,
3253 3161 3500 3215 obsecro.
3534 3160 3734 3215 Cohibe

2150 3231 2364 3285 demum
2408 3230 2641 3284 divinum
2691 3241 2837 3300 tuum
2887 3231 3192 3284 mandatum
3224 3231 3505 3300 :reliuque
3552 3240 3736 3299 stagno

2151 3301 2285 3355 duos
2313 3301 2500 3355 saltem
2548 3301 2719 3368 pisces
2760 3299 2825 3353 ad
2864 3303 3244 3370 generandum.
3278 3301 3374 3355 Exi
3401 3317 3430 3353 a
3462 3315 3559 3354 me
3591 3318 3605 3354 :
3636 3315 3738 3354 nou

2151 3379 2205 3425 te
2233 3373 2455 3441 repello,
2487 3371 2580 3425 sed
2611 3389 2695 3425 me
2719 3372 2969 3425 miserum
3000 3372 3230 3442 prmdico
3257 3388 3272 3426 :
3312 3371 3407 3424 [ἐπὶ
3433 3388 3463 3422 a
3488 3387 3599 3435 me,
3630 3373 3743 3439 quia

2152 3443 2300 3495 homo
2349 3452 2577 3508 peccator
2614 3457 2727 3494 sum
2749 3482 2764 3506 ,
2796 3441 3027 3495 Domine.
3062 3444 3316 3497 Dominus
3362 3456 3487 3494 vero
3527 3441 3743 3495 Simoni

2151 3512 2286 3566 dixit
2314 3529 2326 3564 :
2361 3513 2576 3574 Exeam.
2607 3527 2673 3565 ex
2701 3512 2938 3566 navicula
2970 3523 3059 3566 tua
3082 3554 3096 3577 ,
3128 3512 3333 3576 Simon,
3362 3510 3657 3580 egrediar;
3690 3513 3740 3565 itt

2152 3593 2204 3637 te
2233 3595 2409 3636 autem
2441 3582 2668 3636 introibo
2688 3600 2701 3636 :
2722 3581 2822 3637 hac
2848 3583 2915 3637 de
2941 3598 3100 3638 causa
3120 3584 3185 3637 ad
3209 3592 3261 3637 te
3280 3583 3419 3638 veni.
3453 3580 3597 3635 Nam
3624 3595 3740 3635 cum

2150 3667 2390 3723 caperes,
2409 3664 2593 3723 captus
2610 3668 2689 3708 es.
2713 3653 2864 3718 Quod
2898 3663 2951 3707 tu
2972 3653 3122 3715 facis,
3144 3654 3193 3708 id
3225 3664 3275 3706 tu
3309 3666 3495 3723 passus
3520 3667 3611 3706 es.
3640 3651 3739 3707 Sed

2153 3733 2251 3777 tua
2272 3725 2375 3776 vita
2402 3723 2453 3777 in
2486 3732 2712 3779 mortem
2743 3724 2948 3789 trahis;
2977 3740 3076 3793 ego
3092 3739 3259 3779 veroa
3279 3734 3451 3777 morte
3473 3727 3522 3774 iu
3554 3724 3736 3793 vitam.

2155 3794 2443 3860 Netimcas,
2457 3794 2638 3849 Simon
2661 3810 2753 3847 :ea:
2772 3795 2988 3865 Itocjam
3008 3796 3234 3849 homines
3251 3796 3350 3848 eris
3360 3793 3575 3863 capiens
3594 3792 3738 3864 (an.

2158 3867 2218 3931 V,
2250 3865 2359 3936 l0).
2396 3866 2650 3936 Stagnum
2701 3865 2975 3934 relinque,
3004 3867 3186 3920 orbem
3219 3879 3410 3936 sagcna
3442 3879 3616 3931 cape;
3649 3880 3740 3918 ca-

2152 3935 2348 4017 lamum
2378 3935 2651 4017 confringe
2670 3977 2685 4000 ,
2715 3945 2769 4017 et
2790 3950 3001 3990 crucem
3036 3950 3231 4017 appara
3251 3951 3337 3999 ;...
3365 3935 3619 4017 discerpe
3640 3976 3654 3999 ,
3683 3944 3736 3989 et

2152 4009 2405 4077 pietatem
2434 4006 2694 4075 praedico;
2724 4006 2936 4060 hamum
2969 4007 3189 4075 projice,
3226 4006 3526 4077 etimorbos
3561 4020 3686 4059 cura
3716 4021 3731 4077 ;_

2151 4074 2282 4131 retia
2309 4074 2595 4131 odiobabe
2620 4118 2634 4143 ,
2664 4087 2720 4133 et
2743 4074 2990 4132 celestes
3029 4078 3206 4132 claves
3233 4074 3432 4130 fabrica
3456 4092 3472 4137 ;
3497 4089 3569 4128 ex
3614 4074 3733 4128 navi

2150 4148 2426 4216 egredere,
2454 4158 2506 4201 et
2534 4148 2669 4201 intra
2701 4150 2752 4201 in
2785 4147 3099 4202 Ecclesiam.
3134 4144 3258 4200 Noti
3287 4147 3475 4209 timere,
3503 4146 3691 4200 Simon
3718 4163 3731 4197 :

2149 4233 2212 4271 ea:
2244 4216 2337 4270 hoc
2364 4217 2592 4271 homines
2628 4219 2725 4271 eris
2750 4218 2972 4287 capiens.
3006 4219 3051 4273 0
3079 4217 3285 4271 Domini
3318 4217 3667 4285 potestatem!
3699 4230 3732 4268 ο

2150 4287 2290 4342 Petri
2330 4287 2701 4355 prudentiam!
2736 4287 2850 4341 Non
2882 4288 3014 4341 dixit
3047 4290 3276 4357 piscator
3302 4287 3391 4341 ille
3415 4287 3502 4355 qui
3541 4294 3730 4357 captus

2148 4369 2230 4411 est
2260 4375 2272 4409 :
2300 4354 2470 4426 Quam
2512 4358 2738 4413 absurda
2766 4368 2849 4412 est
2876 4359 2960 4411 illa
2991 4354 3220 4427 Magistri
3248 4354 3559 4427 adhortatio
3576 4356 3595 4427 ιν
3626 4354 3723 4406 ho-

2150 4429 2322 4483 mines
2366 4428 2608 4497 capiam!
2638 4440 2689 4483 et
2715 4428 2982 4498 quodnam
3023 4425 3137 4499 rete
3180 4425 3725 4499 apparahoiuhiuam

2151 4506 2401 4553 texuntur
2427 4500 2543 4552 hinc
2590 4496 2995 4554 retia'bomines
3023 4509 3079 4552 ut
3109 4496 3576 4566 feras'capientia?
3602 4511 3725 4550 num

2148 4570 2373 4639 abripiet
2396 4584 2481 4623 me
2508 4568 2593 4623 hic
2619 4583 2796 4623 sermo
2824 4569 2965 4624 hami
2990 4569 3194 4623 instar?
3223 4568 3362 4622 Nihil
3386 4567 3574 4621 horum
3598 4566 3729 4619 dixit

2148 4640 2367 4702 Simon;
2396 4648 2599 4694 tantum
2648 4639 2885 4701 audivit,
2917 4642 3094 4693 statim
3140 4640 3425 4692 obsecutus
3467 4647 3549 4690 est
3580 4653 3594 4688 :
3621 4651 3727 4691 non

2150 4710 2389 4765 vendidit
2415 4710 2607 4779 pisces,
2629 4725 2735 4765 non
2760 4711 2924 4764 defuit
2946 4710 3017 4764 illi
3050 4709 3369 4763 abundantia
3398 4722 3599 4779 reruth
3624 4723 3726 4760 non

2148 4796 2268 4835 cum
2299 4776 2463 4836 uxore
2491 4796 2602 4836 rem
2630 4782 2946 4850 composuit.
2975 4780 3087 4834 Non
3116 4781 3246 4834 dixit
3277 4779 3501 4833 Domino
3520 4816 3536 4842 ,
3564 4776 3727 4832 Serva

2149 4852 2277 4905 mihi
2307 4851 2493 4905 saltem
2526 4851 2831 4915 mediocria,
2866 4851 3120 4907 Domine:
3143 4864 3459 4918 componam
3487 4863 3609 4903 cum
3639 4863 3728 4902 nc-

2147 4921 2522 4993 gotiatorihus;
2560 4937 2765 4993 parvos
2787 4934 3029 4991 sumptus
3058 4921 3365 4993 domesticis
3406 4921 3537 4993 meis
3566 4918 3729 4971 relin-

2147 4991 2327 5062 quam.
2358 4991 2499 5046 Nihil
2529 4994 2715 5045 horum
2745 4992 2929 5046 Simon
2952 4992 3087 5046 dixit
3118 5008 3131 5045 :
3161 4991 3353 5046 Petrus
3376 4991 3517 5044 enim
3544 5003 3731 5062 revera

2148 5058 2282 5116 erat.
2306 5063 2485 5132 Neque
2512 5064 2697 5117 l’ctrus
2724 5072 2924 5117 tantum
2960 5062 3230 5117 dominico
3256 5069 3525 5131 praecepto
3544 5058 3731 5132 obedi-

2149 5136 2242 5196 vit,
2274 5134 2366 5188 sed
2394 5130 2553 5187 etiam
2599 5134 2841 5187 Andreas
2863 5144 2917 5187 et
2940 5133 3169 5188 Jacobus
3205 5130 3265 5188 et
3302 5131 3535 5185 Joannes
3566 5146 3581 5182 :
3615 5130 3730 5183 lucc

2148 5206 2290 5259 enim
2318 5213 2441 5258 sunt
2466 5205 2607 5270 paria
2635 5204 2741 5257 duo
2767 5204 2941 5258 fidelia
2972 5206 3245 5257 amboruut
3275 5204 3517 5255 fratrum.

2226 5268 2478 5329 Vidistin“
2494 5275 2699 5327 Domini
2742 5272 3199 5344 negotiationem?
3237 5288 3339 5343 qua
3370 5273 3437 5326 de
3478 5284 3638 5325 causa
3672 5268 3724 5323 iu

2148 5354 2392 5414 stagnum
2415 5361 2475 5400 se
2494 5345 2823 5399 contulerit?
2856 5357 2911 5399 ut
2940 5357 2995 5400 et
3019 5345 3198 5398 turbas
3217 5345 3454 5405 doceret,
3480 5352 3535 5396 et
3555 5344 3725 5414 pisea-

2150 5410 2291 5469 torcs
2333 5415 2492 5490 hamo
2528 5424 2761 5490 caperet.
2793 5417 2996 5490 Audisti
3042 5416 3209 5490 igitur
3221 5415 3608 5490 evangelistam
3638 5410 3724 5490 di-

2148 5500 2354 5541 centem
2391 5504 2403 5539 :
2436 5485 2501 5539 Et
2526 5487 2781 5540 subductis
2798 5488 2864 5539 ad
2893 5500 3074 5540 terram
3096 5485 3323 5547 nucibus,
3347 5485 3533 5538 relictis
3559 5485 3724 5536 omni-

2152 5563 2276 5619 bus,
2307 5556 2464 5610 secuti
2510 5568 2625 5609 sunt
2671 5559 2847 5610 Jesum
2900 5557 3066 5627 (an.
3117 5557 3180 5621 V,
3228 5556 3352 5626 ll).
3405 5555 3542 5622 Quid
3598 5566 3725 5627 vero

2155 5628 2411 5682 Dominus
2431 5628 2453 5678 ?
2474 5636 2683 5695 oportet
2709 5632 2849 5681 enim
2880 5620 3114 5682 sermoni
3144 5620 3628 5695 lincm'itnponcre.
3660 5620 3724 5674 Ut

2148 5698 2279 5751 vidit
2306 5700 2667 5767 apostolorum
2698 5698 3045 5763 alacritatem,
3078 5699 3218 5767 quod
3250 5698 3449 5751 relictis
3476 5699 3723 5751 onmibus

2147 5768 2312 5822 secuti
2346 5776 2529 5820 essent.
2550 5766 2744 5834 ipsum,
2777 5768 2842 5822 ad
2871 5766 3202 5824 curationem
3250 5770 3484 5834 festinat,
3518 5785 3584 5821 ne
3610 5768 3724 5819 dia-

2146 5838 2302 5895 holus
2326 5836 2716 5894 incredulitatis
2755 5855 2936 5895 ausam
2964 5838 3225 5895 inveniret
3259 5855 3269 5891 :
3302 5839 3453 5894 facile
3495 5852 3724 5905 namun
