4054 6216
525 361 593 414 55
1287 385 1294 390 ·
1839 357 2076 413 SYNUPE

2198 356 2427 411 t-zout'n
2945 380 2950 388 -
3679 369 3767 429 .δῇ

519 495 676 565 ειυρο
699 510 825 550 vero
851 494 1019 564 carpit
1045 509 1159 559 eos,
1192 494 1279 564 qui
1311 493 1629 564 baptismum
1670 507 1834 560 uSqne
1862 491 1926 544 ad
1953 505 2092 543 tuor-

519 594 622 652 tcm
661 585 992 645 differebant.
1042 600 1104 638 ac
1142 600 1260 654 qua:
1295 583 1416 638 hinc
1455 582 1590 636 mala
1626 591 1680 636 ct
1725 581 1958 651 pericula
2004 595 2090 633 se-

515 685 744 739 quantur
797 675 1251 745 reccnsct(Tomo
1295 675 1512 729 secundo
1565 684 1612 728 et
1666 673 1822 726 Tomo
1868 671 2085 742 octavo).

517 765 768 832 Baptismi
816 781 942 819 vero
986 768 1198 820 nomina
1248 766 1410 818 multa
1459 774 1644 830 erant,
1701 764 1867 832 ittquit
1909 762 2090 832 (Tomo

513 851 813 924 secundo),
860 870 1050 922 nempe
1104 856 1367 908 lavacrum
1410 852 1824 924 regenerationis
1848 894 1863 917 ,
1897 853 2089 906 illumi-

526 945 704 1009 natio;
733 945 1021 999 vocabatur
1041 946 1199 998 etiam
1231 947 1520 1014 sepultura,
1552 945 1903 1008 circumcisio,
1933 959 2084 1010 crus;

512 1033 617 1086 i.no
673 1036 773 1088 alia
829 1051 1040 1105 quoque
1101 1037 1310 1090 nomina
1365 1049 1460 1104 pro
1503 1035 1818 1105 baptismate
1880 1034 1936 1088 in
1989 1047 2087 1088 usu

511 1134 686 1175 erant.

581 1215 656 1269 De
684 1214 1026 1270 Eueharistiae
1045 1225 1375 1270 sacramento
1405 1216 1580 1270 nullus
1609 1226 1816 1285 patrum
1844 1225 2081 1270 veterum

509 1313 613 1371 est,
643 1306 730 1374 qui
759 1305 1072 1360 luculentius
1101 1307 1257 1359 verba
1297 1307 1498 1360 fecerit.
1527 1307 1686 1361 Libro
1711 1322 1940 1378 namque
1975 1317 2084 1360 ter-

512 1396 586 1450 tio
620 1395 686 1450 de
727 1395 1054 1457 Sacerdotio,
1095 1405 1370 1465 postquam
1409 1395 1743 1450 sacerdotum
1772 1396 2082 1466 dignitatem

497 1485 785 1559 extulerat,
814 1487 902 1554 qui
927 1495 1085 1549 stant,
1127 1485 1311 1555 inquit,
1355 1502 1518 1556 prope
1547 1485 1689 1540 illam
1730 1487 2080 1545 immortalem

510 1587 770 1641 naturam,
800 1578 952 1646 paulo
981 1587 1162 1646 postea
1206 1578 1334 1632 dicit
1366 1597 1378 1632 :
1411 1578 1546 1632 Nam
1582 1580 1626 1634 si
1656 1596 1754 1632 non
1789 1589 1945 1648 potest
1971 1580 2084 1652 quis

505 1669 696 1720 intrare
720 1669 772 1721 in
795 1685 1002 1738 regnum
1030 1669 1290 1734 cwlorum,
1331 1671 1428 1722 nisi
1455 1688 1543 1739 per
1564 1687 1746 1740 aquam
1774 1681 1819 1724 et
1847 1672 2081 1739 spiritum

503 1767 821 1828 regeneratus
847 1760 1018 1828 fuerit,
1045 1760 1194 1812 etiam
1217 1761 1304 1830 qui
1325 1777 1421 1813 non
1449 1762 1718 1818 nmnducat
1743 1777 1941 1814 carnem
1970 1760 2080 1815 Do-

507 1850 648 1913 mitii,
690 1867 780 1903 nec
828 1850 945 1904 bibit
988 1852 1096 1920 ejus
1135 1853 1448 1922 sanguinem,
1488 1864 1676 1906 n'terna
1709 1836 1820 1904 'rita
1856 1853 2082 1921 privatur

505 1941 706 2007 (Tomo
771 1945 932 2013 primo
1069 1943 1124 1998 In
1180 1944 1402 1998 Humilia
1465 1945 1588 1999 item
1648 1945 1716 1999 de
1778 1944 2079 1999 Proditionc

503 2034 653 2089 Judze
681 2035 808 2090 dicit
847 2041 958 2091 Ita'c
1007 2016 1334 2102 verba,.lloc
1377 2047 1446 2090 est
1481 2030 1665 2106 corpus
1710 2054 1872 2090 meum
1898 2037 2079 2108 (Tomo

501 2125 724 2178 secundo
753 2127 791 2196 ),
837 2127 1213 2182 transformarc
1258 2143 1320 2182 ea
1365 2143 1480 2196 qua:
1527 2128 1792 2198 proposita
1843 2136 1998 2195 sunt,
2025 2139 2081 2183 et

503 2215 775 2270 diabolum
830 2218 1080 2272 insiliisse
1119 2219 1168 2272 in
1199 2217 1386 2273 Judam
1439 2230 1712 2287 postquam
1759 2236 1955 2274 menszc
1995 2219 2079 2272 di-

504 2306 639 2360 vina:
670 2309 934 2376 particeps
964 2309 1154 2372 fuerat,
1189 2325 1290 2362 non
1322 2325 1513 2378 corpus
1543 2311 1774 2376 Domini,
1812 2311 1952 2381 quod
1988 2312 2078 2366 ille

497 2410 794 2466 acceperat,
835 2400 1156 2468 despiciens,
1187 2400 1279 2455 sed
1311 2401 1476 2470 ipsius
1505 2401 1653 2455 Judm
1698 2401 2075 2470 impudentiam

498 2499 863 2543 contemnens.
919 2490 1123 2558 Corpus
1171 2499 1226 2544 ct
1261 2491 1567 2560 sanguinem
1613 2490 1808 2545 Christi
1853 2508 1975 2546 vere
2023 2493 2074 2546 in

503 2578 828 2634 Eucharistia
856 2596 974 2635 esse
1019 2581 1098 2635 bis
1136 2581 1268 2635 dicit
1295 2582 1451 2636 etiam
1493 2581 1545 2635 in
1579 2581 1822 2636 llomiliis
1859 2581 1910 2635 in
1941 2583 2074 2636 Mat-

502 2671 724 2724 threum.
769 2670 1162 2725 Commentario
1218 2681 1394 2726 autem
1450 2672 1502 2726 in
1555 2672 1845 2741 Epistolam
1890 2689 2075 2727 secun-

503 2760 626 2814 dant
677 2761 743 2815 ad
783 2762 1091 2817 Corinthios
1143 2765 1194 2817 in
1250 2765 1364 2818 lucc
1407 2764 1564 2818 verba
1616 2763 1795 2833 (Tomo
1821 2765 2073 2835 septimo),

501 2850 652 2904 Catia:
694 2853 1047 2905 benedictionis
1071 2893 1084 2913 ,
1115 2854 1197 2905 cui
1241 2853 1574 2906 benedicintus
1596 2894 1609 2916 ,
1643 2870 1808 2906 nonne
1851 2870 2080 2906 commu-

500 2941 686 2994 nicatio
738 2942 996 3012 sanguinis
1035 2942 1217 2996 Christi
1272 2941 1380 2996 est?
1431 2942 1546 2996 htcc
1588 2943 1881 2998 clarissime
1911 2944 2074 3007 dicit,

502 3030 615 3088 Hoc
660 3033 795 3100 quod
848 3035 898 3086 in
957 3033 1112 3088 calice
1161 3042 1270 3098 est,
1313 3032 1443 3084 illud
1498 3035 1662 3102 ipsum
1715 3044 1786 3086 est
1835 3035 1967 3103 quod
2017 3049 2080 3087 ea:

497 3123 654 3177 latere
701 3123 1075 3196 ﬂuxit(Tomo
1139 3125 1328 3176 decimo
1359 3124 1402 3192 ).
1457 3125 1586 3176 Cum
1657 3124 1841 3192 majori
1917 3126 2074 3179 etiam

495 3217 730 3281 ἐναργείᾳ,
783 3211 896 3266 ha.-c
956 3212 1022 3267 de
1071 3228 1294 3281 corpore
1357 3213 1554 3267 Christi
1633 3214 1682 3266 in
1753 3214 2073 3268 Eucharislia

498 3300 732 3370 loquitur
764 3302 846 3356 .in
905 3301 1099 3355 llomil.
1145 3302 1374 3356 secunda
1438 3301 1490 3356 in
1533 3302 1819 3370 Epistolam
1884 3318 2074 3358 secun-

497 3390 623 3444 dam
662 3390 728 3444 ad
773 3390 1108 3445 Timotheum
1141 3390 1322 3464 (Tomo
1348 3391 1632 3460 undecimo)
1661 3410 1674 3446 :
1705 3390 1772 3445 Et
1809 3393 1903 3447 hoc
1927 3394 2077 3463 igitur

498 3501 681 3554 corpus
733 3483 918 3538 Christi
957 3494 1029 3538 est
1073 3492 1118 3537 et
1171 3483 1316 3538 illud.
1347 3484 1444 3550 Qui
1490 3499 1603 3538 vero
1649 3495 1789 3555 putat
1836 3485 1929 3538 hoc
1976 3486 2073 3537 mi-

496 3591 590 3629 nus
625 3575 712 3628 illo
748 3591 872 3641 esse,
903 3575 948 3628 is
992 3575 1145 3628 nescit
1186 3573 1442 3630 Christum
1479 3576 1628 3630 etiam
1659 3593 1790 3629 nunc
1828 3576 2002 3630 adesse
2028 3586 2075 3630 et

495 3666 716 3734 operari.
757 3664 854 3720 Hic
890 3680 1016 3721 vero
1063 3665 1295 3736 loquitur
1339 3663 1406 3719 dc
1445 3666 1718 3722 sacerdote
1759 3667 2072 3723 sacriticium

496 3755 772 3810 offerente.

567 3844 722 3900 Circa
750 3845 1074 3915 paenitentiae
1121 3855 1508 3902 sacramentum
1537 3847 1605 3902 de
1641 3847 1976 3905 confessione
1997 3850 2076 3905 lo-

497 3950 688 4004 quens,
715 3935 954 4007 lucifugis
985 3937 1197 3991 errandi
1226 3938 1519 4000 materiam,
1549 3948 1694 3992 recte
1725 3950 2075 3996 sentienunus

497 4027 800 4096 scrupulum
825 4028 1004 4095 injecit
1022 4027 1451 4097 Chrysostomus,
1473 4042 1594 4080 cum
1616 4028 1866 4082 Oratione
1891 4031 2072 4099 quinta

497 4114 565 4168 de
607 4114 1127 4184 lncomprcbensibili
1167 4115 1332 4169 dicit:
1366 4114 1484 4168 Non
1525 4123 1569 4168 te
1603 4116 1654 4168 in
1683 4119 1928 4171 theatrum
1953 4136 2074 4172 con-

497 4219 751 4257 servorum
778 4213 979 4257 tuorum
1017 4205 1168 4270 duco,
1205 4221 1359 4272 neque
1388 4204 1670 4259 hominibus
1695 4217 1894 4276 peccata
1932 4223 2070 4263 rere-

497 4295 606 4348 lare
654 4309 779 4364 cogo
815 4308 834 4347 :
855 4295 1211 4348 conscientiam
1263 4305 1402 4350 tuam
1443 4297 1665 4366 expende
1713 4313 1882 4352 coram
1933 4300 2070 4368 Deo,

496 4382 701 4437 ostende
741 4383 839 4454 ipsi
887 4383 1093 4438 uulnera
1115 4423 1132 4450 ,
1178 4395 1223 4439 et
1265 4385 1326 4438 ab
1373 4401 1429 4439 eo
1474 4387 1833 4442 medicamenta
1876 4391 2074 4459 postula

497 4472 680 4543 (Tomo
707 4474 914 4546 primo).
950 4474 1058 4528 llac
1095 4474 1162 4528 dc
1199 4490 1257 4530 rc
1287 4491 1392 4529 non
1422 4491 1614 4546 paucos
1641 4475 1905 4534 luerenles
1943 4481 2069 4549 vidi,

499 4565 885 4635 nonnullosquc
917 4564 1220 4620 dubitantes
1245 4581 1310 4620 an
1336 4566 1427 4620 illo
1454 4582 1569 4620 aevo
1598 4568 1861 4624 confessio
1883 4586 2072 4637 pecca-

499 4663 672 4709 torum
705 4654 969 4710 sacerdoti
996 4655 1230 4710 facienda
1258 4657 1308 4710 in
1348 4672 1444 4710 usu
1471 4665 1615 4712 esset
1643 4657 1956 4725 Antiochiae,
1982 4660 2073 4716 ubi

496 4745 616 4802 haec
655 4743 794 4799 dicta
839 4746 1055 4812 protulit
1095 4746 1527 4818 Chrysostomus.
1579 4749 1691 4804 Non
1737 4749 2072 4808 advertentes

498 4835 670 4904 ipsum
710 4833 846 4889 libro
890 4837 1045 4891 tertio
1082 4837 1150 4892 de
1186 4837 1490 4893 Sacerdotio
1525 4839 1722 4908 dicere,
1770 4842 2074 4899 sacerdotes

499 4939 721 4996 prorsus
746 4927 1002 4996 purgandi
1033 4938 1348 4998 potestatem
1380 4930 1668 4998 accepisse,
1693 4941 1747 4985 et
1780 4941 1897 5001 post
1924 4949 2074 5004 rege-

497 5017 827 5074 iterationem
860 5017 1091 5074 admissa
1131 5031 1340 5089 peccata
1384 5021 1684 5076 condonare
1712 5038 1866 5093 posse
1892 5022 2072 5093 (Tomo

498 5109 686 5182 primo)
715 5125 731 5163 :
759 5117 917 5180 atque
965 5109 1132 5176 adeo,
1177 5127 1296 5166 cum
1351 5113 1419 5167 de
1457 5115 1793 5171 confessione
1832 5125 2072 5185 peccato-

497 5221 616 5262 rum
668 5203 937 5274 loquitur,
983 5201 1034 5257 id
1086 5217 1229 5272 saepe
1280 5205 1345 5259 dc
1383 5205 1484 5259 hoc
1534 5207 1870 5261 sacerdotum
1919 5208 2074 5262 mini-

496 5297 662 5352 sterio
700 5294 1100 5366 intelligendum
1137 5310 1297 5359 esse;
1337 5305 1394 5349 nt
1420 5313 1538 5350 cum
1567 5297 1712 5364 dicit,
1741 5307 1860 5366 post
1889 5314 2070 5367 pecca-

497 5395 609 5442 tum
652 5387 720 5442 ad
751 5386 1140 5444 confessionem
1167 5401 1284 5440 esse
1313 5387 1655 5456 pergendum,
1697 5397 1750 5442 et
1781 5390 2070 5443 confessio-

497 5489 619 5528 nem
661 5479 1016 5532 communioni
1046 5491 1163 5531 esse
1209 5476 1625 5544 permittendum
1649 5475 1828 5547 (Tomo
1859 5480 2066 5548 priora).

493 5565 703 5620 Clarius
729 5583 840 5622 rem
871 5570 1088 5637 profert.
1117 5584 1236 5623 eum
1267 5568 1526 5622 sacerdoti
1554 5570 1725 5623 ulcera
1756 5585 1874 5625 esse
1900 5572 2072 5625 mani-

495 5655 737 5716 festanda
779 5661 1077 5727 pronuntiat
1118 5661 1298 5730 (Tomo
1327 5661 1566 5731 secundo)
1592 5679 1604 5715 :
1631 5679 1723 5732 per
1774 5663 2068 5720 confessio-

495 5761 619 5817 nem
667 5747 810 5804 enim
837 5787 851 5806 .
885 5749 1088 5815 inquit,
1125 5766 1461 5816 peccatorum
1505 5756 1708 5810 sarcina
1766 5753 2066 5822 deponitur.

2199 489 2348 543 Licet
2390 506 2516 544 vero
2568 493 2761 558 passim
2808 493 2950 548 dicat
2999 495 3117 559 ille,
3172 497 3222 546 in
3265 493 3506 562 precibus
3555 500 3756 550 confes-

2203 581 2407 634 sioncm
2454 580 2561 634 Deo
2612 583 2952 636 emittendum
2995 599 3150 648 esse,
3202 584 3251 636 in
3295 584 3596 637 tt'icmoratis
3639 586 3763 639 loci;

2201 671 2586 725 confessionem
2643 674 2800 726 etiam
2850 675 3110 727 sacerdoti
3165 673 3456 728 faciendam
3502 690 3617 728 chc
3671 676 3761 729 de-

2199 762 2385 814 clarat.

2267 848 2381 903 Jam
2412 849 2476 903 ad
2504 852 2848 920 quzcstionem
2880 854 3171 920 veniamus,
3211 869 3328 922 qua:
3357 853 3493 907 haud
3525 854 3612 908 ditt
3652 867 3766 924 post

2193 938 2394 992 obitum
2423 940 2784 1010 Chrysostunii
2810 943 3001 1010 agitata
3033 943 3143 1007 fuit,
3171 945 3278 998 into
3300 947 3348 996 in
3376 947 3629 999 extremis
3654 947 3768 1014 ejus

2196 1030 2315 1082 vita:
2339 1031 2494 1109 annis
2523 1033 2737 1085 subortu
2775 1043 2888 1098 est;
2913 1050 3135 1104 qumque
3157 1051 3271 1088 aevo
3297 1047 3480 1088 nostro
3506 1051 3598 1104 per
3627 1037 3762 1090 inte-

2178 1141 2342 1192 grum
2377 1141 2509 1194 pene
2538 1126 2787 1180 smeulum
2819 1128 3101 1180 multorum
3151 1127 3356 1196 ingenia
3396 1132 3633 1181 exercuit
3658 1146 3672 1194 ;
3701 1129 3769 1184 de

2191 1214 2356 1284 gratia
2399 1231 2590 1282 nempe
2636 1224 2689 1270 et
2737 1215 2905 1270 libero
2946 1217 3186 1272 arbitrio.
3230 1217 3468 1272 Julianus
3515 1219 3661 1273 enim
3714 1231 3768 1275 et

2192 1304 2426 1359 Anianns
2466 1305 2747 1374 Pelagiani,
2789 1306 3225 1378 Cltrysostomum
3272 1307 3369 1360 sibi
3399 1305 3575 1360 favere
3602 1308 3763 1361 dicti-

2194 1396 2372 1449 tahant
2403 1414 2416 1452 :
2447 1406 2500 1450 et
2525 1398 2826 1461 Cassianus,
2857 1398 2943 1466 qui
2971 1396 3350 1468 Chrysostomo
3382 1397 3630 1462 harscral,
3664 1397 3764 1453 Se-

2193 1485 2666 1556 tnil'ielagianornm
2699 1487 2960 1541 haereseos
2980 1496 3164 1541 auctor
3192 1487 3434 1542 habetur.
3461 1488 3557 1552 Qui
3585 1500 3770 1542 autem

2191 1577 2491 1646 hnjosmodi
2532 1578 2822 1632 Incresibus
2869 1592 3062 1634 nomen
3097 1577 3372 1642 dederant,
3419 1586 3620 1633 tantum
3670 1579 3768 1632 do.-

2190 1679 2391 1721 ctoretn
2418 1669 2672 1738 putabant
2691 1669 2740 1722 in
2773 1668 3004 1723 homiliis
3042 1668 3152 1722 suis
3179 1667 3360 1722 favere
3387 1669 3509 1733 sibi,
3541 1669 3768 1738 ejusque

2191 1759 2508 1814 testimoniis
2552 1760 2870 1824 utebantur,
2923 1769 2980 1814 ut
3029 1760 3186 1815 dictis
3233 1761 3343 1814 suis
3392 1761 3764 1816 auctoritatem

2187 1852 2532 1905 conciliarent
2559 1867 2573 1904 :
2602 1861 2650 1904 et
2697 1851 2808 1905 loca
2855 1851 2992 1906 ltaod
3033 1851 3192 1906 dubie
3241 1851 3595 1920 proferebant,
3644 1867 3765 1920 qua:

2185 1939 2499 1994 videbantur
2543 1954 2652 1994 sua:
2696 1939 2903 1994 tuenda:
2947 1940 3224 1994 sententia:
3268 1952 3582 2008 opportuna.
3630 1943 3764 1995 Cum

2185 2031 2325 2084 enim
2372 2031 2508 2084 circa
2548 2030 2770 2099 gratiam
2820 2039 2874 2083 et
2907 2029 3131 2084 liberum
3177 2029 3452 2083 arbitrium
3500 2030 3764 2084 nihildum

2185 2129 2330 2173 esset
2353 2127 2526 2174 ortum
2553 2119 2636 2173 Vel
2666 2119 2894 2188 scrupuli
2925 2119 3004 2172 vel
3033 2118 3448 2187 disceptationis,
3477 2135 3650 2188 neque
3680 2135 3768 2172 es-

2185 2221 2268 2266 set
2304 2228 2390 2267 res
2416 2221 2521 2266 tam
2547 2210 2776 2265 difficilis
2820 2213 2980 2266 certis
3022 2225 3209 2265 vocum
3250 2210 3504 2264 limitibus
3539 2211 3768 2264 circum-

2185 2304 2378 2372 scripta
2407 2321 2418 2355 :
2449 2302 2572 2371 quid
2611 2303 2825 2365 mirum,
2869 2301 2912 2355 si
2959 2299 3366 2371 Chrysoxtomns
3401 2301 3451 2352 in
3479 2301 3764 2354 coacioni-

2183 2394 2302 2461 bus,
2334 2410 2465 2464 quas
2502 2396 2807 2463 plerumque
2837 2409 2902 2448 ex
2932 2402 3169 2461 tempore
3199 2392 3579 2462 pronuntiavit,
3608 2410 3765 2460 qum—

2183 2485 2302 2539 dam
2336 2487 2610 2554 protulerit
2649 2487 2785 2540 circa
2831 2485 3051 2554 gratiam
3081 2483 3195 2549 Dei,
3227 2498 3365 2552 quae,
3413 2483 3456 2536 si
3503 2484 3766 2537 secundis

2183 2578 2323 2632 coris
2347 2587 2400 2631 et
2427 2579 2722 2631 accuratius
2755 2583 3050 2638 tractasset,
3077 2573 3465 2630 emendavisset
3492 2574 3628 2626 haud
3657 2575 3768 2626 du-

2183 2666 2268 2720 bie
2289 2668 2312 2718 ?
2337 2675 2392 2720 ut
2419 2675 2472 2720 et
2499 2669 2818 2736 Augustinus
2843 2681 2960 2735 qua!
2992 2664 3190 2733 pridem
3224 2663 3290 2718 de
3323 2665 3486 2732 gratia
3516 2664 3604 2716 Dei
3637 2681 3762 2716 scn-

2182 2766 2343 2819 serat,
2383 2756 2576 2824 abjecit
2607 2755 2843 2820 omnino,
2879 2770 2998 2809 cum
3041 2768 3101 2808 ea
3143 2752 3210 2806 de
3250 2770 3306 2806 re
3347 2762 3422 2806 tot
3462 2753 3767 2807 scribendis

2186 2848 2329 2901 libris
2351 2861 2566 2915 operam
2596 2846 2761 2900 dcdit.

2254 2936 2616 3004 Chrysostomi
2658 2935 2772 2989 loca
2822 2934 2908 2988 hic
2959 2933 3273 2989 referimus:
3309 2934 3529 2988 Humilia
3572 2935 3621 2986 in
3671 2936 3766 2988 di-

2183 3037 2326 3081 ctum
2361 3027 2486 3080 illud
2534 3027 2699 3091 Pauli,
2749 3026 3002 3080 Habentes
3041 3037 3204 3080 autem
3246 3027 3470 3080 eumdem
3504 3027 3769 3096 Spiritum

2183 3120 2324 3188 ﬁdei,
2355 3128 2459 3172 etc.
2491 3121 2507 3186 (
2536 3119 2693 3171 Temo
2745 3117 2955 3189 tertio),
3007 3117 3121 3172 haec
3168 3118 3366 3172 habet:
3415 3117 3555 3172 Illud
3607 3121 3771 3173 nimi-

2183 3227 2294 3264 rum
2345 3209 2601 3263 ostendere
2650 3209 2838 3272 volens,
2861 3209 2995 3279 quod
3049 3208 3190 3262 initio
3243 3209 3462 3275 credere,
3489 3219 3534 3262 et
3582 3227 3771 3279 parere

2187 3301 2404 3364 roranti,
2454 3311 2637 3354 nostra:
2677 3309 2749 3353 est
2795 3298 2936 3352 bona:
2981 3299 3158 3352 mentis
3185 3315 3202 3352 :
3229 3308 3278 3350 at
3321 3310 3578 3368 postquam
3615 3302 3771 3369 jacta

2185 3393 2369 3463 fuerint
2395 3392 2514 3460 ﬁdei
2543 3392 2893 3462 fundamenta,
2910 3393 3022 3461 jam
3051 3409 3176 3460 opus
3202 3400 3273 3444 est
3297 3393 3486 3444 auxilio
3509 3391 3767 3461 Spiritus,

2184 3494 2234 3535 ut
2263 3484 2312 3534 in
2349 3481 2488 3534 nobis
2516 3491 2752 3552 perpetuo
2777 3491 2974 3534 maneat
3003 3482 3297 3535 inconcussa
3322 3491 3367 3535 et
3392 3483 3772 3552 inexpugnabi-

2183 3571 2262 3626 lis.
2301 3571 2477 3643 Neque
2503 3573 2632 3624 enim
2675 3570 2834 3633 Deus,
2873 3587 3030 3642 neque
3074 3571 3296 3642 Spiritus
3321 3573 3485 3644 gratia
3530 3585 3769 3628 nostrum

2184 3663 2417 3731 prtevenit
2457 3663 2803 3732 propositum;
2831 3663 2919 3716 sed
2957 3663 3152 3716 tametsi
3199 3674 3353 3728 vocet,
3401 3674 3654 3734 exspectnt
3683 3678 3772 3719 ta-

2184 3771 2318 3820 men,
2347 3763 2400 3806 ut
2429 3765 2602 3824 sponte
2629 3765 2672 3807 et
2694 3755 2900 3825 propria
2929 3755 3181 3809 voluntate
3217 3755 3528 3819 accedamus,
3563 3773 3624 3808 uc
3654 3768 3766 3811 tum

2183 3848 2380 3900 demum
2431 3863 2542 3900 cum
2581 3849 2951 3913 accesserimus,
2995 3846 3134 3901 nobis
3178 3863 3324 3900 suum
3364 3856 3521 3899 totum
3558 3849 3770 3902 exhibet

2182 3940 2448 3990 auxilium.
2477 3934 2660 3990 Simile
2696 3936 2962 4005 quidpiam
3005 3936 3131 3990 dicit
3159 3937 3348 3990 llomil.
3399 3937 3449 3989 in
3493 3936 3768 3992 Joannem

2184 4025 2297 4080 haec
2334 4024 2602 4095 Evangelii
2647 4025 2806 4080 verba
2857 4025 3124 4093 explicans
3157 4024 3338 4095 (Tomo
3364 4026 3558 4096 octavo)
3585 4045 3596 4078 ;
3621 4025 3766 4080 Con-

2181 4132 2350 4170 versus
2390 4127 2554 4168 autent
2579 4115 2751 4182 Iesus,
2783 4127 2827 4168 et
2865 4116 3033 4169 videns
3062 4133 3142 4168 eos
3181 4126 3456 4187 sequentes,
3488 4117 3606 4169 dicit
3633 4118 3711 4170 eis
3740 4131 3768 4171 :

2185 4199 2320 4266 Quid
2343 4207 2563 4277 qmeritis
2580 4208 2605 4260 .’
2633 4207 2808 4276 Pergit
2843 4208 2928 4262 ille
2952 4225 2964 4261 :
2999 4205 3128 4260 Hinc
3153 4208 3388 4260 ducentur
3415 4206 3577 4260 Deum
3603 4208 3768 4264 donis

2181 4311 2280 4349 non
2311 4298 2581 4366 praevenire
2622 4298 2898 4350 voluntates
2945 4307 3176 4360 nostras;
3196 4297 3284 4350 sed
3307 4295 3396 4350 ubi
3420 4314 3510 4350 nos
3549 4296 3753 4365 incepi—

2182 4404 2322 4450 mus,
2369 4403 2480 4440 cum
2519 4388 2821 4440 uoluntatem
2843 4387 3194 4457 prazmisimus,
3231 4399 3347 4442 tunc
3383 4387 3625 4456 plurimas
3647 4387 3751 4439 dat

2180 4478 2267 4532 ille
2291 4479 2430 4532 nobis
2454 4479 2630 4531 salutis
2659 4477 2963 4532 occasiones.

2254 4569 2476 4623 llomilia
2507 4578 2683 4622 autem
2713 4569 2781 4624 59
2813 4569 2862 4622 in
2893 4567 3142 4624 Gcnesim
3175 4583 3286 4621 rem
3315 4581 3384 4621 ita
3411 4568 3656 4637 explicat,
3690 4577 3759 4623 ut

2182 4675 2360 4716 secum
2406 4663 2517 4731 ipse
2562 4677 2794 4731 pugnare
2841 4661 3082 4715 videatur
3129 4659 3309 4726 (Tomo
3361 4659 3752 4728 quarto).N:nn

2180 4751 2247 4806 de
2269 4751 2467 4806 Jacoho
2509 4752 2666 4806 lsaaci
2699 4752 2806 4804 tilio
2845 4752 3067 4819 loquens
3104 4751 3215 4806 hazc
3260 4751 3459 4804 habet:
3495 4751 3629 4804 Licet
3663 4768 3762 4804 sn-

2183 4858 2336 4912 perno
2379 4842 2612 4911 prtesidio
2641 4846 2797 4912 fretus
2821 4843 2993 4911 fuerit,
3039 4851 3255 4894 attamen
3285 4841 3420 4910 quod
3459 4858 3606 4894 suum
3643 4854 3765 4894 crat

2179 4933 2318 5003 prius
2343 4932 2582 4986 exhibuit.
2615 4932 2698 4985 Ita
2735 4949 2856 4986 sane
2882 4944 2925 4986 et
2957 4949 3046 4986 nos
3073 4933 3465 5001 persuadeamus
3495 4933 3652 4993 nobis,
3695 4933 3768 4984 li-

2177 5034 2251 5078 cet
2293 5024 2474 5078 millies
2503 5024 2771 5089 enitamur,
2821 5023 2948 5076 nihil
2983 5037 3150 5076 tamen
3188 5040 3392 5090 prorsus
3437 5034 3566 5076 recte
3605 5039 3766 5091 agerc

2178 5133 2344 5185 posse,
2371 5117 2466 5168 nisi
2490 5132 2706 5185 superno
2731 5115 2920 5168 auxilio
2947 5114 3166 5182 adjutos.
3205 5113 3349 5167 Sicut
3379 5114 3509 5166 enim
3537 5112 3632 5164 nisi
3662 5113 3766 5165 illo

2176 5209 2396 5263 subsidio
2422 5209 2669 5276 fruamur,
2699 5208 2824 5261 nihil
2853 5223 3090 5277 umquam
3114 5222 3374 5277 possumus
3403 5215 3534 5258 recte
3561 5221 3712 5274 agere
3746 5222 3766 5259 :

2179 5300 2268 5364 ita,
2319 5299 2408 5352 nisi
2434 5298 2568 5368 quod
2609 5308 2834 5352 nostrum
2863 5306 2934 5350 est
2973 5297 3308 5359 attulerinms,
3339 5313 3438 5348 non
3476 5298 3761 5365 poterimus

2176 5406 2446 5457 supernum
2484 5389 2732 5443 auxilium
2781 5388 3018 5441 obtinere.
3072 5387 3125 5440 Si
3168 5402 3393 5454 namque
3444 5385 3650 5437 initium
3697 5397 3762 5438 et

2179 5481 2514 5536 fundamenta
2547 5479 2668 5534 fidei
2709 5481 2824 5534 sine
2863 5479 2950 5533 Dci
2987 5480 3184 5532 auxilio
3218 5493 3413 5546 ponere
3442 5492 3762 5546 possumus,

2179 5580 2235 5625 ut
2261 5571 2347 5624 ille
2372 5585 2532 5638 supra
2566 5569 2718 5634 dixit,
2750 5568 3014 5637 quomodo
3044 5584 3224 5622 verum
3247 5583 3368 5622 esse
3399 5567 3588 5636 poterit
3617 5565 3754 5618 illud

2177 5661 2317 5732 quod
2345 5660 2430 5714 hic
2448 5659 2648 5726 adjicit,
2670 5675 2768 5712 nos
2794 5673 2983 5726 nctnpc
3005 5659 3130 5712 nihil
3161 5674 3393 5725 umquam
3421 5668 3564 5712 recte
3593 5668 3763 5726 agere

2182 5768 2358 5822 pOSsc,
2386 5751 2482 5807 nisi
2511 5765 2741 5820 superno
2767 5750 2963 5824 auxilio
2989 5749 3194 5819 adjutus
3218 5750 3237 5804 3
