4054 6216
317 336 393 393 55
1076 327 1241 396 QUAE
1283 328 1346 384 ΙΝ
1386 329 1723 389 OPERIBIIS
1760 333 2233 394 CIIRYSOSTOMI
2279 339 2801 400 7tBSERVANTl7R.
3494 345 3562 395 fili

377 448 518 515 Quia
543 446 690 502 enim
726 444 795 500 de
821 444 987 511 gratia
1006 452 1067 495 et
1100 443 1268 496 libero
1301 441 1524 497 arbitrio
1551 441 1810 498 nihildum
1840 443 1894 498 in

310 541 553 598 Ecclesia
599 547 854 593 statutum
902 535 1090 597 fuerat,
1148 550 1253 587 non
1301 544 1446 587 tanto
1497 534 1747 604 scrupulo
1775 550 1896 605 qua:

306 647 431 687 sese
470 630 635 686 menti
664 628 978 689 oﬂcrcbant,
1009 633 1189 679 orator
1218 635 1400 678 noster
1424 640 1486 679 ea
1514 625 1582 678 de
1625 640 1684 680 re
1726 640 1897 680 enun-

305 723 499 787 tiallat,
543 721 635 790 qui
684 720 728 773 si
773 733 833 771 ea
883 718 948 771 ad
999 716 1247 770 trutinam
1295 716 1638 780 excussisset,
1684 716 1894 770 saniora

304 814 447 866 haud
470 812 635 867 dubie
662 810 935 873 dedisset;
962 808 1055 863 sed
1083 824 1187 862 non
1216 807 1409 863 licebat
1434 808 1632 862 oratori
1659 807 1895 876 quotidie

304 912 478 958 ferme
513 915 568 958 et
594 919 661 956 ex
689 912 930 969 tempore
958 914 1101 969 szepe
1126 898 1445 953 declamanti
1467 898 1610 952 serio
1641 897 1816 951 verbis
1840 908 1893 951 et

301 995 467 1048 dictis
484 994 733 1047 omnibus
757 990 1064 1060 advigilare,
1098 989 1150 1042 in
1182 988 1344 1042 rebus
1367 988 1594 1041 maxime
1619 1002 1737 1055 qum
1769 1002 1896 1039 nou-

308 1089 439 1141 dum
471 1085 701 1155 publicis
727 1082 981 1138 Ecclesia:
1002 1081 1204 1150 legibus
1231 1087 1451 1133 assertse
1476 1079 1685 1133 fuerant
1710 1076 1892 1147 (Tomo

309 1176 789 1247 tertio).Cmterum
832 1188 992 1242 quam
1035 1187 1066 1224 a
1114 1170 1395 1239 Pelagiana
1434 1167 1627 1222 lncresi
1674 1184 1892 1222 aversus

306 1278 454 1324 esset
499 1269 614 1336 ipse
655 1265 973 1320 testiﬁcatur
1021 1263 1075 1316 in
1130 1261 1235 1315 line
1277 1258 1531 1329 Epistolas
1576 1269 1779 1329 quarta:
1825 1259 1892 1313 ad

307 1357 683 1429 Olympiadem
707 1395 724 1421 ,
767 1354 991 1409 dicens:
1026 1351 1102 1407 De
1151 1350 1364 1422 Pelagio
1410 1350 1656 1404 monacho
1706 1367 1892 1421 magno

305 1453 492 1506 dolere
528 1447 742 1516 aﬂ'ectus
785 1463 898 1502 sum
925 1461 944 1499 :
969 1445 1132 1515 cogita
1154 1443 1308 1514 igitur
1334 1453 1456 1513 quot
1482 1444 1778 1511 quantisque
1807 1458 1894 1495 co-

301 1544 452 1598 ronis
474 1542 616 1612 digni
639 1541 738 1593 sint
759 1538 847 1608 qui
871 1538 1067 1607 fortiter
1090 1538 1142 1589 in
1171 1536 1279 1588 acie
1304 1543 1561 1598 steterunt,
1596 1549 1711 1587 cum
1737 1536 1889 1596 viros,

298 1638 394 1704 qui
418 1637 475 1689 in
503 1644 643 1688 tanta
671 1632 870 1702 pietatis
895 1629 1242 1684 mrcitatione
1270 1636 1316 1681 et
1345 1627 1614 1680 tolerantia
1640 1627 1887 1690 vixerunt,

302 1727 501 1796 subripi
529 1726 803 1778 videamus.

382 1819 480 1873 Hic
507 1817 573 1870 de
609 1814 822 1883 Pelagio
861 1810 1216 1866 hmresiarcba
1261 1810 1343 1880 agi
1378 1824 1500 1863 cum
1549 1809 1729 1863 multis
1760 1808 1891 1863 viris

302 1910 478 1964 doctis
496 1908 765 1963 existimo.
797 1903 927 1958 Erat
947 1903 1090 1958 enim
1123 1902 1212 1956 ille
1237 1899 1550 1962 monachus,
1572 1914 1891 1965 erroresque

300 2014 433 2054 suos
475 2011 733 2067 spargere
778 1993 963 2063 coepit,
1010 1992 1221 2062 quando
1262 1992 1681 2062 (llirysostomus
1732 1990 1887 2045 exsul

300 2099 602 2146 extretntun
641 2087 763 2142 vitae
800 2084 1123 2140 curriculum
1145 2084 1335 2150 agebat
1353 2097 1495 2136 anno
1520 2083 1739 2137 circiter
1761 2083 1886 2137 407.

301 2182 433 2248 Quae
476 2180 659 2232 omnia
706 2178 775 2231 ad
821 2177 1090 2246 Pelagium
1135 2174 1404 2230 hazreseos
1449 2183 1721 2228 auctorem
1765 2188 1890 2241 Spe-

301 2283 447 2328 ctare
469 2270 741 2333 videntur,
785 2278 946 2336 atque
985 2268 1055 2321 ita
1081 2281 1201 2320 cum
1232 2266 1323 2319 illo
1351 2273 1665 2330 consonant,
1697 2272 1754 2318 ut
1785 2278 1887 2318 non

300 2363 439 2416 alius
464 2361 708 2429 Pelagius
735 2356 1056 2429 quzrrendus
1085 2356 1343 2410 videatur.

880 2645 1200 2700 DIATRIBA
1244 2645 1305 2698 II.

305 2789 392 2844 De
448 2788 706 2857 disciplina
748 2801 853 2839 crvo
894 2782 1263 2853 Chrysostomi,
1304 2781 1462 2850 deque
1503 2782 1679 2836 ritibus
1737 2783 1887 2836 variis

369 2891 481 2933 tum
515 2876 840 2931 Antiochenis
867 2885 972 2928 tum
997 2871 1564 2941 ConstantinOpolitanis
1586 2888 1604 2925 :
1633 2882 1677 2926 et
1709 2872 1771 2925 de
1799 2871 1887 2925 Li-

370 2970 556 3038 iurgia.

372 3098 517 3153 Circa
544 3096 748 3151 cultum
777 3092 1100 3149 venerabilis
1127 3093 1301 3148 crucis
1326 3092 1555 3156 Domini,
1580 3101 1883 3146 sanctarum

300 3190 642 3259 reliquiarum
681 3195 737 3241 et
777 3184 1087 3254 imaginum,
1132 3184 1401 3253 etiamque
1441 3183 1883 3239 intercessionem

292 3291 346 3337 et
373 3280 762 3334 invocationem
792 3285 1121 3340 sanctorum,
1150 3274 1236 3328 illa
1266 3274 1458 3343 passim
1491 3272 1689 3342 profert
1708 3273 1882 3343 Chry-

295 3380 581 3433 sostomus,
616 3384 735 3439 qua:
778 3366 1092 3420 hodiernum
1134 3365 1386 3419 Ecclesiae
1424 3380 1625 3419 morem
1661 3379 1882 3433 prorsus

295 3463 615 3532 exprimant.
648 3458 930 3529 Singulare
956 3471 1172 3526 prorsus
1203 3467 1286 3512 est
1310 3456 1382 3518 id,
1412 3456 1552 3526 quod
1580 3456 1647 3510 de
1671 3456 1728 3511 S.
1759 3472 1881 3510 cru-

288 3556 373 3608 eis
423 3552 572 3606 cultu
628 3550 760 3606 dicit
808 3550 898 3604 ille
923 3550 1122 3621 (nempe
1171 3550 1224 3601 in
1272 3546 1432 3602 Tomo
1482 3548 1880 3617 primo):Nihil

288 3645 690 3716 Insperatoriam
731 3657 971 3696 coronam
1013 3643 1086 3695 sic
1129 3649 1337 3693 exornat
1380 3648 1435 3693 ut
1481 3656 1623 3704 crux,
1650 3641 1878 3694 universo

282 3736 479 3789 mdo
509 3734 811 3803 pretiosior;
836 3741 886 3785 et
914 3732 1023 3798 eius
1051 3731 1235 3800 ﬁgura,
1262 3746 1413 3799 quam
1439 3731 1560 3784 olim
1588 3748 1758 3785 omnes
1786 3749 1875 3785 ea:-

284 3827 674 3888 lsorrescebant,
719 3824 793 3876 ita
834 3822 1062 3875 certatim
1102 3821 1383 3890 exquiritur
1424 3822 1486 3873 ab
1530 3822 1778 3887 ontnibus,
1822 3831 1876 3875 ut

280 3919 474 3987 ubique
496 3916 797 3985 reperiatur,
823 3912 964 3981 apud
992 3911 1241 3982 principes
1261 3920 1309 3964 et
1331 3910 1576 3977 subditos,
1607 3912 1745 3981 apud
1765 3929 1877 3965 um-

282 4012 436 4064 lieres
461 4017 508 4062 et
542 4011 695 4071 viros,
735 4005 876 4074 apud
901 4004 1115 4074 uirgines
1153 4014 1198 4056 et
1229 4014 1433 4072 nuptas,
1457 4005 1595 4073 apud
1621 4020 1789 4058 servos
1828 4014 1876 4058 et

281 4101 471 4155 κόσοι
496 4116 515 4153 :
545 4115 661 4152 nam
687 4098 818 4151 illud
845 4112 1020 4151 omnes
1043 4096 1243 4166 signum
1268 4096 1551 4164 frequenter
1580 4096 1874 4166 imprimunt

282 4193 344 4244 irs
385 4190 717 4243 membrorum
760 4187 955 4240 meliori
984 4195 1148 4256 parte,
1191 4195 1239 4238 et
1272 4186 1325 4239 in
1365 4190 1532 4254 fronte
1560 4203 1651 4240 ceu
1692 4188 1745 4241 in
1789 4204 1874 4241 co-

282 4283 463 4333 lumna
498 4280 771 4347 ﬁguratum
811 4277 1033 4347 quotidie
1070 4278 1443 4349 circumferunt.
1481 4276 1592 4332 Hoc
1631 4281 1682 4331 in
1725 4296 1873 4333 sacra

283 4389 485 4434 mensa,
522 4372 617 4423 hoc
644 4373 696 4422 in
734 4370 1051 4423 sacerdotum
1080 4370 1498 4435 ordinationibus,
1542 4371 1635 4423 hoc
1673 4388 1871 4425 rursum

283 4480 405 4517 cum
431 4478 645 4531 corpore
667 4460 851 4514 Christi
880 4471 928 4514 et
954 4461 1165 4530 mystica
1187 4477 1328 4514 ctena
1356 4462 1588 4531 refulget.
1620 4461 1732 4515 IIoc
1756 4464 1869 4517 ubi-

284 4570 388 4621 que
410 4552 717 4605 celebratum
759 4551 926 4604 videre
954 4561 1046 4614 est,
1075 4552 1128 4603 in
1157 4551 1404 4614 domibus,
1443 4553 1495 4605 in
1522 4556 1656 4623 foro,
1697 4554 1747 4606 in
1777 4555 1867 4607 de-

282 4646 457 4705 sertis,
488 4645 542 4695 in
585 4643 699 4705 viis,
740 4642 791 4695 in
820 4640 1086 4706 montibus,
1113 4640 1167 4694 in
1204 4642 1434 4704 saltibus,
1465 4643 1516 4695 in
1558 4645 1789 4712 collibus,
1818 4646 1869 4698 in

288 4737 443 4797 ari,
476 4735 529 4786 in
564 4733 792 4793 naribus.
814 4733 868 4784 iu
896 4732 1094 4791 insulis,
1123 4737 1177 4785 in
1204 4732 1363 4793 lectis,
1394 4733 1446 4785 iu
1472 4735 1790 4800 vestimentis,
1817 4736 1869 4789 in

282 4826 464 4886 mnis,
511 4824 560 4875 in
595 4822 849 4883 thalamis,
893 4822 944 4874 in
991 4822 1246 4885 conviviis,
1276 4823 1330 4874 in
1373 4824 1501 4876 vasis
1544 4826 1788 4893 argenteis
1824 4838 1868 4878 et

284 4915 476 4979 aureis,
509 4915 563 4965 in
590 4914 891 4981 niargaritis,
940 4913 991 4964 in
1020 4912 1265 4976 parietum
1303 4914 1528 4982 picturis,
1569 4918 1621 4968 in
1647 4933 1869 4985 corpori-

281 5007 378 5058 bus
417 5006 682 5058 beatorum
726 5003 858 5058 male
899 5002 1114 5069 affectis,
1154 5004 1205 5057 in
1236 5005 1528 5073 corporibus
1572 5023 1604 5059 a
1645 5010 1869 5062 daemone

286 5096 525 5161 obsessis,
565 5097 618 5149 in
644 5095 806 5159 bellis,
853 5095 906 5148 in
935 5110 1077 5162 pace,
1122 5094 1175 5147 in
1215 5095 1408 5160 diebus,
1451 5096 1502 5148 in
1545 5099 1786 5157 noctibus.
1816 5101 1868 5152 in

286 5188 485 5240 choreis
514 5186 922 5252 tripudiantium,
953 5185 1006 5238 in
1038 5184 1284 5239 sodalitiis
1322 5201 1427 5239 sese
1465 5189 1821 5241 macerantium
1849 5204 1862 5243 .'

291 5281 415 5332 adeo
441 5281 670 5333 certatim
705 5281 895 5334 donum
928 5282 1025 5355 hcc
1048 5281 1294 5347 mirabile,
1323 5283 1525 5352 eiusque
1563 5282 1865 5349 ineffabilem

294 5370 502 5435 gratiam
545 5386 715 5425 omnes
756 5371 1188 5439 perquirunt......
1238 5371 1430 5441 Ubique
1469 5372 1559 5426 illa
1594 5373 1771 5443 fulget,
1816 5376 1873 5428 in

290 5460 560 5517 parietibus
597 5463 883 5521 domorum,
931 5462 981 5514 in
1011 5463 1170 5526 tectis,
1203 5462 1254 5515 in
1293 5462 1449 5525 libris,
1480 5464 1533 5515 in
1566 5464 1785 5524 urbibus,
1816 5466 1865 5516 in

290 5548 430 5607 ficis,
463 5550 512 5602 in
546 5551 769 5613 incultis,
811 5551 861 5602 in
897 5550 1046 5604 cultis
1070 5552 1349 5605 locis.......
1390 5552 1533 5607 Illud
1556 5569 1671 5610 vero
1704 5556 1866 5623 ipsum

288 5639 500 5706 lignum,
533 5641 583 5693 in
611 5657 710 5709 quo
731 5656 931 5693 sacrum
957 5656 1138 5710 corpus
1160 5659 1363 5710 passum
1386 5654 1430 5698 et
1449 5647 1747 5712 cruciﬁxum
1768 5656 1860 5710 est,

281 5744 376 5782 cur
410 5733 630 5785 certatim
672 5747 847 5784 onines
876 5732 1214 5786 adeunt?cur
1234 5735 1534 5798 particulam
1569 5736 1678 5798 eius
1716 5737 1861 5790 multi

2001 457 2248 502 sumentes
2281 467 2408 503 auro
2435 451 2703 519 inclusam,
2733 464 2835 506 tum
2876 455 2967 508 uiri
2991 465 3096 510 tum
3122 459 3355 514 mulieres
3383 476 3416 514 a
3448 466 3579 518 collo

2000 540 2312 606 suspendunt
2338 543 2405 593 ad
2430 554 2680 607 ornatum,
2705 546 2793 600 etsi
2817 547 3155 603 damnationis
3182 552 3461 620 symbolum
3487 562 3580 609 hoc

2002 626 2191 697 lignum
2215 630 2349 697 fuit?
2378 629 2490 684 Imo
2510 632 2850 703 Imperatores
2873 638 3037 707 posito
3076 640 3361 697 diademate
3383 661 3581 700 crucem

2000 718 2335 785 suscipiebant
2361 720 2539 790 (Tomo
2566 725 2772 794 primo).

2070 807 2197 863 llrec
2239 811 2433 879 sacpius
2480 813 2609 868 dicit
2643 816 2694 868 in
2747 818 3072 875 orationibus
3108 832 3293 879 contra
3343 825 3577 893 Iudaeos,

1998 896 2247 967 additque
2272 900 2424 969 signo
2451 905 2627 957 crucis
2647 906 3003 964 adversariam
3026 921 3336 982 potestatem
3362 932 3581 973 omnem

1999 989 2165 1057 fugari
2197 988 2492 1064 (Ibidem).
2523 997 2801 1067 Singulare
2858 1010 3035 1058 autem
3090 1008 3308 1061 omnino
3361 1021 3444 1064 est
3490 1012 3575 1075 id,

2002 1078 2144 1148 quod
2201 1080 2282 1135 bis
2333 1082 2533 1150 profert
2582 1086 2991 1158 Cbrysostomus
3017 1134 3031 1159 ,
3071 1095 3223 1164 cujus
3279 1097 3364 1153 hic
3419 1101 3577 1155 verba

1997 1172 2297 1229 adscribam
2328 1176 2510 1245 (Tomo
2534 1180 2731 1249 quinto)
2757 1200 2770 1236 :
2800 1183 2906 1237 Sed
2956 1202 3067 1239 ecce
3117 1206 3242 1243 crux
3292 1207 3426 1244 nunc
3468 1193 3580 1263 ipsa

1996 1265 2097 1318 vita
2121 1268 2274 1321 euasit
2302 1268 2646 1325 honorabilior
2675 1281 2721 1326 et
2745 1275 3077 1343 splendidior,
3107 1290 3156 1334 et
3191 1298 3361 1335 omnes
3393 1299 3501 1336 eam
3526 1287 3580 1337 in

1996 1357 2164 1426 fronte
2185 1360 2621 1433 circumferimus;
2651 1379 2750 1418 non
2779 1366 2942 1420 solunt
2967 1385 3067 1422 non
3110 1374 3467 1438 erubescentes,
3492 1377 3579 1427 sed

1995 1452 2148 1503 etiant
2180 1453 2473 1522 gloriantes.
2502 1455 2644 1510 Alibi
2672 1457 2800 1512 dicit
2832 1458 2976 1513 illam
3009 1460 3060 1515 in
3092 1462 3266 1518 fronte
3296 1466 3457 1520 fuisse
3485 1467 3579 1520 dc-

1999 1541 2192 1609 pictam
2221 1542 2406 1614 (Tomo
2443 1549 2704 1617 septimo).
2752 1547 2975 1614 Idcirco,
3006 1553 3191 1622 inquit,
3224 1564 3270 1608 et
3307 1557 3482 1622 domi,
3533 1568 3581 1611 et

1994 1634 2048 1687 in
2075 1637 2368 1705 parietibus,
2408 1650 2455 1692 et
2493 1641 2543 1693 in
2580 1643 2830 1711 fenestris,
2865 1654 2913 1697 et
2940 1645 2992 1698 in
3032 1648 3198 1715 fronte
3227 1658 3274 1702 et
3313 1650 3364 1703 in
3396 1660 3577 1717 mente,

1996 1726 2139 1780 illuni
2191 1746 2306 1782 cum
2342 1732 2502 1785 multo
2541 1734 2711 1788 studio
2763 1735 3084 1807 depingimus
3112 1740 3302 1805 (Tomo
3354 1744 3576 1812 quinto).

2000 1814 2184 1871 Omnes
2213 1835 2324 1871 eam
2348 1820 2403 1873 iu
2431 1820 2599 1889 fronte
2625 1826 3046 1895 circumferimus,
3077 1828 3264 1898 inquit,
3294 1848 3391 1885 non
3417 1834 3581 1886 solum

1996 1922 2096 1960 non
2117 1910 2474 1977 erubescentes,
2506 1913 2595 1965 sed
2613 1915 2763 1967 etiant
2797 1918 3089 1985 gloriantes.
3123 1918 3244 1973 Non
3273 1923 3421 1975 modo
3449 1924 3580 1977 enim

1996 1997 2287 2067 populares,
2331 2000 2421 2053 sed
2447 2012 2494 2055 et
2530 2002 2568 2055 ii
2605 2006 2692 2071 qui
2724 2016 2838 2058 sunt
2869 2007 3151 2063 diademate
3186 2012 3422 2080 redimiti,
3469 2030 3580 2068 eam

1998 2089 2164 2157 potius
2184 2090 2234 2143 in
2263 2094 2429 2160 fronte
2452 2103 2648 2161 gestant
2673 2111 2826 2161 quam
2845 2097 3101 2153 diadema.

2070 2178 2142 2231 De
2187 2178 2390 2234 honore
2432 2191 2592 2250 atque
2637 2184 2781 2238 cultu
2826 2197 3129 2243 sanctorum
3156 2230 3170 2254 ,
3208 2193 3581 2264 prmcipueque

1996 2279 2285 2339 martyrum
2317 2272 2554 2341 reliquiis
2590 2277 2825 2342 przustito
2863 2277 3167 2348 frequenter
3206 2284 3314 2350 agit
3346 2284 3578 2353 (Συγγεοο

1994 2372 2218 2415 atomus.
2248 2360 2470 2431 lnsignis
2496 2365 2642 2419 locus
2673 2367 2759 2420 ille
2787 2377 2889 2430 est,
2936 2370 3024 2423 ubi
3069 2371 3137 2425 de
3174 2383 3357 2427 saneto
3384 2376 3576 2447 Babylo

1995 2450 2263 2507 disserens
2310 2456 2429 2508 talia
2467 2455 2606 2511 tatur
2636 2457 2818 2529 (Tomo
2862 2462 3142 2532 secundo):
3194 2465 3255 2517 At
3309 2463 3442 2520 Deus
3492 2468 3579 2521 ille

1992 2543 2236 2610 clemens,
2275 2547 2360 2616 qui
2388 2546 2617 2615 inﬁnitas
2650 2548 2792 2603 nobis
2821 2552 2996 2604 salutis
3023 2555 3307 2609 occasiones
3332 2559 3575 2622 contulit,

1992 2633 2124 2687 hanc
2163 2652 2359 2706 quoque
2403 2638 2545 2693 nobis
2586 2656 2702 2692 cum
2744 2642 2860 2694 aliis
2897 2645 3100 2708 aperuit
3137 2647 3303 2711 viam,
3346 2664 3458 2716 quae
3486 2667 3578 2703 nos

1993 2726 2150 2793 possit
2178 2727 2247 2779 ad
2270 2728 2501 2782 uirtutem
2528 2745 2750 2795 euocare,
2787 2744 3075 2787 sanctorum
3102 2738 3338 2807 reliquias
3376 2740 3576 2794 interim

1993 2816 2133 2883 apud
2161 2833 2251 2870 nos
2280 2818 2584 2887 relinquens.
2619 2819 2757 2874 Nam
2797 2833 2907 2891 post
2934 2829 3177 2880 sermonis
3197 2829 3461 2895 virtutem,
3492 2849 3575 2884 se-

1989 2907 2211 2960 cundum
2236 2917 2399 2961 tenent
2418 2909 2645 2963 ordinem
2671 2922 2960 2966 mactemus
2979 2915 3231 2983 sepulcra,
3253 2934 3368 2987 qua:
3380 2921 3575 2975 animos

1988 2996 2291 3051 intuentium
2319 2999 2578 3053 hominum
2600 3002 2667 3053 ad
2691 3002 3016 3057 imitationem
3038 3007 3304 3061 concitent.
3329 3009 3401 3061 Ac
3414 3011 3573 3063 sicubi

1988 3088 2099 3157 quis
2128 3089 2376 3157 ejusmodi
2400 3106 2569 3158 capsa:
2590 3092 2769 3157 adstet,
2799 3094 2967 3146 statim
2996 3096 3107 3164 ejus
3136 3097 3404 3166 efﬁcaciam
3423 3117 3571 3154 seum

1989 3181 2314 3249 percipit.....
2363 3180 2531 3235 Probe
2584 3194 2751 3236 autem
2811 3185 3172 3241 animaduertet
3222 3190 3571 3260 defunctorum

1989 3271 2308 3340 phantasiam
2342 3289 2404 3326 ea:
2426 3274 2550 3341 ipsis
2569 3275 2691 3328 locis
2711 3276 2762 3329 in
2788 3278 3053 3333 viventium
3073 3281 3255 3333 animis
3275 3284 3499 3349 excitari,
3527 3287 3570 3339 si

1988 3361 2100 3429 quis
2138 3361 2314 3430 cogitet
2356 3363 2608 3431 quomodo
2648 3364 2718 3428 ii,
2766 3367 2852 3433 qui
2899 3367 3104 3437 lugendi
3141 3384 3295 3424 causa
3337 3373 3565 3436 veniunt,

1984 3453 2156 3506 statim
2188 3465 2339 3523 atque
2376 3454 2443 3507 ad
2471 3456 2702 3524 sepulcra
2730 3469 3063 3521 accesserunt,
3120 3476 3181 3513 ac
3220 3462 3265 3515 si
3304 3464 3406 3517 uice
3428 3481 3570 3518 unua

1984 3562 2089 3610 eos,
2134 3547 2221 3614 qui
2258 3546 2310 3597 in
2347 3563 2477 3598 urna
2512 3548 2717 3615 jaceat,
2760 3558 2949 3603 stantes
2991 3550 3229 3615 riderent,
3280 3554 3352 3606 sic
3388 3555 3500 3608 illos
3541 3572 3568 3607 e

1985 3635 2156 3687 limine
2182 3635 2351 3688 statim
2376 3635 2696 3704 compelleut.
2725 3635 2879 3690 Multi
2908 3654 3041 3703 vero,
3065 3639 3369 3696 intolerabili
3399 3642 3566 3708 affecti

1983 3724 2176 3787 dolore,
2197 3740 2354 3794 prope
2380 3726 2610 3794 sepulcra
2639 3737 2949 3780 mortuorum
2979 3729 3286 3783 domicilium
3323 3734 3416 3786 sibi
3448 3752 3563 3802 per-

1981 3831 2108 3868 enne
2134 3815 2527 3880 constituerunt;
2557 3816 2611 3868 id
2639 3826 2954 3886 nequaquam
2992 3821 3207 3890 facturi,
3239 3823 3335 3875 nisi
3369 3840 3433 3877 ea:
3468 3824 3564 3878 lati

1983 3916 2250 3975 conspectu
2285 3907 2547 3977 quidpiam
2588 3910 2944 3964 consolationis
2972 3914 3328 3981 percepissent.
3365 3913 3561 3984 Ecquil

1980 3998 2173 4051 deloco
2197 4009 2240 4051 et
2261 4000 2492 4067 sepulcro
2513 4000 2726 4067 loquor?
2752 4016 2864 4054 cum
2888 4003 3033 4055 vestis
3053 4019 3184 4072 saepe
3207 4004 3315 4056 sola
3335 4014 3560 4058 mortuo-

1979 4108 2091 4145 rum
2114 4092 2238 4157 risa,
2259 4100 2342 4145 aut
2364 4092 2561 4145 verbum
2583 4109 2741 4146 unum
2760 4104 2921 4147 mente
2944 4096 3206 4163 repetitum
3229 4098 3453 4151 animum
3468 4115 3560 4152 ex-

1978 4184 2147 4236 citarit
2169 4226 2182 4241 .
2206 4194 2251 4236 et
2281 4183 2521 4236 labentem
2551 4186 2841 4237 memoriam
2869 4186 3141 4239 reduxerit.
3172 4186 3298 4240 Ideo
3322 4190 3561 4258 reliquias

1978 4285 2265 4328 sanctorum
2319 4276 2462 4329 nobis
2517 4275 2653 4329 Deus
2709 4278 2920 4331 dimisit.
2972 4278 3059 4333 Me
3093 4290 3259 4333 autem
3310 4299 3409 4336 non
3455 4284 3562 4336 lucc

1983 4368 2173 4433 frustra
2204 4365 2451 4429 iactitare,
2471 4368 2557 4417 sed
2577 4367 2643 4418 ad
2672 4367 2935 4420 utilitatem
2957 4378 3179 4422 nostram
3205 4371 3276 4423 ita
3306 4374 3561 4440 provisum

1978 4471 2116 4519 esse,
2146 4455 2299 4524 ﬁdem
2355 4459 2520 4526 facere
2562 4468 2776 4524 possunt
2838 4460 3090 4514 miracula
3143 4477 3256 4531 qua:
3297 4479 3330 4514 a
3374 4465 3560 4517 sanctis

1976 4548 2199 4619 quotidie
2225 4550 2528 4619 martyribus
2552 4552 2787 4604 eduntur.

2049 4640 2274 4695 llomilia
2303 4657 2430 4695 vero
2461 4641 2512 4694 iu
2543 4642 2598 4696 S.
2641 4642 2975 4697 Eustathium
3024 4645 3412 4699 Antiochenum
3440 4645 3555 4702 hmc

1979 4732 2169 4787 habet:
2193 4731 2389 4785 Idcirco
2415 4744 2700 4785 sanctorum
2726 4750 2938 4802 corpora
2963 4744 3010 4787 et
3037 4737 3201 4804 fontes
3220 4745 3267 4789 et
3292 4739 3488 4791 radices
3509 4747 3557 4791 et

1975 4836 2229 4894 unguenta
2278 4841 2512 4891 mtncupo
2549 4824 2834 4891 spiritualia
2873 4823 3055 4897 (Tomo
3099 4829 3358 4899 secundo).
3402 4831 3557 4886 Plebs

1985 4931 2110 4970 vero
2132 4914 2457 4968 Antiocliena
2483 4917 2534 4967 iu
2558 4915 2756 4966 vicinos
2778 4916 2889 4968 urbi
2912 4932 3149 4986 campos,
3170 4920 3253 4972 ubi
3277 4920 3554 4989 sepulchra

1980 5014 2268 5076 martyrum
2298 5014 2467 5065 erant,
2504 5005 2728 5058 libenter
2756 5004 3076 5061 conﬂuebat.
3098 5009 3227 5073 Quia
3258 5025 3386 5064 vero
3416 5026 3557 5064 mar-

1976 5105 2148 5168 tyrum
2177 5103 2514 5150 monumenta
2559 5110 2679 5148 cum
2732 5095 3100 5150 haereticorum
3143 5098 3439 5168 sepulchris
3468 5100 3553 5153 in-

1974 5186 2216 5240 termixta
2264 5193 2416 5239 erant
2459 5182 2752 5256 (,Ibidvm);
2799 5186 2918 5240 ideo
2946 5185 3257 5252 Flavianus,
3290 5196 3346 5240 ut
3386 5187 3553 5242 devo-

1973 5290 2039 5331 ta:
2093 5277 2229 5345 plebi
2284 5276 2619 5339 consuleret,
2673 5292 2795 5331 ossa
2841 5278 2926 5332 illa
2983 5289 3269 5348 martyrum
3323 5278 3553 5349 delegit,

1971 5384 2033 5420 ac
2070 5382 2308 5421 seorsum
2356 5368 2408 5421 in
2440 5383 2572 5438 puro
2621 5368 2921 5437 intnidoque
2950 5369 3067 5424 loco
3091 5368 3392 5422 collocavit.
3437 5370 3554 5439 Ipse

1970 5474 2182 5526 quoque
2213 5458 2624 5529 Cbrysostoinus
2653 5460 2803 5515 exsul
2836 5460 3025 5513 Ruﬁno
3065 5459 3375 5530 presbytero
3422 5464 3550 5517 reli-

1972 5552 2121 5621 quias
2151 5563 2441 5624 martyrum
2481 5555 2656 5616 misit,
2700 5553 2916 5606 minime
2946 5550 3155 5616 dubias,
3187 5554 3390 5623 inquit,
3422 5571 3553 5625 quas

1971 5644 2038 5698 ah
2080 5645 2506 5700 OtreioArabissi
2535 5646 2785 5713 episcopo
2833 5654 3110 5712 acceperat
3136 5643 3318 5715 (Tomo
3356 5649 3549 5717 tertio).

1982 5735 2134 5791 Plura
2162 5752 2440 5807 possemus
2464 5736 2657 5791 addere
2677 5777 2694 5803 ,
2739 5736 2832 5792 sed
2861 5739 2973 5791 lucc
3002 5739 3132 5793 satis
3162 5749 3303 5794 sunt.
3342 5740 3549 5796 Cultam
