4058 6218
399 291 463 344 57
1739 283 2055 343 SYNOPSIS
2093 285 2329 345 EORUM
3598 291 3668 353 58

395 420 537 475 enim
581 417 667 472 illc
716 415 1053 487 reliquiarum
1095 412 1230 468 adeo
1270 409 1570 481 frequenter
1607 407 1872 474 celebrat,
1919 418 1976 462 ut

399 513 528 566 nihil
559 526 621 565 ca
645 510 714 565 de
743 525 803 564 rc
826 509 969 563 dubii
999 507 1249 575 supersit.

469 602 582 657 Nec
607 601 782 653 minus
819 598 964 652 clare
1002 594 1235 665 loquitur
1271 593 1338 647 de
1376 589 1707 645 invocatione
1736 597 1785 642 et
1818 589 1981 642 inter-

400 691 643 745 cessione
683 697 985 741 sanctorum
1027 691 1084 738 et
1128 691 1440 752 martyrum.
1486 679 1617 732 Cum
1665 677 1977 731 Antiochi-ni

401 783 623 835 adversa
654 777 956 832 valetudine
987 775 1285 829 laborantes
1304 771 1369 824 ad
1387 770 1628 836 Judasos,
1661 771 1747 837 qui
1778 768 1981 837 praesti—

401 872 500 939 κείς
526 870 591 924 ad
622 868 836 922 morbos
861 863 1208 934 depellendos
1246 864 1536 915 utebantur
1553 902 1567 925 ,
1595 860 1978 929 confugerent,

403 972 460 1017 ut
496 975 524 1012 a
558 959 743 1012 talibus
785 958 903 1010 illos
946 963 1184 1016 avertat,
1235 952 1319 1005 his
1360 959 1547 1005 avocat
1592 950 1773 1005 verbis
1799 948 1983 1021 (Tomo

403 1050 634 1121 primo):
684 1048 908 1101 Proinde
942 1055 997 1099 tu
1051 1061 1272 1116 quoque,
1322 1044 1367 1097 si
1405 1044 1586 1097 videris
1635 1052 1681 1096 te
1738 1043 1907 1113 puniri
1953 1059 1985 1095 a

407 1140 515 1193 Deo
534 1181 547 1203 ,
590 1154 650 1191 ne
687 1137 946 1206 profugias
973 1137 1039 1189 ad
1061 1137 1170 1206 ejus
1196 1134 1425 1189 inimicos
1448 1134 1658 1187 Judteos
1676 1175 1691 1199 ,
1735 1150 1800 1187 ne
1825 1134 1985 1203 magis

403 1232 553 1285 etiam
573 1230 716 1283 illum
738 1230 788 1281 in
811 1238 858 1282 te
878 1243 1148 1296 provoces;
1173 1227 1260 1281 sed
1280 1226 1345 1279 ad
1360 1227 1549 1279 amicos
1566 1226 1701 1279 illius
1717 1233 1982 1295 martyres,

404 1332 551 1392 atque
574 1330 793 1386 sanctos,
834 1322 918 1388 qui
946 1322 1023 1373 illi
1048 1320 1365 1386 placuerunt,
1397 1318 1577 1387 quique
1602 1318 1814 1370 multant
1847 1316 1985 1386 apud

405 1414 554 1467 illum
590 1412 771 1465 habent
811 1412 1147 1465 auctoritatis.
1202 1410 1425 1463 llomilia
1474 1424 1605 1463 vero
1650 1409 1700 1461 in
1746 1417 1985 1461 sanctum

407 1503 669 1558 Mcletium
690 1500 870 1573 (Tomo
912 1502 1154 1568 secundo)
1177 1519 1188 1553 :
1213 1500 1424 1553 Oremus
1453 1500 1618 1567 itaque
1647 1515 1817 1552 onmes
1838 1497 1989 1551 simul

410 1603 513 1655 tam
541 1594 883 1662 magistratus,
911 1608 1060 1660 quam
1098 1592 1280 1661 privati
1300 1632 1313 1656 ,
1347 1600 1449 1644 tant
1474 1591 1600 1643 servi
1625 1607 1776 1660 quam
1811 1589 1984 1652 liberi,

411 1688 606 1739 beatum
652 1686 818 1756 ipsum
862 1685 911 1737 Μ
918 1686 1115 1737 eletium
1155 1686 1336 1737 harant
1383 1700 1584 1754 precum
1621 1684 1810 1736 socium
1853 1684 1989 1734 acci-

413 1782 622 1849 pientes.
655 1779 723 1832 Et
750 1780 873 1832 alibi
904 1778 1198 1832 clariSsime
1227 1776 1409 1846 (Tomo
1447 1775 1652 1847 quarto)
1680 1774 1783 1830 τιτι
1826 1777 1988 1828 scien-

415 1880 486 1924 tes
506 1910 522 1934 ,
568 1870 770 1933 dilecti,
804 1870 1153 1938 confugiamus
1177 1870 1246 1921 ad
1267 1878 1555 1922 sanctorum
1580 1884 1775 1937 preces,
1809 1877 1853 1919 et
1884 1883 1996 1919 ore—

413 1975 525 2019 mus
544 1967 593 2010 ut
622 1975 713 2027 pro
740 1958 880 2011 nobis
900 1959 1230 2012 intercedant.
1261 1958 1367 2013 Sed
1404 1975 1503 2011 non
1541 1957 1747 2011 illorum
1768 1957 1994 2025 precibus

415 2058 605 2101 tantum
659 2050 1003 2116 confidamus,
1035 2051 1123 2102 sed
1165 2048 1219 2104 et
1275 2051 1375 2119 ipsi
1415 2060 1623 2115 nostra,
1654 2059 1709 2102 ut
1764 2059 1986 2120 Oportet,

414 2139 756 2207 dispensemus
791 2151 946 2204 recte,
989 2149 1035 2193 et
1059 2141 1128 2195 ad
1154 2142 1365 2195 meliora
1390 2143 1606 2195 converti
1652 2142 1906 2202 nitamur,
1941 2150 1995 2192 ut

417 2230 578 2282 locum
606 2231 779 2284 demus
804 2234 1036 2296 orationi,
1066 2250 1176 2304 qua:
1204 2251 1294 2302 pro
1319 2235 1460 2287 nobis
1482 2234 1731 2304 funditur.
1757 2236 1866 2287 Alia
1892 2250 1995 2287 non

418 2333 583 2386 pauca
623 2322 934 2388 proferenda
979 2331 1352 2393 suppetereut;
1394 2323 1488 2378 sed
1537 2324 1589 2377 in
1618 2339 1679 2378 re
1701 2325 1996 2378 certissima

420 2422 523 2461 non
546 2419 625 2463 est
645 2410 840 2464 diutius
863 2398 1273 2466 immorandum.

493 2499 745 2555 Ecclesia:
783 2503 963 2557 multm
1006 2503 1095 2556 illo
1132 2519 1246 2558 tero
1286 2505 1536 2576 martyria
1575 2505 1996 2573 appellabantur.

419 2589 723 2661 Martyrium
747 2608 870 2647 vero
894 2595 1043 2649 initio
1062 2595 1339 2649 ecclesiam
1362 2606 1651 2667 martyrum
1674 2597 2001 2664 signiﬁcasse

419 2679 658 2746 videtur;
680 2697 744 2736 ac
764 2697 980 2752 semper
1001 2683 1329 2752 frequentius
1347 2700 1440 2754 pro
1457 2687 1681 2741 ecclesia
1704 2696 1998 2756 martyrum

420 2770 714 2839 accipitur,
763 2773 857 2828 sed
908 2790 1004 2839 pro
1054 2776 1175 2830 aliis
1222 2777 1381 2830 etiam
1437 2776 1678 2831 ecclesiis
1733 2792 1999 2832 nonnuma

421 2878 577 2932 quam
604 2863 882 2919 adhibetur
903 2864 1086 2935 (Tomo
1103 2867 1341 2920 secundo.
1383 2865 1505 2921 Vide
1529 2878 1698 2920 notant
1721 2880 1767 2921 et
1790 2868 2003 2922 Glossa-

420 2955 551 3008 rium
596 2955 773 3028 Cangii
823 2957 1315 3029 Graeco-Latinum).
1366 2961 1462 3015 illo
1504 2968 1680 3015 autem
1726 2976 1842 3015 ιι·νο
1891 2972 2001 3015 ιιιιη

421 3046 702 3112 ecclesiis,
737 3056 845 3101 tum
889 3051 1157 3120 martyriis
1203 3066 1426 3119 magnus
1455 3050 1805 3106 exhibebatur
1834 3052 2005 3105 honor

422 3145 478 3190 et
513 3138 831 3191 reverentia.
872 3138 1003 3192 Cum
1052 3141 1104 3193 in
1138 3142 1422 3195 ecclesiam
1469 3141 1766 3205 intrarent,
1816 3156 2004 3195 manus

423 3224 745 3291 abluebant,
797 3229 1029 3297 itemque
1077 3240 1359 3300 antequam
1410 3241 1753 3300 precarentur
1803 3231 2002 3303 (Tomo

424 3316 619 3386 octavo)
650 3334 662 3369 :
690 3317 1120 3382 Quemadmodum
1154 3323 1306 3387 enim,
1358 3323 1556 3393 inquit,
1586 3325 1790 3378 solenne
1824 3336 1896 3378 est
1948 3335 2003 3379 ut

424 3412 589 3477 fontes
635 3421 817 3478 prazsto
850 3412 950 3465 sint
987 3423 1102 3467 ante
1147 3415 1400 3480 oratoria,
1434 3424 1485 3467 ut
1541 3416 1802 3469 adoraturi
1841 3417 2002 3472 Deum

427 3514 604 3551 manus
647 3500 783 3555 prius
811 3500 940 3555 latas
968 3503 1099 3557 inter
1112 3505 1427 3571 precandum
1452 3506 1687 3560 attollant
1713 3522 1733 3561 :
1757 3508 1827 3559 ita
1875 3525 2005 3578 pau-

425 3603 566 3657 peres
620 3590 834 3658 fontiunt
872 3591 975 3646 vice
1020 3603 1137 3647 ante
1184 3597 1318 3665 fores
1372 3595 1740 3650 collocaverunt
1788 3600 2005 3668 majores

425 3680 613 3744 nostri;
647 3690 699 3732 ut
738 3683 1158 3751 quemadmodum
1207 3702 1385 3740 manus
1440 3686 1695 3741 abluimus
1735 3706 1899 3761 aqua,
1931 3691 2005 3744 sic

433 3771 574 3839 prius
615 3787 703 3840 per
746 3772 1117 3841 beneﬁcentiam
1157 3778 1380 3831 abstersa
1412 3779 1603 3845 anima,
1657 3790 1762 3833 tum
1803 3780 2002 3833 demum

425 3877 595 3929 preces
661 3871 858 3917 nostras
911 3862 1205 3931 offeramus.
1256 3866 1311 3921 In
1357 3884 1506 3922 more
1542 3879 1655 3922 erat
1708 3869 1904 3935 etiam,
1949 3878 2007 3923 ut

423 3951 513 4019 qui
544 3952 594 4006 in
640 3956 920 4009 ecclesiam
966 3957 1223 4012 intrarent
1266 3959 1380 4027 ejus
1404 3960 1661 4013 vestibula
1693 3961 2002 4015 oscularen-

426 4051 527 4094 tur.
576 4044 713 4097 Intra
756 4047 1035 4101 ecclesiam
1080 4065 1207 4103 vero
1245 4050 1496 4105 mulieres
1523 4050 1714 4105 tabulis
1744 4051 1931 4121 ligneis
1973 4069 2002 4105 a

426 4132 557 4185 viris
594 4137 1282 4207 sequestrabanturzquam
1323 4155 1435 4193 rem
1482 4156 1512 4192 a
1564 4142 1851 4210 majoribus
1875 4158 2005 4197 eon-

424 4223 660 4276 stitutam
710 4225 778 4277 ita
823 4226 1025 4295 profert
1053 4229 1669 4299 Chrysostomus(Tonto
1719 4234 1997 4305 septimo):

427 4313 691 4386 Oporteret
714 4319 882 4387 utique
912 4320 1047 4375 intus
1073 4338 1178 4375 esse
1216 4339 1416 4375 nturunt
1453 4324 1539 4393 qui
1580 4340 1664 4378 vos
1692 4342 1725 4377 a
1777 4325 2004 4379 mulieri-

423 4406 517 4460 bus
543 4410 1040 4479 sequestraret:quia
1081 4427 1194 4464 vero
1237 4411 1291 4463 id
1334 4428 1436 4466 non
1481 4414 1648 4479 vultis,
1670 4418 2003 4469 necessarium

421 4515 527 4554 esse
570 4510 813 4571 putarunt
863 4510 1028 4571 patres
1076 4504 1254 4568 nostri,
1273 4514 1326 4556 ut
1373 4505 1548 4559 saltem
1593 4507 1772 4576 ligneis
1818 4508 2001 4563 tabulis

421 4607 506 4646 vos
524 4610 889 4663 separaremus.
925 4593 992 4649 Ut
1019 4613 1051 4649 a
1093 4597 1368 4651 senioribus
1409 4614 1499 4668 ego
1534 4600 1729 4663 audivi,
1773 4604 1912 4654 initio
1948 4603 2002 4655 ln'

423 4686 634 4751 parietes
660 4703 760 4739 non
788 4690 944 4756 fuere.

492 4774 625 4829 Rem
661 4778 980 4846 singularem
1026 4780 1179 4835 docet
1204 4782 1615 4853 Chrysostomus
1642 4784 1779 4853 quod
1809 4800 1999 4854 nempe

421 4868 474 4921 in
503 4870 769 4939 mysteriis
786 4868 1401 4929 ChristiauiAntiocheni
1424 4889 1483 4929 se
1502 4884 1685 4929 mutuo
1707 4876 2000 4945 amplecte-

422 4971 605 5016 rentur
634 4962 814 5031 (Tomo
868 4969 1094 5037 octavo);
1126 4978 1182 5021 ut
1234 4970 1383 5023 multi
1429 4986 1591 5043 unum
1637 4969 1994 5037 efﬁcerentur,

418 5061 578 5122 atque
616 5069 927 5110 communes
956 5072 1142 5125 preces
1172 5059 1451 5115 funderent
1484 5077 1579 5131 pro
1605 5078 1710 5116 non
1740 5064 1956 5117 initiatis
1979 5105 1996 5131 ,

419 5158 515 5211 pro
540 5144 782 5211 inﬁrmis,
806 5160 902 5215 pro
927 5148 1070 5201 orbis
1091 5147 1373 5217 fructibus,
1403 5168 1499 5221 pro
1524 5162 1684 5218 terra,
1713 5168 1809 5223 pro
1841 5155 1993 5208 mari.

418 5232 616 5291 Morem
654 5246 830 5291 autem
878 5245 1145 5302 veterem,
1195 5254 1348 5309 quem
1396 5242 1694 5298 mirabilem
1744 5244 1892 5308 dicit,
1945 5244 1995 5297 in

418 5328 730 5382 memoriam
770 5338 984 5384 revocat
1030 5329 1215 5401 (Tomo
1245 5333 1409 5401 tertio)
1443 5334 1650 5387 :Coacti
1685 5345 1881 5397 autem,
1919 5335 1996 5388 iu—

415 5417 546 5484 quit,
578 5428 696 5473 tunc
723 5422 897 5489 ﬁdeles
924 5439 1094 5477 omnes
1136 5433 1247 5491 post
1285 5424 1511 5477 auditam
1548 5427 1849 5493 doctrinam,
1888 5436 1998 5495 post

416 5508 703 5575 orationes,
757 5526 867 5581 post
913 5517 1261 5584 mysteriorum
1310 5518 1779 5586 participationem,
1830 5517 1995 5571 soluta

420 5602 628 5669 synaxi,
668 5619 768 5656 non
799 5608 968 5659 statim
994 5609 1195 5661 domum
1225 5608 1593 5673 concedebant;
1630 5610 1716 5663 sed
1746 5609 1923 5662 divites
1950 5619 1995 5660 et

413 5692 783 5760 opulentiores,
824 5697 1060 5750 alimenta
1094 5709 1140 5752 et
1173 5701 1368 5770 fercula
1406 5718 1433 5754 ε
1468 5702 1695 5755 dmmbus
1731 5702 1835 5755 suis
1862 5700 1990 5767 affe-

2081 420 2246 463 rentes
2267 450 2280 473 ,
2314 424 2558 479 pauperes
2587 404 2916 471 advocabant,
2944 402 3292 475 communique
3315 405 3470 461 simul
3495 423 3673 462 mensa

2084 502 2408 569 fruebantur,
2444 498 2786 551 conmntnibtts
2825 496 2989 566 epulis
3025 505 3173 566 atque
3207 497 3442 552 conviviis
3470 499 3524 552 in
3557 514 3671 563 ipsa

2084 592 2312 644 ecclesia.
2343 593 2423 645 Ait
2463 607 2618 658 p-n-ru
2647 590 2987 646 celebritates
3032 588 3148 643 illas
3189 588 3244 644 in
3295 588 3522 646 meridie
3548 591 3667 661 ple-

2087 696 2313 752 rumque
2338 683 2490 736 solvi.

2162 775 2233 826 De
2264 774 2544 844 pm‘cipuis
2573 785 2669 842 per
2695 787 2891 827 annum
2938 771 3127 828 diebus
3166 771 3313 829 festis
3354 789 3460 828 non
3502 774 3669 828 semel

2087 867 2197 934 agit
2233 865 2422 919 doctor
2467 874 2666 918 noster.
2718 865 2791 919 De
2834 866 2992 918 natali
3035 880 3161 919 vero
3204 865 3291 919 die
3328 864 3524 918 Christi
3557 864 3671 920 iure

2088 966 2269 1011 narrat
2317 956 2369 1010 in
2423 957 2679 1010 concione
2727 971 2883 1025 quam
2936 955 3119 1010 habuit
3170 969 3311 1008 anno
3359 954 3667 1009 586:illaut

2091 1062 2282 1115 nempe
2306 1047 2677 1101 solennitatem
2723 1062 2891 1116 nuper
2919 1060 2981 1099 ac
3009 1045 3240 1099 nondum
3265 1046 3464 1114 elapsis
3484 1044 3670 1099 decem

2091 1138 2246 1191 annis
2273 1139 2340 1190 ab
2366 1137 2672 1201 Occidente,
2706 1138 2791 1190 ubi
2821 1137 2888 1189 ah
2918 1136 3139 1190 exordio
3162 1136 3435 1190 'celehrata
3467 1136 3664 1197 fuerat,

2092 1227 2427 1282 Antiochiam
2480 1230 2691 1283 allatam
2748 1228 2909 1283 fuisse
2959 1226 3160 1294 (Tomo
3210 1227 3491 1298 secundo).
3534 1226 3668 1294 Quia

2090 1335 2218 1374 vero
2265 1319 2476 1389 plurimi
2503 1320 2643 1374 diem
2683 1320 2875 1374 festum
2922 1318 3223 1388 hujusmodi
3267 1320 3416 1388 quasi
3471 1334 3671 1373 novum

2091 1426 2155 1464 ac
2206 1426 2374 1479 nuper
2420 1411 2688 1465 inductum
2719 1411 3104 1474 detrectabant,
3125 1411 3303 1465 multis
3348 1411 3675 1480 argumentis

2094 1502 2280 1568 prohat
2324 1503 2410 1556 ille
2458 1502 2687 1555 natalem
2718 1501 2913 1555 Christi
2968 1501 3020 1555 in
3070 1502 3375 1570 vigesimum
3432 1500 3670 1570 quintam

2097 1592 2399 1645 Decembris
2427 1591 2678 1645 incidere.
2702 1591 2921 1645 Veteres
2951 1602 3123 1644 tamen
3147 1590 3378 1661 Egyptii
3406 1600 3459 1645 et
3481 1590 3676 1645 Orien-

2097 1684 2230 1737 tales
2258 1699 2475 1745 omnes,
2512 1694 2566 1736 ut
2596 1698 2821 1738 concors
2864 1686 3099 1738 onmimn
3154 1682 3414 1738 sententia
3457 1691 3575 1749 est,
3602 1683 3679 1737 si-

2096 1773 2204 1827 mul
2237 1774 2544 1843 Epiphaniae
2575 1773 2879 1842 Natalisquc
2908 1773 3113 1828 Domini
3145 1773 3334 1827 festum
3379 1772 3466 1826 die
3515 1783 3671 1827 sema

2095 1863 2327 1918 Januarii
2357 1864 2807 1918 celebrabant:at
2834 1864 2973 1919 circa
3017 1863 3246 1917 medium
3291 1863 3471 1916 seculi
3497 1863 3673 1930 quarti

2099 1955 2300 2009 invecta
2318 1954 2531 2009 easdem
2554 1954 2608 2008 in
2629 1955 2871 2025 regiones
2887 1953 3215 2009 consuetudo
3234 1953 3330 2007 fuit
3351 1963 3407 2007 ut
3426 1954 3677 2023 vigesima

2098 2049 2276 2117 quinta
2308 2046 2610 2101 Decembris
2639 2046 2867 2099 natalem
2914 2044 3055 2100 diem
3098 2044 3452 2099 celebrarent.
3487 2043 3679 2097 Verum

2102 2141 2324 2210 priscam
2354 2140 2497 2193 illam
2531 2139 2969 2192 consuetudinem
2996 2136 3063 2191 ad
3091 2145 3302 2192 tetatem
3334 2150 3500 2206 usque
3528 2149 3678 2190 suam

2102 2230 2152 2284 in
2183 2230 2417 2284 Ecclesia
2447 2229 2890 2301 Jerosolymitana
2912 2228 3151 2283 obtinere
3180 2228 3328 2281 testis
3353 2237 3434 2281 est
3460 2224 3684 2280 Cosmas

2100 2323 2414 2392 Egyptius,
2466 2337 2623 2391 quem
2664 2322 2927 2375 edidimus
2965 2336 3105 2374 anno
3152 2319 3291 2373 i706
3315 2337 3326 2371 :
3352 2317 3684 2387 idipsumque

2100 2414 2378 2469 centirmat
2413 2413 2643 2467 Joannes
2672 2412 2950 2474 Nicarnus,
2983 2410 3110 2465 dum
3154 2411 3220 2463 ait
3254 2423 3557 2463 asseverare
3584 2408 3680 2462 Je-

2102 2507 2547 2575 rosolymitanos,
2594 2505 2848 2559 Jacobmn
2899 2503 3113 2558 fratrem
3166 2502 3398 2564 Domini,
3452 2501 3679 2571 primum

2102 2596 2555 2668 Jcrosolymorum
2583 2596 2888 2665 episcopum
2914 2636 2929 2658 ,
2969 2594 3034 2648 ad
3066 2595 3290 2648 natalem
3319 2592 3511 2646 Christi
3539 2591 3683 2645 cele-

2106 2688 2362 2742 brandam
2388 2688 2625 2742 Januarii
2657 2697 2862 2741 sextum
2895 2686 3036 2741 diem
3067 2686 3434 2755 assignat-isse.

2176 2779 2372 2833 Verum
2417 2778 2507 2833 diu
2550 2788 2673 2833 ante
2716 2779 2765 2832 in
2812 2779 3195 2833 Antiochenam
3255 2776 3545 2829 Ecclesiam
3598 2775 3679 2827 in-

2102 2877 2287 2923 vectus
2316 2868 2487 2923 fuerat
2514 2869 2644 2922 ritus
2674 2868 2975 2923 celebrandi
3023 2868 3250 2920 natalem
3279 2864 3472 2920 Christi
3503 2864 3586 2918 die
3613 2865 3683 2919 25

2108 2960 2433 3015 Decembris.
2462 2961 2548 3014 Ait
2574 2961 2715 3014 enim
2748 2960 2834 3013 ille
2861 2958 3084 3012 Homilia
3114 2959 3163 3011 iu
3195 2959 3249 3013 S.
3281 2958 3681 3026 l’hilogonium:

2107 3050 2290 3123 (Tomo
2320 3050 2507 3122 primo)
2535 3070 2547 3105 :
2571 3050 2737 3104 Instat
2773 3051 2903 3104 enim
2939 3055 3139 3119 festum,
3177 3050 3401 3102 onmium
3445 3049 3683 3117 festorum

2104 3143 2322 3195 maxime
2362 3142 2701 3195 venerandum
2748 3151 2894 3209 atque
2938 3140 3246 3194 tremendam
3273 3156 3292 3193 :
3316 3140 3450 3211 quod
3492 3141 3536 3191 si
3572 3138 3687 3206 quis

2105 3234 2324 3305 appellet
2357 3236 2583 3287 omnium
2633 3238 2874 3304 festorum
2922 3233 3254 3301 ntetrOpolin,
3299 3230 3688 3299 haudquaquam

2104 3326 2315 3379 aberret.
2344 3325 2613 3389 Quodnam
2642 3335 2807 3377 autem
2836 3324 2932 3376 hoc
2959 3324 3067 3378 est?
3091 3323 3276 3377 Christi
3306 3323 3359 3375 in
3388 3337 3539 3374 carne
3569 3319 3685 3373 Na-

2108 3418 2239 3471 talis.
2262 3417 2334 3469 Ab
2356 3416 2450 3470 hoc
2469 3426 2637 3469 autem
2668 3418 2846 3486 festum
2880 3413 3283 3484 Epiphaniorum
3311 3411 3384 3465 vel
3404 3409 3684 3479 Theopha-

2107 3509 2330 3570 niorum,
2360 3522 2564 3560 sacrum
2596 3505 2797 3558 Pascha
2816 3545 2830 3565 ,
2862 3505 3097 3558 Ascensio
3145 3513 3191 3557 et
3220 3501 3508 3556 Pentecoste
3532 3500 3689 3571 origi-

2106 3616 2218 3652 nem
2262 3615 2323 3651 ac
2369 3598 2753 3669 fundamentum
2800 3598 3009 3649 ducunt.
3060 3594 3182 3649 Nisi
3227 3595 3359 3648 enim
3408 3593 3687 3647 secundum

2104 3706 2305 3743 carnem
2327 3698 2476 3741 natus
2501 3698 2625 3741 esset
2647 3685 2897 3751 Christus,
2920 3703 3020 3740 non
3040 3686 3320 3755 baptizatus
3340 3685 3547 3755 fuisset;
3567 3699 3688 3737 nam

2104 3783 2158 3836 id
2182 3786 2364 3853 festum
2391 3777 2837 3849 Theophaniorum
2863 3789 2930 3833 est
2952 3794 2970 3831 :
2992 3794 3305 3848 nequaquam
3329 3778 3501 3848 fuisset
3525 3776 3691 3830 cruci-

2106 3874 2270 3941 ﬁxus,
2310 3872 2444 3942 quod
2483 3882 2554 3925 est
2580 3870 2763 3936 festum
2788 3870 2999 3924 Paschre
3024 3885 3043 3922 :
3066 3886 3165 3922 non
3195 3868 3405 3922 misisset
3434 3867 3688 3936 Spiritum

2104 3973 2352 4027 sanctum,
2384 3962 2520 4032 quod
2540 3972 2611 4017 est
2634 3962 2814 4033 festum
2836 3960 3173 4015 Pentecostes.

2175 4054 2302 4107 Post
2339 4053 2577 4108 Natalem
2641 4068 2768 4122 ergo
2818 4053 3011 4107 Christi
3055 4052 3170 4105 dies
3212 4048 3550 4120 Epiphanitr,
3589 4064 3684 4105 seu

2104 4144 2568 4214 Theophauiorum
2618 4144 2777 4213 (nam
2828 4155 3050 4211 utroque
3098 4143 3310 4196 nomine
3360 4139 3685 4209 appellatur)

2106 4254 2296 4308 magno
2342 4238 2484 4292 cultu
2531 4234 2791 4290 celebrari
2836 4236 3060 4289 solebat.
3093 4234 3185 4288 Illo
3229 4234 3313 4286 die
3358 4232 3685 4301 baptismatis

2104 4331 2298 4387 Christi
2330 4344 2541 4399 quoilue
2568 4328 2760 4382 festum
2793 4328 3075 4397 agebatur,
3122 4335 3174 4380 et
3201 4325 3265 4379 ad
3307 4324 3678 4395 mysteriorum

2106 4423 2557 4493 participationem
2575 4420 2968 4475 advocabantur
2993 4418 3177 4473 ﬁdeles
3197 4430 3381 4472 omnes
3405 4414 3491 4487 (Τ.
3524 4415 3682 4468 unde.

2102 4516 2232 4568 cimo
2261 4515 2301 4584 ).
2332 4513 2408 4568 De
2437 4511 2707 4567 Paschalis
2738 4510 2873 4565 festo
2897 4510 3139 4580 quaedam
3170 4523 3329 4578 supra
3355 4507 3485 4562 dicit
3508 4505 3679 4576 Chry-

2104 4614 2371 4659 sostomus
2400 4618 2518 4673 qum
2548 4601 2902 4672 explicatione
2930 4614 3065 4670 opus
3091 4599 3285 4654 habent
3307 4597 3393 4653 :Si
3418 4596 3681 4661 Christus,

2101 4698 2290 4767 inquit,
2321 4698 2611 4753 secundum
2638 4710 2852 4750 carnem
2883 4703 3037 4748 natus
3062 4708 3166 4747 non
3186 4700 3347 4758 esset,
3371 4706 3476 4744 non
3500 4689 3687 4745 fuisset

2101 4791 2403 4856 cruciﬁxus,
2432 4790 2573 4860 quod
2595 4798 2678 4843 est
2698 4786 2918 4841 Pascha.
2941 4786 3103 4853 Queis
3125 4783 3424 4853 signiﬁcare
3450 4781 3682 4844 videtur,

2101 4881 2369 4936 Christum
2425 4882 2475 4934 iu
2525 4880 2611 4934 die
2663 4878 2937 4934 Paschatis
2985 4877 3295 4929 crucifixum
3350 4872 3531 4927 fuisse.
3585 4871 3683 4926 Ubi

2100 4974 2489 5029 observandum
2525 4972 2650 5026 illud
2683 4981 2760 5025 est
2789 5013 2803 5033 ,
2836 4969 2976 5040 quod
3008 4971 3058 5022 in
3087 4967 3316 5022 secunda
3342 4974 3488 5034 parte
3513 4962 3683 5015 oczavi

2103 5068 2228 5120 tomi
2257 5066 2488 5119 diximus
2515 5066 2565 5116 in
2590 5064 2791 5117 Μοιιίιο
2836 5060 2901 5113 ad
2942 5074 3246 5114 sermonem
3277 5057 3343 5110 de
3385 5055 3684 5119 Pascbate,

2100 5171 2255 5226 quem
2279 5155 2415 5211 inter
2434 5155 2610 5227 spuria
2630 5154 2919 5207 locavimus
2946 5150 3127 5221 (Tomo
3148 5159 3340 5211 octavo,
3354 5146 3407 5199 in
3432 5145 3680 5215 Spuriis).

2099 5248 2342 5318 Scriptor
2363 5248 2506 5303 enim
2536 5247 2627 5301 ille
2654 5247 2865 5301 videtur
2888 5245 3107 5307 omnino
3131 5243 3458 5309 distinguere
3481 5237 3682 5290 Pascha

2100 5354 2128 5392 a
2162 5340 2429 5393 Dominica
2455 5336 2907 5392 Resurrcctiunis.
2944 5334 3128 5404 Neque
3156 5330 3313 5385 modo
3339 5331 3392 5383 in
3419 5327 3641 5382 Oriente
3664 5336 3681 5391 ,‘

2099 5431 2191 5485 sed
2245 5429 2404 5483 etiam
2452 5431 2503 5483 in
2567 5428 2855 5483 Occidente
2923 5427 3077 5479 talem
3149 5423 3311 5477 fuisse
3378 5419 3682 5474 distinctio-

2102 5538 2220 5576 nem
2270 5522 2645 5591 comperimus.
2674 5518 2959 5589 Gregorius
3009 5514 3153 5570 enim
3198 5512 3559 5575 Turonensis,
3588 5523 3680 5562 or-

2100 5613 2273 5667 dinem
2322 5628 2351 5667 a
2392 5613 2656 5682 Perpetuo
2691 5621 3031 5664 autecessorc
3086 5619 3186 5660 suo
3234 5612 3489 5660 statutum
3537 5599 3681 5655 reie-

2100 5718 2244 5771 rens,
2288 5705 2749 5759 Resurrectionem
2804 5700 3014 5756 Domini
3070 5697 3219 5770 prius
3266 5710 3422 5767 quam
3479 5690 3680 5747 Pascha
