4054 6216
216 303 280 359 59
976 311 1142 380 QUAS
1180 313 1247 367 ΙΝ
1284 313 1621 369 ΟΡΕἰὶιΒυὸ
1655 313 1828 368 CIII“

1929 316 2131 367 s'rota
2164 318 2689 374 tasttut'ANTL‘ttt.
3404 321 3473 372 ω

213 423 539 478 celebratam
566 423 783 478 exhibet
810 422 911 478 hoc
940 431 1091 492 pacto
1116 423 1298 494 (Grcg.
1329 422 1520 477 Turon.
1550 442 1601 492 p.
1632 422 1790 489 531):

284 514 448 567 Sexto
484 513 736 568 Calendas
772 512 964 582 Aprilis
996 515 1373 567 Resurrectione
1405 513 1610 567 Domini
1638 515 1797 567 nostri

218 607 244 660 J
254 626 337 660 esu
368 606 579 670 Christi,
611 607 680 658 ad
701 604 975 659 Basilicam
1000 604 1185 659 Domni
1214 604 1447 659 Martini.

294 698 517 759 l'nseha,
552 700 601 749 in
635 696 877 751 Ecclesia.

291 789 387 841 Die
415 787 738 841 Ascensionis
765 788 816 839 in
845 785 1066 839 Basilica
1095 784 1277 838 Domni
1306 784 1531 838 Martini.

290 882 389 937 Ubi
434 890 584 933 notat
629 878 934 932 Ituiuarlius
979 875 1424 931 ntisterzFestum
1473 874 1734 929 Post/tatis
1771 893 1801 927 a

221 976 347 1043 [esto
375 970 778 1025 Resurrectionis
803 969 1130 1037 distinguitur
1158 968 1209 1020 in
1239 966 1589 1019 vetustioribus
1614 964 1804 1019 Kalen—

227 1063 401 1125 dariis,
422 1062 506 1112 ubi
530 1059 930 1114 Resurrectionis
947 1059 1126 1126 festum
1153 1057 1232 1110 die
1250 1057 1318 1110 27
1349 1057 1517 1109 Martii
1534 1055 1804 1118 recolitur;

230 1152 434 1203 Pascha
468 1159 655 1214 autem,
698 1157 752 1201 ut
787 1163 959 1201 omnes
988 1157 1205 1212 norunt,
1252 1163 1343 1215 pro
1391 1147 1628 1200 varietate
1672 1145 1807 1198 luna:

222 1257 424 1309 sunper
465 1240 770 1292 celebratum
810 1240 863 1292 in
907 1236 1135 1292 Ecclesia
1178 1237 1292 1309 fuit.
1340 1238 1421 1291 Au
1466 1236 1590 1305 quid
1632 1236 1807 1292 simile

225 1343 473 1400 tempore
522 1330 888 1399 Chrysostomi
930 1331 1269 1383 observatum
1316 1329 1608 1382 Antiochia:
1655 1327 1809 1381 fuerit

227 1423 448 1475 \lthﬂlll
491 1421 702 1473 eruditi.
756 1420 901 1472 Diem
957 1435 1081 1472 vero
1135 1418 1362 1471 natalem
1411 1417 1607 1472 Christi
1657 1426 1809 1471 vocat

224 1530 393 1583 supra
444 1514 851 1581 Chrysostomus
898 1510 1211 1579 metropolin
1258 1510 1509 1564 festorum
1545 1529 1557 1563 :
1590 1512 1641 1563 in
1693 1510 1809 1563 loco

224 1606 398 1655 etiam
454 1618 609 1670 supra
657 1612 950 1654 memorato
999 1600 1348 1655 Peuterosten
1402 1616 1609 1670 quoque
1658 1609 1812 1654 vocat

227 1694 557 1761 metropoliu
608 1693 909 1745 festorum:
943 1692 1035 1745 sed
1091 1692 1208 1745 talis
1264 1692 1547 1762 appellatio
1604 1691 1812 1761 utrique

228 1796 541 1853 mtiipetere
564 1792 757 1852 potest,
779 1785 900 1853 quia
927 1783 1046 1838 dies
1075 1783 1261 1837 natalis
1285 1793 1365 1838 est
1392 1783 1811 1849 fundamentum,

231 1879 554 1933 Pcttlcctzste
582 1894 708 1930 vero
732 1877 1174 1947 complementuu
1204 1877 1479 1932 festorum.

310 1970 386 2023 De
415 1969 652 2023 diaconis
697 1969 835 2038 loqui
885 1968 1131 2032 videtur,
1184 1968 1392 2038 quando
1431 1969 1559 2023 dicit
1603 1968 1814 2023 illorum

230 2061 470 2114 ofﬁcium
498 2074 636 2121 esse,
668 2068 723 2111 ut
752 2059 1018 2128 improbos
1043 2069 1095 2113 et
1122 2061 1293 2128 palam
1322 2059 1578 2114 scelestos
1602 2068 1818 2114 arceant

231 2168 261 2206 a
298 2153 700 2222 participa'ione
742 2153 982 2221 corporis
1026 2161 1078 2205 et
1114 2153 1383 2222 sanguinis
1416 2152 1610 2206 Christi
1637 2150 1819 2222 (Tomo

232 2246 495 2313 septimo).
529 2245 789 2312 Additque
836 2245 955 2298 illos
1000 2244 1172 2297 tunica
1242 2242 1357 2299 alba
1407 2252 1460 2299 et
1510 2244 1819 2313 Splendeute

233 2336 464 2389 amictus
492 2335 545 2388 in
575 2335 798 2388 ecclesia
825 2335 1066 2389 circuire.
1100 2334 1300 2389 Caetera
1327 2350 1446 2403 qua:
1474 2335 1538 2388 ad
1567 2335 1819 2390 diaconos

233 2426 553 2495 spectabant
578 2441 699 2478 mos
728 2424 1052 2490 adferemus,
1085 2426 1171 2479 ubi
1202 2426 1269 2479 de
1296 2426 1550 2495 Liturgia.

315 2519 694 2572 (ktlcebumeni
762 2518 850 2587 qui
928 2517 1186 2588 Mysteriis
1244 2517 1821 2588 initiabantur(Tomo

236 2620 426 2673 nono),
447 2610 497 2660 in
528 2610 744 2677 mystica
775 2610 1077 2676 precatione
1109 2610 1219 2661 haec
1245 2624 1414 2677 primo
1442 2608 1598 2663 verba
1643 2609 1821 2678 profe-

240 2702 475 2754 rchaut:
507 2700 568 2753 In
596 2717 691 2769 quo
711 2701 986 2753 clamamus
1005 2740 1023 2765 ,
1060 2702 1195 2754 Abba
1229 2710 1370 2771 pater
1396 2699 1577 2769 (Tomo
1606 2699 1821 2769 octavo).

237 2793 387 2846 Cum
425 2794 438 2843 i
463 2792 750 2845 .itiahantur
769 2802 970 2856 autem,
999 2793 1111 2847 hzuc
1140 2805 1291 2860 pacta
1316 2808 1434 2846 cum
1463 2793 1826 2848 sacerdotibus

240 2884 455 2934 inibant
482 2900 493 2931 :
526 2882 727 2935 Salaria:
753 2891 807 2936 et
833 2884 1033 2951 angelis
1066 2882 1180 2950 ejus
1206 2883 1667 2950 abrenurntiabaut,
1700 2898 1827 2952 pro-

242 2972 636 3039 tuittebantquc
663 2987 720 3025 se
757 2972 820 3024 ad
865 2972 985 3025 illos
1026 2988 1309 3040 numquam
1339 2988 1458 3027 esse
1497 2972 1822 3026 deﬂexurtis.

243 3066 586 3131 Quapropter
611 3063 860 3116 mulieres
888 3073 939 3117 et
971 3065 1189 3132 parvuli,
1225 3074 1279 3117 ut
1304 3076 1487 3118 contra
1519 3064 1716 3119 diaboli
1748 3065 1828 3120 in-

232 3147 422 3208 'sidias
451 3155 497 3206 in
525 3165 635 3205 tuto
659 3163 838 3207 essent
856 3195 869 3215 ,
906 3155 1172 3223 evangelia
1202 3170 1231 3207 e
1255 3154 1391 3208 eollo
1414 3155 1825 3225 su5pendebant,

246 3254 417 3313 atque
444 3244 506 3296 ad
539 3244 792 3313 majorem
821 3244 1117 3299 custodiam
1146 3245 1339 3315 ubique
1364 3246 1828 3302 circumferebant.

243 3336 439 3405 (Temo
466 3337 708 3406 secundo)
722 3379 734 3390 .

318 3432 536 3485 Recens
568 3434 703 3484 uatis
732 3433 907 3501 pueris
946 3434 1010 3487 ad
1049 3434 1253 3488 libitum
1298 3444 1573 3505 parentum
1621 3433 1832 3489 nomina

249 3524 668 3593 imponebantur
700 3544 712 3578 :
765 3526 974 3594 quidam
1006 3535 1306 3581 sanctorum
1329 3569 1345 3594 ,
1389 3528 1479 3581 alii
1516 3542 1735 3581 avorum
1780 3534 1834 3582 et

250 3631 581 3681 proavrrum
625 3617 835 3668 nomina
869 3617 1151 3681 indebant,
1185 3619 1267 3672 vel
1310 3633 1493 3672 eorum
1522 3618 1610 3688 qui
1636 3632 1835 3688 genere

249 3705 383 3757 clari
437 3704 646 3759 fuerant
688 3705 881 3778 (Tomo
931 3705 1154 3778 quarto).
1205 3708 1401 3763 Verum
1450 3707 1690 3762 hortatur
1719 3712 1835 3762 An-

251 3799 540 3852 t‘iuchenos
603 3798 1045 3870 Chrysostomus,
1096 3810 1147 3853 ut
1207 3807 1508 3855 sanctorum
1575 3801 1664 3870 qui
1724 3801 1834 3854 vir-

254 3891 465 3943 tutibus
514 3890 772 3947 fulserunt
812 3891 933 3945 IlIIIS
976 3891 1188 3946 nomina
1231 3892 1482 3946 tribuant.
1524 3892 1654 3947 Illud
1706 3908 1836 3948 vero

252 3982 458 4033 factum
503 3980 920 4050 deprehenditur
957 3983 1007 4034 in
1046 3983 1297 4037 Eucomio
1335 3983 1390 4037 S.
1422 3983 1645 4049 Meletii,
1687 3992 1837 4038 antc-

252 4087 420 4138 quzun
462 4070 565 4123 hoc
604 4072 879 4125 consilium
931 4073 1144 4128 daretur
1184 4073 1382 4146 (Tanto
1410 4075 1667 4146 secundo).
1701 4074 1839 4127 Nam

254 4178 377 4213 cuin
431 4164 581 4229 eum(
613 4162 907 4234 ueletiam)
940 4181 970 4216 a
1021 4166 1265 4234 principio
1286 4206 1300 4230 ,
1330 4165 1531 4235 inquit,
1568 4165 1619 4217 in
1670 4165 1842 4220 civita-

256 4267 359 4306 tem
419 4257 697 4324 ingressum
746 4258 1078 4325 accepissetis,
1119 4258 1453 4328 unusquisque
1494 4257 1658 4325 ﬁlium
1696 4273 1838 4310 suum

255 4348 373 4413 ejus
414 4347 619 4399 nomine
645 4348 963 4417 appellabat,
1007 4366 1095 4419 per
1130 4351 1514 4420 appellationem
1552 4350 1841 4403 existimans

259 4452 311 4488 se
330 4437 387 4488 in
409 4437 617 4488 domum
638 4455 778 4490 suam
795 4448 1019 4493 sanctum
1044 4441 1376 4500 introducere.
1399 4441 1656 4510 missisque
1678 4442 1841 4510 patri-

262 4530 375 4589 bus,
400 4530 509 4581 avis
530 4538 574 4581 et
599 4532 818 4598 proavis,
847 4544 1027 4587 matres
1050 4533 1179 4587 beati
1204 4534 1396 4589 Meletii
1419 4551 1599 4590 nomen
1619 4536 1844 4607 impone-

261 4620 383 4671 baut
415 4621 617 4685 liberis,
645 4638 766 4692 quos
792 4634 1104 4692 pepererant.

339 4712 454 4764 Μυδ
485 4722 603 4766 erat
635 4715 944 4779 Antiochim,
970 4724 1026 4769 ut
1047 4715 1413 4772 adolescentes
1436 4717 1502 4771 ad
1524 4717 1842 4772 monasteria

267 4805 632 4865 mitterentur,
666 4816 718 4858 ut
747 4807 813 4859 ibi
843 4823 935 4876 per
962 4809 1223 4877 quoddam
1256 4819 1463 4879 tempus
1483 4811 1548 4865 ad
1577 4826 1752 4865 mores
1773 4812 1845 4867 in-

268 4893 581 4948 formandos
610 4897 859 4965 degerent
882 4898 1061 4970 (Tomo
1089 4901 1295 4972 primo).
1318 4902 1432 4969 Qua
1478 4902 1544 4958 dc
1590 4919 1645 4958 re
1677 4903 1845 4974 Chry-

267 4996 580 5040 sostomus:
615 4986 751 5057 Ergo
776 5006 864 5041 nec
891 4992 1023 5059 ﬁlios
1052 5004 1248 5045 nostros
1283 5010 1313 5044 (ι
1345 4995 1523 5047 deserti
1561 5011 1839 5048 commora-

270 5086 407 5128 tione
436 5088 553 5131 ante
575 5087 769 5146 tempus
805 5080 1143 5145 abducamus;
1168 5082 1256 5136 sed
1283 5084 1508 5138 sinamus
1554 5084 1846 5153 disciplinas

272 5170 430 5221 altius
459 5172 699 5238 imprimi,
724 5182 771 5224 et
796 5169 997 5239 plantas
1014 5173 1264 5228 radicibus
1291 5176 1505 5242 ﬁrmari.
1528 5174 1743 5230 Etiamsi
1760 5176 1846 5229 de-

275 5276 402 5319 cem.
427 5263 625 5315 etiamsi
645 5263 815 5332 viginti
837 5279 994 5316 annos
1011 5265 1062 5317 in
1081 5267 1381 5320 monasterio
1401 5267 1468 5321 ali
1498 5277 1755 5337 oporteat,
1787 5284 1850 5321 ne

280 5355 551 5417 turbentur,
573 5372 659 5407 nec
680 5372 887 5409 ma'rore
903 5356 1207 5426 afﬁciantur;
1232 5370 1416 5428 quanto
1437 5362 1569 5414 enim
1590 5361 1777 5415 diutius
1796 5362 1848 5414 in

278 5447 542 5512 gymnasio
561 5448 930 5510 exercitabitur,
961 5458 1100 5500 tanto
1126 5452 1339 5519 majores
1365 5452 1670 5520 adipiscetur
1700 5453 1846 5505 vires.

358 5533 516 5587 Erant
552 5536 648 5589 illo
689 5548 806 5589 aevo
849 5535 1088 5604 virgines
1131 5537 1459 5592 Christiana:
1492 5541 1693 5605 multae,
1733 5556 1854 5610 qua:

278 5641 379 5693 per
426 5635 591 5680 totam
639 5626 802 5680 vitam
855 5642 886 5681 a
930 5627 1132 5694 nuptiis
1181 5629 1534 5695 abstinerent,
1584 5647 1647 5685 ac
1687 5632 1853 5701 virgi-

280 5719 505 5773 nitatem
562 5726 872 5790 perpetuam
924 5716 1324 5788 proﬁterentur.
1376 5720 1848 5793 Constantinopoli

1909 436 2035 476 vero
2068 423 2283 492 quidam
2319 425 2555 496 virgines
2595 427 2884 482 nonnullas
2929 442 3113 483 secum
3147 426 3479 484 inducebant

1906 514 2148 581 domum,
2180 519 2359 588 specie
2397 519 2637 589 quidem,
2684 529 2742 574 ut
2786 535 2885 575 ceu
2930 521 3129 576 fratres
3158 535 3283 575 cum
3317 537 3478 577 soro-

1906 606 2058 663 ribus
2089 617 2238 665 caste
2266 611 2534 678 viverent;
2575 613 2671 668 sed
2714 629 2777 669 ex
2818 614 2912 668 tali
2956 616 3238 670 consortio
3273 626 3476 686 quanta

1906 715 2217 774 parerentur
2241 709 2397 773 mala,
2418 710 2555 764 haud
2582 712 2794 767 difﬁcile
2819 724 2900 768 est
2920 715 3187 784 augurari.
3212 716 3320 771 llas
3348 731 3480 772 vero

1906 791 2135 863 virgines
2173 797 2604 866 subintroductas,
2643 804 2723 856 vel
2765 804 2922 857 simul
2969 804 3208 859 inductas
3249 805 3482 874 appella.

1909 883 2034 937 bant
2064 884 2247 952 (Tomo
2271 888 2483 957 primo).
2513 891 2677 945 Erant
2722 893 2846 946 item
2880 894 2997 948 alia:
3032 896 3259 965 virgines
3293 896 3484 964 opibus

1912 974 2188 1042 pollentes,
2212 992 2345 1046 quas
2371 982 2622 1049 regulares
2647 985 2923 1038 vocabant.
2947 984 3038 1038 [In
3058 988 3219 1039 cultui
3241 990 3482 1055 corporis

1909 1067 2194 1122 admodum
2234 1071 2550 1136 studebant,
2596 1084 2648 1128 et
2679 1077 2821 1130 viros
2861 1076 3180 1131 inducebant
3210 1088 3264 1131 ut
3303 1093 3485 1132 secum

1911 1158 2053 1213 domi
2100 1173 2392 1217 manerent.
2436 1165 2629 1219 Contra
2676 1176 2780 1220 tam
2824 1170 3090 1223 exitialem
3138 1179 3341 1239 pestem
3388 1186 3488 1241 pro

1911 1267 2061 1307 more
2095 1268 2192 1308 suo
2214 1255 2472 1310 declamat
2498 1256 2926 1321 Chrysostomus.

1985 1346 2061 1401 De
2118 1346 2322 1401 funt-bri
2375 1347 2517 1402 luctu
2549 1391 2564 1413 ,
2620 1350 2791 1418 qualis
2845 1365 2943 1405 suo
2996 1359 3235 1420 tempore
3294 1352 3346 1406 in
3391 1368 3491 1408 usu

1912 1445 2028 1491 erat
2050 1476 2066 1502 ,
2096 1439 2209 1492 hate
2249 1440 2338 1493 ille
2390 1440 2552 1494 refert
2581 1440 2599 1511 (
2631 1439 2785 1493 Tomo
2834 1449 2974 1494 sexto
3002 1440 3022 1511 )
3049 1458 3063 1493 :
3094 1441 3207 1496 Nos
3250 1445 3335 1510 qui
3375 1442 3490 1511 jam

1913 1529 2006 1582 sub
2049 1530 2213 1599 gratia
2255 1547 2449 1594 sumus,
2493 1532 2585 1584 sub
2631 1542 2766 1584 certa
2820 1548 2909 1601 spe
2950 1533 3324 1586 resurrectionis
3346 1573 3361 1595 ,
3389 1532 3492 1602 qni-

1915 1619 2007 1672 bus
2057 1620 2219 1674 omnis
2275 1621 2477 1675 tristitia
2522 1622 2858 1687 interdicitur,
2904 1639 3003 1692 qua
3054 1627 3217 1693 fronte
3264 1634 3491 1678 mortuos

1916 1718 2113 1763 nostros
2151 1711 2413 1780 gentilium
2457 1728 2595 1764 more
2638 1712 2923 1782 plangimus
2944 1752 2960 1777 ,
3005 1712 3229 1767 ululatus
3290 1712 3497 1767 insanos

1917 1800 2212 1867 attollimus,
2240 1802 2391 1855 veluti
2415 1801 2517 1855 alio
2546 1819 2723 1872 genere
2763 1802 3079 1867 bacchantes,
3104 1804 3365 1857 conscissis
3408 1813 3494 1855 tuo

1918 1889 2045 1944 nicis
2087 1899 2291 1960 pectora
2329 1893 2598 1958 audemus,
2645 1891 2793 1945 verba
2833 1892 3007 1945 inania
3044 1902 3090 1945 et
3126 1893 3317 1946 nenias
3361 1893 3498 1945 circa

1919 1996 2101 2050 corpus
2127 1990 2173 2035 et
2195 1981 2443 2035 tumulum
2469 1982 2691 2050 defuncti
2715 1982 3019 2035 cantamus?
3047 1980 3312 2035 Postremo
3348 1983 3500 2035 etiam

1919 2087 2018 2139 qua
2040 2072 2236 2126 ratione
2258 2082 2412 2125 vestes
2455 2073 2625 2141 nigras
2666 2072 2937 2142 tinguimus
2979 2071 3119 2139 (sic),
3166 2071 3262 2124 nisi
3306 2081 3360 2123 ut
3407 2086 3499 2123 nos

1921 2181 2032 2219 vere
2051 2166 2279 2233 inﬁdeles
2299 2176 2346 2220 et
2368 2168 2596 2229 miseros,
2620 2183 2719 2219 non
2744 2172 2937 2218 tantum
2960 2163 3178 2234 ﬂetibus,
3221 2164 3310 2218 sed
3351 2163 3500 2216 etiam

1922 2257 2138 2312 vestibus
2172 2257 2504 2328 approbemus
2526 2259 2551 2311 .9
2589 2258 2755 2313 Nemo
2781 2266 2904 2312 tunc
2932 2258 3171 2325 sepulcra
3203 2257 3253 2310 in
3282 2255 3501 2310 urbibus

1923 2351 2285 2405 construebat.
2317 2350 2416 2417 Qui
2439 2366 2553 2405 mos
2580 2349 2649 2403 ab
2674 2349 2903 2419 antiquis
2928 2356 3169 2403 manarat
3199 2356 3303 2401 tam
3351 2345 3502 2401 ϐτευο

1924 2443 2029 2504 cis,
2078 2457 2235 2511 quam
2288 2442 2540 2495 Romanis
2596 2440 2796 2510 (Temo
2841 2439 3049 2510 septimo
3078 2438 3096 2509 )
3121 2479 3137 2501 ,
3180 2446 3238 2492 ut
3275 2437 3503 2491 vidimus

1926 2532 1978 2586 in
2026 2534 2350 2602 Autiquitate
2398 2533 2675 2601 explanata
2722 2530 2893 2586 Tomo
2938 2529 3000 2584 V.
3043 2527 3501 2596 Constantinolmli

1928 2638 2054 2677 vero
2100 2622 2464 2693 Imperatores,
2513 2624 2602 2693 qui
2651 2625 2702 2676 in
2748 2622 2972 2677 coclesia
3000 2619 3094 2676 SS.
3131 2620 3504 2689 Apostolorum

1929 2715 2361 2781 tumulabantur,
2408 2729 2514 2768 non
2567 2729 2735 2783 prope
2775 2712 3080 2781 Apostolus,
3116 2711 3210 2765 sed
3267 2709 3396 2763 foris
3440 2708 3507 2763 ad

1929 2803 2041 2872 ipsa
2087 2804 2266 2858 limina
2312 2813 2624 2872 Optaverunt
2668 2818 2889 2873 corpora
2930 2817 3023 2855 sua
3073 2800 3305 2869 sepeliri.
3352 2808 3508 2867 atque

1930 2896 2001 2949 ita
2032 2897 2198 2966 pergit
2226 2896 2657 2966 Chrysoslomns,
2692 2895 3039 2963 Imperatores
3072 2894 3390 2962 piscatorum
3417 2905 3507 2943 os-

1934 2987 2068 3041 tiarii
2094 2988 2213 3040 facti
2240 2998 2364 3040 sunt
2398 2984 2577 3057 (Turno
2614 2985 2825 3054 primo).

2000 3076 2236 3143 Litaniaz,
2266 3085 2628 3132 memorantur
2652 3092 2683 3129 a
2728 3074 3109 3147 Chrysostomo
3147 3072 3198 3127 in
3230 3071 3509 3137 concione,

1932 3183 2089 3238 quam
2110 3167 2568 3236 Constantinopoli
2610 3167 2794 3221 habuit
2837 3166 2887 3219 in
2926 3165 3011 3220 die
3053 3163 3325 3219 Paschalis
3371 3178 3511 3217 anno

1934 3258 2058 3324 599,
2087 3260 2239 3327 cujus
2268 3260 2441 3313 locum
2480 3266 2649 3312 totum
2676 3257 2761 3311 hic
2783 3255 3109 3311 afferendum
3138 3264 3381 3325 putamus
3414 3251 3503 3320 (Τ.

1934 3352 2119 3420 sexto):
2149 3351 2275 3404 Ante
2317 3359 2416 3403 tres
2461 3349 2567 3402 dies
2590 3388 2607 3414 ,
2638 3348 2944 3416 irrumpente
2991 3345 3179 3416 pluvia,
3202 3356 3350 3415 atque
3398 3359 3514 3397 om-

1936 3442 2022 3495 nia
2042 3457 2207 3495 secum
2233 3440 2482 3505 trahente,
2504 3448 2550 3492 et
2577 3438 2638 3491 ab
2674 3454 2779 3501 ore,
2811 3447 2867 3490 ut
2912 3438 2982 3489 ita
3023 3436 3209 3501 dicam,
3258 3434 3513 3505 agricola-

1935 3548 2049 3585 rum
2077 3547 2299 3585 mensura
2322 3531 2568 3599 rapiente,
2597 3538 2819 3582 comatos
2850 3528 3016 3597 spicas
3048 3526 3332 3596 dejiciente,
3370 3532 3514 3579 cate-

1936 3637 2091 3690 raque
2110 3620 2278 3674 omnia
2304 3637 2394 3689 per
2432 3618 2651 3671 humida:
2696 3616 2920 3671 materia:
2966 3616 3164 3685 copiam
3206 3614 3513 3678 devastante,

1938 3713 2128 3767 litanite
2171 3720 2216 3763 et
2261 3708 2653 3780 supplicationes
2693 3708 2869 3776 fuere,
2911 3714 3107 3773 totaque
3138 3704 3312 3756 civitas
3348 3712 3515 3755 nostra

1939 3803 2081 3871 quasi
2111 3811 2301 3855 torrens
2324 3799 2390 3852 ad
2412 3798 2522 3851 loca
2542 3796 2896 3867 Apostolorum
2934 3793 3181 3856 currebat,
3217 3791 3516 3844 advocatos-

1938 3910 2032 3965 que
2058 3890 2451 3963 implorabamus
2476 3898 2703 3942 sanctum
2726 3885 2932 3939 Petrum
2949 3894 2993 3937 et
3015 3884 3207 3935 beatum
3242 3880 3515 3944 Andream,

1939 3989 2058 4042 item
2078 4004 2169 4057 par
2195 3984 2326 4039 illud
2355 3981 2716 4054 apostolorum,
2743 3977 2961 4031 Paulum
2983 3987 3025 4028 et
3053 3972 3385 4027 Timotheum.
3422 3969 3518 4024 llic

1944 4080 2140 4135 litania:
2167 4077 2560 4148 processionem
2588 4087 2709 4127 cum
2745 4077 2902 4124 cantu
2947 4064 3086 4120 haud
3125 4064 3283 4118 dubie
3321 4061 3519 4131 signiti-

1942 4180 2086 4238 cant,
2116 4185 2217 4241 qua
2251 4168 2475 4238 populus
2508 4165 2890 4236 Chrysoslomo
2934 4167 3147 4229 pastore
3184 4164 3238 4209 et
3274 4153 3409 4208 duce
3452 4152 3520 4209 ad

1944 4260 2195 4318 ecclesias
2216 4258 2530 4330 properabat
2554 4273 2567 4309 :
2596 4269 2713 4325 qua:
2740 4250 2950 4317 litaniw,
2974 4249 3075 4304 lita:
3099 4247 3257 4301 etiam
3283 4243 3403 4298 alibi
3431 4258 3521 4296 vo-

1943 4363 2149 4407 cantur.

2017 4440 2252 4496 Lectoris
2272 4452 2399 4494 vero
2421 4436 2654 4491 ofﬁcium
2675 4432 2753 4488 sic
2777 4431 2868 4487 ille
2898 4426 3152 4485 describit
3196 4424 3246 4477 in
3294 4421 3519 4476 llomilia

1946 4544 2130 4589 octava
2160 4534 2209 4586 in
2236 4531 2407 4600 Epist.
2450 4528 2514 4582 ad
2560 4525 2814 4582 Hebraeos
2850 4512 3303 4582 Constantinopoli
3343 4510 3521 4564 habita

1948 4625 2130 4695 (Tomo
2156 4620 2473 4690 duodecimo)
2498 4637 2511 4672 :
2542 4616 2689 4687 Atqui
2714 4612 2927 4684 singulis
2952 4603 3273 4662 hebdomadis
3302 4601 3407 4695 luzc

1950 4691 2022 4770 bis
2047 4716 2121 4770 vel
2140 4724 2213 4768 ter
2246 4713 2480 4784 leguntur
2524 4724 2542 4762 :
2583 4716 2630 4761 et
2676 4720 2790 4759 cum
2838 4701 3011 4764 lector,
3055 4693 3355 4759 ascenderit,
3385 4691 3524 4784 dicit

1951 4807 2166 4876 primum
2191 4782 2336 4873 cujus
2355 4802 2419 4855 sit
2444 4801 2587 4864 liber,
2605 4809 2778 4863 nempe
2806 4792 2960 4860 Ιηυιιε
2986 4788 3060 4841 vel
3085 4786 3223 4839 illius
3245 4782 3521 4876 prophetis,

1949 4874 2033 4949 aut
2062 4893 2299 4964 apostoli,
2319 4899 2404 4945 aut
2428 4886 2741 4957 euangelista:
2765 4898 2781 4935 :
2810 4890 2929 4934 tunc
2958 4879 3048 4932 illa
3074 4876 3214 4941 dicit,
3238 4884 3291 4929 ut
3312 4890 3368 4927 ea
3389 4874 3524 4927 vobis

1951 4988 2168 5041 clariora
2193 4970 2312 5049 sint,
2347 4992 2394 5038 et
2424 4996 2523 5034 non
2548 4978 2710 5034 solum
2747 4972 2913 5029 sciatis
2952 4986 3064 5044 qua:
3100 4969 3205 5023 illic
3246 4967 3343 5021 situ
3384 4974 3523 5029 sunt,

1952 5080 2040 5133 sed
2066 5088 2112 5132 et
2142 5091 2342 5130 causam
2371 5086 2545 5126 eorum
2572 5083 2683 5139 qua:
2712 5065 2900 5138 scripta
2938 5072 3073 5127 sunt,
3104 5070 3151 5116 et
3197 5060 3425 5131 quisnam
3465 5069 3525 5107 ea

1952 5171 2150 5224 dixerit.

2614 5293 2868 5363 Liturgia.

2026 5436 2310 5504 Liturgiam
2364 5431 2577 5485 nomine
2628 5422 2992 5495 Chrysostomi
3046 5417 3289 5472 dedimus
3329 5414 3381 5468 in
3423 5412 3528 5469 line

1956 5526 2249 5584 duodecimi
2278 5525 2425 5589 torni,
2450 5521 2619 5593 qualis
2640 5520 2726 5573 ditt
2761 5525 2875 5587 post
2893 5507 3254 5579 Chrysostomi
3282 5521 3451 5559 azvum
3476 5506 3526 5558 in

1957 5642 2051 5679 usu
2078 5626 2204 5687 fuit;
2233 5622 2427 5690 inqua,
2456 5626 2512 5670 ut
2540 5612 2744 5668 notavit
2772 5606 3018 5668 Savilius,
3051 5600 3214 5655 multa
3270 5596 3528 5652 habentur

1957 5734 2073 5793 quin
2102 5714 2263 5771 inﬁmi
2312 5710 2405 5767 reri
2437 5722 2612 5767 notam
2640 5719 2747 5776 pra:
2774 5716 2837 5769 se
2864 5701 3031 5755 ferunt
3057 5712 3072 5751 :
3096 5710 3213 5765 qua:
3239 5693 3365 5749 nihil
3390 5704 3527 5764 pene
