4058 6218
510 331 574 387 8t
1442 360 1443 363 γ
1819 304 2139 378 svuoréus
2175 316 2414 379 sonum
3686 307 3759 363 es

511 455 671 511 refert
710 469 893 509 eorum
918 495 930 515 ,
960 468 1077 523 quze
1119 452 1275 506 rariis
1302 453 1352 504 in
1402 450 1531 504 locis
1571 448 1983 518 Chrysostomus
2020 443 2087 498 de

509 547 593 601 sui
628 546 880 613 temporis
903 544 1133 613 Liturgia
1167 547 1568 597 commemorat.
1597 538 1929 606 Quapropter
1965 549 1996 588 e
2029 547 2088 587 re

510 638 621 692 fore
644 637 809 689 visum
834 643 935 699 est,
958 634 1001 688 si
1030 649 1091 687 ca
1134 633 1219 687 hic
1246 643 1635 690 reccnseamus,
1668 644 1785 697 quae
1812 625 2007 696 passim
2032 624 2086 676 in

509 727 623 795 ejus
649 725 895 795 operibus
923 724 992 779 de
1019 724 1249 793 Liturgia
1277 728 1583 776 occurrunt.
1598 719 1666 775 Et
1683 718 1893 789 quidem
1914 718 2085 786 ipsum

510 816 755 887 Liturgia:
781 816 1020 871 ordinem
1051 816 1103 870 in
1142 814 1241 868 hac
1275 813 1588 868 recensione
1632 825 1848 865 servare
1891 823 2086 878 perop-

511 917 738 971 tassem;
765 922 948 962 verum
1000 906 1049 959 id
1096 904 1379 959 admodum
1423 902 1639 957 difficile
1672 910 1774 967 est,
1817 900 1924 953 imo
1974 896 2086 951 fieri

508 999 723 1052 omnino
750 997 930 1065 nequit
958 1014 969 1047 :
996 996 1109 1049 Idea
1150 993 1291 1048 enim
1330 994 1417 1048 illa
1464 992 1710 1061 Liturgire
1741 990 1810 1044 ita
1839 996 2084 1054 excerpta

507 1103 648 1157 saepe
677 1086 1031 1148 adducuntur,
1063 1092 1119 1138 ut
1146 1084 1353 1139 nescias
1387 1082 1453 1137 ad
1492 1099 1647 1152 quam
1679 1080 1927 1149 Liturgia:
1963 1093 2085 1147 par-

510 1193 612 1234 tem
639 1179 957 1247 pertineant.

578 1269 809 1339 Liturg‘ia
839 1283 986 1334 vero,
1011 1282 1166 1337 quam
1218 1263 1418 1321 Pascha
1456 1272 1612 1318 vocat
1653 1261 2083 1331 Chrysostomus,

506 1366 663 1411 teret
683 1357 968 1427 aliquando
992 1364 1179 1426 quater
1229 1357 1281 1409 in
1327 1352 1656 1409 hebdomade
1697 1349 2083 1405 celebrabatur.

510 1450 634 1518 Ejus
682 1451 840 1504 verba
884 1449 1083 1503 referre
1136 1464 1204 1503 ne
1255 1445 1655 1518 pigeat(Tomo
1706 1441 1938 1513 primo).
1967 1440 2087 1494 Non

504 1542 660 1605 enim,
691 1542 879 1610 inquit,
906 1540 1039 1594 idem
1060 1546 1178 1593 sun.’
1212 1538 1410 1592 Pascha
1434 1548 1479 1592 et
1525 1535 1961 1605 Quadragesima;
2000 1532 2089 1585 sed

506 1632 647 1685 aliud
674 1630 895 1696 Pascha,
923 1630 1065 1684 aliud
1110 1628 1509 1700 Quadragesima
1532 1647 1551 1693 ;
1579 1626 1823 1696 siquidem
1856 1622 2089 1689 Quadra-

505 1722 694 1790 gesima
718 1724 870 1775 semel
893 1723 944 1774 in
968 1737 1103 1774 anno
1123 1724 1197 1789 ﬁt,
1222 1720 1420 1773 Pascha
1441 1737 1554 1773 vero
1581 1731 1653 1770 ter
1679 1719 1730 1770 in
1754 1714 2085 1778 hebdomada,

506 1827 880 1881 nonnumquam
929 1814 1078 1864 etiam
1122 1820 1319 1880 quater,
1368 1810 1441 1863 vel
1488 1810 1651 1879 potius
1688 1807 2091 1876 quotiescumque

507 1901 755 1954 volumus.
805 1900 895 1953 Est
947 1901 1078 1953 enim
1131 1899 1329 1952 Pascha
1372 1916 1471 1951 non
1517 1898 1793 1968 jejunium,
1833 1897 1919 1949 sed
1951 1895 2092 1949 obla-

507 1991 576 2044 tio
599 2000 645 2043 et
674 1991 1001 2059 sacriﬁcium,
1032 1991 1167 2059 quod
1192 1992 1245 2043 in
1278 1988 1491 2059 singulis
1520 1990 1577 2057 ﬁt
1603 1987 1839 2041 collectis.

580 2080 823 2152 Mysteria
857 2081 1033 2149 jannis
1076 2082 1270 2135 clausis
1315 2080 1739 2144 celebrabantur,
1779 2086 1834 2133 et
1866 2094 1969 2132 nou
2006 2079 2089 2132 iu-

512 2171 644 2226 itiati
698 2171 1045 2241 abigebantnr
1074 2170 1259 2239 (Tomo
1300 2170 1560 2240 septimo);
1607 2170 1911 2224 nesciebant
1948 2168 2089 2223 enim

511 2263 758 2319 virtutem
802 2264 982 2316 calicis
1029 2262 1231 2332 (Tomo
1280 2263 1564 2333 secundo).
1614 2261 1874 2316 Sacerdos
1914 2269 2091 2315 autent

511 2370 713 2406 manum
738 2353 917 2407 tollens
939 2355 990 2407 in
1017 2356 1194 2418 altum,
1214 2355 1366 2407 altius
1387 2364 1432 2407 et
1457 2355 1565 2424 ipse
1590 2362 1749 2418 stans,
1770 2354 1821 2407 in
1839 2353 2092 2407 tremendo

512 2446 601 2499 illo
626 2446 824 2499 silentio
854 2448 1155 2516 vociferans,
1184 2447 1311 2499 alios
1333 2448 1533 2516 quidem
1563 2446 1786 2511 vocabat,
1810 2445 1937 2500 alios
1977 2462 2091 2500 vero

511 2537 707 2589 arcebat
738 2552 757 2589 :
784 2554 881 2589 non
909 2537 1002 2589 hoc
1041 2552 1193 2589 manu
1233 2537 1441 2603 faciens,
1476 2538 1564 2590 sed
1601 2537 1774 2606 lingua
1816 2537 2003 2589 clarius
2048 2547 2095 2590 et

512 2630 732 2698 apertius
756 2645 904 2696 quam
931 2645 1102 2682 manu.
1139 2628 1274 2681 Nam
1295 2644 1390 2682 eoa:
1408 2629 1499 2682 illa
1525 2630 1575 2681 in
1604 2640 1797 2682 nostras
1833 2645 1981 2681 aures
2015 2628 2094 2679 in-

511 2738 737 2787 currens,
769 2731 1024 2792 tamquam
1054 2738 1233 2776 manus
1260 2722 1387 2775 alios
1410 2722 1605 2791 quidem
1628 2722 1829 2791 expellit
1864 2731 1910 2773 et
1935 2720 2089 2790 ejicit,

510 2814 640 2868 alios
681 2823 847 2867 autem
885 2813 1156 2867 introducit
1201 2824 1248 2868 et
1292 2815 1420 2868 sistit
1470 2815 1487 2884 (
1517 2812 1673 2866 Tonto
1701 2812 2056 2881 duodecimo).

583 2909 711 2974 Qua:
740 2906 807 2961 de
827 2906 1059 2976 Liturgia
1090 2907 1140 2960 in
1166 2915 1306 2960 tanta
1333 2920 1552 2975 operum
1580 2907 1726 2977 sylva
1754 2905 1875 2959 hinc
1899 2916 1951 2959 et
1972 2906 2094 2961 inde

514 2996 675 3052 refert
698 2996 1131 3069 Chrysostomus,
1166 2998 1274 3061 vix,
1308 3012 1368 3051 ac
1396 3013 1461 3051 ne
1491 2998 1575 3049 vix
1606 2996 1841 3066 quidem,
1887 3007 1943 3050 ut
1984 2997 2091 3065 jam

511 3088 760 3155 dixi,suo
797 3088 982 3142 ordine
1011 3103 1289 3143 recensere
1333 3102 1632 3157 possumus.
1669 3087 1742 3141 De
1793 3086 2095 3155 hujusmodi

512 3178 699 3231 ordine
725 3177 993 3247 quidpiam
1026 3192 1445 3233 commemorare
1474 3178 1681 3231 videtur
1706 3178 1918 3231 homilia
1945 3177 2091 3232 deci~

515 3282 599 3321 ma
646 3277 832 3322 octava
875 3268 925 3322 in
972 3269 1138 3338 Epist.
1185 3269 1415 3323 secunda
1451 3268 1518 3321 ad
1566 3267 2094 3336 Coriuthios(Tomo

514 3357 730 3428 decimo)
764 3376 778 3412 :
810 3356 1071 3424 Omnibus,
1092 3358 1259 3429 inquit
1283 3402 1297 3425 ,
1328 3376 1483 3412 unum
1526 3376 1726 3428 corpus,
1749 3375 1903 3411 unum
1951 3375 2097 3429 pocu-

515 3448 619 3501 lum
643 3449 967 3518 proponimus
996 3466 1014 3503 :
1039 3450 1091 3503 in
1120 3449 1486 3520 precationibus
1513 3466 1707 3521 quoque
1731 3450 1976 3520 populum
2024 3452 2097 3504 vi-

514 3541 645 3594 detis
664 3543 877 3595 rnultum
906 3544 1151 3612 conferre.
1180 3543 1377 3595 Etenim
1411 3561 1501 3613 pro
1538 3545 1903 3613 energumenis,
1932 3556 1976 3596 et
2002 3560 2093 3614 pro

513 3631 575 3684 iis
594 3633 679 3701 qui
708 3632 757 3684 in
782 3635 1071 3701 pmnitentia
1097 3643 1230 3695 sunt,
1259 3651 1545 3687 communes
1564 3646 1610 3688 et
1633 3652 1662 3686 a
1682 3634 1938 3688 sacerdote
1962 3646 2008 3688 et
2034 3635 2096 3688 ab

514 3724 635 3791 ipsis
658 3741 825 3792 preces
849 3726 1015 3794 fiunt:
1044 3737 1191 3791 atque
1220 3743 1387 3781 omnes
1423 3745 1573 3780 unum
1613 3729 1935 3797 eamdemque
1978 3745 2093 3800 pre~

515 3831 620 3867 cem
661 3818 911 3882 emittunt,
953 3834 1170 3887 precem,
1223 3820 1447 3890 inquam,
1492 3822 1832 3874 misericordia
1873 3824 2091 3892 plenam.

518 3904 712 3960 Rursus
732 3922 844 3959 cum
870 3923 970 3973 eos,
995 3909 1080 3979 qui
1106 3920 1437 3963 sacrosancta:
1476 3926 1660 3963 mensw
1684 3913 1954 3981 participes
1991 3929 2095 3965 esse

515 4007 784 4066 nequeunt,
814 4016 844 4051 a
868 4001 1025 4054 sacris
1066 4002 1218 4070 septis
1262 4018 1509 4067 arcemus,
1554 4003 1775 4055 ineunda
1815 4013 1886 4056 est
1936 4005 2096 4058 altera

516 4088 697 4152 oratio,
728 4092 779 4142 in
800 4104 900 4158 qua
926 4092 1095 4144 omnes
1115 4091 1253 4143 humi
1278 4093 1521 4159 iacemus,
1543 4107 1711 4144 onmes
1731 4105 1871 4159 teque
1884 4108 2095 4145 consur-

515 4181 698 4249 gimus.
726 4181 806 4235 Ad
832 4185 959 4249 lucc,
988 4202 1101 4237 cum
1125 4202 1226 4253 pax
1253 4186 1422 4238 danda
1459 4187 1769 4255 vicissimque
1806 4188 2095 4256 accipienda

517 4279 609 4335 est,
638 4288 806 4325 omnes
828 4284 999 4326 ntutuo
1036 4292 1125 4328 nos
1159 4277 1528 4329 exosculamur.
1573 4276 1694 4329 Jam
1740 4279 1791 4331 in
1831 4279 2096 4333 tremendis

516 4376 708 4432 quoque
734 4365 999 4433 mysteriis,
1020 4375 1073 4418 ut
1098 4366 1330 4419 sacerdos
1355 4384 1445 4436 pro
1468 4368 1626 4437 plebe,
1641 4369 1709 4420 ita
1733 4368 1869 4439 plebs
1895 4385 1985 4437 pro
2008 4386 2096 4422 sa-

514 4452 715 4507 cerdote
740 4465 848 4506 rota
864 4454 1002 4523 facit.
1028 4455 1151 4509 "(ec
1177 4457 1307 4509 enim
1335 4458 1480 4510 verba
1506 4473 1524 4511 :
1554 4457 1619 4510 Et
1643 4475 1755 4511 cum
1784 4460 1963 4527 spiritu
1987 4468 2093 4524 tuo,

517 4545 646 4598 nihil
663 4545 806 4598 aliud
824 4549 1084 4615 quamhoc
1108 4548 1416 4618 significant.
1450 4548 1644 4602 Rursus
1683 4565 1740 4601 ea
1780 4550 1959 4614 oratio,
1998 4566 2097 4618 qua

519 4633 625 4690 Deo
653 4640 830 4707 gratia:
849 4650 1086 4708 aguntur,
1107 4640 1382 4692 communis
1409 4647 1498 4692 est.
1533 4637 1707 4708 Neque
1726 4641 1857 4694 enim
1879 4639 1985 4707 ipse
2009 4657 2095 4693 so-

516 4727 594 4780 lus
627 4729 816 4796 gratias
852 4732 974 4800 agit,
1004 4730 1093 4783 sed
1136 4731 1286 4783 etiam
1328 4730 1466 4800 plebs
1508 4731 1757 4784 universa.
1810 4730 1946 4784 Nam
1984 4747 2097 4783 cum

518 4818 658 4882 prius
673 4818 873 4871 illorum
888 4837 1054 4874 vocem
1068 4836 1175 4873 sum
1182 4820 1454 4890 psit,atque
1466 4820 1543 4873 illi
1558 4831 1872 4874 assenserunt
1885 4821 1937 4873 id
1948 4822 2097 4890 digne

514 4918 559 4959 et
576 4908 716 4976 juste
733 4910 863 4976 ﬁeri,
884 4920 986 4963 tum
1006 4912 1205 4964 demum
1226 4913 1504 4982 gratiarum
1521 4913 1766 4965 actionem
1781 4913 2093 4981 auspicatur.

591 5000 663 5053 De
690 5000 964 5055 sacerdote
988 5004 1237 5072 mysteria
1261 5004 1562 5058 celebrante
1588 5004 1702 5058 haec
1720 5003 1852 5058 dicit
1879 5004 2096 5058 humilia

520 5093 673 5145 tertia
704 5092 755 5146 in
802 5092 968 5163 Epist.
1020 5093 1085 5147 ad
1132 5091 1475 5149 Colossenscs
1513 5094 1531 5164 (
1556 5093 1715 5148 Tomo
1744 5095 2010 5147 undecimo
2037 5096 2092 5163 ):

517 5179 1142 5251 uCumingrcssusfucrit
1188 5184 1232 5238 is
1259 5185 1346 5255 qui
1394 5194 1584 5253 prmcst
1614 5185 1884 5250 Ecclesitc,
1918 5186 2093 5239 statim

517 5273 678 5339 dicit,
711 5271 828 5326 Pax
850 5274 1116 5337 erunibus;
1141 5275 1351 5343 quando
1379 5276 1742 5339 concinnatur,
1782 5272 1894 5326 Pas:
1935 5275 2095 5327 omni-

517 5361 638 5426 bus,
671 5364 882 5434 quando
928 5365 1213 5425 beuedicit,
1245 5364 1363 5419 Pax
1411 5366 1671 5426 omnibus;
1698 5365 1908 5434 quando
1947 5366 2097 5435 jubet

518 5453 777 5521 salutare,
830 5454 945 5509 Pas:
1006 5456 1273 5520 omnibus;
1321 5455 1532 5525 quando
1607 5467 1874 5524 peractum
1939 5456 2098 5511 fuerit

518 5548 835 5603 sacrificium
856 5592 870 5615 ,
908 5550 1022 5605 Pax
1043 5551 1289 5605 omnibus.
1324 5551 1389 5605 Et
1409 5566 1593 5605 rursus
1620 5553 1669 5605 itt
1695 5553 1891 5619 medio,
1921 5551 2094 5606 Gratia

524 5636 655 5688 vobis
676 5648 720 5690 et
744 5655 862 5705 pax.
886 5661 904 5692 ι

595 5727 787 5783 Verum
821 5731 933 5785 Itmc
964 5749 1124 5802 pauca
1155 5736 1308 5791 nobis
1351 5735 1680 5793 subindicant
1712 5736 1778 5791 de
1806 5735 2095 5793 sacerdotis

2195 443 2244 494 in
2273 442 2500 509 Liturgia
2535 438 2688 492 dictis
2717 445 2769 491 et
2796 435 2977 506 gCStis‘.
3008 434 3180 501 deque
3203 445 3386 486 eorum
3421 430 3558 484 inter
3585 442 3646 482 se
3674 438 3765 480 or-

2191 535 2334 588 dine.
2369 535 2440 586 lte
2461 532 2707 600 Liturgizc
2729 540 2873 585 certe
2901 528 3069 591 initio,
3102 526 3272 593 deque
3295 522 3539 592 precibus
3555 530 3610 575 et
3628 520 3767 583 aliis,

2192 641 2310 697 qum
2347 624 2670 688 Prmfationi,
2697 630 2756 677 ut
2785 636 3054 682 vocamus,
3098 615 3451 687 praeminebat
3496 611 3767 677 sacerdos,

2191 719 2319 773 nihil
2368 718 2524 772 habet
2563 716 2995 786 Chrysostomus.
3053 708 3384 766 Prtefatiouis
3431 716 3605 763 autem
3658 706 3769 760 ha-c

2190 810 2350 865 verba
2395 808 2602 863 refert:
2648 806 2909 861 Sacerdos
2948 803 3200 857 dicebat:
3242 800 3459 855 Sursum
3501 798 3769 851 habeamus

2191 911 2405 954 utentem
2420 909 2466 954 et
2487 899 2640 953 corda
2659 898 2841 967 (Tomo
2858 890 3502 962 secundo).Respondebat
3524 888 3764 959 populus,

2194 991 2449 1046 Habemus
2472 991 2539 1043 ad
2562 989 2850 1043 Dominum.
2880 986 2948 1042 Ut
2993 1001 3120 1039 vero
3161 983 3413 1053 liquidum
3450 981 3659 1035 videtur
3702 994 3765 1034 ex

2192 1082 2629 1152 prtecedcntibns,
2652 1081 2901 1151 pergebat
2927 1076 3197 1143 sacerdos,
3222 1075 3421 1130 Gratias
3436 1089 3647 1144 agamus
3666 1070 3763 1123 Do-

2189 1175 2325 1227 mino
2350 1172 2454 1226 Deo
2482 1182 2650 1225 nostra
2668 1187 2687 1224 :
2718 1171 2940 1240 populus
2967 1183 3113 1233 vero,
3146 1166 3362 1237 Dignum
3390 1174 3436 1217 et
3454 1165 3650 1234 justum
3672 1174 3756 1216 est.

2192 1263 2247 1318 ld
2270 1280 2396 1317 vero
2421 1264 2684 1332 signiﬁcat
2706 1263 2814 1326 ille,
2839 1277 2957 1315 cum
2979 1259 3106 1314 dicit
3132 1272 3290 1326 supra
3322 1273 3335 1308 :
3369 1256 3528 1325 Atque
3564 1254 3640 1307 illi
3678 1271 3765 1307 as-

2189 1364 2448 1409 senserunt
2472 1354 2526 1407 id
2547 1353 2696 1424 digne
2714 1362 2759 1405 et
2773 1354 2911 1421 juste
2939 1350 3066 1419 fieri.
3100 1348 3276 1417 Pergit
3319 1345 3406 1399 ille
3448 1363 3461 1399 :
3510 1343 3637 1398 Tum
3673 1345 3766 1396 de-

2191 1464 2326 1501 munt
2351 1448 2629 1518 gratiarum
2658 1446 2903 1499 actionem
2938 1443 3249 1512 auspicatur.
3282 1438 3649 1493 Prtefationem
3687 1437 3768 1489 ui-

2192 1540 2381 1593 mirum
2410 1538 2711 1608 proferehat
2739 1536 2991 1591 sacerdos
3018 1542 3213 1588 nostra:
3248 1547 3349 1586 non
3376 1530 3691 1583 absimilem.

2263 1631 2317 1685 lu
2348 1631 2614 1686 oblatione
2643 1644 2768 1683 vero
2808 1627 3017 1682 dicebat
3046 1625 3329 1681 sacerdos:
3364 1623 3482 1677 Sive
3516 1622 3763 1685 volentes,

2191 1723 2294 1776 sive
2328 1722 2472 1775 inviti
2524 1722 2862 1788 peccavimus,
2914 1719 3143 1772 condono
3182 1715 3362 1786 (Tomo
3392 1712 3761 1782 duodecimo):

2192 1814 2343 1883 queis
2376 1814 2565 1866 similia
2596 1812 2856 1866 habentur
2885 1812 2934 1863 in
2969 1809 3198 1878 Liturgia
3242 1808 3361 1871 illa,
3403 1804 3764 1877 Chrysostomi

2192 1905 2407 1960 nomine
2471 1920 2500 1959 a
2555 1904 2707 1958 nobis
2771 1903 3030 1973 publicata
3088 1900 3242 1955 Tom.
3292 1899 3375 1953 12.
3419 1897 3762 1963 Quandonam

2194 2002 2370 2049 autem
2413 1994 2526 2048 hate
2567 1994 2725 2048 verba
2769 1992 3003 2057 diceret,
3039 1989 3253 2044 Oremus
3287 2003 3460 2041 omnes
3496 1986 3765 2040 communi-

2195 2094 2287 2150 ter,
2343 2100 2445 2138 non
2494 2084 2754 2139 indicatur
2797 2100 2827 2138 a
2874 2083 3254 2153 Chrysostomo
3295 2078 3387 2147 qui
3426 2078 3513 2131 illa
3567 2075 3767 2146 profert

2195 2173 2381 2247 (Tomo
2404 2176 2712 2247 undecimo).

2266 2267 2522 2337 Martyres
2546 2268 2702 2320 etiam
2730 2267 2780 2320 in
2811 2264 3040 2334 Liturgia
3068 2261 3517 2317 memorabantur.
3546 2259 3766 2313 Nomina

2194 2370 2406 2427 quoque
2433 2368 2773 2425 patronorum
2796 2367 2848 2409 et
2870 2353 3261 2409 benefactorum
3294 2367 3501 2420 semper
3522 2350 3572 2403 in
3603 2351 3768 2403 sacris

2195 2447 2551 2501 oblationibus
2580 2446 2997 2515 proferebantur,
3027 2444 3219 2498 additis
3241 2442 3481 2511 precibus
3510 2456 3604 2510 pro
3628 2441 3769 2493 villis

2196 2554 2380 2593 eorum
2435 2546 2489 2591 et
2542 2537 2753 2608 prmdiis
2802 2535 2982 2608 (Tomo
3027 2534 3208 2603 nono).
3231 2534 3549 2586 Mortuorum
3606 2532 3770 2585 etiam

2197 2631 2453 2683 memoria
2495 2629 2749 2683 celebrari
2778 2627 2982 2682 solebat
3018 2627 3070 2679 in
3097 2624 3389 2679 venerandis
3429 2632 3575 2693 atque
3602 2622 3769 2675 horri-

2196 2724 2306 2794 ﬁcis
2333 2724 2578 2794 mysteriis
2607 2722 2785 2791 (Tomo
2812 2719 3123 2791 undecimo).

2270 2818 2393 2871 llzcc
2431 2816 2499 2871 de
2544 2816 2818 2870 sacerdote
2846 2830 2994 2870 saera
3040 2820 3356 2884 peragente:
3387 2825 3483 2864 nec
3524 2808 3771 2879 pauciora

2198 2910 2265 2965 de
2284 2911 2505 2964 diacono
2534 2908 2713 2973 refert,
2747 2909 2831 2977 qui
2864 2906 3055 2961 divinis
3084 2903 3345 2975 mysteriis
3378 2902 3647 2961 intererat,
3671 2913 3770 2951 sre-

2198 3018 2369 3073 peque
2397 3003 2499 3056 alta
2537 3017 2666 3056 voce
2694 3000 2888 3070 populo
2918 2999 3110 3053 monita
3140 2996 3327 3060 dabat,
3359 3010 3479 3065 qua:
3518 2993 3628 3058 illo,
3667 3006 3772 3060 quo

2199 3094 2526 3158 dicebantur,
2571 3094 2760 3147 ordine
2805 3105 3083 3146 recensere
3127 3090 3178 3142 iu
3226 3097 3472 3158 promptu
3518 3100 3621 3139 non
3668 3092 3771 3137 est.

2198 3184 2474 3240 Clamabat
2498 3196 2673 3238 autem
2696 3226 2709 3249 ,
2746 3184 2910 3236 Erecti
2939 3195 3123 3235 stemus
3155 3180 3304 3249 probe
3333 3176 3518 3248 (Tomo
3545 3174 3727 3246 primo)
3756 3192 3768 3226 :

2199 3278 2388 3349 quibus
2433 3277 2640 3339 verbis,
2684 3290 2787 3329 llOtt
2842 3284 2897 3327 ut
2949 3287 3140 3342 corpus
3179 3271 3366 3334 modo,
3419 3268 3511 3324 sed
3557 3276 3616 3321 ιιι
3659 3267 3774 3317 ani-

2200 3385 2343 3424 mum
2368 3369 2523 3422 etiam
2546 3368 2808 3436 erigeret,
2840 3364 3067 3417 adstanti
3102 3361 3236 3431 plebi
3264 3359 3609 3429 significabat.
3638 3356 3775 3409 Sub-

2201 3460 2328 3515 inde
2379 3460 2538 3515 etiam
2588 3459 2692 3511 altu
2745 3471 2874 3511 voce
2914 3456 2992 3510 sic
3038 3453 3243 3523 plebem
3296 3464 3515 3505 monere
3568 3448 3773 3503 solebat

2203 3551 2472 3620 Ibidem):
2503 3549 2606 3602 Alii
2652 3549 2778 3602 alios
2819 3547 3042 3609 noscite;
3081 3554 3136 3597 ut
3162 3541 3409 3597 videlicet
3448 3540 3777 3594 internoscit-

2201 3651 2337 3705 rent,
2370 3656 2492 3694 num
2524 3640 2688 3709 impii,
2712 3636 2944 3702 scelesti,
2970 3635 3049 3689 vel
3091 3633 3422 3703 judaizantes
3458 3644 3641 3683 secum
3693 3628 3777 3681 in-

2203 3732 2428 3787 termixti
2459 3739 2657 3785 essent.

2271 3824 2632 3878 Precationem
2659 3830 2855 3883 autem,
2882 3816 3006 3871 dum
3033 3829 3179 3869 saera
3212 3819 3603 3883 peragerentur,
3635 3808 3776 3878 plebi

2200 3912 2546 3985 suggerebat,
2579 3926 2734 3981 quam
2763 3910 2889 3979 ipsis
2918 3907 3094 3962 verbis
3123 3905 3301 3959 retulit
3324 3902 3734 3972 Chrysostomus
3760 3917 3771 3952 :

2205 4004 2416 4057 Oremus
2442 4018 2532 4072 pro
2559 4001 2790 4070 episcopo
2817 4008 2862 4051 et
2892 4004 3140 4051 senectute
3168 4004 3212 4047 et
3234 3991 3532 4063 patrocinio,
3564 4000 3617 4042 ut
3644 3998 3775 4041 recte

2202 4104 2376 4148 tractet
2401 4093 2599 4146 verbum
2620 4091 2838 4145 veritatis
2862 4130 2877 4151 ,
2914 4097 2960 4141 et
2982 4103 3072 4156 pro
3092 4087 3154 4140 iis
3176 4086 3260 4155 qui
3281 4084 3361 4137 hic
3386 4093 3497 4135 sunt
3520 4091 3565 4134 et
3594 4079 3773 4146 ubique

2203 4194 2445 4237 terrarum
2470 4181 2649 4248 (Tomo
2679 4180 2863 4249 sexto).
2888 4177 3129 4232 Addebat
3154 4177 3311 4229 etiam
3336 4191 3349 4226 :
3379 4171 3482 4224 Pro
3508 4171 3568 4223 iis
3606 4170 3690 4238 qui
3720 4170 3772 4219 in

2201 4271 2397 4329 Christo
2421 4271 2642 4341 defuncti
2666 4278 2819 4333 sunt,
2847 4278 2891 4321 et
2914 4283 3006 4337 pro
3036 4267 3097 4319 iis
3126 4266 3211 4333 qui
3240 4264 3441 4316 illorum
3481 4258 3772 4313 memoriam

2206 4360 2394 4431 faciunt
2425 4362 2603 4433 (Tomo
2630 4360 2806 4429 nono).

2273 4453 2467 4507 Vocem
2502 4466 2675 4521 porro,
2710 4464 2864 4518 quam
2892 4461 3031 4516 saepe
3058 4441 3335 4500 clamando
3362 4438 3637 4508 repetebat
3658 4435 3773 4488 dia-

2200 4560 2365 4602 conus
2413 4547 2523 4598 hrcc
2552 4550 2685 4604 erat,
2710 4540 3040 4594 Attendamus
3067 4535 3288 4608 (Ibid.):
3318 4547 3473 4603 quam
3504 4545 3601 4600 ego
3631 4543 3775 4597 saepe

2200 4638 2374 4693 audivi
2407 4637 2587 4689 ltomre
2618 4651 2645 4687 a
2677 4634 2899 4687 diacono
2928 4630 3149 4691 dictam,
3179 4642 3299 4680 cum
3348 4621 3591 4690 Liturgiac
3628 4619 3767 4674 Grie-

2202 4745 2384 4784 cornm
2407 4727 2565 4781 animi
2593 4740 2748 4779 causa
2786 4720 3113 4777 interforem.
3150 4711 3546 4771 Observandum
3594 4718 3771 4762 autem

2201 4832 2302 4886 est,
2326 4820 2465 4891 quod
2496 4819 2582 4873 hic
2606 4817 2751 4871 addit
2776 4813 3185 4885 Chrysostomus
3207 4848 3222 4872 ,
3250 4819 3441 4873 nempe
3473 4811 3590 4872 post
3629 4801 3773 4854 illam

2198 4911 2674 4974 Vocem,lectorem
2698 4907 2928 4973 incipere
2950 4898 3275 4971 prophetiam
3302 4895 3477 4954 Isaiae;
3510 4908 3626 4960 qua:
3675 4902 3776 4941 vox

2205 5003 2474 5072 praemissa
2504 4998 2705 5061 fuerat,
2736 5005 2793 5050 ut
2819 4993 3101 5048 attentiore
3136 4989 3314 5042 animo
3357 4985 3503 5054 plebs
3551 4978 3777 5050 prophe-

2202 5106 2307 5151 tam
2330 5095 2553 5149 audiret.
2577 5092 2702 5147 Haec
2722 5103 2881 5159 porro
2900 5085 3080 5152 adjicit
3107 5082 3267 5137 etiam
3294 5078 3348 5133 S.
3374 5077 3559 5131 doctor
3579 5074 3629 5126 in
3657 5086 3782 5124 ser-

2204 5202 2360 5243 mone
2417 5186 2485 5239 de
2539 5181 2864 5237 Ascensione
2896 5195 2909 5232 :
2941 5175 3074 5229 Audi
3112 5175 3165 5226 in
3210 5169 3492 5241 precatione
3536 5164 3780 5216 diaconos

2201 5294 2395 5349 semper
2445 5275 2660 5330 dicentes
2680 5314 2694 5337 ,
2750 5270 2995 5341 Angelum
3049 5263 3187 5335 pacis
3238 5267 3409 5328 rogate
3446 5253 3645 5323 (Tomo
3698 5267 3781 5305 se-

2202 5370 2414 5425 cundoi.

2274 5370 2367 5423 udo
2399 5411 2414 5425 .

2274 5367 2489 5515 Diaboni
2541 5454 2772 5509 officium
2816 5458 2929 5507 erat
2978 5444 3257 5499 tumultum
3304 5449 3674 5506 compescere,
3705 5432 3783 5484 si-

2202 5551 2322 5607 cubi
2362 5552 2413 5604 in
2459 5548 2685 5602 ecclesia
2726 5543 2956 5597 oriretur
2976 5535 3154 5609 (Tomo
3184 5548 3316 5585 nono
3340 5531 3396 5599 ):
3430 5527 3778 5597 quamobrem

2203 5653 2383 5699 monet
2408 5641 2496 5697 ille
2526 5649 2610 5705 ut,
2642 5639 2685 5693 si
2710 5635 2828 5705 quis
2853 5632 3012 5685 alium
3039 5625 3275 5681 dicteriis
3304 5624 3560 5692 impetat,
3587 5615 3667 5670 vel
3697 5614 3775 5667 ri-

2204 5735 2319 5794 sui.
2358 5733 2630 5788 cachinnis
2653 5736 2704 5781 ct
2742 5722 2930 5782 fabulis
2970 5720 3279 5777 incumbat.
3318 5715 3571 5771 diaconus
3608 5708 3774 5764 advo-
