4054 6216
217 234 282 289 65
999 228 1161 297 QUAS
1202 230 1265 286 IN
1306 230 1640 289 OPERIBUS
1668 231 2143 290 CHRYSOSTOMI
2182 231 2700 289 OBSERVANTUR.
3395 240 3465 295 64

216 366 405 423 cetnr,
435 358 527 427 qui
562 355 717 413 sedet
757 354 922 411 fmilia
960 355 1043 410 illa
1070 396 1086 422 ,
1114 363 1166 409 et
1202 354 1441 409 modeste
1468 366 1623 421 agere
1650 364 1798 405 com-

216 447 397 516 pellat.

287 538 366 591 De
396 536 770 591 sacerdotibus
803 545 978 589 autem
1005 544 1060 590 et
1096 534 1334 589 diaconis
1377 534 1488 588 luce
1526 533 1799 588 contincnc

218 639 299 681 ter
338 625 508 680 refert
552 626 964 695 Chrysostomus
1007 624 1187 694 (Tomo
1242 623 1426 693 primo)
1461 641 1474 678 :
1505 622 1801 678 Sacerdotes

218 718 363 769 etiam
403 733 520 768 cum
556 716 866 769 benedictnri
894 726 1040 780 sunt,
1070 715 1155 767 ubi
1185 716 1323 783 prius
1348 730 1519 783 pacem
1544 713 1678 767 vobis
1703 730 1801 781 ap-

223 808 417 877 precati
451 808 670 874 fuerint,
709 807 942 876 deinceps
975 806 1217 874 incipiunt
1261 804 1560 858 benedicere.
1592 802 1656 856 Et
1686 818 1801 855 vero

220 901 495 963 diaconus,
526 899 649 949 dum
676 914 790 959 cum
818 898 933 950 aliis
960 897 1153 966 precari
1179 896 1335 963 iubet,
1367 896 1461 947 hoc
1485 909 1680 963 quoque
1706 894 1801 945 im-

221 996 356 1055 perat
397 988 452 1039 in
486 989 746 1051 oratione,
792 996 845 1039 ut
883 988 1116 1057 angelum
1150 986 1287 1054 pacis
1325 1000 1556 1055 rogemus
1580 1026 1592 1049 ,
1618 993 1663 1037 et
1691 1000 1801 1054 qua:

221 1078 477 1146 proposita
523 1086 663 1142 sunt,
691 1087 870 1129 cuncta
920 1078 1132 1146 paciﬁca
1163 1090 1182 1129 :
1211 1085 1256 1128 et
1305 1074 1367 1127 ab
1413 1075 1506 1127 hoc
1558 1083 1799 1127 conventu

221 1186 307 1223 vos
333 1170 591 1223 dimittens
617 1170 711 1222 hoc
730 1168 866 1223 vobis
888 1179 1120 1238 precatur
1146 1168 1314 1221 dicens
1340 1183 1359 1220 :
1389 1165 1456 1220 In
1486 1182 1607 1236 pace
1632 1166 1796 1219 disce-

222 1262 343 1315 dite.

288 1353 477 1422 Neque
499 1351 1009 1423 prattcrmittendum
1039 1361 1120 1405 est
1145 1350 1196 1405 id
1234 1348 1373 1419 quod
1403 1348 1532 1404 dicit
1561 1347 1796 1419 Chryso-

214 1454 426 1498 stumus
450 1444 515 1498 de
539 1444 875 1498 daemoniacis
896 1452 949 1497 et
970 1451 1144 1497 mente
1168 1442 1358 1511 captis,
1383 1441 1465 1496 vel
1486 1456 1800 1510 energume-

215 1535 332 1593 nis,
367 1535 459 1604 qui
486 1544 764 1603 antequam
795 1533 1046 1604 mysteria
1074 1533 1488 1597 celebrarentur,
1520 1546 1548 1585 a
1575 1531 1799 1586 diacono

216 1626 613 1681 inducebantur
654 1636 705 1682 et
749 1627 918 1695 capita
968 1626 1225 1680 inclinare
1270 1625 1625 1695 jubebantur,
1674 1634 1798 1679 tunc

214 1718 392 1769 oratio
424 1731 518 1783 pro
549 1716 652 1769 illis
679 1716 790 1770 fieri
821 1716 1043 1780 solebat,
1070 1732 1188 1785 quze
1204 1724 1424 1770 cmteras
1449 1730 1638 1769 omnes
1661 1730 1798 1784 pra:-

218 1804 449 1857 cedebat
494 1806 513 1871 (
552 1802 712 1857 Tomo
740 1804 948 1876 primo).
991 1804 1232 1859 Graviter
1274 1814 1447 1861 autem
1489 1805 1660 1873 carpit
1712 1804 1799 1859 illo

225 1908 326 1947 eos
347 1936 362 1958 ,
396 1896 481 1962 qui
512 1894 648 1948 hanc
676 1896 968 1950 orationem
996 1911 1115 1949 cum
1146 1896 1263 1949 aliis
1302 1911 1404 1949 non
1436 1894 1796 1965 proferebant,

225 1987 441 2057 vclqui
487 1998 609 2041 tunc
660 1998 847 2041 mutuo
894 1988 1285 2042 fabulabantur.
1338 1988 1509 2041 Prima
1558 1988 1796 2058 precatio,

219 2079 395 2146 inquit
444 2082 557 2143 ille,
580 2095 732 2147 quam
779 2095 871 2148 pro
921 2079 1259 2149 eucrgumenis
1289 2077 1580 2132 adhibemus
1604 2118 1618 2143 ,
1652 2078 1798 2130 mise-

218 2170 459 2222 rit-ordire
508 2171 982 2223 commemoratione
1021 2171 1168 2239 plena
1214 2178 1328 2225 est:
1354 2168 1573 2224 secunda
1607 2186 1801 2239 quoque

215 2276 315 2324 pro
340 2262 400 2313 iis
424 2302 437 2321 ,
460 2261 548 2327 qui
573 2261 622 2312 in
650 2261 940 2329 pazniteutia
973 2270 1086 2314 sunt
1111 2303 1125 2326 ,
1168 2264 1375 2314 multant
1406 2260 1798 2315 misericordiam

212 2351 459 2419 postulat.
487 2350 663 2403 Tertia
688 2352 888 2404 demum
919 2369 1009 2421 pro
1037 2353 1178 2405 nobis
1202 2352 1324 2421 ipsis
1350 2360 1421 2405 est
1451 2368 1470 2406 :
1498 2361 1544 2405 et
1570 2352 1675 2406 haec
1707 2368 1799 2420 po-

213 2441 329 2510 puli
349 2442 569 2512 infantes
588 2443 877 2496 innocentes
901 2443 1107 2507 inducit,
1135 2442 1297 2496 Deum
1316 2443 1383 2496 ad
1406 2443 1799 2497 misericordiam

211 2543 565 2600 prorocantes.
595 2533 727 2598 Quia
748 2534 880 2585 enim
905 2550 998 2585 nos
1024 2543 1225 2603 peccata
1251 2543 1421 2585 nostra
1459 2536 1757 2587 damnamus
1782 2574 1797 2597 ,

211 2640 315 2689 pro
336 2625 397 2678 iis
424 2626 508 2691 qui
544 2626 759 2676 multum
793 2634 1061 2693 peccarunt
1104 2632 1147 2676 et
1181 2624 1409 2677 accusari
1451 2624 1661 2689 debent,
1708 2639 1799 2677 nos

219 2728 498 2780 precamur
531 2730 548 2766 :
583 2731 671 2784 pro
716 2713 859 2767 nobis
902 2729 1015 2768 vero
1040 2716 1197 2783 pueri,
1231 2732 1440 2782 quorum
1466 2716 1799 2785 simplicitatis

212 2804 503 2858 imitatores
521 2822 720 2875 regnum
742 2805 977 2859 certorum
1002 2815 1253 2874 exspectat
1275 2805 1455 2875 (Temo
1480 2806 1737 2875 septimo).

788 3117 1103 3172 DIATRIBA
1147 3118 1232 3173 Ill.

217 3271 292 3326 De
319 3274 570 3327 haereticis
598 3285 645 3328 et
691 3276 1036 3329 hceresiarchis
1072 3292 1195 3346 quos
1239 3280 1518 3346 frequenter
1562 3286 1803 3330 memorat

430 3363 822 3434 Chrysastomus
840 3407 854 3433 ,
884 3367 1043 3436 deque
1069 3368 1272 3421 illorum
1302 3369 1587 3421 ha'resibus.

284 3536 406 3589 Non
433 3537 663 3592 minoris
690 3552 867 3607 Opera:
892 3538 993 3594 erit
1022 3554 1085 3594 ex
1117 3548 1259 3594 tanta
1288 3556 1510 3610 operum
1542 3543 1687 3613 sylva
1717 3558 1799 3610 ea,

218 3645 333 3696 qua:
366 3630 568 3698 passim
592 3630 1002 3701 Chrysostomus
1033 3641 1292 3686 memorat
1317 3634 1382 3687 de
1409 3633 1799 3700 htcresiarchis,

218 3720 282 3771 de
319 3720 622 3773 lueresibus
652 3729 700 3773 et
743 3720 1009 3774 erroribus
1032 3762 1046 3784 ,
1099 3722 1186 3790 qui
1225 3736 1337 3775 ωνο
1364 3737 1461 3776 suo
1484 3723 1533 3775 in
1566 3724 1802 3779 Ecclesia

219 3810 480 3866 Orientali
524 3812 922 3881 grassabantur,
963 3815 1139 3867 omnia
1178 3830 1463 3884 excerpere
1501 3824 1555 3869 et
1593 3831 1689 3871 suo
1718 3833 1804 3872 or-

220 3903 343 3958 dine
371 3919 677 3958 recensere.
709 3905 909 3959 Praeter
934 3920 1027 3960 eos
1052 3908 1191 3961 enim
1232 3907 1318 3976 qui
1349 3923 1461 3962 sevo
1499 3924 1596 3963 suo
1634 3913 1802 3965 exorti

221 3996 459 4059 fuerant,
490 4004 550 4048 ut
577 3998 841 4065 Anomosi,
869 3998 1250 4065 Macedoniam,
1282 4001 1579 4055 Photiniani
1606 4020 1619 4067 ;
1652 4011 1803 4057 vctu-

220 4088 420 4139 stiores
444 4088 605 4140 etiam
635 4088 829 4143 multos
862 4088 1080 4155 inducit,
1111 4105 1332 4159 quorum
1360 4101 1501 4147 secta
1528 4093 1701 4148 adhuc
1723 4095 1805 4149 vel

222 4192 514 4230 numerosa
538 4218 553 4240 ,
585 4178 667 4232 vel
704 4180 941 4234 nondum
977 4181 1232 4234 exstincta
1271 4192 1403 4237 erat.
1437 4183 1513 4237 Ad
1545 4183 1656 4238 haec
1680 4199 1807 4239 vero

222 4281 442 4319 errores
466 4267 608 4321 circa
640 4267 796 4322 fidem
824 4271 1238 4339 quamplurimas
1260 4314 1273 4337 ,
1307 4273 1395 4342 qui
1442 4274 1579 4343 apud
1617 4276 1804 4345 vulgus

226 4358 315 4413 illo
341 4370 589 4427 tempore
612 4362 1011 4430 spargebantur,
1046 4364 1101 4417 in
1132 4366 1477 4421 concionibus
1498 4368 1606 4421 suis
1631 4370 1806 4439 exegi-

228 4458 300 4503 tat
327 4464 396 4503 ac
422 4448 641 4505 refellit.
667 4450 1064 4507 Observandum
1091 4463 1266 4509 autem
1299 4456 1350 4508 in
1380 4456 1672 4513 hmresibus
1702 4459 1808 4515 illis

227 4556 343 4606 qua:
372 4551 500 4596 ante
527 4541 686 4595 ﬁnem
716 4543 854 4597 tertii
891 4544 1072 4599 sreculi
1110 4555 1307 4601 exorta:
1337 4545 1582 4613 fuerant,
1613 4550 1809 4605 multos

228 4629 311 4684 hic
338 4631 673 4700 deprehendi
698 4648 913 4689 errores
937 4649 966 4687 a
994 4636 1340 4704 scriptoribus
1368 4638 1519 4693 istius
1558 4641 1653 4694 sevi
1678 4656 1807 4696 nus-

227 4736 388 4788 quam
426 4733 771 4776 memoratos.
806 4724 909 4779 Eos
936 4724 1076 4779 enim
1120 4726 1208 4793 qui
1272 4727 1436 4782 semel
1465 4728 1530 4782 ab
1557 4730 1808 4787 Ecclesia:

223 4808 521 4866 Catholicae
545 4815 879 4881 auctoritate,
907 4831 1024 4885 quae
1048 4824 1131 4871 est
1156 4832 1258 4871 una
1277 4832 1420 4873 vera:
1450 4820 1571 4875 fidei
1599 4837 1805 4890 norma,

224 4900 557 4957 deﬂexeraut
580 4946 595 4968 ,
630 4904 682 4960 in
714 4919 881 4960 novos
904 4906 1138 4973 quotidie
1177 4908 1356 4978 lapsus
1382 4908 1635 4967 incidisse
1675 4914 1805 4969 nihil

224 5009 444 5048 mirum.

300 5085 515 5140 Docitas
541 5102 646 5141 non
673 5089 837 5143 semel
868 5090 1173 5161 perstringit
1195 5092 1301 5159 ille,
1331 5095 1442 5151 sive
1468 5096 1584 5150 illos
1612 5099 1698 5167 qui
1730 5099 1809 5153 di-

226 5174 421 5229 cebant
448 5177 718 5232 Christum
749 5183 967 5245 δοκήσει,
1000 5179 1050 5233 id
1080 5189 1164 5235 est
1190 5223 1203 5248 ,
1236 5185 1399 5251 specie
1425 5225 1439 5249 ,
1469 5194 1667 5241 tantum
1696 5189 1808 5246 sive

228 5280 558 5335 appaream,
580 5280 641 5324 ut
661 5270 750 5324 alii
772 5270 978 5338 dicunt,
1005 5280 1095 5325 aut
1118 5275 1354 5341 putatiue,
1383 5283 1440 5329 ttt
1460 5277 1533 5330 ait
1552 5276 1803 5346 Irenaeus,

222 5356 281 5410 in
319 5358 569 5413 mundum
599 5361 832 5415 venisse.
861 5361 1161 5415 Adventum
1190 5364 1365 5429 enim,
1396 5362 1554 5419 vitam
1585 5378 1637 5421 et
1668 5384 1810 5424 mor-

226 5456 344 5501 tem
388 5446 579 5504 Christi
622 5457 880 5523 φαντασίαν
900 5492 913 5517 ,
946 5455 1258 5521 phantasiam
1289 5466 1523 5521 tantum,
1554 5473 1658 5513 non
1695 5475 1807 5515 rem

220 5549 363 5592 vero
386 5548 584 5607 gestam
617 5542 777 5595 fuisse
808 5543 1077 5610 putabant.
1107 5543 1512 5616 Chrysostomus
1536 5564 1663 5604 vero
1686 5564 1806 5605 cum

227 5628 404 5699 dicit,
433 5629 700 5687 Christum
741 5634 1003 5704 sepultum
1030 5636 1195 5689 tribus
1221 5640 1404 5697 diebus
1431 5651 1483 5698 et
1515 5642 1681 5700 tribus
1706 5659 1805 5701 no-

552 5713 1263 5793 PATBOL._GR._LX1V.

1907 350 2077 405 ctibus
2103 352 2155 405 in
2182 351 2335 405 corde
2360 361 2506 406 terra:
2535 350 2815 416 mansisse,
2844 349 3006 414 addit,
3039 360 3084 403 et
3106 366 3247 403 nemo
3276 351 3330 404 id
3357 370 3477 423 8pc-

1905 441 1978 494 cie
2019 449 2217 494 tantum
2256 442 2446 495 factum
2490 440 2651 496 fuisse
2695 441 2992 510 suspicetur
3016 439 3194 510 (Temo
3220 444 3479 512 septimo).

1908 530 2031 585 llaec
2060 532 2252 601 quippe
2280 532 2499 586 lucresis
2531 546 2648 601 qum
2682 532 2789 601 jam
2819 532 3120 601 apostolicis
3151 534 3474 601 temporibus

1905 631 2018 677 orta
2040 622 2230 687 fuerat,
2253 638 2366 679 mvo
2387 622 2749 694 Chrysostomi
2770 623 2941 677 adhuc
2961 624 3187 693 vigebat,
3215 632 3274 678 ut
3294 623 3477 678 videre

1906 724 1989 769 est
2046 715 2258 769 humilia
2302 726 2486 785 quarta
2546 718 2595 769 in
2652 716 2819 785 Epist.
2864 717 2929 770 ad
2974 717 3225 772 llcbrreos
3271 716 3292 783 (
3315 716 3476 770 Temo

1908 807 2225 877 duodecimo)
2253 826 2265 859 :
2300 806 2417 861 Prw
2445 810 2635 877 pudore
2651 825 2704 863 se
2719 808 3025 862 abscondant
3056 808 3139 873 qui
3166 810 3335 862 dicunt
3367 824 3475 861 eum

1906 898 2163 950 advenisse
2192 914 2279 965 per
2306 901 2518 967 speciem
2542 942 2557 965 ,
2589 916 2688 953 non
2720 900 2831 969 ipsa
2856 900 2927 952 rei
2955 901 3174 953 veritate.
3207 899 3304 965 Qui
3336 899 3477 966 prior

1910 986 2063 1054 hujus
2092 986 2308 1041 incresis
2338 989 2654 1043 mentionem
2684 990 2808 1045 facit
2831 998 2912 1044 est
2943 988 3169 1059 lgnatins
3199 990 3397 1059 Martyr
3425 989 3473 1041 in

1908 1076 2139 1143 Epistula
2167 1076 2232 1131 ad
2263 1077 2556 1131 Trallianos
2593 1089 2645 1132 et
2691 1078 2741 1133 in
2776 1081 3003 1147 Epistula
3048 1079 3111 1133 ad
3152 1079 3471 1150 Smyrnaeos.

1907 1166 2225 1221 Mcmoratur
2247 1169 2401 1221 etiam
2434 1169 2499 1221 ab
2528 1168 2727 1223 Irenaeo
2748 1211 2762 1235 ,
2793 1172 3061 1227 Clemente
3092 1172 3471 1235 Alexandrino,

1904 1260 1993 1328 qui
2035 1259 2312 1314 luereticos
2359 1250 2656 1330 hujiismodi
2686 1262 2897 1316 Docitas
2927 1271 3114 1328 vocat,
3143 1263 3208 1317 ab
3246 1262 3473 1332 Origene

1903 1352 2029 1407 item
2055 1360 2107 1406 et
2132 1351 2381 1406 Eusebio.

1974 1443 2078 1497 Alii
2126 1458 2253 1498 vero
2304 1444 2551 1499 dicebant
2600 1440 2868 1499 Christum
2919 1459 3011 1514 per
3058 1445 3272 1499 Mariam
3324 1461 3473 1515 quas:

1904 1546 2094 1601 aquam
2125 1547 2219 1601 per
2241 1533 2479 1587 canalem
2506 1534 2776 1592 transiisse
2796 1543 3018 1602 tantum,
3062 1534 3111 1588 id
3155 1545 3255 1602 est,
3284 1549 3475 1604 corpus

1902 1623 2018 1692 ejus
2045 1638 2148 1678 non
2177 1625 2227 1678 in
2251 1632 2402 1679 utero
2423 1625 2652 1694 Virginis
2672 1627 2923 1692 crevisse,
2948 1627 3022 1680 uti
3052 1627 3189 1681 solet
3216 1626 3352 1691 lieni,
3382 1627 3472 1681 sed

1899 1716 2008 1783 jam
2036 1714 2314 1769 formatum
2345 1716 2614 1770 transiisse
2641 1725 2863 1778 tantum,
2888 1717 3030 1770 velut
3050 1732 3237 1787 aquam
3264 1732 3355 1786 per
3384 1732 3475 1770 ea-

1907 1807 2076 1860 nalem
2118 1824 2131 1860 :
2175 1822 2330 1875 quem
2372 1822 2607 1861 errorem
2649 1800 2818 1876 reficit
2851 1806 3260 1879 Chrysostomus
3294 1806 3476 1879 (Temo

1904 1896 2111 1964 septimo
2138 1895 2177 1966 ).
2210 1895 2442 1950 lrenaeus
2486 1911 2612 1950 vero
2662 1896 2799 1951 hanc
2835 1896 3137 1951 ltmreticam
3169 1897 3474 1966 Opinionem

1909 1985 2287 2041 Valentinianis
2329 1986 2584 2041 adscribit
2629 1985 2903 2054 (Irenwus
2948 2005 3002 2059 p.
3054 1988 3122 2043 ’55
3147 1990 3195 2056 ),
3227 1998 3384 2058 atque
3410 2002 3476 2042 ex

1908 2076 2109 2131 [remeo
2157 2076 2480 2147 Epiphanius
2531 2077 2581 2131 id
2626 2077 2796 2147 ipsum
2845 2079 3040 2147 profert
3081 2078 3100 2151 (
3126 2077 3385 2149 Epiphau.
3420 2098 3473 2147 p.

1908 2168 2012 2222 172
2036 2168 2080 2239 ).
2111 2168 2223 2224 luto
2260 2178 2410 2224 erant
2439 2168 2650 2241 quidam
2683 2169 2916 2224 lueretici
2955 2171 3043 2238 qui
3084 2185 3148 2225 eo
3191 2170 3476 2238 impietatis

1904 2260 2278 2330 irrumperent,
2312 2273 2367 2313 ut
2390 2259 2567 2314 dicere
2587 2260 2700 2315 ausi
2729 2260 2854 2325 sint,
2886 2261 3298 2315 incarnationem
3325 2258 3477 2314 Chri-

1903 2352 1971 2407 sti
2007 2366 2124 2406 csse
2146 2350 2376 2407 fabulam
2406 2350 2493 2422 (Τ.
2514 2353 2590 2423 7).

1974 2444 2256 2501 Gnostieos
2300 2443 2467 2499 semel
2508 2450 2707 2498 tantum
2739 2454 3123 2500 commemorat
3159 2444 3477 2517 Cluysosto-

1904 2552 2041 2603 mus,
2070 2552 2201 2606 quos
2228 2537 2328 2591 hoc
2351 2537 2563 2591 nomine
2592 2550 2709 2592 sese
2730 2538 3081 2607 appellavisse
3105 2537 3250 2601 dicit,
3273 2539 3392 2607 quia
3419 2551 3478 2593 se

1904 2630 2040 2684 scire
2073 2628 2325 2698 putabant
2364 2627 2482 2697 plus
2520 2643 2678 2699 quam
2714 2629 2892 2684 cancri
2924 2630 3125 2684 scirent
3168 2627 3349 2699 (Τυηιο
3380 2645 3476 2682 uu-

1903 2718 2138 2791 decimo).
2163 2720 2266 2774 Sed
2288 2719 2354 2774 de
2377 2719 2775 2783 Valentinianis,
2800 2720 2887 2789 qui
2917 2728 2969 2775 et
2996 2720 3091 2788 ipsi
3123 2720 3174 2773 in
3201 2718 3481 2774 Gnosticoo

1904 2826 2022 2865 rum
2050 2825 2272 2865 numero
2297 2809 2671 2873 censebantur,
2702 2811 2862 2863 multa
2904 2809 3105 2879 profert
3134 2809 3292 2863 variis
3322 2809 3371 2862 in
3401 2811 3477 2863 lo-

1904 2900 2004 2968 cis,
2056 2914 2175 2969 qua:
2210 2899 2522 2968 plerumque
2552 2913 2673 2952 cum
2716 2898 3171 2953 Marcionistarum
3214 2906 3269 2951 et
3312 2898 3481 2952 Mani-

1904 2989 2172 3044 ehaeorum
2212 2988 2400 3044 hmresi
2427 2988 2783 3044 consentiunt.
2816 2989 3031 3043 Dicebat
3066 3003 3227 3058 porro
3252 2988 3482 3043 Valenti-

1905 3095 2007 3134 nus
2036 3080 2309 3134 materiam
2339 3089 2463 3133 ante
2485 3081 2809 3135 creationem
2850 3080 3031 3133 mundi
3072 3078 3476 3149 praeexstitisse,

1904 3186 2060 3241 quem
2097 3180 2150 3226 ct
2183 3171 2314 3225 alios
2352 3170 2548 3225 similia
2591 3169 2919 3239 proferentes
2950 3168 3288 3225 validissimis
3326 3184 3481 3238 argu-

1905 3261 2097 3316 mentis
2139 3260 2373 3316 confutat
2410 3261 2497 3315 ille
2520 3260 2701 3331 (Tomo
2726 3262 2950 3329 quarto).
2976 3261 3143 3314 Deum
3170 3272 3297 3314 vero
3316 3257 3480 3313 Crea-

1906 3361 2074 3407 torem
2115 3367 2234 3408 esse
2273 3354 2670 3423 negabat:erat
2718 3353 2859 3406 enim
2909 3365 2975 3405 ex
3022 3364 3242 3405 numero
3294 3364 3480 3404 eorum

1905 3445 1993 3514 qui
2037 3444 2299 3500 Eonibus
2360 3446 2537 3500 omnia
2594 3445 2955 3499 adscriberent
3003 3443 3299 3515 (Ibidem).
3349 3443 3479 3497 Cum

1907 3537 2260 3593 Marcionistis
2321 3548 2500 3593 autem
2548 3548 2601 3592 et
2657 3537 2957 3593 Manichreis
2999 3537 3246 3592 (licebant
3294 3536 3480 3591 Valen-

1907 3630 2089 3683 tiniani
2133 3629 2290 3683 deum
2334 3628 2878 3683 veteris'l'estamcnti
2923 3637 3193 3681 auctorem
3220 3643 3338 3683 csse
3368 3644 3481 3681 ma.

1907 3721 2014 3775 lum
2044 3739 2057 3774 :
2087 3733 2140 3775 et
2176 3721 2252 3775 sic
2287 3720 2421 3773 duos
2476 3719 2823 3773 admittebant
2870 3719 3031 3783 deos,
3081 3719 3236 3773 deum
3292 3736 3482 3785 nempe

1908 3812 2031 3867 novi
2058 3811 2378 3866 'l‘estamenti
2406 3853 2419 3874 ,
2460 3826 2617 3880 quem
2664 3810 2858 3865 bonum
2900 3811 3193 3880 putabant,
3230 3821 3284 3863 et
3322 3810 3479 3864 deum

1910 3904 2109 3958 veteris
2133 3903 2477 3968 Testamenti,
2507 3917 2661 3975 quem
2692 3902 2911 3965 malum,
2937 3902 3042 3956 imo
3067 3901 3339 3955 Manichmi
3370 3902 3482 3954 dia-

1909 3994 2090 4048 bolum
2118 4007 2234 4048 esse
2259 3992 2536 4057 dicebant,
2561 3976 2613 4047 et
2643 3992 2719 4046 sic
2744 3994 2912 4061 legem
2943 4008 2972 4044 a
2999 3993 3174 4062 Moyse
3202 3992 3479 4059 prolatam,

1910 4095 1967 4140 ut
1998 4100 2029 4139 a
2072 4085 2213 4139 malo
2238 4085 2339 4139 deo
2364 4084 2539 4138 datam
2571 4099 2637 4139 ex
2676 4083 3068 4151 Seripturarum
3117 4084 3355 4152 catalogo
3392 4098 3485 4135 ex-

1909 4176 2211 4246 pungehant
2239 4176 2256 4245 (
2281 4174 2440 4229 Tomo
2469 4175 2632 4245 primo
2657 4183 2702 4228 et
2728 4172 2886 4227 Tomo
2908 4172 3161 4245 septimo).

1982 4268 2399 4323 lnearnationem
2439 4282 2565 4322 vero
2607 4266 2803 4337 Christi
2849 4280 2968 4321 cum
3011 4265 3485 4332 Marcione,l\lani—

1912 4360 2062 4414 ehmo
2089 4368 2143 4415 et
2185 4360 2302 4414 aliis
2339 4360 2566 4429 negabat
2605 4360 2915 4415 Valentinus
2950 4359 3129 4431 (Temo
3158 4359 3323 4429 tertio)
3351 4398 3366 4423 ,
3397 4376 3485 4427 per

1911 4466 1966 4503 os
2018 4451 2206 4504 diaboli
2258 4451 2465 4517 dicens,
2497 4466 2612 4504 eum
2666 4467 2824 4521 neque
2872 4452 3186 4503 incarnatum
3248 4463 3371 4510 esse,
3399 4464 3485 4499 ne-

1911 4557 2006 4611 que
2032 4558 2234 4595 carnem
2262 4542 2488 4595 induisse
2510 4583 2525 4607 ,
2556 4542 2645 4595 sed
2671 4543 2883 4609 speciem
2922 4540 2975 4593 id
2999 4538 3267 4608 quamdam
3290 4538 3443 4604 fuisse
3464 4578 3478 4601 ,

1913 4634 2231 4703 phantasma,
2261 4635 2630 4688 simulationem
2662 4649 2679 4687 :
2706 4631 2900 4685 tametsi
2926 4631 3180 4701 passiones
3208 4639 3250 4682 et
3276 4644 3410 4681 mors
3437 4637 3483 4681 et

1912 4727 2195 4795 sepulcrum
2224 4736 2269 4780 et
2294 4727 2451 4795 fames
2475 4726 2811 4779 reclamabant
2838 4741 2855 4778 :
2882 4725 2923 4777 si
2962 4722 3088 4775 nihil
3114 4724 3291 4775 horum
3322 4723 3483 4775 conti-

1911 4819 2079 4889 gisset,
2120 4836 2283 4872 nonne
2327 4819 2483 4871 multo
2531 4819 2749 4888 amplius
2797 4817 3024 4870 diabolus
3073 4818 3178 4870 [nec
3216 4816 3487 4886 impietatis

1914 4911 2128 4979 pessima
2153 4910 2387 4981 dogmata
2415 4910 2823 4965 disseminasset?
2865 4908 3017 4975 Quod
3047 4909 3216 4980 ipsum
3243 4910 3367 4964 alibi
3395 4926 3479 4965 rc-

1913 5000 2044 5070 petit
2068 4999 2479 5073 Chrysostomus
2509 4999 2529 5072 (
2550 5000 2703 5054 Tanto
2735 5000 2941 5071 primo).

1986 5092 2062 5147 De
2105 5093 2368 5148 Marcione
2392 5104 2446 5148 et
2478 5094 2766 5149 Manichaeo
2798 5096 3083 5161 innumera
3125 5109 3261 5164 pene
3289 5094 3489 5146 haben-

1915 5191 2000 5237 tur
2044 5183 2097 5237 in
2134 5184 2499 5257 Chrysostomi
2528 5187 2818 5256 operibus;
2853 5187 3081 5256 itemque
3108 5185 3174 5239 de
3207 5181 3486 5238 Marcioni-

1914 5285 2013 5339 stis
2038 5290 2092 5338 et
2131 5279 2451 5336 Manichazis.
2476 5278 2538 5333 lli
2565 5294 2692 5333 vero
2717 5279 2949 5333 haeretici
2981 5279 3031 5331 in
3055 5277 3233 5330 multis
3260 5288 3487 5327 consen-

1915 5373 2147 5436 tiebant;
2192 5371 2283 5425 sed
2315 5371 2433 5440 quia
2462 5370 2670 5439 utrique
2713 5370 2875 5423 multa
2908 5367 3171 5420 habebant
3199 5363 3295 5419 sibi
3327 5376 3486 5432 pecu-

1916 5464 2064 5517 liaria
2092 5505 2106 5530 ,
2139 5463 2204 5517 de
2243 5462 2499 5516 ambobus
2538 5461 2821 5530 separatim
2856 5457 3139 5526 agendum.
3195 5453 3444 5508 Marciani
3471 5494 3486 5518 ,

1914 5553 2105 5608 Maneti
2137 5561 2190 5608 et
2214 5551 2496 5607 Valentino
2524 5550 2735 5605 errandi
2763 5563 2973 5604 causam
2997 5546 3159 5600 fuisse
3183 5545 3328 5612 dicit,
3350 5546 3488 5615 quod

1919 5660 2162 5717 quamam
2190 5644 2256 5699 sit
2287 5644 2543 5698 malorum
2571 5655 2725 5696 causa
2762 5637 3068 5711 qutesierint
3092 5677 3106 5701 ,
3135 5646 3188 5690 et
3228 5651 3321 5708 per
3356 5636 3487 5693 hanc

3095 5725 3136 5787 ὁ
