  <div class='ocr_page' id='page_1' title='image "/cluster/home/n/w/nwhite01/storage/ocr_20150623/64/hvd.32044073501959/059.png"; bbox 0 0 4054 6216; ppageno 0'>
   <div class='ocr_carea' id='block_1_1' title="bbox 503 226 3749 291">
    <p class='ocr_par' dir='ltr' id='par_1_1' title="bbox 503 226 3749 291">
     <span class='ocr_line' id='line_1_1' title="bbox 503 226 3749 291; baseline 0.002 -7"><span class='ocrx_word' id='word_1_1' title='bbox 503 226 571 276; x_wconf 45' lang='lat' dir='ltr'><strong>liii</strong></span> <span class='ocrx_word' id='word_1_2' title='bbox 1836 230 2158 291; x_wconf 81' lang='lat' dir='ltr'><strong>SYNOPSIS</strong></span> <span class='ocrx_word' id='word_1_3' title='bbox 2191 230 2421 290; x_wconf 78' lang='lat' dir='ltr'><strong>EORUM</strong></span> <span class='ocrx_word' id='word_1_4' title='bbox 3680 230 3749 291; x_wconf 76' lang='grc'><strong>6⁵5</strong></span> 
     </span>
    </p>
   </div>
   <div class='ocr_carea' id='block_1_2' title="bbox 506 344 2079 417">
    <p class='ocr_par' dir='ltr' id='par_1_2' title="bbox 506 344 2079 417">
     <span class='ocr_line' id='line_1_2' title="bbox 506 344 2079 417; baseline -0.001 -17"><span class='ocrx_word' id='word_1_5' title='bbox 506 346 849 415; x_wconf 70' lang='lat' dir='ltr'><strong>qumstionem</strong></span> <span class='ocrx_word' id='word_1_6' title='bbox 901 347 1202 402; x_wconf 78' lang='lat' dir='ltr'><strong>innumeras</strong></span> <span class='ocrx_word' id='word_1_7' title='bbox 1255 347 1485 402; x_wconf 75' lang='lat' dir='ltr'><strong>hmrcscs</strong></span> <span class='ocrx_word' id='word_1_8' title='bbox 1542 346 1843 401; x_wconf 77' lang='lat' dir='ltr'><strong>suscitarint</strong></span> <span class='ocrx_word' id='word_1_9' title='bbox 1883 344 2079 417; x_wconf 70' lang='lat' dir='ltr'><strong>(Tomo</strong></span> 
     </span>
    </p>
   </div>
   <div class='ocr_carea' id='block_1_3' title="bbox 507 438 2079 511">
    <p class='ocr_par' dir='ltr' id='par_1_3' title="bbox 507 438 2079 511">
     <span class='ocr_line' id='line_1_3' title="bbox 507 438 2079 511; baseline 0 -21"><span class='ocrx_word' id='word_1_10' title='bbox 507 439 712 511; x_wconf 82' lang='lat' dir='ltr'><strong>primo).</strong></span> <span class='ocrx_word' id='word_1_11' title='bbox 749 439 964 492; x_wconf 83' lang='lat' dir='ltr'><strong>Dicebat</strong></span> <span class='ocrx_word' id='word_1_12' title='bbox 995 441 1116 492; x_wconf 90' lang='lat' dir='ltr'><strong>item</strong></span> <span class='ocrx_word' id='word_1_13' title='bbox 1160 438 1387 493; x_wconf 82' lang='lat' dir='ltr'><strong>Marcion</strong></span> <span class='ocrx_word' id='word_1_14' title='bbox 1415 438 1687 492; x_wconf 92' lang='lat' dir='ltr'><strong>materiam</strong></span> <span class='ocrx_word' id='word_1_15' title='bbox 1715 447 1835 491; x_wconf 91' lang='lat' dir='ltr'><strong>ante</strong></span> <span class='ocrx_word' id='word_1_16' title='bbox 1856 441 2079 491; x_wconf 89' lang='lat' dir='ltr'><strong>creatio-</strong></span> 
     </span>
    </p>
   </div>
   <div class='ocr_carea' id='block_1_4' title="bbox 507 528 2076 601">
    <p class='ocr_par' dir='ltr' id='par_1_4' title="bbox 507 528 2076 601">
     <span class='ocr_line' id='line_1_4' title="bbox 507 528 2076 601; baseline 0 -17"><span class='ocrx_word' id='word_1_17' title='bbox 507 546 627 584; x_wconf 84' lang='lat' dir='ltr'><strong>nem</strong></span> <span class='ocrx_word' id='word_1_18' title='bbox 684 531 863 597; x_wconf 89' lang='lat' dir='ltr'><strong>mundi</strong></span> <span class='ocrx_word' id='word_1_19' title='bbox 911 530 1286 600; x_wconf 74' lang='lat' dir='ltr'><strong>prmcxstitisse</strong></span> <span class='ocrx_word' id='word_1_20' title='bbox 1340 530 1537 601; x_wconf 87' lang='lat' dir='ltr'><strong>(Tomo</strong></span> <span class='ocrx_word' id='word_1_21' title='bbox 1584 532 1821 598; x_wconf 84' lang='lat' dir='ltr'><strong>quarto).</strong></span> <span class='ocrx_word' id='word_1_22' title='bbox 1855 528 2076 584; x_wconf 82' lang='lat' dir='ltr'><strong>Marcio-</strong></span> 
     </span>
    </p>
   </div>
   <div class='ocr_carea' id='block_1_5' title="bbox 479 622 2076 694">
    <p class='ocr_par' dir='ltr' id='par_1_5' title="bbox 479 622 2076 694">
     <span class='ocr_line' id='line_1_5' title="bbox 479 622 2076 694; baseline 0.003 -21"><span class='ocrx_word' id='word_1_23' title='bbox 479 624 657 676; x_wconf 70' lang='lat' dir='ltr'><strong>&#39;uistse</strong></span> <span class='ocrx_word' id='word_1_24' title='bbox 683 637 811 678; x_wconf 86' lang='lat' dir='ltr'><strong>vero</strong></span> <span class='ocrx_word' id='word_1_25' title='bbox 841 623 1091 691; x_wconf 90' lang='lat' dir='ltr'><strong>putabant</strong></span> <span class='ocrx_word' id='word_1_26' title='bbox 1126 623 1429 679; x_wconf 83' lang='lat' dir='ltr'><strong>Creatorem</strong></span> <span class='ocrx_word' id='word_1_27' title='bbox 1465 622 1663 693; x_wconf 87' lang='lat' dir='ltr'><strong>justum</strong></span> <span class='ocrx_word' id='word_1_28' title='bbox 1693 622 1901 694; x_wconf 86' lang='lat' dir='ltr'><strong>quidem</strong></span> <span class='ocrx_word' id='word_1_29' title='bbox 1927 637 2076 690; x_wconf 86' lang='lat' dir='ltr'><strong>esse,</strong></span> 
     </span>
    </p>
   </div>
   <div class='ocr_carea' id='block_1_6' title="bbox 509 711 1463 785">
    <p class='ocr_par' dir='ltr' id='par_1_6' title="bbox 509 711 1463 785">
     <span class='ocr_line' id='line_1_6' title="bbox 509 711 1463 785; baseline 0 -19"><span class='ocrx_word' id='word_1_30' title='bbox 509 711 602 766; x_wconf 88' lang='lat' dir='ltr'><strong>sed</strong></span> <span class='ocrx_word' id='word_1_31' title='bbox 634 728 738 766; x_wconf 93' lang='lat' dir='ltr'><strong>non</strong></span> <span class='ocrx_word' id='word_1_32' title='bbox 770 713 962 767; x_wconf 89' lang='lat' dir='ltr'><strong>bonum</strong></span> <span class='ocrx_word' id='word_1_33' title='bbox 997 713 1014 785; x_wconf 98' lang='lat'><strong>(</strong></span> <span class='ocrx_word' id='word_1_34' title='bbox 1044 712 1198 768; x_wconf 92' lang='lat' dir='ltr'><strong>Tomo</strong></span> <span class='ocrx_word' id='word_1_35' title='bbox 1223 712 1463 785; x_wconf 84' lang='lat' dir='ltr'><strong>decimo).</strong></span> 
     </span>
    </p>
   </div>
   <div class='ocr_carea' id='block_1_7' title="bbox 579 802 2076 875">
    <p class='ocr_par' dir='ltr' id='par_1_7' title="bbox 579 802 2076 875">
     <span class='ocr_line' id='line_1_7' title="bbox 579 802 2076 875; baseline 0.001 -19"><span class='ocrx_word' id='word_1_36' title='bbox 579 802 739 858; x_wconf 91' lang='lat' dir='ltr'><strong>Iidem</strong></span> <span class='ocrx_word' id='word_1_37' title='bbox 780 819 907 859; x_wconf 89' lang='lat' dir='ltr'><strong>vero</strong></span> <span class='ocrx_word' id='word_1_38' title='bbox 947 804 1114 874; x_wconf 87' lang='lat' dir='ltr'><strong>legem</strong></span> <span class='ocrx_word' id='word_1_39' title='bbox 1161 804 1354 875; x_wconf 84' lang='lat' dir='ltr'><strong>Moysis</strong></span> <span class='ocrx_word' id='word_1_40' title='bbox 1397 819 1459 858; x_wconf 86' lang='lat' dir='ltr'><strong>cx</strong></span> <span class='ocrx_word' id='word_1_41' title='bbox 1499 804 1737 875; x_wconf 77' lang='lat' dir='ltr'><strong>catalogo</strong></span> <span class='ocrx_word' id='word_1_42' title='bbox 1780 803 2076 858; x_wconf 90' lang='lat' dir='ltr'><strong>divinarum</strong></span> 
     </span>
    </p>
   </div>
   <div class='ocr_carea' id='block_1_8' title="bbox 490 893 2083 965">
    <p class='ocr_par' dir='ltr' id='par_1_8' title="bbox 490 893 2083 965">
     <span class='ocr_line' id='line_1_8' title="bbox 490 893 2083 965; baseline 0 -16"><span class='ocrx_word' id='word_1_43' title='bbox 490 893 904 963; x_wconf 85' lang='lat' dir='ltr'><strong>&#39;Scripturarum</strong></span> <span class='ocrx_word' id='word_1_44' title='bbox 942 895 1315 964; x_wconf 78' lang='lat' dir='ltr'><strong>expungebant</strong></span> <span class='ocrx_word' id='word_1_45' title='bbox 1362 894 1562 964; x_wconf 90' lang='lat' dir='ltr'><strong>(Tomo</strong></span> <span class='ocrx_word' id='word_1_46' title='bbox 1609 893 1814 965; x_wconf 86' lang='lat' dir='ltr'><strong>primo).</strong></span> <span class='ocrx_word' id='word_1_47' title='bbox 1865 894 2083 950; x_wconf 80' lang='lat' dir='ltr'><strong>Dicebat</strong></span> 
     </span>
    </p>
   </div>
   <div class='ocr_carea' id='block_1_9' title="bbox 509 985 2080 1050">
    <p class='ocr_par' dir='ltr' id='par_1_9' title="bbox 509 985 2080 1050">
     <span class='ocr_line' id='line_1_9' title="bbox 509 985 2080 1050; baseline 0.002 -15"><span class='ocrx_word' id='word_1_48' title='bbox 509 985 649 1038; x_wconf 72' lang='lat' dir='ltr'><strong>enim</strong></span> <span class='ocrx_word' id='word_1_49' title='bbox 713 986 964 1050; x_wconf 80' lang='lat' dir='ltr'><strong>Marcion,</strong></span> <span class='ocrx_word' id='word_1_50' title='bbox 994 1001 1097 1039; x_wconf 91' lang='lat' dir='ltr'><strong>non</strong></span> <span class='ocrx_word' id='word_1_51' title='bbox 1156 1001 1275 1040; x_wconf 87' lang='lat' dir='ltr'><strong>esse</strong></span> <span class='ocrx_word' id='word_1_52' title='bbox 1328 985 1570 1039; x_wconf 86' lang='lat' dir='ltr'><strong>eumdem</strong></span> <span class='ocrx_word' id='word_1_53' title='bbox 1619 985 1814 1039; x_wconf 90' lang='lat' dir='ltr'><strong>veteris</strong></span> <span class='ocrx_word' id='word_1_54' title='bbox 1864 992 1921 1039; x_wconf 89' lang='lat' dir='ltr'><strong>et</strong></span> <span class='ocrx_word' id='word_1_55' title='bbox 1962 985 2080 1038; x_wconf 90' lang='lat' dir='ltr'><strong>novi</strong></span> 
     </span>
    </p>
   </div>
   <div class='ocr_carea' id='block_1_10' title="bbox 511 1074 2080 1147">
    <p class='ocr_par' dir='ltr' id='par_1_10' title="bbox 511 1074 2080 1147">
     <span class='ocr_line' id='line_1_10' title="bbox 511 1074 2080 1147; baseline 0.001 -20"><span class='ocrx_word' id='word_1_56' title='bbox 511 1076 834 1128; x_wconf 84' lang='lat' dir='ltr'><strong>Testamenti</strong></span> <span class='ocrx_word' id='word_1_57' title='bbox 882 1074 1266 1147; x_wconf 88' lang='lat' dir='ltr'><strong>Deum(Tomo</strong></span> <span class='ocrx_word' id='word_1_58' title='bbox 1310 1075 1496 1145; x_wconf 85' lang='lat' dir='ltr'><strong>tertio).</strong></span> <span class='ocrx_word' id='word_1_59' title='bbox 1524 1074 1651 1128; x_wconf 89' lang='lat' dir='ltr'><strong>Nam</strong></span> <span class='ocrx_word' id='word_1_60' title='bbox 1706 1076 1829 1129; x_wconf 91' lang='lat' dir='ltr'><strong>licet</strong></span> <span class='ocrx_word' id='word_1_61' title='bbox 1874 1075 1925 1128; x_wconf 89' lang='lat' dir='ltr'><strong>id</strong></span> <span class='ocrx_word' id='word_1_62' title='bbox 1978 1089 2080 1128; x_wconf 92' lang='lat' dir='ltr'><strong>non</strong></span> 
     </span>
    </p>
   </div>
   <div class='ocr_carea' id='block_1_11' title="bbox 511 1165 2081 1234">
    <p class='ocr_par' dir='ltr' id='par_1_11' title="bbox 511 1165 2081 1234">
     <span class='ocr_line' id='line_1_11' title="bbox 511 1165 2081 1234; baseline 0.003 -19"><span class='ocrx_word' id='word_1_63' title='bbox 511 1179 762 1232; x_wconf 77' lang='lat' dir='ltr'><strong>expresse</strong></span> <span class='ocrx_word' id='word_1_64' title='bbox 802 1165 1016 1227; x_wconf 88' lang='lat' dir='ltr'><strong>feratur,</strong></span> <span class='ocrx_word' id='word_1_65' title='bbox 1060 1166 1344 1220; x_wconf 81' lang='lat' dir='ltr'><strong>verisimile</strong></span> <span class='ocrx_word' id='word_1_66' title='bbox 1372 1180 1584 1234; x_wconf 86' lang='lat' dir='ltr'><strong>prorsus</strong></span> <span class='ocrx_word' id='word_1_67' title='bbox 1623 1174 1705 1220; x_wconf 88' lang='lat' dir='ltr'><strong>est</strong></span> <span class='ocrx_word' id='word_1_68' title='bbox 1742 1165 1886 1219; x_wconf 92' lang='lat' dir='ltr'><strong>illum</strong></span> <span class='ocrx_word' id='word_1_69' title='bbox 1910 1205 1924 1230; x_wconf 93' lang='lat'><strong>,</strong></span> <span class='ocrx_word' id='word_1_70' title='bbox 1956 1180 2081 1234; x_wconf 90' lang='lat' dir='ltr'><strong>per-</strong></span> 
     </span>
    </p>
   </div>
   <div class='ocr_carea' id='block_1_12' title="bbox 513 1253 2081 1322">
    <p class='ocr_par' dir='ltr' id='par_1_12' title="bbox 513 1253 2081 1322">
     <span class='ocr_line' id='line_1_12' title="bbox 513 1253 2081 1322; baseline 0.003 -17"><span class='ocrx_word' id='word_1_71' title='bbox 513 1253 636 1305; x_wconf 82' lang='lat' dir='ltr'><strong>inde</strong></span> <span class='ocrx_word' id='word_1_72' title='bbox 679 1264 837 1322; x_wconf 86' lang='lat' dir='ltr'><strong>atque</strong></span> <span class='ocrx_word' id='word_1_73' title='bbox 865 1255 1121 1309; x_wconf 87' lang='lat' dir='ltr'><strong>Manctcm</strong></span> <span class='ocrx_word' id='word_1_74' title='bbox 1142 1297 1157 1321; x_wconf 89' lang='lat'><strong>,</strong></span> <span class='ocrx_word' id='word_1_75' title='bbox 1187 1255 1343 1309; x_wconf 87' lang='lat' dir='ltr'><strong>deum</strong></span> <span class='ocrx_word' id='word_1_76' title='bbox 1380 1256 1576 1309; x_wconf 87' lang='lat' dir='ltr'><strong>malum</strong></span> <span class='ocrx_word' id='word_1_77' title='bbox 1605 1264 1659 1311; x_wconf 92' lang='lat' dir='ltr'><strong>et</strong></span> <span class='ocrx_word' id='word_1_78' title='bbox 1686 1256 1842 1310; x_wconf 91' lang='lat' dir='ltr'><strong>deum</strong></span> <span class='ocrx_word' id='word_1_79' title='bbox 1889 1256 2081 1310; x_wconf 91' lang='lat' dir='ltr'><strong>bonum</strong></span> 
     </span>
    </p>
   </div>
   <div class='ocr_carea' id='block_1_13' title="bbox 512 1344 2086 1416">
    <p class='ocr_par' dir='ltr' id='par_1_13' title="bbox 512 1344 2086 1416">
     <span class='ocr_line' id='line_1_13' title="bbox 512 1344 2086 1416; baseline 0.003 -20"><span class='ocrx_word' id='word_1_80' title='bbox 512 1344 789 1399; x_wconf 85' lang='lat' dir='ltr'><strong>admisisse</strong></span> <span class='ocrx_word' id='word_1_81' title='bbox 813 1385 827 1407; x_wconf 94' lang='lat'><strong>,</strong></span> <span class='ocrx_word' id='word_1_82' title='bbox 862 1361 925 1399; x_wconf 91' lang='lat' dir='ltr'><strong>ac</strong></span> <span class='ocrx_word' id='word_1_83' title='bbox 957 1346 1112 1399; x_wconf 86' lang='lat' dir='ltr'><strong>deum</strong></span> <span class='ocrx_word' id='word_1_84' title='bbox 1152 1346 1346 1400; x_wconf 92' lang='lat' dir='ltr'><strong>malum</strong></span> <span class='ocrx_word' id='word_1_85' title='bbox 1379 1362 1475 1416; x_wconf 91' lang='lat' dir='ltr'><strong>pro</strong></span> <span class='ocrx_word' id='word_1_86' title='bbox 1500 1357 1741 1401; x_wconf 86' lang='lat' dir='ltr'><strong>creatore</strong></span> <span class='ocrx_word' id='word_1_87' title='bbox 1786 1347 1966 1401; x_wconf 92' lang='lat' dir='ltr'><strong>mundi</strong></span> <span class='ocrx_word' id='word_1_88' title='bbox 1992 1345 2086 1400; x_wconf 89' lang='lat' dir='ltr'><strong>ha-</strong></span> 
     </span>
    </p>
   </div>
   <div class='ocr_carea' id='block_1_14' title="bbox 512 1428 2085 1507">
    <p class='ocr_par' dir='ltr' id='par_1_14' title="bbox 512 1428 2085 1507">
     <span class='ocr_line' id='line_1_14' title="bbox 512 1428 2085 1507; baseline 0.002 -19"><span class='ocrx_word' id='word_1_89' title='bbox 512 1435 711 1498; x_wconf 81' lang='lat' dir='ltr'><strong>buisse,</strong></span> <span class='ocrx_word' id='word_1_90' title='bbox 747 1445 903 1504; x_wconf 90' lang='lat' dir='ltr'><strong>atque</strong></span> <span class='ocrx_word' id='word_1_91' title='bbox 933 1437 1011 1489; x_wconf 88' lang='lat' dir='ltr'><strong>sic</strong></span> <span class='ocrx_word' id='word_1_92' title='bbox 1037 1437 1402 1507; x_wconf 87' lang='lat' dir='ltr'><strong>intelligendus</strong></span> <span class='ocrx_word' id='word_1_93' title='bbox 1427 1447 1539 1491; x_wconf 89' lang='lat' dir='ltr'><strong>erat</strong></span> <span class='ocrx_word' id='word_1_94' title='bbox 1562 1453 1681 1491; x_wconf 77' lang='lat' dir='ltr'><strong>cum</strong></span> <span class='ocrx_word' id='word_1_95' title='bbox 1706 1428 1905 1492; x_wconf 83' lang='lat' dir='ltr'><strong>diceret</strong></span> <span class='ocrx_word' id='word_1_96' title='bbox 1920 1436 2085 1491; x_wconf 86' lang='lat' dir='ltr'><strong>Deum</strong></span> 
     </span>
    </p>
   </div>
   <div class='ocr_carea' id='block_1_15' title="bbox 512 1527 1783 1601">
    <p class='ocr_par' dir='ltr' id='par_1_15' title="bbox 512 1527 1783 1601">
     <span class='ocr_line' id='line_1_15' title="bbox 512 1527 1783 1601; baseline 0.001 -21"><span class='ocrx_word' id='word_1_97' title='bbox 512 1542 617 1582; x_wconf 87' lang='lat' dir='ltr'><strong>non</strong></span> <span class='ocrx_word' id='word_1_98' title='bbox 649 1543 766 1581; x_wconf 87' lang='lat' dir='ltr'><strong>esse</strong></span> <span class='ocrx_word' id='word_1_99' title='bbox 792 1536 1083 1582; x_wconf 88' lang='lat' dir='ltr'><strong>creatorem</strong></span> <span class='ocrx_word' id='word_1_100' title='bbox 1111 1529 1289 1583; x_wconf 92' lang='lat' dir='ltr'><strong>mundi</strong></span> <span class='ocrx_word' id='word_1_101' title='bbox 1318 1527 1515 1601; x_wconf 85' lang='lat' dir='ltr'><strong>(Tomo</strong></span> <span class='ocrx_word' id='word_1_102' title='bbox 1543 1538 1719 1598; x_wconf 83' lang='lat' dir='ltr'><strong>quarto</strong></span> <span class='ocrx_word' id='word_1_103' title='bbox 1744 1533 1783 1598; x_wconf 94' lang='lat'><strong>).</strong></span> 
     </span>
    </p>
   </div>
   <div class='ocr_carea' id='block_1_16' title="bbox 583 1616 2089 1689">
    <p class='ocr_par' dir='ltr' id='par_1_16' title="bbox 583 1616 2089 1689">
     <span class='ocr_line' id='line_1_16' title="bbox 583 1616 2089 1689; baseline 0.002 -20"><span class='ocrx_word' id='word_1_104' title='bbox 583 1616 812 1670; x_wconf 90' lang='lat' dir='ltr'><strong>Marcion</strong></span> <span class='ocrx_word' id='word_1_105' title='bbox 870 1617 1116 1672; x_wconf 81' lang='lat' dir='ltr'><strong>Ponticus</strong></span> <span class='ocrx_word' id='word_1_106' title='bbox 1166 1618 1375 1674; x_wconf 72' lang='lat' dir='ltr'><strong>dicebat</strong></span> <span class='ocrx_word' id='word_1_107' title='bbox 1418 1619 1683 1674; x_wconf 82' lang='lat' dir='ltr'><strong>Christum</strong></span> <span class='ocrx_word' id='word_1_108' title='bbox 1738 1618 1947 1674; x_wconf 89' lang='lat' dir='ltr'><strong>nonnisi</strong></span> <span class='ocrx_word' id='word_1_109' title='bbox 1994 1632 2089 1689; x_wconf 87' lang='lat' dir='ltr'><strong>per</strong></span> 
     </span>
    </p>
   </div>
   <div class='ocr_carea' id='block_1_17' title="bbox 511 1707 2085 1781">
    <p class='ocr_par' dir='ltr' id='par_1_17' title="bbox 511 1707 2085 1781">
     <span class='ocr_line' id='line_1_17' title="bbox 511 1707 2085 1781; baseline 0.003 -21"><span class='ocrx_word' id='word_1_110' title='bbox 511 1707 743 1776; x_wconf 81' lang='lat' dir='ltr'><strong>speciem</strong></span> <span class='ocrx_word' id='word_1_111' title='bbox 782 1708 1061 1763; x_wconf 77' lang='lat' dir='ltr'><strong>advenisse</strong></span> <span class='ocrx_word' id='word_1_112' title='bbox 1087 1708 1267 1779; x_wconf 87' lang='lat' dir='ltr'><strong>(Tomo</strong></span> <span class='ocrx_word' id='word_1_113' title='bbox 1293 1710 1483 1781; x_wconf 86' lang='lat' dir='ltr'><strong>tertio),</strong></span> <span class='ocrx_word' id='word_1_114' title='bbox 1511 1725 1612 1781; x_wconf 90' lang='lat' dir='ltr'><strong>qua</strong></span> <span class='ocrx_word' id='word_1_115' title='bbox 1659 1711 1708 1763; x_wconf 89' lang='lat' dir='ltr'><strong>in</strong></span> <span class='ocrx_word' id='word_1_116' title='bbox 1755 1725 1815 1764; x_wconf 91' lang='lat' dir='ltr'><strong>re</strong></span> <span class='ocrx_word' id='word_1_117' title='bbox 1854 1724 2085 1764; x_wconf 89' lang='lat' dir='ltr'><strong>consen-</strong></span> 
     </span>
    </p>
   </div>
   <div class='ocr_carea' id='block_1_18' title="bbox 511 1800 2089 1867">
    <p class='ocr_par' dir='ltr' id='par_1_18' title="bbox 511 1800 2089 1867">
     <span class='ocr_line' id='line_1_18' title="bbox 511 1800 2089 1867; baseline 0.001 -13"><span class='ocrx_word' id='word_1_118' title='bbox 511 1800 673 1855; x_wconf 76' lang='lat' dir='ltr'><strong>tiebat</strong></span> <span class='ocrx_word' id='word_1_119' title='bbox 704 1816 806 1855; x_wconf 91' lang='lat' dir='ltr'><strong>non</strong></span> <span class='ocrx_word' id='word_1_120' title='bbox 837 1802 993 1855; x_wconf 89' lang='lat' dir='ltr'><strong>modo</strong></span> <span class='ocrx_word' id='word_1_121' title='bbox 1018 1818 1135 1856; x_wconf 91' lang='lat' dir='ltr'><strong>cum</strong></span> <span class='ocrx_word' id='word_1_122' title='bbox 1165 1801 1470 1857; x_wconf 68' lang='lat' dir='ltr'><strong>Manichreis</strong></span> <span class='ocrx_word' id='word_1_123' title='bbox 1496 1812 1549 1857; x_wconf 90' lang='lat' dir='ltr'><strong>et</strong></span> <span class='ocrx_word' id='word_1_124' title='bbox 1576 1802 1974 1867; x_wconf 82' lang='lat' dir='ltr'><strong>Valentinianis,</strong></span> <span class='ocrx_word' id='word_1_125' title='bbox 1994 1801 2089 1857; x_wconf 86' lang='lat' dir='ltr'><strong>sed</strong></span> 
     </span>
    </p>
   </div>
   <div class='ocr_carea' id='block_1_19' title="bbox 512 1893 2090 1965">
    <p class='ocr_par' dir='ltr' id='par_1_19' title="bbox 512 1893 2090 1965">
     <span class='ocr_line' id='line_1_19' title="bbox 512 1893 2090 1965; baseline 0.001 -19"><span class='ocrx_word' id='word_1_126' title='bbox 512 1894 668 1946; x_wconf 90' lang='lat' dir='ltr'><strong>etiam</strong></span> <span class='ocrx_word' id='word_1_127' title='bbox 699 1908 815 1947; x_wconf 87' lang='lat' dir='ltr'><strong>cum</strong></span> <span class='ocrx_word' id='word_1_128' title='bbox 852 1895 1224 1948; x_wconf 67' lang='lat' dir='ltr'><strong>vetustioribus</strong></span> <span class='ocrx_word' id='word_1_129' title='bbox 1256 1895 1514 1949; x_wconf 74' lang='lat' dir='ltr'><strong>hmrcticis</strong></span> <span class='ocrx_word' id='word_1_130' title='bbox 1539 1896 1627 1965; x_wconf 85' lang='lat' dir='ltr'><strong>qui</strong></span> <span class='ocrx_word' id='word_1_131' title='bbox 1653 1894 1901 1963; x_wconf 88' lang='lat' dir='ltr'><strong>putabant</strong></span> <span class='ocrx_word' id='word_1_132' title='bbox 1932 1893 2090 1949; x_wconf 88' lang='lat' dir='ltr'><strong>Chri-</strong></span> 
     </span>
    </p>
   </div>
   <div class='ocr_carea' id='block_1_20' title="bbox 514 1984 2087 2055">
    <p class='ocr_par' dir='ltr' id='par_1_20' title="bbox 514 1984 2087 2055">
     <span class='ocr_line' id='line_1_20' title="bbox 514 1984 2087 2055; baseline 0 -18"><span class='ocrx_word' id='word_1_133' title='bbox 514 1993 653 2037; x_wconf 85' lang='lat' dir='ltr'><strong>stum</strong></span> <span class='ocrx_word' id='word_1_134' title='bbox 685 1985 862 2052; x_wconf 84' lang='lat' dir='ltr'><strong>specie</strong></span> <span class='ocrx_word' id='word_1_135' title='bbox 904 1992 1105 2038; x_wconf 85' lang='lat' dir='ltr'><strong>tantum</strong></span> <span class='ocrx_word' id='word_1_136' title='bbox 1145 1994 1199 2039; x_wconf 90' lang='lat' dir='ltr'><strong>et</strong></span> <span class='ocrx_word' id='word_1_137' title='bbox 1244 1999 1338 2055; x_wconf 86' lang='lat' dir='ltr'><strong>per</strong></span> <span class='ocrx_word' id='word_1_138' title='bbox 1377 1984 1703 2054; x_wconf 86' lang='lat' dir='ltr'><strong>phantasiam</strong></span> <span class='ocrx_word' id='word_1_139' title='bbox 1736 1985 1960 2039; x_wconf 77' lang='lat' dir='ltr'><strong>venisse.</strong></span> <span class='ocrx_word' id='word_1_140' title='bbox 2000 1984 2087 2038; x_wconf 83' lang='lat' dir='ltr'><strong>ln-</strong></span> 
     </span>
    </p>
   </div>
   <div class='ocr_carea' id='block_1_21' title="bbox 512 2076 2090 2147">
    <p class='ocr_par' dir='ltr' id='par_1_21' title="bbox 512 2076 2090 2147">
     <span class='ocr_line' id='line_1_21' title="bbox 512 2076 2090 2147; baseline 0.001 -19"><span class='ocrx_word' id='word_1_141' title='bbox 512 2076 872 2130; x_wconf 88' lang='lat' dir='ltr'><strong>carnationem</strong></span> <span class='ocrx_word' id='word_1_142' title='bbox 904 2093 1032 2131; x_wconf 89' lang='lat' dir='ltr'><strong>vero</strong></span> <span class='ocrx_word' id='word_1_143' title='bbox 1052 2077 1246 2130; x_wconf 87' lang='lat' dir='ltr'><strong>Christi</strong></span> <span class='ocrx_word' id='word_1_144' title='bbox 1270 2077 1494 2147; x_wconf 79' lang='lat' dir='ltr'><strong>negabat</strong></span> <span class='ocrx_word' id='word_1_145' title='bbox 1522 2119 1537 2144; x_wconf 97' lang='lat'><strong>,</strong></span> <span class='ocrx_word' id='word_1_146' title='bbox 1568 2092 1669 2147; x_wconf 90' lang='lat' dir='ltr'><strong>qua</strong></span> <span class='ocrx_word' id='word_1_147' title='bbox 1700 2077 1749 2130; x_wconf 92' lang='lat' dir='ltr'><strong>in</strong></span> <span class='ocrx_word' id='word_1_148' title='bbox 1787 2091 1846 2132; x_wconf 88' lang='lat' dir='ltr'><strong>re</strong></span> <span class='ocrx_word' id='word_1_149' title='bbox 1870 2091 1898 2131; x_wconf 89' lang='lat' dir='ltr'><strong>a</strong></span> <span class='ocrx_word' id='word_1_150' title='bbox 1921 2076 2090 2147; x_wconf 84' lang='lat' dir='ltr'><strong>Chry-</strong></span> 
     </span>
    </p>
   </div>
   <div class='ocr_carea' id='block_1_22' title="bbox 515 2166 2089 2237">
    <p class='ocr_par' dir='ltr' id='par_1_22' title="bbox 515 2166 2089 2237">
     <span class='ocr_line' id='line_1_22' title="bbox 515 2166 2089 2237; baseline 0.003 -20"><span class='ocrx_word' id='word_1_151' title='bbox 515 2177 754 2222; x_wconf 88' lang='lat' dir='ltr'><strong>sostomo</strong></span> <span class='ocrx_word' id='word_1_152' title='bbox 777 2167 1096 2222; x_wconf 73' lang='lat' dir='ltr'><strong>validissime</strong></span> <span class='ocrx_word' id='word_1_153' title='bbox 1128 2167 1429 2223; x_wconf 80' lang='lat' dir='ltr'><strong>confutatur</strong></span> <span class='ocrx_word' id='word_1_154' title='bbox 1461 2171 1480 2237; x_wconf 93' lang='lat'><strong>(</strong></span> <span class='ocrx_word' id='word_1_155' title='bbox 1512 2168 1665 2223; x_wconf 86' lang='lat' dir='ltr'><strong>Tomo</strong></span> <span class='ocrx_word' id='word_1_156' title='bbox 1690 2177 1829 2224; x_wconf 74' lang='lat' dir='ltr'><strong>sexto</strong></span> <span class='ocrx_word' id='word_1_157' title='bbox 1854 2178 1900 2222; x_wconf 88' lang='lat' dir='ltr'><strong>et</strong></span> <span class='ocrx_word' id='word_1_158' title='bbox 1930 2166 2089 2222; x_wconf 85' lang='lat' dir='ltr'><strong>Tomo</strong></span> 
     </span>
    </p>
   </div>
   <div class='ocr_carea' id='block_1_23' title="bbox 510 2260 765 2327">
    <p class='ocr_par' dir='ltr' id='par_1_23' title="bbox 510 2260 765 2327">
     <span class='ocr_line' id='line_1_23' title="bbox 510 2260 765 2327; baseline 0.012 -18"><span class='ocrx_word' id='word_1_159' title='bbox 510 2260 765 2327; x_wconf 72' lang='lat' dir='ltr'><strong>septimo).</strong></span> 
     </span>
    </p>
   </div>
   <div class='ocr_carea' id='block_1_24' title="bbox 587 2346 2087 2420">
    <p class='ocr_par' dir='ltr' id='par_1_24' title="bbox 587 2346 2087 2420">
     <span class='ocr_line' id='line_1_24' title="bbox 587 2346 2087 2420; baseline 0.003 -21"><span class='ocrx_word' id='word_1_160' title='bbox 587 2346 817 2417; x_wconf 76' lang='lat' dir='ltr'><strong>Negabat</strong></span> <span class='ocrx_word' id='word_1_161' title='bbox 843 2362 1052 2417; x_wconf 88' lang='lat' dir='ltr'><strong>quoque</strong></span> <span class='ocrx_word' id='word_1_162' title='bbox 1075 2347 1344 2403; x_wconf 89' lang='lat' dir='ltr'><strong>Christum</strong></span> <span class='ocrx_word' id='word_1_163' title='bbox 1372 2363 1499 2403; x_wconf 85' lang='lat' dir='ltr'><strong>vere</strong></span> <span class='ocrx_word' id='word_1_164' title='bbox 1526 2363 1738 2418; x_wconf 88' lang='lat' dir='ltr'><strong>passum</strong></span> <span class='ocrx_word' id='word_1_165' title='bbox 1764 2364 1882 2404; x_wconf 91' lang='lat' dir='ltr'><strong>esse</strong></span> <span class='ocrx_word' id='word_1_166' title='bbox 1908 2349 2087 2420; x_wconf 90' lang='lat' dir='ltr'><strong>(Tomo</strong></span> 
     </span>
    </p>
   </div>
   <div class='ocr_carea' id='block_1_25' title="bbox 511 2437 2088 2509">
    <p class='ocr_par' dir='ltr' id='par_1_25' title="bbox 511 2437 2088 2509">
     <span class='ocr_line' id='line_1_25' title="bbox 511 2437 2088 2509; baseline 0.003 -20"><span class='ocrx_word' id='word_1_167' title='bbox 511 2438 786 2507; x_wconf 78' lang='lat' dir='ltr'><strong>septimo).</strong></span> <span class='ocrx_word' id='word_1_168' title='bbox 815 2437 1147 2508; x_wconf 86' lang='lat' dir='ltr'><strong>Quapropter</strong></span> <span class='ocrx_word' id='word_1_169' title='bbox 1192 2438 1319 2493; x_wconf 90' lang='lat' dir='ltr'><strong>dicit</strong></span> <span class='ocrx_word' id='word_1_170' title='bbox 1364 2450 1578 2494; x_wconf 90' lang='lat' dir='ltr'><strong>sanctus</strong></span> <span class='ocrx_word' id='word_1_171' title='bbox 1631 2438 1819 2493; x_wconf 91' lang='lat' dir='ltr'><strong>doctor</strong></span> <span class='ocrx_word' id='word_1_172' title='bbox 1854 2454 1947 2494; x_wconf 92' lang='lat' dir='ltr'><strong>eos</strong></span> <span class='ocrx_word' id='word_1_173' title='bbox 1997 2439 2088 2509; x_wconf 88' lang='lat' dir='ltr'><strong>qui</strong></span> 
     </span>
    </p>
   </div>
   <div class='ocr_carea' id='block_1_26' title="bbox 512 2527 2084 2600">
    <p class='ocr_par' dir='ltr' id='par_1_26' title="bbox 512 2527 2084 2600">
     <span class='ocr_line' id='line_1_26' title="bbox 512 2527 2084 2600; baseline 0.002 -18"><span class='ocrx_word' id='word_1_174' title='bbox 512 2527 788 2583; x_wconf 79' lang='lat' dir='ltr'><strong>Marcionis</strong></span> <span class='ocrx_word' id='word_1_175' title='bbox 829 2529 1015 2583; x_wconf 89' lang='lat' dir='ltr'><strong>morbo</strong></span> <span class='ocrx_word' id='word_1_176' title='bbox 1042 2529 1282 2584; x_wconf 89' lang='lat' dir='ltr'><strong>laborant</strong></span> <span class='ocrx_word' id='word_1_177' title='bbox 1298 2529 1432 2584; x_wconf 83' lang='lat' dir='ltr'><strong>ﬁlios</strong></span> <span class='ocrx_word' id='word_1_178' title='bbox 1460 2529 1656 2584; x_wconf 90' lang='lat' dir='ltr'><strong>diaboli</strong></span> <span class='ocrx_word' id='word_1_179' title='bbox 1679 2544 1798 2584; x_wconf 87' lang='lat' dir='ltr'><strong>esse</strong></span> <span class='ocrx_word' id='word_1_180' title='bbox 1823 2529 2084 2600; x_wconf 81' lang='lat' dir='ltr'><strong>(Ibidem).</strong></span> 
     </span>
    </p>
   </div>
   <div class='ocr_carea' id='block_1_27' title="bbox 520 2618 2089 2690">
    <p class='ocr_par' dir='ltr' id='par_1_27' title="bbox 520 2618 2089 2690">
     <span class='ocr_line' id='line_1_27' title="bbox 520 2618 2089 2690; baseline 0.002 -18"><span class='ocrx_word' id='word_1_181' title='bbox 520 2618 735 2673; x_wconf 76' lang='lat' dir='ltr'><strong>Dicebat</strong></span> <span class='ocrx_word' id='word_1_182' title='bbox 780 2619 939 2673; x_wconf 89' lang='lat' dir='ltr'><strong>etiam</strong></span> <span class='ocrx_word' id='word_1_183' title='bbox 970 2619 1180 2675; x_wconf 81' lang='lat' dir='ltr'><strong>Patrem</strong></span> <span class='ocrx_word' id='word_1_184' title='bbox 1231 2620 1462 2690; x_wconf 86' lang='lat' dir='ltr'><strong>ignotum</strong></span> <span class='ocrx_word' id='word_1_185' title='bbox 1504 2635 1624 2675; x_wconf 88' lang='lat' dir='ltr'><strong>esse</strong></span> <span class='ocrx_word' id='word_1_186' title='bbox 1654 2621 1788 2675; x_wconf 86' lang='lat' dir='ltr'><strong>Filio</strong></span> <span class='ocrx_word' id='word_1_187' title='bbox 1814 2620 1926 2675; x_wconf 88' lang='lat' dir='ltr'><strong>Dei.</strong></span> <span class='ocrx_word' id='word_1_188' title='bbox 1952 2621 2089 2675; x_wconf 89' lang='lat' dir='ltr'><strong>Mar-</strong></span> 
     </span>
    </p>
   </div>
   <div class='ocr_carea' id='block_1_28' title="bbox 510 2712 2085 2768">
    <p class='ocr_par' dir='ltr' id='par_1_28' title="bbox 510 2712 2085 2768">
     <span class='ocr_line' id='line_1_28' title="bbox 510 2712 2085 2768; baseline 0 -2"><span class='ocrx_word' id='word_1_189' title='bbox 510 2712 745 2767; x_wconf 66' lang='lat' dir='ltr'><strong>cionistm</strong></span> <span class='ocrx_word' id='word_1_190' title='bbox 770 2712 1101 2768; x_wconf 84' lang='lat' dir='ltr'><strong>atfirmabant</strong></span> <span class='ocrx_word' id='word_1_191' title='bbox 1129 2714 1396 2767; x_wconf 86' lang='lat' dir='ltr'><strong>Christum</strong></span> <span class='ocrx_word' id='word_1_192' title='bbox 1440 2729 1544 2768; x_wconf 93' lang='lat' dir='ltr'><strong>non</strong></span> <span class='ocrx_word' id='word_1_193' title='bbox 1583 2728 1703 2767; x_wconf 90' lang='lat' dir='ltr'><strong>esse</strong></span> <span class='ocrx_word' id='word_1_194' title='bbox 1738 2714 2040 2768; x_wconf 84' lang='lat' dir='ltr'><strong>Creatorem</strong></span> <span class='ocrx_word' id='word_1_195' title='bbox 2071 2729 2085 2766; x_wconf 88' lang='lat'><strong>:</strong></span> 
     </span>
    </p>
   </div>
   <div class='ocr_carea' id='block_1_29' title="bbox 513 2800 2088 2875">
    <p class='ocr_par' dir='ltr' id='par_1_29' title="bbox 513 2800 2088 2875">
     <span class='ocr_line' id='line_1_29' title="bbox 513 2800 2088 2875; baseline 0.001 -19"><span class='ocrx_word' id='word_1_196' title='bbox 513 2817 647 2871; x_wconf 88' lang='lat' dir='ltr'><strong>quos</strong></span> <span class='ocrx_word' id='word_1_197' title='bbox 690 2804 904 2873; x_wconf 81' lang='lat' dir='ltr'><strong>egregie</strong></span> <span class='ocrx_word' id='word_1_198' title='bbox 942 2804 1132 2858; x_wconf 76' lang='lat' dir='ltr'><strong>refellit</strong></span> <span class='ocrx_word' id='word_1_199' title='bbox 1155 2803 1568 2875; x_wconf 87' lang='lat' dir='ltr'><strong>Chrysostomus</strong></span> <span class='ocrx_word' id='word_1_200' title='bbox 1599 2800 1887 2874; x_wconf 85' lang='lat' dir='ltr'><strong>(Ibidem).</strong></span> <span class='ocrx_word' id='word_1_201' title='bbox 1916 2803 2088 2873; x_wconf 86' lang='lat' dir='ltr'><strong>Nega-</strong></span> 
     </span>
    </p>
   </div>
   <div class='ocr_carea' id='block_1_30' title="bbox 511 2889 2090 2962">
    <p class='ocr_par' dir='ltr' id='par_1_30' title="bbox 511 2889 2090 2962">
     <span class='ocr_line' id='line_1_30' title="bbox 511 2889 2090 2962; baseline 0.003 -18"><span class='ocrx_word' id='word_1_202' title='bbox 511 2889 637 2945; x_wconf 86' lang='lat' dir='ltr'><strong>bant</strong></span> <span class='ocrx_word' id='word_1_203' title='bbox 673 2892 839 2946; x_wconf 84' lang='lat' dir='ltr'><strong>etiam</strong></span> <span class='ocrx_word' id='word_1_204' title='bbox 881 2892 1019 2962; x_wconf 87' lang='lat' dir='ltr'><strong>quod</strong></span> <span class='ocrx_word' id='word_1_205' title='bbox 1067 2907 1129 2947; x_wconf 87' lang='lat' dir='ltr'><strong>ex</strong></span> <span class='ocrx_word' id='word_1_206' title='bbox 1186 2892 1348 2947; x_wconf 82' lang='lat' dir='ltr'><strong>Maria</strong></span> <span class='ocrx_word' id='word_1_207' title='bbox 1378 2891 1594 2961; x_wconf 83' lang='lat' dir='ltr'><strong>Virgine</strong></span> <span class='ocrx_word' id='word_1_208' title='bbox 1634 2900 1786 2947; x_wconf 91' lang='lat' dir='ltr'><strong>natus</strong></span> <span class='ocrx_word' id='word_1_209' title='bbox 1832 2901 1995 2961; x_wconf 88' lang='lat' dir='ltr'><strong>esset,</strong></span> <span class='ocrx_word' id='word_1_210' title='bbox 2027 2908 2090 2949; x_wconf 85' lang='lat' dir='ltr'><strong>ac</strong></span> 
     </span>
    </p>
   </div>
   <div class='ocr_carea' id='block_1_31' title="bbox 511 2981 1953 3054">
    <p class='ocr_par' dir='ltr' id='par_1_31' title="bbox 511 2981 1953 3054">
     <span class='ocr_line' id='line_1_31' title="bbox 511 2981 1953 3054; baseline 0.003 -21"><span class='ocrx_word' id='word_1_211' title='bbox 511 2981 651 3051; x_wconf 88' lang='lat' dir='ltr'><strong>quod</strong></span> <span class='ocrx_word' id='word_1_212' title='bbox 682 2998 807 3038; x_wconf 86' lang='lat' dir='ltr'><strong>vere</strong></span> <span class='ocrx_word' id='word_1_213' title='bbox 835 2984 1255 3040; x_wconf 79' lang='lat' dir='ltr'><strong>rcsurrexisseta</strong></span> <span class='ocrx_word' id='word_1_214' title='bbox 1277 2984 1501 3039; x_wconf 88' lang='lat' dir='ltr'><strong>mortuis</strong></span> <span class='ocrx_word' id='word_1_215' title='bbox 1526 2983 1710 3053; x_wconf 85' lang='lat' dir='ltr'><strong>(Tomo</strong></span> <span class='ocrx_word' id='word_1_216' title='bbox 1738 2988 1953 3054; x_wconf 84' lang='lat' dir='ltr'><strong>octavo).</strong></span> 
     </span>
    </p>
   </div>
   <div class='ocr_carea' id='block_1_32' title="bbox 582 3072 2091 3144">
    <p class='ocr_par' dir='ltr' id='par_1_32' title="bbox 582 3072 2091 3144">
     <span class='ocr_line' id='line_1_32' title="bbox 582 3072 2091 3144; baseline 0.001 -17"><span class='ocrx_word' id='word_1_217' title='bbox 582 3072 891 3127; x_wconf 85' lang='lat' dir='ltr'><strong>Cebennam</strong></span> <span class='ocrx_word' id='word_1_218' title='bbox 941 3075 1136 3128; x_wconf 90' lang='lat' dir='ltr'><strong>nullam</strong></span> <span class='ocrx_word' id='word_1_219' title='bbox 1166 3084 1302 3144; x_wconf 73' lang='lat' dir='ltr'><strong>,post</strong></span> <span class='ocrx_word' id='word_1_220' title='bbox 1350 3084 1574 3129; x_wconf 86' lang='lat' dir='ltr'><strong>mortem</strong></span> <span class='ocrx_word' id='word_1_221' title='bbox 1614 3074 1728 3128; x_wconf 82' lang='lat' dir='ltr'><strong>fore</strong></span> <span class='ocrx_word' id='word_1_222' title='bbox 1779 3074 2091 3129; x_wconf 87' lang='lat' dir='ltr'><strong>dictitabant</strong></span> 
     </span>
    </p>
   </div>
   <div class='ocr_carea' id='block_1_33' title="bbox 510 3162 2089 3234">
    <p class='ocr_par' dir='ltr' id='par_1_33' title="bbox 510 3162 2089 3234">
     <span class='ocr_line' id='line_1_33' title="bbox 510 3162 2089 3234; baseline 0.002 -18"><span class='ocrx_word' id='word_1_223' title='bbox 510 3162 879 3227; x_wconf 69' lang='lat' dir='ltr'><strong>Marcioniskc,</strong></span> <span class='ocrx_word' id='word_1_224' title='bbox 911 3180 1133 3234; x_wconf 85' lang='lat' dir='ltr'><strong>quorum</strong></span> <span class='ocrx_word' id='word_1_225' title='bbox 1166 3165 1543 3232; x_wconf 89' lang='lat' dir='ltr'><strong>impudcutiam</strong></span> <span class='ocrx_word' id='word_1_226' title='bbox 1574 3165 1876 3233; x_wconf 88' lang='lat' dir='ltr'><strong>comprimit</strong></span> <span class='ocrx_word' id='word_1_227' title='bbox 1902 3164 2089 3219; x_wconf 88' lang='lat' dir='ltr'><strong>doctor</strong></span> 
     </span>
    </p>
   </div>
   <div class='ocr_carea' id='block_1_34' title="bbox 511 3253 2082 3325">
    <p class='ocr_par' dir='ltr' id='par_1_34' title="bbox 511 3253 2082 3325">
     <span class='ocr_line' id='line_1_34' title="bbox 511 3253 2082 3325; baseline 0.004 -20"><span class='ocrx_word' id='word_1_228' title='bbox 511 3253 911 3323; x_wconf 85' lang='lat' dir='ltr'><strong>noster(Tamo</strong></span> <span class='ocrx_word' id='word_1_229' title='bbox 942 3257 1119 3325; x_wconf 89' lang='lat' dir='ltr'><strong>nono).</strong></span> <span class='ocrx_word' id='word_1_230' title='bbox 1145 3256 1287 3309; x_wconf 84' lang='lat' dir='ltr'><strong>Pauli</strong></span> <span class='ocrx_word' id='word_1_231' title='bbox 1326 3256 1480 3309; x_wconf 87' lang='lat' dir='ltr'><strong>dictis</strong></span> <span class='ocrx_word' id='word_1_232' title='bbox 1528 3256 1773 3310; x_wconf 88' lang='lat' dir='ltr'><strong>utebatur</strong></span> <span class='ocrx_word' id='word_1_233' title='bbox 1812 3257 2041 3311; x_wconf 83' lang='lat' dir='ltr'><strong>Marcion</strong></span> <span class='ocrx_word' id='word_1_234' title='bbox 2066 3298 2082 3320; x_wconf 88' lang='lat'><strong><em>.</em></strong></span> 
     </span>
    </p>
   </div>
   <div class='ocr_carea' id='block_1_35' title="bbox 510 3342 2087 3417">
    <p class='ocr_par' dir='ltr' id='par_1_35' title="bbox 510 3342 2087 3417">
     <span class='ocr_line' id='line_1_35' title="bbox 510 3342 2087 3417; baseline 0.004 -21"><span class='ocrx_word' id='word_1_235' title='bbox 510 3342 602 3397; x_wconf 89' lang='lat' dir='ltr'><strong>sed</strong></span> <span class='ocrx_word' id='word_1_236' title='bbox 659 3345 938 3398; x_wconf 83' lang='lat' dir='ltr'><strong>truncalim</strong></span> <span class='ocrx_word' id='word_1_237' title='bbox 977 3355 1030 3399; x_wconf 90' lang='lat' dir='ltr'><strong>ct</strong></span> <span class='ocrx_word' id='word_1_238' title='bbox 1083 3346 1297 3401; x_wconf 88' lang='lat' dir='ltr'><strong>concise</strong></span> <span class='ocrx_word' id='word_1_239' title='bbox 1340 3346 1520 3416; x_wconf 78' lang='lat' dir='ltr'><strong>(Tento</strong></span> <span class='ocrx_word' id='word_1_240' title='bbox 1582 3348 1817 3417; x_wconf 83' lang='lat' dir='ltr'><strong>decimo).</strong></span> <span class='ocrx_word' id='word_1_241' title='bbox 1865 3350 2087 3403; x_wconf 85' lang='lat' dir='ltr'><strong>Marcio-</strong></span> 
     </span>
    </p>
   </div>
   <div class='ocr_carea' id='block_1_36' title="bbox 512 3435 2080 3508">
    <p class='ocr_par' dir='ltr' id='par_1_36' title="bbox 512 3435 2080 3508">
     <span class='ocr_line' id='line_1_36' title="bbox 512 3435 2080 3508; baseline 0.004 -22"><span class='ocrx_word' id='word_1_242' title='bbox 512 3435 662 3487; x_wconf 76' lang='lat' dir='ltr'><strong>nista:</strong></span> <span class='ocrx_word' id='word_1_243' title='bbox 702 3450 827 3488; x_wconf 88' lang='lat' dir='ltr'><strong>vero</strong></span> <span class='ocrx_word' id='word_1_244' title='bbox 863 3452 1021 3489; x_wconf 91' lang='lat' dir='ltr'><strong>unum</strong></span> <span class='ocrx_word' id='word_1_245' title='bbox 1064 3446 1268 3490; x_wconf 87' lang='lat' dir='ltr'><strong>tantum</strong></span> <span class='ocrx_word' id='word_1_246' title='bbox 1311 3439 1685 3507; x_wconf 87' lang='lat' dir='ltr'><strong>evangelistam</strong></span> <span class='ocrx_word' id='word_1_247' title='bbox 1738 3439 2080 3508; x_wconf 86' lang='lat' dir='ltr'><strong>recipiebant,</strong></span> 
     </span>
    </p>
   </div>
   <div class='ocr_carea' id='block_1_37' title="bbox 509 3524 2081 3592">
    <p class='ocr_par' dir='ltr' id='par_1_37' title="bbox 509 3524 2081 3592">
     <span class='ocr_line' id='line_1_37' title="bbox 509 3524 2081 3592; baseline 0.005 -18"><span class='ocrx_word' id='word_1_248' title='bbox 509 3537 665 3591; x_wconf 80' lang='lat' dir='ltr'><strong>quem</strong></span> <span class='ocrx_word' id='word_1_249' title='bbox 692 3524 860 3592; x_wconf 87' lang='lat' dir='ltr'><strong>ipsum</strong></span> <span class='ocrx_word' id='word_1_250' title='bbox 888 3534 1058 3578; x_wconf 87' lang='lat' dir='ltr'><strong>tamen</strong></span> <span class='ocrx_word' id='word_1_251' title='bbox 1082 3525 1338 3581; x_wconf 79' lang='lat' dir='ltr'><strong>arbitratu</strong></span> <span class='ocrx_word' id='word_1_252' title='bbox 1358 3540 1459 3580; x_wconf 89' lang='lat' dir='ltr'><strong>suo</strong></span> <span class='ocrx_word' id='word_1_253' title='bbox 1482 3528 1919 3583; x_wconf 74' lang='lat' dir='ltr'><strong>inutilaverantet</strong></span> <span class='ocrx_word' id='word_1_254' title='bbox 1939 3542 2081 3583; x_wconf 91' lang='lat' dir='ltr'><strong>com-</strong></span> 
     </span>
    </p>
   </div>
   <div class='ocr_carea' id='block_1_38' title="bbox 514 3615 856 3667">
    <p class='ocr_par' dir='ltr' id='par_1_38' title="bbox 514 3615 856 3667">
     <span class='ocr_line' id='line_1_38' title="bbox 514 3615 856 3667; baseline 0.003 -2"><span class='ocrx_word' id='word_1_255' title='bbox 514 3615 856 3667; x_wconf 81' lang='lat' dir='ltr'><strong>miscuerant.</strong></span> 
     </span>
    </p>
   </div>
   <div class='ocr_carea' id='block_1_39' title="bbox 580 3704 2083 3782">
    <p class='ocr_par' dir='ltr' id='par_1_39' title="bbox 580 3704 2083 3782">
     <span class='ocr_line' id='line_1_39' title="bbox 580 3704 2083 3782; baseline 0.006 -24"><span class='ocrx_word' id='word_1_256' title='bbox 580 3704 928 3761; x_wconf 80' lang='lat' dir='ltr'><strong>Marcionich</strong></span> <span class='ocrx_word' id='word_1_257' title='bbox 952 3706 1221 3763; x_wconf 75' lang='lat' dir='ltr'><strong>Salamine</strong></span> <span class='ocrx_word' id='word_1_258' title='bbox 1249 3718 1399 3763; x_wconf 87' lang='lat' dir='ltr'><strong>erant</strong></span> <span class='ocrx_word' id='word_1_259' title='bbox 1432 3711 1483 3763; x_wconf 92' lang='lat' dir='ltr'><strong>in</strong></span> <span class='ocrx_word' id='word_1_260' title='bbox 1512 3711 1708 3782; x_wconf 81' lang='lat' dir='ltr'><strong>Cypro,</strong></span> <span class='ocrx_word' id='word_1_261' title='bbox 1739 3720 1795 3766; x_wconf 89' lang='lat' dir='ltr'><strong>et</strong></span> <span class='ocrx_word' id='word_1_262' title='bbox 1825 3720 1989 3766; x_wconf 91' lang='lat' dir='ltr'><strong>totam</strong></span> <span class='ocrx_word' id='word_1_263' title='bbox 2020 3713 2083 3767; x_wconf 86' lang='lat' dir='ltr'><strong>il-</strong></span> 
     </span>
    </p>
   </div>
   <div class='ocr_carea' id='block_1_40' title="bbox 507 3797 2083 3872">
    <p class='ocr_par' dir='ltr' id='par_1_40' title="bbox 507 3797 2083 3872">
     <span class='ocr_line' id='line_1_40' title="bbox 507 3797 2083 3872; baseline 0.006 -21"><span class='ocrx_word' id='word_1_264' title='bbox 507 3797 610 3851; x_wconf 86' lang='lat' dir='ltr'><strong>lam</strong></span> <span class='ocrx_word' id='word_1_265' title='bbox 640 3798 904 3853; x_wconf 88' lang='lat' dir='ltr'><strong>civitatem</strong></span> <span class='ocrx_word' id='word_1_266' title='bbox 935 3801 1337 3870; x_wconf 85' lang='lat' dir='ltr'><strong>opprimebant,</strong></span> <span class='ocrx_word' id='word_1_267' title='bbox 1378 3803 1541 3872; x_wconf 89' lang='lat' dir='ltr'><strong>inquit</strong></span> <span class='ocrx_word' id='word_1_268' title='bbox 1573 3820 1585 3856; x_wconf 90' lang='lat'><strong>:</strong></span> <span class='ocrx_word' id='word_1_269' title='bbox 1614 3804 1695 3857; x_wconf 89' lang='lat' dir='ltr'><strong>cui</strong></span> <span class='ocrx_word' id='word_1_270' title='bbox 1735 3805 1874 3858; x_wconf 88' lang='lat' dir='ltr'><strong>malo</strong></span> <span class='ocrx_word' id='word_1_271' title='bbox 1913 3821 2083 3860; x_wconf 86' lang='lat' dir='ltr'><strong>rctue-</strong></span> 
     </span>
    </p>
   </div>
   <div class='ocr_carea' id='block_1_41' title="bbox 507 3886 2080 3963">
    <p class='ocr_par' dir='ltr' id='par_1_41' title="bbox 507 3886 2080 3963">
     <span class='ocr_line' id='line_1_41' title="bbox 507 3886 2080 3963; baseline 0.006 -22"><span class='ocrx_word' id='word_1_272' title='bbox 507 3886 651 3941; x_wconf 84' lang='lat' dir='ltr'><strong>dium</strong></span> <span class='ocrx_word' id='word_1_273' title='bbox 681 3888 873 3945; x_wconf 83' lang='lat' dir='ltr'><strong>alferre</strong></span> <span class='ocrx_word' id='word_1_274' title='bbox 901 3890 1119 3960; x_wconf 84' lang='lat' dir='ltr'><strong>parabat</strong></span> <span class='ocrx_word' id='word_1_275' title='bbox 1148 3891 1560 3963; x_wconf 81' lang='lat' dir='ltr'><strong>Chrysostoxnus</strong></span> <span class='ocrx_word' id='word_1_276' title='bbox 1586 3934 1599 3957; x_wconf 91' lang='lat'><strong>,</strong></span> <span class='ocrx_word' id='word_1_277' title='bbox 1632 3903 1683 3948; x_wconf 90' lang='lat' dir='ltr'><strong>et</strong></span> <span class='ocrx_word' id='word_1_278' title='bbox 1722 3909 1837 3949; x_wconf 85' lang='lat' dir='ltr'><strong>rem</strong></span> <span class='ocrx_word' id='word_1_279' title='bbox 1865 3910 2080 3951; x_wconf 82' lang='lat' dir='ltr'><strong>omnem</strong></span> 
     </span>
    </p>
   </div>
   <div class='ocr_carea' id='block_1_42' title="bbox 507 3978 2080 4053">
    <p class='ocr_par' dir='ltr' id='par_1_42' title="bbox 507 3978 2080 4053">
     <span class='ocr_line' id='line_1_42' title="bbox 507 3978 2080 4053; baseline 0.007 -21"><span class='ocrx_word' id='word_1_280' title='bbox 507 3978 732 4034; x_wconf 81' lang='lat' dir='ltr'><strong>feliciter</strong></span> <span class='ocrx_word' id='word_1_281' title='bbox 771 3981 1106 4037; x_wconf 81' lang='lat' dir='ltr'><strong>conlecturus</strong></span> <span class='ocrx_word' id='word_1_282' title='bbox 1137 3992 1249 4037; x_wconf 89' lang='lat' dir='ltr'><strong>erat</strong></span> <span class='ocrx_word' id='word_1_283' title='bbox 1271 4024 1285 4047; x_wconf 91' lang='lat'><strong>,</strong></span> <span class='ocrx_word' id='word_1_284' title='bbox 1316 3985 1416 4038; x_wconf 90' lang='lat' dir='ltr'><strong>nisi</strong></span> <span class='ocrx_word' id='word_1_285' title='bbox 1448 3984 1646 4053; x_wconf 86' lang='lat' dir='ltr'><strong>ejectus</strong></span> <span class='ocrx_word' id='word_1_286' title='bbox 1676 3993 1730 4039; x_wconf 91' lang='lat' dir='ltr'><strong>et</strong></span> <span class='ocrx_word' id='word_1_287' title='bbox 1759 3985 1809 4039; x_wconf 92' lang='lat' dir='ltr'><strong>in</strong></span> <span class='ocrx_word' id='word_1_288' title='bbox 1839 3988 2080 4043; x_wconf 72' lang='lat' dir='ltr'><strong>exsilium</strong></span> 
     </span>
    </p>
   </div>
   <div class='ocr_carea' id='block_1_43' title="bbox 506 4068 1346 4143">
    <p class='ocr_par' dir='ltr' id='par_1_43' title="bbox 506 4068 1346 4143">
     <span class='ocr_line' id='line_1_43' title="bbox 506 4068 1346 4143; baseline 0.006 -22"><span class='ocrx_word' id='word_1_289' title='bbox 506 4068 697 4123; x_wconf 89' lang='lat' dir='ltr'><strong>missus</strong></span> <span class='ocrx_word' id='word_1_290' title='bbox 730 4069 913 4125; x_wconf 87' lang='lat' dir='ltr'><strong>fuisset</strong></span> <span class='ocrx_word' id='word_1_291' title='bbox 944 4072 1127 4141; x_wconf 87' lang='lat' dir='ltr'><strong>(Tomo</strong></span> <span class='ocrx_word' id='word_1_292' title='bbox 1158 4073 1346 4143; x_wconf 86' lang='lat' dir='ltr'><strong>tertio).</strong></span> 
     </span>
    </p>
   </div>
   <div class='ocr_carea' id='block_1_44' title="bbox 574 4158 2078 4232">
    <p class='ocr_par' dir='ltr' id='par_1_44' title="bbox 574 4158 2078 4232">
     <span class='ocr_line' id='line_1_44' title="bbox 574 4158 2078 4232; baseline 0.013 -27"><span class='ocrx_word' id='word_1_293' title='bbox 574 4158 1023 4214; x_wconf 59' lang='lat' dir='ltr'><strong>Rinrciouistarum</strong></span> <span class='ocrx_word' id='word_1_294' title='bbox 1077 4177 1201 4216; x_wconf 89' lang='lat' dir='ltr'><strong>vero</strong></span> <span class='ocrx_word' id='word_1_295' title='bbox 1264 4178 1413 4216; x_wconf 91' lang='lat' dir='ltr'><strong>usum</strong></span> <span class='ocrx_word' id='word_1_296' title='bbox 1466 4162 1743 4232; x_wconf 88' lang='lat' dir='ltr'><strong>quemdam</strong></span> <span class='ocrx_word' id='word_1_297' title='bbox 1804 4166 2078 4224; x_wconf 82' lang='lat' dir='ltr'><strong>ridiculum</strong></span> 
     </span>
    </p>
   </div>
   <div class='ocr_carea' id='block_1_45' title="bbox 505 4248 2078 4328">
    <p class='ocr_par' dir='ltr' id='par_1_45' title="bbox 505 4248 2078 4328">
     <span class='ocr_line' id='line_1_45' title="bbox 505 4248 2078 4328; baseline 0.01 -30"><span class='ocrx_word' id='word_1_298' title='bbox 505 4248 574 4299; x_wconf 70' lang='lat' dir='ltr'><strong>i‘a</strong></span> <span class='ocrx_word' id='word_1_299' title='bbox 623 4248 873 4302; x_wconf 79' lang='lat' dir='ltr'><strong>describit</strong></span> <span class='ocrx_word' id='word_1_300' title='bbox 916 4259 1131 4305; x_wconf 88' lang='lat' dir='ltr'><strong>sanctus</strong></span> <span class='ocrx_word' id='word_1_301' title='bbox 1171 4252 1358 4307; x_wconf 91' lang='lat' dir='ltr'><strong>doctor</strong></span> <span class='ocrx_word' id='word_1_302' title='bbox 1401 4253 1598 4323; x_wconf 85' lang='lat' dir='ltr'><strong>(Tomo</strong></span> <span class='ocrx_word' id='word_1_303' title='bbox 1630 4255 1819 4310; x_wconf 79' lang='lat' dir='ltr'><strong>decimo</strong></span> <span class='ocrx_word' id='word_1_304' title='bbox 1847 4256 1887 4328; x_wconf 92' lang='lat'><strong>).</strong></span> <span class='ocrx_word' id='word_1_305' title='bbox 1930 4258 2078 4314; x_wconf 82' lang='lat' dir='ltr'><strong>Post-</strong></span> 
     </span>
    </p>
   </div>
   <div class='ocr_carea' id='block_1_46' title="bbox 502 4339 2078 4417">
    <p class='ocr_par' dir='ltr' id='par_1_46' title="bbox 502 4339 2078 4417">
     <span class='ocr_line' id='line_1_46' title="bbox 502 4339 2078 4417; baseline 0.011 -30"><span class='ocrx_word' id='word_1_306' title='bbox 502 4355 649 4397; x_wconf 65' lang='lat' dir='ltr'><strong>quam</strong></span> <span class='ocrx_word' id='word_1_307' title='bbox 672 4380 684 4402; x_wconf 93' lang='lat'><strong>,</strong></span> <span class='ocrx_word' id='word_1_308' title='bbox 735 4339 939 4407; x_wconf 56' lang='lat' dir='ltr'><strong>inquit,</strong></span> <span class='ocrx_word' id='word_1_309' title='bbox 991 4342 1370 4397; x_wconf 86' lang='lat' dir='ltr'><strong>catechumeuus</strong></span> <span class='ocrx_word' id='word_1_310' title='bbox 1402 4346 1646 4415; x_wconf 74' lang='lat' dir='ltr'><strong>quispiam</strong></span> <span class='ocrx_word' id='word_1_311' title='bbox 1686 4348 1822 4417; x_wconf 84' lang='lat' dir='ltr'><strong>apud</strong></span> <span class='ocrx_word' id='word_1_312' title='bbox 1840 4351 1962 4404; x_wconf 84' lang='lat' dir='ltr'><strong>illos</strong></span> <span class='ocrx_word' id='word_1_313' title='bbox 1991 4352 2078 4404; x_wconf 85' lang='lat' dir='ltr'><strong>de-</strong></span> 
     </span>
    </p>
   </div>
   <div class='ocr_carea' id='block_1_47' title="bbox 503 4431 2072 4508">
    <p class='ocr_par' dir='ltr' id='par_1_47' title="bbox 503 4431 2072 4508">
     <span class='ocr_line' id='line_1_47' title="bbox 503 4431 2072 4508; baseline 0.009 -27"><span class='ocrx_word' id='word_1_314' title='bbox 503 4431 703 4499; x_wconf 59' lang='lat' dir='ltr'><strong>functus</strong></span> <span class='ocrx_word' id='word_1_315' title='bbox 744 4442 812 4483; x_wconf 76' lang='lat' dir='ltr'><strong>cst</strong></span> <span class='ocrx_word' id='word_1_316' title='bbox 835 4471 850 4495; x_wconf 98' lang='lat'><strong>,</strong></span> <span class='ocrx_word' id='word_1_317' title='bbox 883 4432 973 4485; x_wconf 89' lang='lat' dir='ltr'><strong>sub</strong></span> <span class='ocrx_word' id='word_1_318' title='bbox 1013 4433 1139 4486; x_wconf 82' lang='lat' dir='ltr'><strong>lecto</strong></span> <span class='ocrx_word' id='word_1_319' title='bbox 1175 4435 1359 4486; x_wconf 82' lang='lat' dir='ltr'><strong>mortui</strong></span> <span class='ocrx_word' id='word_1_320' title='bbox 1386 4437 1624 4488; x_wconf 84' lang='lat' dir='ltr'><strong>absconso</strong></span> <span class='ocrx_word' id='word_1_321' title='bbox 1654 4439 1823 4508; x_wconf 84' lang='lat' dir='ltr'><strong>aliquo</strong></span> <span class='ocrx_word' id='word_1_322' title='bbox 1846 4441 2072 4508; x_wconf 57' lang='lat' dir='ltr'><strong>Hvivente,</strong></span> 
     </span>
    </p>
   </div>
   <div class='ocr_carea' id='block_1_48' title="bbox 504 4521 2076 4600">
    <p class='ocr_par' dir='ltr' id='par_1_48' title="bbox 504 4521 2076 4600">
     <span class='ocr_line' id='line_1_48' title="bbox 504 4521 2076 4600; baseline 0.009 -28"><span class='ocrx_word' id='word_1_323' title='bbox 504 4523 743 4575; x_wconf 75' lang='lat' dir='ltr'><strong>accedunt</strong></span> <span class='ocrx_word' id='word_1_324' title='bbox 768 4521 835 4574; x_wconf 90' lang='lat' dir='ltr'><strong>ad</strong></span> <span class='ocrx_word' id='word_1_325' title='bbox 856 4531 1132 4587; x_wconf 89' lang='lat' dir='ltr'><strong>mortuum,</strong></span> <span class='ocrx_word' id='word_1_326' title='bbox 1158 4532 1205 4576; x_wconf 86' lang='lat' dir='ltr'><strong>et</strong></span> <span class='ocrx_word' id='word_1_327' title='bbox 1228 4524 1552 4594; x_wconf 85' lang='lat' dir='ltr'><strong>alloquuntur</strong></span> <span class='ocrx_word' id='word_1_328' title='bbox 1576 4528 1739 4596; x_wconf 84' lang='lat' dir='ltr'><strong>ipsum</strong></span> <span class='ocrx_word' id='word_1_329' title='bbox 1760 4570 1774 4593; x_wconf 92' lang='lat'><strong>,</strong></span> <span class='ocrx_word' id='word_1_330' title='bbox 1802 4542 2076 4600; x_wconf 88' lang='lat' dir='ltr'><strong>rogantque</strong></span> 
     </span>
    </p>
   </div>
   <div class='ocr_carea' id='block_1_49' title="bbox 501 4612 2074 4693">
    <p class='ocr_par' dir='ltr' id='par_1_49' title="bbox 501 4612 2074 4693">
     <span class='ocr_line' id='line_1_49' title="bbox 501 4612 2074 4693; baseline 0.009 -29"><span class='ocrx_word' id='word_1_331' title='bbox 501 4612 678 4667; x_wconf 73' lang='lat' dir='ltr'><strong>urlitue</strong></span> <span class='ocrx_word' id='word_1_332' title='bbox 716 4614 941 4681; x_wconf 76' lang='lat' dir='ltr'><strong>accipere</strong></span> <span class='ocrx_word' id='word_1_333' title='bbox 979 4614 1298 4682; x_wconf 79' lang='lat' dir='ltr'><strong>baptismum.</strong></span> <span class='ocrx_word' id='word_1_334' title='bbox 1340 4612 1538 4669; x_wconf 80' lang='lat' dir='ltr'><strong>Deinde</strong></span> <span class='ocrx_word' id='word_1_335' title='bbox 1578 4618 1667 4672; x_wconf 88' lang='lat' dir='ltr'><strong>illo</strong></span> <span class='ocrx_word' id='word_1_336' title='bbox 1702 4621 1828 4675; x_wconf 80' lang='lat' dir='ltr'><strong>nihil</strong></span> <span class='ocrx_word' id='word_1_337' title='bbox 1867 4641 2074 4693; x_wconf 68' lang='lat' dir='ltr'><strong>respon-</strong></span> 
     </span>
    </p>
   </div>
   <div class='ocr_carea' id='block_1_50' title="bbox 500 4702 2071 4781">
    <p class='ocr_par' dir='ltr' id='par_1_50' title="bbox 500 4702 2071 4781">
     <span class='ocr_line' id='line_1_50' title="bbox 500 4702 2071 4781; baseline 0.01 -29"><span class='ocrx_word' id='word_1_338' title='bbox 500 4703 663 4765; x_wconf 80' lang='lat' dir='ltr'><strong>dente,</strong></span> <span class='ocrx_word' id='word_1_339' title='bbox 697 4703 783 4772; x_wconf 88' lang='lat' dir='ltr'><strong>qui</strong></span> <span class='ocrx_word' id='word_1_340' title='bbox 808 4702 1079 4756; x_wconf 84' lang='lat' dir='ltr'><strong>absconsus</strong></span> <span class='ocrx_word' id='word_1_341' title='bbox 1109 4713 1178 4757; x_wconf 85' lang='lat' dir='ltr'><strong>est</strong></span> <span class='ocrx_word' id='word_1_342' title='bbox 1206 4720 1295 4773; x_wconf 82' lang='lat' dir='ltr'><strong>pro</strong></span> <span class='ocrx_word' id='word_1_343' title='bbox 1321 4706 1411 4758; x_wconf 87' lang='lat' dir='ltr'><strong>illo</strong></span> <span class='ocrx_word' id='word_1_344' title='bbox 1427 4706 1546 4759; x_wconf 82' lang='lat' dir='ltr'><strong>dicit</strong></span> <span class='ocrx_word' id='word_1_345' title='bbox 1572 4725 1625 4760; x_wconf 88' lang='lat' dir='ltr'><strong>se</strong></span> <span class='ocrx_word' id='word_1_346' title='bbox 1648 4709 1769 4763; x_wconf 84' lang='lat' dir='ltr'><strong>velle</strong></span> <span class='ocrx_word' id='word_1_347' title='bbox 1789 4710 2071 4781; x_wconf 77' lang='lat' dir='ltr'><strong>baptizari:</strong></span> 
     </span>
    </p>
   </div>
   <div class='ocr_carea' id='block_1_51' title="bbox 500 4793 2068 4868">
    <p class='ocr_par' dir='ltr' id='par_1_51' title="bbox 500 4793 2068 4868">
     <span class='ocr_line' id='line_1_51' title="bbox 500 4793 2068 4868; baseline 0.01 -23"><span class='ocrx_word' id='word_1_348' title='bbox 500 4803 542 4845; x_wconf 84' lang='lat' dir='ltr'><strong>ct</strong></span> <span class='ocrx_word' id='word_1_349' title='bbox 573 4793 643 4845; x_wconf 84' lang='lat' dir='ltr'><strong>sic</strong></span> <span class='ocrx_word' id='word_1_350' title='bbox 672 4810 785 4845; x_wconf 75' lang='lat' dir='ltr'><strong>eunt</strong></span> <span class='ocrx_word' id='word_1_351' title='bbox 809 4793 1066 4863; x_wconf 83' lang='lat' dir='ltr'><strong>baptizant</strong></span> <span class='ocrx_word' id='word_1_352' title='bbox 1104 4813 1194 4863; x_wconf 87' lang='lat' dir='ltr'><strong>pro</strong></span> <span class='ocrx_word' id='word_1_353' title='bbox 1223 4814 1280 4851; x_wconf 87' lang='lat' dir='ltr'><strong>eo</strong></span> <span class='ocrx_word' id='word_1_354' title='bbox 1304 4799 1389 4868; x_wconf 85' lang='lat' dir='ltr'><strong>qui</strong></span> <span class='ocrx_word' id='word_1_355' title='bbox 1418 4801 1627 4855; x_wconf 73' lang='lat' dir='ltr'><strong>excessit</strong></span> <span class='ocrx_word' id='word_1_356' title='bbox 1648 4819 1665 4866; x_wconf 88' lang='lat'><strong><em>;</em></strong></span> <span class='ocrx_word' id='word_1_357' title='bbox 1692 4819 1749 4855; x_wconf 92' lang='lat' dir='ltr'><strong>ac</strong></span> <span class='ocrx_word' id='word_1_358' title='bbox 1773 4804 1817 4857; x_wconf 86' lang='lat' dir='ltr'><strong>si</strong></span> <span class='ocrx_word' id='word_1_359' title='bbox 1841 4805 1893 4857; x_wconf 85' lang='lat' dir='ltr'><strong>in</strong></span> <span class='ocrx_word' id='word_1_360' title='bbox 1917 4822 2068 4860; x_wconf 89' lang='lat' dir='ltr'><strong>scena</strong></span> 
     </span>
    </p>
   </div>
   <div class='ocr_carea' id='block_1_52' title="bbox 500 4882 2066 4964">
    <p class='ocr_par' dir='ltr' id='par_1_52' title="bbox 500 4882 2066 4964">
     <span class='ocr_line' id='line_1_52' title="bbox 500 4882 2066 4964; baseline 0.009 -27"><span class='ocrx_word' id='word_1_361' title='bbox 500 4882 730 4937; x_wconf 81' lang='lat' dir='ltr'><strong>luderent</strong></span> <span class='ocrx_word' id='word_1_362' title='bbox 770 4900 786 4937; x_wconf 94' lang='lat'><em>:</em></span> <span class='ocrx_word' id='word_1_363' title='bbox 814 4895 1009 4939; x_wconf 85' lang='lat' dir='ltr'><strong>tantum</strong></span> <span class='ocrx_word' id='word_1_364' title='bbox 1052 4888 1207 4941; x_wconf 87' lang='lat' dir='ltr'><strong>valuit</strong></span> <span class='ocrx_word' id='word_1_365' title='bbox 1256 4889 1486 4944; x_wconf 78' lang='lat' dir='ltr'><strong>diabolus</strong></span> <span class='ocrx_word' id='word_1_366' title='bbox 1527 4892 1581 4945; x_wconf 88' lang='lat' dir='ltr'><strong>in</strong></span> <span class='ocrx_word' id='word_1_367' title='bbox 1626 4895 1915 4964; x_wconf 83' lang='lat' dir='ltr'><strong>ignavorum</strong></span> <span class='ocrx_word' id='word_1_368' title='bbox 1952 4898 2066 4951; x_wconf 82' lang='lat' dir='ltr'><strong>aui-</strong></span> 
     </span>
    </p>
   </div>
   <div class='ocr_carea' id='block_1_53' title="bbox 497 4966 2064 5053">
    <p class='ocr_par' dir='ltr' id='par_1_53' title="bbox 497 4966 2064 5053">
     <span class='ocr_line' id='line_1_53' title="bbox 497 4966 2064 5053; baseline 0.01 -27"><span class='ocrx_word' id='word_1_369' title='bbox 497 4975 609 5027; x_wconf 84' lang='lat' dir='ltr'><strong>mis.</strong></span> <span class='ocrx_word' id='word_1_370' title='bbox 647 4966 838 5029; x_wconf 72' lang='lat' dir='ltr'><strong>Deinde</strong></span> <span class='ocrx_word' id='word_1_371' title='bbox 874 4992 986 5028; x_wconf 87' lang='lat' dir='ltr'><strong>cum</strong></span> <span class='ocrx_word' id='word_1_372' title='bbox 1023 4987 1355 5045; x_wconf 82' lang='lat' dir='ltr'><strong>accusantur,</strong></span> <span class='ocrx_word' id='word_1_373' title='bbox 1396 4982 1664 5037; x_wconf 85' lang='lat' dir='ltr'><strong>obtendunt</strong></span> <span class='ocrx_word' id='word_1_374' title='bbox 1708 4985 1801 5038; x_wconf 83' lang='lat' dir='ltr'><strong>hoc</strong></span> <span class='ocrx_word' id='word_1_375' title='bbox 1833 4987 2029 5053; x_wconf 84' lang='lat' dir='ltr'><strong>uerbum</strong></span> <span class='ocrx_word' id='word_1_376' title='bbox 2051 5030 2064 5051; x_wconf 92' lang='lat'><strong>,</strong></span> 
     </span>
    </p>
   </div>
   <div class='ocr_carea' id='block_1_54' title="bbox 496 5063 2067 5144">
    <p class='ocr_par' dir='ltr' id='par_1_54' title="bbox 496 5063 2067 5144">
     <span class='ocr_line' id='line_1_54' title="bbox 496 5063 2067 5144; baseline 0.01 -28"><span class='ocrx_word' id='word_1_377' title='bbox 496 5063 785 5129; x_wconf 76' lang='lat' dir='ltr'><strong>Apostolus,</strong></span> <span class='ocrx_word' id='word_1_378' title='bbox 814 5064 1064 5134; x_wconf 84' lang='lat' dir='ltr'><strong>inquiunt,</strong></span> <span class='ocrx_word' id='word_1_379' title='bbox 1097 5066 1242 5131; x_wconf 72' lang='lat' dir='ltr'><strong>dixit,</strong></span> <span class='ocrx_word' id='word_1_380' title='bbox 1276 5067 1375 5136; x_wconf 83' lang='lat' dir='ltr'><strong>Qui</strong></span> <span class='ocrx_word' id='word_1_381' title='bbox 1405 5069 1696 5140; x_wconf 87' lang='lat' dir='ltr'><strong>baptizatur</strong></span> <span class='ocrx_word' id='word_1_382' title='bbox 1722 5090 1819 5144; x_wconf 89' lang='lat' dir='ltr'><strong>pro</strong></span> <span class='ocrx_word' id='word_1_383' title='bbox 1845 5078 2067 5132; x_wconf 87' lang='lat' dir='ltr'><strong>mortuis</strong></span> 
     </span>
    </p>
   </div>
   <div class='ocr_carea' id='block_1_55' title="bbox 499 5151 1005 5225">
    <p class='ocr_par' dir='ltr' id='par_1_55' title="bbox 499 5151 1005 5225">
     <span class='ocr_line' id='line_1_55' title="bbox 499 5151 1005 5225; baseline 0 -18"><span class='ocrx_word' id='word_1_384' title='bbox 499 5151 733 5221; x_wconf 57' lang='lat'><strong>(1.60;.</strong></span> <span class='ocrx_word' id='word_1_385' title='bbox 764 5153 1005 5225; x_wconf 71' lang='lat'><strong>15.29).</strong></span> 
     </span>
    </p>
   </div>
   <div class='ocr_carea' id='block_1_56' title="bbox 569 5242 2063 5314">
    <p class='ocr_par' dir='ltr' id='par_1_56' title="bbox 569 5242 2063 5314">
     <span class='ocr_line' id='line_1_56' title="bbox 569 5242 2063 5314; baseline 0.011 -19"><span class='ocrx_word' id='word_1_386' title='bbox 569 5242 714 5296; x_wconf 80' lang='lat' dir='ltr'><strong>Alias</strong></span> <span class='ocrx_word' id='word_1_387' title='bbox 737 5258 945 5314; x_wconf 89' lang='lat' dir='ltr'><strong>quoque</strong></span> <span class='ocrx_word' id='word_1_388' title='bbox 973 5243 1250 5301; x_wconf 83' lang='lat' dir='ltr'><strong>Marcionis</strong></span> <span class='ocrx_word' id='word_1_389' title='bbox 1279 5256 1332 5301; x_wconf 91' lang='lat' dir='ltr'><strong>et</strong></span> <span class='ocrx_word' id='word_1_390' title='bbox 1356 5247 1807 5308; x_wconf 87' lang='lat' dir='ltr'><strong>Marcionistarum</strong></span> <span class='ocrx_word' id='word_1_391' title='bbox 1845 5264 2063 5312; x_wconf 88' lang='lat' dir='ltr'><strong>senten-</strong></span> 
     </span>
    </p>
   </div>
   <div class='ocr_carea' id='block_1_57' title="bbox 499 5330 2066 5413">
    <p class='ocr_par' dir='ltr' id='par_1_57' title="bbox 499 5330 2066 5413">
     <span class='ocr_line' id='line_1_57' title="bbox 499 5330 2066 5413; baseline 0.013 -31"><span class='ocrx_word' id='word_1_392' title='bbox 499 5330 599 5384; x_wconf 86' lang='lat' dir='ltr'><strong>tias</strong></span> <span class='ocrx_word' id='word_1_393' title='bbox 640 5339 693 5384; x_wconf 88' lang='lat' dir='ltr'><strong>et</strong></span> <span class='ocrx_word' id='word_1_394' title='bbox 725 5330 863 5385; x_wconf 86' lang='lat' dir='ltr'><strong>dicta</strong></span> <span class='ocrx_word' id='word_1_395' title='bbox 908 5332 1060 5387; x_wconf 80' lang='lat' dir='ltr'><strong>ati‘ert</strong></span> <span class='ocrx_word' id='word_1_396' title='bbox 1099 5334 1529 5407; x_wconf 86' lang='lat' dir='ltr'><strong>Chrysostomus.</strong></span> <span class='ocrx_word' id='word_1_397' title='bbox 1569 5341 1680 5397; x_wconf 86' lang='lat' dir='ltr'><strong>Non</strong></span> <span class='ocrx_word' id='word_1_398' title='bbox 1714 5353 1937 5413; x_wconf 87' lang='lat' dir='ltr'><strong>poterat,</strong></span> <span class='ocrx_word' id='word_1_399' title='bbox 1984 5348 2066 5402; x_wconf 84' lang='lat' dir='ltr'><strong>in-</strong></span> 
     </span>
    </p>
   </div>
   <div class='ocr_carea' id='block_1_58' title="bbox 498 5416 2062 5499">
    <p class='ocr_par' dir='ltr' id='par_1_58' title="bbox 498 5416 2062 5499">
     <span class='ocr_line' id='line_1_58' title="bbox 498 5416 2062 5499; baseline 0.018 -33"><span class='ocrx_word' id='word_1_400' title='bbox 498 5416 709 5485; x_wconf 77' lang='lat' dir='ltr'><strong>quiebat</strong></span> <span class='ocrx_word' id='word_1_401' title='bbox 732 5420 979 5487; x_wconf 76' lang='lat' dir='ltr'><strong>Marcion,</strong></span> <span class='ocrx_word' id='word_1_402' title='bbox 1003 5423 1157 5488; x_wconf 88' lang='lat' dir='ltr'><strong>Deus,</strong></span> <span class='ocrx_word' id='word_1_403' title='bbox 1176 5438 1442 5498; x_wconf 84' lang='lat' dir='ltr'><strong>assumpta</strong></span> <span class='ocrx_word' id='word_1_404' title='bbox 1460 5446 1637 5499; x_wconf 87' lang='lat' dir='ltr'><strong>carne,</strong></span> <span class='ocrx_word' id='word_1_405' title='bbox 1669 5450 1881 5491; x_wconf 86' lang='lat' dir='ltr'><strong>manere</strong></span> <span class='ocrx_word' id='word_1_406' title='bbox 1907 5453 2062 5493; x_wconf 84' lang='lat' dir='ltr'><strong>mun-</strong></span> 
     </span>
    </p>
   </div>
   <div class='ocr_carea' id='block_1_59' title="bbox 493 5502 2056 5595">
    <p class='ocr_par' dir='ltr' id='par_1_59' title="bbox 493 5502 2056 5595">
     <span class='ocr_line' id='line_1_59' title="bbox 493 5502 2056 5595; baseline 0.018 -40"><span class='ocrx_word' id='word_1_407' title='bbox 493 5502 616 5595; x_wconf 84' lang='lat' dir='ltr'><strong>dus.</strong></span> <span class='ocrx_word' id='word_1_408' title='bbox 642 5507 715 5560; x_wconf 82' lang='lat' dir='ltr'><strong>Ex</strong></span> <span class='ocrx_word' id='word_1_409' title='bbox 756 5507 821 5564; x_wconf 84' lang='lat' dir='ltr'><strong>iis</strong></span> <span class='ocrx_word' id='word_1_410' title='bbox 859 5526 1008 5582; x_wconf 82' lang='lat' dir='ltr'><strong>vero,</strong></span> <span class='ocrx_word' id='word_1_411' title='bbox 1043 5529 1161 5586; x_wconf 73' lang='lat' dir='ltr'><strong>quae</strong></span> <span class='ocrx_word' id='word_1_412' title='bbox 1198 5514 1265 5569; x_wconf 88' lang='lat' dir='ltr'><strong>de</strong></span> <span class='ocrx_word' id='word_1_413' title='bbox 1299 5515 1646 5576; x_wconf 77' lang='lat' dir='ltr'><strong>Marcionistis</strong></span> <span class='ocrx_word' id='word_1_414' title='bbox 1671 5528 1871 5595; x_wconf 85' lang='lat' dir='ltr'><strong>passim</strong></span> <span class='ocrx_word' id='word_1_415' title='bbox 1910 5527 2056 5593; x_wconf 84' lang='lat' dir='ltr'><strong>dicit,</strong></span> 
     </span>
    </p>
   </div>
   <div class='ocr_carea' id='block_1_60' title="bbox 494 5593 2051 5689">
    <p class='ocr_par' dir='ltr' id='par_1_60' title="bbox 494 5593 2051 5689">
     <span class='ocr_line' id='line_1_60' title="bbox 494 5593 2051 5689; baseline 0.018 -41"><span class='ocrx_word' id='word_1_416' title='bbox 494 5593 751 5667; x_wconf 83' lang='lat' dir='ltr'><strong>liquidum</strong></span> <span class='ocrx_word' id='word_1_417' title='bbox 784 5613 865 5660; x_wconf 83' lang='lat' dir='ltr'><strong>est</strong></span> <span class='ocrx_word' id='word_1_418' title='bbox 905 5605 1357 5665; x_wconf 82' lang='lat' dir='ltr'><strong>Marcionistarum</strong></span> <span class='ocrx_word' id='word_1_419' title='bbox 1393 5609 1634 5668; x_wconf 66' lang='lat' dir='ltr'><strong>haeresim</strong></span> <span class='ocrx_word' id='word_1_420' title='bbox 1675 5593 1772 5671; x_wconf 83' lang='lat' dir='ltr'><strong>suo</strong></span> <span class='ocrx_word' id='word_1_421' title='bbox 1815 5606 2051 5689; x_wconf 81' lang='lat' dir='ltr'><strong>tempore</strong></span> 
     </span>
    </p>
   </div>
   <div class='ocr_carea' id='block_1_61' title="bbox 2184 346 3762 419">
    <p class='ocr_par' dir='ltr' id='par_1_61' title="bbox 2184 346 3762 419">
     <span class='ocr_line' id='line_1_61' title="bbox 2184 346 3762 419; baseline 0.001 -17"><span class='ocrx_word' id='word_1_422' title='bbox 2184 346 2416 417; x_wconf 76' lang='lat' dir='ltr'><strong>viguisse</strong></span> <span class='ocrx_word' id='word_1_423' title='bbox 2444 362 2456 398; x_wconf 92' lang='lat'><strong>:</strong></span> <span class='ocrx_word' id='word_1_424' title='bbox 2489 347 2595 400; x_wconf 90' lang='lat' dir='ltr'><strong>imo</strong></span> <span class='ocrx_word' id='word_1_425' title='bbox 2632 346 3040 418; x_wconf 90' lang='lat' dir='ltr'><strong>disputationem</strong></span> <span class='ocrx_word' id='word_1_426' title='bbox 3072 362 3230 419; x_wconf 88' lang='lat' dir='ltr'><strong>quam</strong></span> <span class='ocrx_word' id='word_1_427' title='bbox 3273 362 3393 402; x_wconf 91' lang='lat' dir='ltr'><strong>cum</strong></span> <span class='ocrx_word' id='word_1_428' title='bbox 3423 347 3762 405; x_wconf 80' lang='lat' dir='ltr'><strong>Marcionista</strong></span> 
     </span>
    </p>
   </div>
   <div class='ocr_carea' id='block_1_62' title="bbox 2186 436 3754 507">
    <p class='ocr_par' dir='ltr' id='par_1_62' title="bbox 2186 436 3754 507">
     <span class='ocr_line' id='line_1_62' title="bbox 2186 436 3754 507; baseline 0.001 -16"><span class='ocrx_word' id='word_1_429' title='bbox 2186 436 2413 506; x_wconf 90' lang='lat' dir='ltr'><strong>quodam</strong></span> <span class='ocrx_word' id='word_1_430' title='bbox 2463 436 2645 492; x_wconf 86' lang='lat' dir='ltr'><strong>habuit</strong></span> <span class='ocrx_word' id='word_1_431' title='bbox 2689 438 2851 492; x_wconf 79' lang='lat' dir='ltr'><strong>refert</strong></span> <span class='ocrx_word' id='word_1_432' title='bbox 2897 438 3121 493; x_wconf 91' lang='lat' dir='ltr'><strong>lIomilia</strong></span> <span class='ocrx_word' id='word_1_433' title='bbox 3166 438 3319 493; x_wconf 91' lang='lat' dir='ltr'><strong>tertia</strong></span> <span class='ocrx_word' id='word_1_434' title='bbox 3366 439 3420 492; x_wconf 91' lang='lat' dir='ltr'><strong>in</strong></span> <span class='ocrx_word' id='word_1_435' title='bbox 3469 438 3634 507; x_wconf 84' lang='lat' dir='ltr'><strong>Epist.</strong></span> <span class='ocrx_word' id='word_1_436' title='bbox 3689 439 3754 493; x_wconf 90' lang='lat' dir='ltr'><strong>ad</strong></span> 
     </span>
    </p>
   </div>
   <div class='ocr_carea' id='block_1_63' title="bbox 2186 526 3762 599">
    <p class='ocr_par' dir='ltr' id='par_1_63' title="bbox 2186 526 3762 599">
     <span class='ocr_line' id='line_1_63' title="bbox 2186 526 3762 599; baseline 0 -17"><span class='ocrx_word' id='word_1_437' title='bbox 2186 528 2547 583; x_wconf 86' lang='lat' dir='ltr'><strong>Philemonem</strong></span> <span class='ocrx_word' id='word_1_438' title='bbox 2563 526 2648 599; x_wconf 87' lang='grc' dir='ltr'><strong>(Τ.</strong></span> <span class='ocrx_word' id='word_1_439' title='bbox 2678 529 2984 597; x_wconf 87' lang='lat' dir='ltr'><strong>undecimo).</strong></span> <span class='ocrx_word' id='word_1_440' title='bbox 3013 527 3145 583; x_wconf 91' lang='lat' dir='ltr'><strong>Cum</strong></span> <span class='ocrx_word' id='word_1_441' title='bbox 3170 528 3310 582; x_wconf 90' lang='lat' dir='ltr'><strong>enim</strong></span> <span class='ocrx_word' id='word_1_442' title='bbox 3331 527 3558 598; x_wconf 89' lang='lat' dir='ltr'><strong>probare</strong></span> <span class='ocrx_word' id='word_1_443' title='bbox 3582 528 3762 594; x_wconf 88' lang='lat' dir='ltr'><strong>vellet,</strong></span> 
     </span>
    </p>
   </div>
   <div class='ocr_carea' id='block_1_64' title="bbox 2186 618 3761 691">
    <p class='ocr_par' dir='ltr' id='par_1_64' title="bbox 2186 618 3761 691">
     <span class='ocr_line' id='line_1_64' title="bbox 2186 618 3761 691; baseline -0.001 -16"><span class='ocrx_word' id='word_1_444' title='bbox 2186 622 2349 676; x_wconf 89' lang='lat' dir='ltr'><strong>Deum</strong></span> <span class='ocrx_word' id='word_1_445' title='bbox 2376 622 2534 675; x_wconf 89' lang='lat' dir='ltr'><strong>etiam</strong></span> <span class='ocrx_word' id='word_1_446' title='bbox 2553 635 2673 675; x_wconf 91' lang='lat' dir='ltr'><strong>cum</strong></span> <span class='ocrx_word' id='word_1_447' title='bbox 2698 634 2882 691; x_wconf 59' lang='lat' dir='ltr'><strong>poenas</strong></span> <span class='ocrx_word' id='word_1_448' title='bbox 2905 620 3122 689; x_wconf 80' lang='lat' dir='ltr'><strong>expetit,</strong></span> <span class='ocrx_word' id='word_1_449' title='bbox 3146 620 3343 674; x_wconf 89' lang='lat' dir='ltr'><strong>bonum</strong></span> <span class='ocrx_word' id='word_1_450' title='bbox 3370 629 3425 674; x_wconf 89' lang='lat' dir='ltr'><strong>et</strong></span> <span class='ocrx_word' id='word_1_451' title='bbox 3442 618 3761 675; x_wconf 83' lang='lat' dir='ltr'><strong>clementem</strong></span> 
     </span>
    </p>
   </div>
   <div class='ocr_carea' id='block_1_65' title="bbox 2184 708 3764 780">
    <p class='ocr_par' dir='ltr' id='par_1_65' title="bbox 2184 708 3764 780">
     <span class='ocr_line' id='line_1_65' title="bbox 2184 708 3764 780; baseline -0.001 -15"><span class='ocrx_word' id='word_1_452' title='bbox 2184 724 2326 773; x_wconf 86' lang='lat' dir='ltr'><strong>csse,</strong></span> <span class='ocrx_word' id='word_1_453' title='bbox 2355 719 2408 764; x_wconf 89' lang='lat' dir='ltr'><strong>et</strong></span> <span class='ocrx_word' id='word_1_454' title='bbox 2436 709 2577 764; x_wconf 89' lang='lat' dir='ltr'><strong>hunc</strong></span> <span class='ocrx_word' id='word_1_455' title='bbox 2602 710 2775 764; x_wconf 86' lang='lat' dir='ltr'><strong>locum</strong></span> <span class='ocrx_word' id='word_1_456' title='bbox 2802 709 3012 764; x_wconf 71' lang='lat' dir='ltr'><strong>ail‘erret</strong></span> <span class='ocrx_word' id='word_1_457' title='bbox 3044 727 3058 763; x_wconf 88' lang='lat'><strong>:</strong></span> <span class='ocrx_word' id='word_1_458' title='bbox 3089 708 3264 764; x_wconf 85' lang='lat' dir='ltr'><strong>Solem</strong></span> <span class='ocrx_word' id='word_1_459' title='bbox 3296 710 3422 763; x_wconf 89' lang='lat' dir='ltr'><strong>oriri</strong></span> <span class='ocrx_word' id='word_1_460' title='bbox 3450 720 3591 763; x_wconf 85' lang='lat' dir='ltr'><strong>curat</strong></span> <span class='ocrx_word' id='word_1_461' title='bbox 3612 727 3764 780; x_wconf 81' lang='lat' dir='ltr'><strong>super</strong></span> 
     </span>
    </p>
   </div>
   <div class='ocr_carea' id='block_1_66' title="bbox 2187 799 3756 871">
    <p class='ocr_par' dir='ltr' id='par_1_66' title="bbox 2187 799 3756 871">
     <span class='ocr_line' id='line_1_66' title="bbox 2187 799 3756 871; baseline 0.001 -17"><span class='ocrx_word' id='word_1_462' title='bbox 2187 801 2346 855; x_wconf 84' lang='lat' dir='ltr'><strong>malos</strong></span> <span class='ocrx_word' id='word_1_463' title='bbox 2373 810 2419 854; x_wconf 83' lang='lat' dir='ltr'><strong>et</strong></span> <span class='ocrx_word' id='word_1_464' title='bbox 2445 801 2623 867; x_wconf 89' lang='lat' dir='ltr'><strong>bonos,</strong></span> <span class='ocrx_word' id='word_1_465' title='bbox 2651 800 2777 871; x_wconf 89' lang='lat' dir='ltr'><strong>pluit</strong></span> <span class='ocrx_word' id='word_1_466' title='bbox 2805 817 2954 871; x_wconf 80' lang='lat' dir='ltr'><strong>super</strong></span> <span class='ocrx_word' id='word_1_467' title='bbox 2970 802 3140 871; x_wconf 83' lang='lat' dir='ltr'><strong>justas</strong></span> <span class='ocrx_word' id='word_1_468' title='bbox 3173 808 3220 853; x_wconf 89' lang='lat' dir='ltr'><strong>et</strong></span> <span class='ocrx_word' id='word_1_469' title='bbox 3248 800 3464 870; x_wconf 85' lang='lat' dir='ltr'><strong>injustas</strong></span> <span class='ocrx_word' id='word_1_470' title='bbox 3494 815 3514 854; x_wconf 91' lang='lat'><strong><em>:</em></strong></span> <span class='ocrx_word' id='word_1_471' title='bbox 3538 799 3756 855; x_wconf 82' lang='lat' dir='ltr'><strong>Marcio-</strong></span> 
     </span>
    </p>
   </div>
   <div class='ocr_carea' id='block_1_67' title="bbox 2188 890 3765 963">
    <p class='ocr_par' dir='ltr' id='par_1_67' title="bbox 2188 890 3765 963">
     <span class='ocr_line' id='line_1_67' title="bbox 2188 890 3765 963; baseline -0.001 -16"><span class='ocrx_word' id='word_1_472' title='bbox 2188 892 2325 949; x_wconf 90' lang='lat' dir='ltr'><strong>nista</strong></span> <span class='ocrx_word' id='word_1_473' title='bbox 2350 893 2440 962; x_wconf 90' lang='lat' dir='ltr'><strong>qui</strong></span> <span class='ocrx_word' id='word_1_474' title='bbox 2466 890 2652 947; x_wconf 81' lang='lat' dir='ltr'><strong>aderat</strong></span> <span class='ocrx_word' id='word_1_475' title='bbox 2692 892 2966 961; x_wconf 89' lang='lat' dir='ltr'><strong>respondit</strong></span> <span class='ocrx_word' id='word_1_476' title='bbox 2998 910 3010 944; x_wconf 88' lang='lat'><strong>:</strong></span> <span class='ocrx_word' id='word_1_477' title='bbox 3040 890 3097 947; x_wconf 90' lang='lat' dir='ltr'><strong>Si</strong></span> <span class='ocrx_word' id='word_1_478' title='bbox 3135 902 3475 963; x_wconf 86' lang='lat' dir='ltr'><strong>peccatorum</strong></span> <span class='ocrx_word' id='word_1_479' title='bbox 3502 891 3765 946; x_wconf 85' lang='lat' dir='ltr'><strong>rationem</strong></span> 
     </span>
    </p>
   </div>
   <div class='ocr_carea' id='block_1_68' title="bbox 2187 981 3768 1052">
    <p class='ocr_par' dir='ltr' id='par_1_68' title="bbox 2187 981 3768 1052">
     <span class='ocr_line' id='line_1_68' title="bbox 2187 981 3768 1052; baseline 0 -15"><span class='ocrx_word' id='word_1_480' title='bbox 2187 998 2293 1037; x_wconf 91' lang='lat' dir='ltr'><strong>non</strong></span> <span class='ocrx_word' id='word_1_481' title='bbox 2333 990 2625 1052; x_wconf 83' lang='lat' dir='ltr'><strong>expeteret,</strong></span> <span class='ocrx_word' id='word_1_482' title='bbox 2667 981 2718 1036; x_wconf 88' lang='lat' dir='ltr'><strong>id</strong></span> <span class='ocrx_word' id='word_1_483' title='bbox 2758 981 3010 1037; x_wconf 82' lang='lat' dir='ltr'><strong>bonitatis</strong></span> <span class='ocrx_word' id='word_1_484' title='bbox 3045 982 3189 1049; x_wconf 87' lang='lat' dir='ltr'><strong>fore;</strong></span> <span class='ocrx_word' id='word_1_485' title='bbox 3222 982 3268 1036; x_wconf 89' lang='lat' dir='ltr'><strong>si</strong></span> <span class='ocrx_word' id='word_1_486' title='bbox 3307 988 3551 1051; x_wconf 78' lang='lat' dir='ltr'><strong>expetat,</strong></span> <span class='ocrx_word' id='word_1_487' title='bbox 3578 981 3631 1036; x_wconf 88' lang='lat' dir='ltr'><strong>id</strong></span> <span class='ocrx_word' id='word_1_488' title='bbox 3653 981 3768 1051; x_wconf 85' lang='lat' dir='ltr'><strong>jam</strong></span> 
     </span>
    </p>
   </div>
   <div class='ocr_carea' id='block_1_69' title="bbox 2188 1070 3767 1142">
    <p class='ocr_par' dir='ltr' id='par_1_69' title="bbox 2188 1070 3767 1142">
     <span class='ocr_line' id='line_1_69' title="bbox 2188 1070 3767 1142; baseline 0 -16"><span class='ocrx_word' id='word_1_489' title='bbox 2188 1072 2440 1127; x_wconf 88' lang='lat' dir='ltr'><strong>bonitatis</strong></span> <span class='ocrx_word' id='word_1_490' title='bbox 2472 1087 2579 1127; x_wconf 92' lang='lat' dir='ltr'><strong>non</strong></span> <span class='ocrx_word' id='word_1_491' title='bbox 2616 1086 2753 1127; x_wconf 88' lang='lat' dir='ltr'><strong>esse.</strong></span> <span class='ocrx_word' id='word_1_492' title='bbox 2790 1070 2988 1127; x_wconf 88' lang='lat' dir='ltr'><strong>Contra</strong></span> <span class='ocrx_word' id='word_1_493' title='bbox 3028 1086 3156 1126; x_wconf 90' lang='lat' dir='ltr'><strong>vero</strong></span> <span class='ocrx_word' id='word_1_494' title='bbox 3194 1070 3609 1142; x_wconf 81' lang='lat' dir='ltr'><strong>Chrysostomus</strong></span> <span class='ocrx_word' id='word_1_495' title='bbox 3640 1086 3767 1141; x_wconf 92' lang='lat' dir='ltr'><strong>pro-</strong></span> 
     </span>
    </p>
   </div>
   <div class='ocr_carea' id='block_1_70' title="bbox 2186 1163 3766 1231">
    <p class='ocr_par' dir='ltr' id='par_1_70' title="bbox 2186 1163 3766 1231">
     <span class='ocr_line' id='line_1_70' title="bbox 2186 1163 3766 1231; baseline -0.002 -12"><span class='ocrx_word' id='word_1_496' title='bbox 2186 1163 2351 1231; x_wconf 89' lang='lat' dir='ltr'><strong>bavit,</strong></span> <span class='ocrx_word' id='word_1_497' title='bbox 2405 1163 2594 1229; x_wconf 88' lang='lat' dir='ltr'><strong>Deum,</strong></span> <span class='ocrx_word' id='word_1_498' title='bbox 2639 1163 2684 1217; x_wconf 89' lang='lat' dir='ltr'><strong>si</strong></span> <span class='ocrx_word' id='word_1_499' title='bbox 2737 1163 2995 1217; x_wconf 88' lang='lat' dir='ltr'><strong>rationem</strong></span> <span class='ocrx_word' id='word_1_500' title='bbox 3053 1178 3157 1217; x_wconf 91' lang='lat' dir='ltr'><strong>non</strong></span> <span class='ocrx_word' id='word_1_501' title='bbox 3205 1171 3440 1231; x_wconf 84' lang='lat' dir='ltr'><strong>expetat,</strong></span> <span class='ocrx_word' id='word_1_502' title='bbox 3490 1177 3596 1216; x_wconf 92' lang='lat' dir='ltr'><strong>non</strong></span> <span class='ocrx_word' id='word_1_503' title='bbox 3645 1176 3766 1216; x_wconf 88' lang='lat' dir='ltr'><strong>esse</strong></span> 
     </span>
    </p>
   </div>
   <div class='ocr_carea' id='block_1_71' title="bbox 2188 1252 3766 1324">
    <p class='ocr_par' dir='ltr' id='par_1_71' title="bbox 2188 1252 3766 1324">
     <span class='ocr_line' id='line_1_71' title="bbox 2188 1252 3766 1324; baseline -0.001 -15"><span class='ocrx_word' id='word_1_504' title='bbox 2188 1255 2407 1321; x_wconf 90' lang='lat' dir='ltr'><strong>bonum,</strong></span> <span class='ocrx_word' id='word_1_505' title='bbox 2447 1262 2501 1308; x_wconf 93' lang='lat' dir='ltr'><strong>et</strong></span> <span class='ocrx_word' id='word_1_506' title='bbox 2526 1253 2645 1324; x_wconf 91' lang='lat' dir='ltr'><strong>quia</strong></span> <span class='ocrx_word' id='word_1_507' title='bbox 2676 1254 2894 1323; x_wconf 88' lang='lat' dir='ltr'><strong>expetit,</strong></span> <span class='ocrx_word' id='word_1_508' title='bbox 2926 1253 3045 1307; x_wconf 91' lang='lat' dir='ltr'><strong>ideo</strong></span> <span class='ocrx_word' id='word_1_509' title='bbox 3075 1253 3271 1307; x_wconf 91' lang='lat' dir='ltr'><strong>bonum</strong></span> <span class='ocrx_word' id='word_1_510' title='bbox 3298 1267 3439 1308; x_wconf 90' lang='lat' dir='ltr'><strong>esse.</strong></span> <span class='ocrx_word' id='word_1_511' title='bbox 3477 1252 3609 1318; x_wconf 82' lang='lat' dir='ltr'><strong>Quia</strong></span> <span class='ocrx_word' id='word_1_512' title='bbox 3638 1267 3766 1307; x_wconf 89' lang='lat' dir='ltr'><strong>vero</strong></span> 
     </span>
    </p>
   </div>
   <div class='ocr_carea' id='block_1_72' title="bbox 2187 1344 3763 1415">
    <p class='ocr_par' dir='ltr' id='par_1_72' title="bbox 2187 1344 3763 1415">
     <span class='ocr_line' id='line_1_72' title="bbox 2187 1344 3763 1415; baseline -0.001 -15"><span class='ocrx_word' id='word_1_513' title='bbox 2187 1353 2498 1415; x_wconf 85' lang='lat' dir='ltr'><strong>argumenta</strong></span> <span class='ocrx_word' id='word_1_514' title='bbox 2527 1345 2642 1413; x_wconf 85' lang='lat' dir='ltr'><strong>ejus</strong></span> <span class='ocrx_word' id='word_1_515' title='bbox 2670 1345 2846 1398; x_wconf 88' lang='lat' dir='ltr'><strong>omnia</strong></span> <span class='ocrx_word' id='word_1_516' title='bbox 2878 1344 3077 1399; x_wconf 89' lang='lat' dir='ltr'><strong>referre</strong></span> <span class='ocrx_word' id='word_1_517' title='bbox 3104 1344 3356 1413; x_wconf 83' lang='lat' dir='ltr'><strong>longioris</strong></span> <span class='ocrx_word' id='word_1_518' title='bbox 3383 1352 3526 1399; x_wconf 90' lang='lat' dir='ltr'><strong>esset</strong></span> <span class='ocrx_word' id='word_1_519' title='bbox 3551 1358 3728 1413; x_wconf 67' lang='lat' dir='ltr'><strong>operae</strong></span> <span class='ocrx_word' id='word_1_520' title='bbox 3746 1383 3763 1408; x_wconf 92' lang='lat'><strong>,</strong></span> 
     </span>
    </p>
   </div>
   <div class='ocr_carea' id='block_1_73' title="bbox 2190 1435 3403 1507">
    <p class='ocr_par' dir='ltr' id='par_1_73' title="bbox 2190 1435 3403 1507">
     <span class='ocr_line' id='line_1_73' title="bbox 2190 1435 3403 1507; baseline -0.001 -16"><span class='ocrx_word' id='word_1_521' title='bbox 2190 1437 2257 1492; x_wconf 86' lang='lat' dir='ltr'><strong>ad</strong></span> <span class='ocrx_word' id='word_1_522' title='bbox 2283 1437 2457 1493; x_wconf 86' lang='lat' dir='ltr'><strong>locum</strong></span> <span class='ocrx_word' id='word_1_523' title='bbox 2489 1440 2659 1506; x_wconf 88' lang='lat' dir='ltr'><strong>ipsum</strong></span> <span class='ocrx_word' id='word_1_524' title='bbox 2684 1437 2940 1491; x_wconf 86' lang='lat' dir='ltr'><strong>mittimus</strong></span> <span class='ocrx_word' id='word_1_525' title='bbox 2968 1435 3151 1505; x_wconf 83' lang='lat' dir='ltr'><strong>(Tomo</strong></span> <span class='ocrx_word' id='word_1_526' title='bbox 3179 1436 3403 1507; x_wconf 88' lang='lat' dir='ltr'><strong>quarto).</strong></span> 
     </span>
    </p>
   </div>
   <div class='ocr_carea' id='block_1_74' title="bbox 2260 1526 3766 1598">
    <p class='ocr_par' dir='ltr' id='par_1_74' title="bbox 2260 1526 3766 1598">
     <span class='ocr_line' id='line_1_74' title="bbox 2260 1526 3766 1598; baseline -0.001 -16"><span class='ocrx_word' id='word_1_527' title='bbox 2260 1527 2441 1584; x_wconf 83' lang='lat' dir='ltr'><strong>Manes</strong></span> <span class='ocrx_word' id='word_1_528' title='bbox 2468 1535 2524 1583; x_wconf 89' lang='lat' dir='ltr'><strong>et</strong></span> <span class='ocrx_word' id='word_1_529' title='bbox 2556 1526 2863 1593; x_wconf 73' lang='lat' dir='ltr'><strong>Manicbmi,</strong></span> <span class='ocrx_word' id='word_1_530' title='bbox 2892 1540 3027 1596; x_wconf 91' lang='lat' dir='ltr'><strong>quos</strong></span> <span class='ocrx_word' id='word_1_531' title='bbox 3054 1529 3247 1596; x_wconf 90' lang='lat' dir='ltr'><strong>passim</strong></span> <span class='ocrx_word' id='word_1_532' title='bbox 3278 1526 3568 1582; x_wconf 89' lang='lat' dir='ltr'><strong>insectatur</strong></span> <span class='ocrx_word' id='word_1_533' title='bbox 3597 1526 3766 1598; x_wconf 79' lang='lat' dir='ltr'><strong>Chry-</strong></span> 
     </span>
    </p>
   </div>
   <div class='ocr_carea' id='block_1_75' title="bbox 2190 1617 3764 1684">
    <p class='ocr_par' dir='ltr' id='par_1_75' title="bbox 2190 1617 3764 1684">
     <span class='ocr_line' id='line_1_75' title="bbox 2190 1617 3764 1684; baseline 0 -11"><span class='ocrx_word' id='word_1_534' title='bbox 2190 1627 2457 1674; x_wconf 87' lang='lat' dir='ltr'><strong>sostomus</strong></span> <span class='ocrx_word' id='word_1_535' title='bbox 2494 1618 2762 1684; x_wconf 86' lang='lat' dir='ltr'><strong>dicebant,</strong></span> <span class='ocrx_word' id='word_1_536' title='bbox 2804 1625 2861 1672; x_wconf 90' lang='lat' dir='ltr'><strong>ut</strong></span> <span class='ocrx_word' id='word_1_537' title='bbox 2888 1617 3120 1672; x_wconf 81' lang='lat' dir='ltr'><strong>Marcion</strong></span> <span class='ocrx_word' id='word_1_538' title='bbox 3146 1626 3202 1673; x_wconf 89' lang='lat' dir='ltr'><strong>et</strong></span> <span class='ocrx_word' id='word_1_539' title='bbox 3230 1618 3558 1684; x_wconf 85' lang='lat' dir='ltr'><strong>Valentinus,</strong></span> <span class='ocrx_word' id='word_1_540' title='bbox 3593 1628 3764 1673; x_wconf 86' lang='lat' dir='ltr'><strong>mate-</strong></span> 
     </span>
    </p>
   </div>
   <div class='ocr_carea' id='block_1_76' title="bbox 2196 1708 3762 1781">
    <p class='ocr_par' dir='ltr' id='par_1_76' title="bbox 2196 1708 3762 1781">
     <span class='ocr_line' id='line_1_76' title="bbox 2196 1708 3762 1781; baseline -0.001 -16"><span class='ocrx_word' id='word_1_541' title='bbox 2196 1710 2329 1765; x_wconf 89' lang='lat' dir='ltr'><strong>riam</strong></span> <span class='ocrx_word' id='word_1_542' title='bbox 2361 1718 2485 1766; x_wconf 89' lang='lat' dir='ltr'><strong>ante</strong></span> <span class='ocrx_word' id='word_1_543' title='bbox 2511 1709 2692 1765; x_wconf 91' lang='lat' dir='ltr'><strong>mundi</strong></span> <span class='ocrx_word' id='word_1_544' title='bbox 2721 1708 3045 1765; x_wconf 88' lang='lat' dir='ltr'><strong>creationem</strong></span> <span class='ocrx_word' id='word_1_545' title='bbox 3070 1708 3336 1765; x_wconf 86' lang='lat' dir='ltr'><strong>exstitisse</strong></span> <span class='ocrx_word' id='word_1_546' title='bbox 3364 1708 3545 1781; x_wconf 86' lang='lat' dir='ltr'><strong>(Tomo</strong></span> <span class='ocrx_word' id='word_1_547' title='bbox 3573 1710 3762 1780; x_wconf 86' lang='lat' dir='ltr'><strong>tertio).</strong></span> 
     </span>
    </p>
   </div>
   <div class='ocr_carea' id='block_1_77' title="bbox 2191 1799 3761 1871">
    <p class='ocr_par' dir='ltr' id='par_1_77' title="bbox 2191 1799 3761 1871">
     <span class='ocr_line' id='line_1_77' title="bbox 2191 1799 3761 1871; baseline -0.003 -14"><span class='ocrx_word' id='word_1_548' title='bbox 2191 1801 2307 1857; x_wconf 84' lang='lat' dir='ltr'><strong>Non</strong></span> <span class='ocrx_word' id='word_1_549' title='bbox 2344 1809 2553 1871; x_wconf 89' lang='lat' dir='ltr'><strong>poterat</strong></span> <span class='ocrx_word' id='word_1_550' title='bbox 2585 1800 2725 1856; x_wconf 90' lang='lat' dir='ltr'><strong>enim</strong></span> <span class='ocrx_word' id='word_1_551' title='bbox 2758 1800 2917 1866; x_wconf 88' lang='lat' dir='ltr'><strong>Deus,</strong></span> <span class='ocrx_word' id='word_1_552' title='bbox 2941 1800 3264 1870; x_wconf 88' lang='lat' dir='ltr'><strong>inquiebant,</strong></span> <span class='ocrx_word' id='word_1_553' title='bbox 3286 1799 3540 1854; x_wconf 90' lang='lat' dir='ltr'><strong>mundum</strong></span> <span class='ocrx_word' id='word_1_554' title='bbox 3574 1814 3761 1854; x_wconf 89' lang='lat' dir='ltr'><strong>creare</strong></span> 
     </span>
    </p>
   </div>
   <div class='ocr_carea' id='block_1_78' title="bbox 2193 1890 3761 1962">
    <p class='ocr_par' dir='ltr' id='par_1_78' title="bbox 2193 1890 3761 1962">
     <span class='ocr_line' id='line_1_78' title="bbox 2193 1890 3761 1962; baseline -0.001 -16"><span class='ocrx_word' id='word_1_555' title='bbox 2193 1892 2393 1962; x_wconf 87' lang='lat' dir='ltr'><strong>absque</strong></span> <span class='ocrx_word' id='word_1_556' title='bbox 2407 1892 2649 1947; x_wconf 87' lang='lat' dir='ltr'><strong>materia.</strong></span> <span class='ocrx_word' id='word_1_557' title='bbox 2668 1891 2871 1946; x_wconf 89' lang='lat' dir='ltr'><strong>Bonum</strong></span> <span class='ocrx_word' id='word_1_558' title='bbox 2892 1898 2948 1947; x_wconf 90' lang='lat' dir='ltr'><strong>et</strong></span> <span class='ocrx_word' id='word_1_559' title='bbox 2969 1890 3166 1945; x_wconf 91' lang='lat' dir='ltr'><strong>malum</strong></span> <span class='ocrx_word' id='word_1_560' title='bbox 3200 1892 3357 1946; x_wconf 89' lang='lat' dir='ltr'><strong>deum</strong></span> <span class='ocrx_word' id='word_1_561' title='bbox 3379 1890 3720 1945; x_wconf 88' lang='lat' dir='ltr'><strong>admittebant</strong></span> <span class='ocrx_word' id='word_1_562' title='bbox 3747 1910 3761 1944; x_wconf 87' lang='lat'>:</span> 
     </span>
    </p>
   </div>
   <div class='ocr_carea' id='block_1_79' title="bbox 2194 1981 3764 2038">
    <p class='ocr_par' dir='ltr' id='par_1_79' title="bbox 2194 1981 3764 2038">
     <span class='ocr_line' id='line_1_79' title="bbox 2194 1981 3764 2038; baseline -0.001 -1"><span class='ocrx_word' id='word_1_563' title='bbox 2194 1984 2393 2037; x_wconf 90' lang='lat' dir='ltr'><strong>malum</strong></span> <span class='ocrx_word' id='word_1_564' title='bbox 2421 1982 2579 2038; x_wconf 91' lang='lat' dir='ltr'><strong>deum</strong></span> <span class='ocrx_word' id='word_1_565' title='bbox 2608 1981 2806 2037; x_wconf 82' lang='lat' dir='ltr'><strong>veteris</strong></span> <span class='ocrx_word' id='word_1_566' title='bbox 2841 1982 3161 2037; x_wconf 89' lang='lat' dir='ltr'><strong>Testamenti</strong></span> <span class='ocrx_word' id='word_1_567' title='bbox 3205 1991 3475 2037; x_wconf 89' lang='lat' dir='ltr'><strong>auctorem</strong></span> <span class='ocrx_word' id='word_1_568' title='bbox 3526 1997 3646 2038; x_wconf 88' lang='lat' dir='ltr'><strong>esse</strong></span> <span class='ocrx_word' id='word_1_569' title='bbox 3680 1981 3764 2036; x_wconf 82' lang='lat' dir='ltr'><strong>af-</strong></span> 
     </span>
    </p>
   </div>
   <div class='ocr_carea' id='block_1_80' title="bbox 2194 2072 3762 2145">
    <p class='ocr_par' dir='ltr' id='par_1_80' title="bbox 2194 2072 3762 2145">
     <span class='ocr_line' id='line_1_80' title="bbox 2194 2072 3762 2145; baseline -0.002 -17"><span class='ocrx_word' id='word_1_570' title='bbox 2194 2074 2503 2139; x_wconf 82' lang='lat' dir='ltr'><strong>ﬁrmabant,</strong></span> <span class='ocrx_word' id='word_1_571' title='bbox 2547 2073 2743 2129; x_wconf 91' lang='lat' dir='ltr'><strong>bonum</strong></span> <span class='ocrx_word' id='word_1_572' title='bbox 2805 2080 2983 2129; x_wconf 89' lang='lat' dir='ltr'><strong>autem</strong></span> <span class='ocrx_word' id='word_1_573' title='bbox 3028 2073 3150 2128; x_wconf 86' lang='lat' dir='ltr'><strong>novi</strong></span> <span class='ocrx_word' id='word_1_574' title='bbox 3193 2072 3518 2129; x_wconf 86' lang='lat' dir='ltr'><strong>Testamenti</strong></span> <span class='ocrx_word' id='word_1_575' title='bbox 3561 2073 3762 2145; x_wconf 86' lang='lat' dir='ltr'><strong>(Tomo</strong></span> 
     </span>
    </p>
   </div>
   <div class='ocr_carea' id='block_1_81' title="bbox 2191 2163 3761 2235">
    <p class='ocr_par' dir='ltr' id='par_1_81' title="bbox 2191 2163 3761 2235">
     <span class='ocr_line' id='line_1_81' title="bbox 2191 2163 3761 2235; baseline 0.002 -18"><span class='ocrx_word' id='word_1_576' title='bbox 2191 2163 2423 2235; x_wconf 80' lang='lat' dir='ltr'><strong>septimo)</strong></span> <span class='ocrx_word' id='word_1_577' title='bbox 2460 2166 2566 2219; x_wconf 92' lang='lat' dir='ltr'><strong>imo</strong></span> <span class='ocrx_word' id='word_1_578' title='bbox 2604 2175 2838 2220; x_wconf 89' lang='lat' dir='ltr'><strong>veterem</strong></span> <span class='ocrx_word' id='word_1_579' title='bbox 2882 2165 3051 2235; x_wconf 85' lang='lat' dir='ltr'><strong>legem</strong></span> <span class='ocrx_word' id='word_1_580' title='bbox 3092 2180 3158 2219; x_wconf 86' lang='lat' dir='ltr'><strong>ex</strong></span> <span class='ocrx_word' id='word_1_581' title='bbox 3195 2164 3406 2220; x_wconf 88' lang='lat' dir='ltr'><strong>diabolo</strong></span> <span class='ocrx_word' id='word_1_582' title='bbox 3453 2181 3573 2221; x_wconf 86' lang='lat' dir='ltr'><strong>esse</strong></span> <span class='ocrx_word' id='word_1_583' title='bbox 3621 2165 3761 2221; x_wconf 42' lang='lat' dir='ltr'><strong>dices</strong></span> 
     </span>
    </p>
   </div>
   <div class='ocr_carea' id='block_1_82' title="bbox 2192 2254 3763 2328">
    <p class='ocr_par' dir='ltr' id='par_1_82' title="bbox 2192 2254 3763 2328">
     <span class='ocr_line' id='line_1_82' title="bbox 2192 2254 3763 2328; baseline 0.002 -19"><span class='ocrx_word' id='word_1_584' title='bbox 2192 2258 2338 2310; x_wconf 87' lang='lat' dir='ltr'><strong>bant.</strong></span> <span class='ocrx_word' id='word_1_585' title='bbox 2375 2255 2556 2326; x_wconf 84' lang='lat' dir='ltr'><strong>(Tomo</strong></span> <span class='ocrx_word' id='word_1_586' title='bbox 2586 2254 2771 2328; x_wconf 86' lang='lat' dir='ltr'><strong>primo)</strong></span> <span class='ocrx_word' id='word_1_587' title='bbox 2801 2255 3135 2311; x_wconf 86' lang='lat' dir='ltr'><strong>Patriarchas</strong></span> <span class='ocrx_word' id='word_1_588' title='bbox 3173 2266 3349 2311; x_wconf 88' lang='lat' dir='ltr'><strong>autem</strong></span> <span class='ocrx_word' id='word_1_589' title='bbox 3391 2267 3445 2311; x_wconf 89' lang='lat' dir='ltr'><strong>et</strong></span> <span class='ocrx_word' id='word_1_590' title='bbox 3478 2258 3763 2328; x_wconf 88' lang='lat' dir='ltr'><strong>prophetas</strong></span> 
     </span>
    </p>
   </div>
   <div class='ocr_carea' id='block_1_83' title="bbox 2191 2345 3765 2417">
    <p class='ocr_par' dir='ltr' id='par_1_83' title="bbox 2191 2345 3765 2417">
     <span class='ocr_line' id='line_1_83' title="bbox 2191 2345 3765 2417; baseline 0.001 -17"><span class='ocrx_word' id='word_1_591' title='bbox 2191 2346 2311 2401; x_wconf 88' lang='lat' dir='ltr'><strong>ideo</strong></span> <span class='ocrx_word' id='word_1_592' title='bbox 2336 2345 2679 2415; x_wconf 87' lang='lat' dir='ltr'><strong>spernebant,</strong></span> <span class='ocrx_word' id='word_1_593' title='bbox 2711 2346 2851 2416; x_wconf 88' lang='lat' dir='ltr'><strong>quod</strong></span> <span class='ocrx_word' id='word_1_594' title='bbox 2888 2347 2940 2401; x_wconf 91' lang='lat' dir='ltr'><strong>in</strong></span> <span class='ocrx_word' id='word_1_595' title='bbox 2967 2346 3129 2401; x_wconf 91' lang='lat' dir='ltr'><strong>veteri</strong></span> <span class='ocrx_word' id='word_1_596' title='bbox 3161 2347 3277 2417; x_wconf 86' lang='lat' dir='ltr'><strong>lege</strong></span> <span class='ocrx_word' id='word_1_597' title='bbox 3310 2346 3552 2401; x_wconf 90' lang='lat' dir='ltr'><strong>fuissent.</strong></span> <span class='ocrx_word' id='word_1_598' title='bbox 3582 2347 3765 2417; x_wconf 84' lang='lat' dir='ltr'><strong>(Tomo</strong></span> 
     </span>
    </p>
   </div>
   <div class='ocr_carea' id='block_1_84' title="bbox 2188 2436 3765 2506">
    <p class='ocr_par' dir='ltr' id='par_1_84' title="bbox 2188 2436 3765 2506">
     <span class='ocr_line' id='line_1_84' title="bbox 2188 2436 3765 2506; baseline 0.002 -19"><span class='ocrx_word' id='word_1_599' title='bbox 2188 2436 2390 2506; x_wconf 83' lang='lat' dir='ltr'><strong>quarto)</strong></span> <span class='ocrx_word' id='word_1_600' title='bbox 2417 2436 2583 2491; x_wconf 89' lang='lat' dir='ltr'><strong>Deum</strong></span> <span class='ocrx_word' id='word_1_601' title='bbox 2607 2450 2734 2490; x_wconf 89' lang='lat' dir='ltr'><strong>vero</strong></span> <span class='ocrx_word' id='word_1_602' title='bbox 2761 2445 3055 2490; x_wconf 81' lang='lat' dir='ltr'><strong>creatorem</strong></span> <span class='ocrx_word' id='word_1_603' title='bbox 3073 2451 3192 2491; x_wconf 88' lang='lat' dir='ltr'><strong>esse</strong></span> <span class='ocrx_word' id='word_1_604' title='bbox 3209 2437 3465 2506; x_wconf 87' lang='lat' dir='ltr'><strong>negabant</strong></span> <span class='ocrx_word' id='word_1_605' title='bbox 3494 2436 3765 2506; x_wconf 83' lang='lat' dir='ltr'><strong>(Ibidem);</strong></span> 
     </span>
    </p>
   </div>
   <div class='ocr_carea' id='block_1_85' title="bbox 2190 2525 3760 2598">
    <p class='ocr_par' dir='ltr' id='par_1_85' title="bbox 2190 2525 3760 2598">
     <span class='ocr_line' id='line_1_85' title="bbox 2190 2525 3760 2598; baseline 0.001 -19"><span class='ocrx_word' id='word_1_606' title='bbox 2190 2527 2298 2579; x_wconf 90' lang='lat' dir='ltr'><strong>imo</strong></span> <span class='ocrx_word' id='word_1_607' title='bbox 2324 2534 2564 2581; x_wconf 89' lang='lat' dir='ltr'><strong>naturam</strong></span> <span class='ocrx_word' id='word_1_608' title='bbox 2582 2526 2730 2595; x_wconf 85' lang='lat' dir='ltr'><strong>quasi</strong></span> <span class='ocrx_word' id='word_1_609' title='bbox 2754 2541 2856 2581; x_wconf 91' lang='lat' dir='ltr'><strong>non</strong></span> <span class='ocrx_word' id='word_1_610' title='bbox 2879 2525 3067 2581; x_wconf 87' lang='lat' dir='ltr'><strong>factam</strong></span> <span class='ocrx_word' id='word_1_611' title='bbox 3088 2527 3431 2595; x_wconf 87' lang='lat' dir='ltr'><strong>honorabant(</strong></span> <span class='ocrx_word' id='word_1_612' title='bbox 3454 2526 3513 2580; x_wconf 86' lang='grc' dir='ltr'><strong>Τ.</strong></span> <span class='ocrx_word' id='word_1_613' title='bbox 3538 2529 3760 2598; x_wconf 84' lang='lat' dir='ltr'><strong>octavo).</strong></span> 
     </span>
    </p>
   </div>
   <div class='ocr_carea' id='block_1_86' title="bbox 2189 2614 3767 2688">
    <p class='ocr_par' dir='ltr' id='par_1_86' title="bbox 2189 2614 3767 2688">
     <span class='ocr_line' id='line_1_86' title="bbox 2189 2614 3767 2688; baseline 0.003 -20"><span class='ocrx_word' id='word_1_614' title='bbox 2189 2614 2369 2684; x_wconf 82' lang='lat' dir='ltr'><strong>Neque</strong></span> <span class='ocrx_word' id='word_1_615' title='bbox 2383 2624 2560 2670; x_wconf 86' lang='lat' dir='ltr'><strong>tamen</strong></span> <span class='ocrx_word' id='word_1_616' title='bbox 2575 2616 2673 2670; x_wconf 91' lang='lat' dir='ltr'><strong>sibi</strong></span> <span class='ocrx_word' id='word_1_617' title='bbox 2691 2616 3071 2681; x_wconf 86' lang='lat' dir='ltr'><strong>constabant,si</strong></span> <span class='ocrx_word' id='word_1_618' title='bbox 3087 2616 3153 2671; x_wconf 91' lang='lat' dir='ltr'><strong>de</strong></span> <span class='ocrx_word' id='word_1_619' title='bbox 3169 2617 3269 2672; x_wconf 87' lang='lat' dir='ltr'><strong>illis</strong></span> <span class='ocrx_word' id='word_1_620' title='bbox 3283 2617 3678 2688; x_wconf 87' lang='lat' dir='ltr'><strong>intelligendum</strong></span> <span class='ocrx_word' id='word_1_621' title='bbox 3697 2622 3767 2673; x_wconf 89' lang='lat' dir='ltr'><strong>sit</strong></span> 
     </span>
    </p>
   </div>
   <div class='ocr_carea' id='block_1_87' title="bbox 2190 2708 3758 2779">
    <p class='ocr_par' dir='ltr' id='par_1_87' title="bbox 2190 2708 3758 2779">
     <span class='ocr_line' id='line_1_87' title="bbox 2190 2708 3758 2779; baseline -0.001 -15"><span class='ocrx_word' id='word_1_622' title='bbox 2190 2708 2242 2764; x_wconf 89' lang='lat' dir='ltr'><strong>id</strong></span> <span class='ocrx_word' id='word_1_623' title='bbox 2258 2709 2399 2779; x_wconf 91' lang='lat' dir='ltr'><strong>quod</strong></span> <span class='ocrx_word' id='word_1_624' title='bbox 2420 2708 2547 2763; x_wconf 92' lang='lat' dir='ltr'><strong>dicit</strong></span> <span class='ocrx_word' id='word_1_625' title='bbox 2561 2708 2990 2779; x_wconf 74' lang='lat' dir='ltr'><strong>Chrysostomus,</strong></span> <span class='ocrx_word' id='word_1_626' title='bbox 3010 2716 3066 2763; x_wconf 92' lang='lat' dir='ltr'><strong>ut</strong></span> <span class='ocrx_word' id='word_1_627' title='bbox 3093 2709 3311 2764; x_wconf 90' lang='lat' dir='ltr'><strong>omnino</strong></span> <span class='ocrx_word' id='word_1_628' title='bbox 3339 2710 3627 2765; x_wconf 90' lang='lat' dir='ltr'><strong>verisimile</strong></span> <span class='ocrx_word' id='word_1_629' title='bbox 3643 2720 3726 2765; x_wconf 89' lang='lat' dir='ltr'><strong>est</strong></span> <span class='ocrx_word' id='word_1_630' title='bbox 3746 2728 3758 2762; x_wconf 87' lang='lat'>:</span> 
     </span>
    </p>
   </div>
   <div class='ocr_carea' id='block_1_88' title="bbox 2194 2798 3764 2869">
    <p class='ocr_par' dir='ltr' id='par_1_88' title="bbox 2194 2798 3764 2869">
     <span class='ocr_line' id='line_1_88' title="bbox 2194 2798 3764 2869; baseline 0.001 -17"><span class='ocrx_word' id='word_1_631' title='bbox 2194 2799 2433 2866; x_wconf 83' lang='lat' dir='ltr'><strong>Quidam,</strong></span> <span class='ocrx_word' id='word_1_632' title='bbox 2455 2799 2623 2869; x_wconf 88' lang='lat' dir='ltr'><strong>inquit</strong></span> <span class='ocrx_word' id='word_1_633' title='bbox 2639 2798 2847 2866; x_wconf 86' lang='lat' dir='ltr'><strong>(lbid.),</strong></span> <span class='ocrx_word' id='word_1_634' title='bbox 2868 2798 3028 2851; x_wconf 91' lang='lat' dir='ltr'><strong>alium</strong></span> <span class='ocrx_word' id='word_1_635' title='bbox 3059 2814 3165 2853; x_wconf 86' lang='lat' dir='ltr'><strong>esse</strong></span> <span class='ocrx_word' id='word_1_636' title='bbox 3189 2798 3365 2853; x_wconf 86' lang='lat' dir='ltr'><strong>mundi</strong></span> <span class='ocrx_word' id='word_1_637' title='bbox 3391 2808 3667 2853; x_wconf 82' lang='lat' dir='ltr'><strong>creatorem</strong></span> <span class='ocrx_word' id='word_1_638' title='bbox 3686 2802 3764 2853; x_wconf 84' lang='lat' dir='ltr'><strong>di-</strong></span> 
     </span>
    </p>
   </div>
   <div class='ocr_carea' id='block_1_89' title="bbox 2191 2889 3758 2959">
    <p class='ocr_par' dir='ltr' id='par_1_89' title="bbox 2191 2889 3758 2959">
     <span class='ocr_line' id='line_1_89' title="bbox 2191 2889 3758 2959; baseline 0 -16"><span class='ocrx_word' id='word_1_639' title='bbox 2191 2897 2329 2955; x_wconf 88' lang='lat' dir='ltr'><strong>cunt,</strong></span> <span class='ocrx_word' id='word_1_640' title='bbox 2353 2904 2602 2958; x_wconf 88' lang='lat' dir='ltr'><strong>operaque</strong></span> <span class='ocrx_word' id='word_1_641' title='bbox 2629 2889 2844 2942; x_wconf 84' lang='lat' dir='ltr'><strong>visibilia</strong></span> <span class='ocrx_word' id='word_1_642' title='bbox 2876 2905 2976 2943; x_wconf 90' lang='lat' dir='ltr'><strong>non</strong></span> <span class='ocrx_word' id='word_1_643' title='bbox 3001 2889 3113 2959; x_wconf 84' lang='lat' dir='ltr'><strong>ejus</strong></span> <span class='ocrx_word' id='word_1_644' title='bbox 3140 2906 3264 2955; x_wconf 83' lang='lat' dir='ltr'><strong>esse,</strong></span> <span class='ocrx_word' id='word_1_645' title='bbox 3292 2889 3381 2944; x_wconf 87' lang='lat' dir='ltr'><strong>sed</strong></span> <span class='ocrx_word' id='word_1_646' title='bbox 3414 2891 3618 2945; x_wconf 84' lang='lat' dir='ltr'><strong>alterius</strong></span> <span class='ocrx_word' id='word_1_647' title='bbox 3646 2890 3758 2958; x_wconf 85' lang='lat' dir='ltr'><strong>Dei,</strong></span> 
     </span>
    </p>
   </div>
   <div class='ocr_carea' id='block_1_90' title="bbox 2190 2978 3760 3051">
    <p class='ocr_par' dir='ltr' id='par_1_90' title="bbox 2190 2978 3760 3051">
     <span class='ocr_line' id='line_1_90' title="bbox 2190 2978 3760 3051; baseline 0.004 -20"><span class='ocrx_word' id='word_1_648' title='bbox 2190 2978 2291 3047; x_wconf 83' lang='lat' dir='ltr'><strong>ipsi</strong></span> <span class='ocrx_word' id='word_1_649' title='bbox 2312 2979 2570 3032; x_wconf 81' lang='lat' dir='ltr'><strong>contrarii.</strong></span> <span class='ocrx_word' id='word_1_650' title='bbox 2607 2978 2731 3033; x_wconf 91' lang='lat' dir='ltr'><strong>Ideo</strong></span> <span class='ocrx_word' id='word_1_651' title='bbox 2757 2987 2933 3033; x_wconf 91' lang='lat' dir='ltr'><strong>autem</strong></span> <span class='ocrx_word' id='word_1_652' title='bbox 2972 2980 3308 3051; x_wconf 88' lang='lat' dir='ltr'><strong>reprobatam</strong></span> <span class='ocrx_word' id='word_1_653' title='bbox 3337 2981 3501 3037; x_wconf 84' lang='lat' dir='ltr'><strong>fuisse</strong></span> <span class='ocrx_word' id='word_1_654' title='bbox 3524 2991 3760 3038; x_wconf 85' lang='lat' dir='ltr'><strong>veterem</strong></span> 
     </span>
    </p>
   </div>
   <div class='ocr_carea' id='block_1_91' title="bbox 2190 3069 3759 3143">
    <p class='ocr_par' dir='ltr' id='par_1_91' title="bbox 2190 3069 3759 3143">
     <span class='ocr_line' id='line_1_91' title="bbox 2190 3069 3759 3143; baseline 0.003 -20"><span class='ocrx_word' id='word_1_655' title='bbox 2190 3069 2361 3139; x_wconf 83' lang='lat' dir='ltr'><strong>legem</strong></span> <span class='ocrx_word' id='word_1_656' title='bbox 2389 3069 2654 3133; x_wconf 89' lang='lat' dir='ltr'><strong>dicebant,</strong></span> <span class='ocrx_word' id='word_1_657' title='bbox 2682 3070 2803 3139; x_wconf 87' lang='lat' dir='ltr'><strong>quia</strong></span> <span class='ocrx_word' id='word_1_658' title='bbox 2830 3085 2858 3122; x_wconf 92' lang='lat' dir='ltr'><strong>a</strong></span> <span class='ocrx_word' id='word_1_659' title='bbox 2887 3071 3026 3125; x_wconf 86' lang='lat' dir='ltr'><strong>malo</strong></span> <span class='ocrx_word' id='word_1_660' title='bbox 3063 3070 3165 3126; x_wconf 75' lang='lat' dir='ltr'><strong>deo</strong></span> <span class='ocrx_word' id='word_1_661' title='bbox 3195 3069 3352 3135; x_wconf 86' lang='lat' dir='ltr'><strong>facta,</strong></span> <span class='ocrx_word' id='word_1_662' title='bbox 3383 3072 3520 3127; x_wconf 89' lang='lat' dir='ltr'><strong>mala</strong></span> <span class='ocrx_word' id='word_1_663' title='bbox 3558 3080 3611 3126; x_wconf 88' lang='lat' dir='ltr'><strong>et</strong></span> <span class='ocrx_word' id='word_1_664' title='bbox 3649 3072 3759 3143; x_wconf 89' lang='lat' dir='ltr'><strong>ipsa</strong></span> 
     </span>
    </p>
   </div>
   <div class='ocr_carea' id='block_1_92' title="bbox 2189 3160 3757 3233">
    <p class='ocr_par' dir='ltr' id='par_1_92' title="bbox 2189 3160 3757 3233">
     <span class='ocr_line' id='line_1_92' title="bbox 2189 3160 3757 3233; baseline 0.001 -18"><span class='ocrx_word' id='word_1_665' title='bbox 2189 3169 2321 3224; x_wconf 91' lang='lat' dir='ltr'><strong>erat,</strong></span> <span class='ocrx_word' id='word_1_666' title='bbox 2349 3170 2508 3231; x_wconf 84' lang='lat' dir='ltr'><strong>atque</strong></span> <span class='ocrx_word' id='word_1_667' title='bbox 2537 3160 2639 3215; x_wconf 88' lang='lat' dir='ltr'><strong>hoc</strong></span> <span class='ocrx_word' id='word_1_668' title='bbox 2655 3160 2894 3230; x_wconf 79' lang='lat' dir='ltr'><strong>Apostoli</strong></span> <span class='ocrx_word' id='word_1_669' title='bbox 2926 3161 3068 3215; x_wconf 91' lang='lat' dir='ltr'><strong>dicto</strong></span> <span class='ocrx_word' id='word_1_670' title='bbox 3098 3163 3381 3217; x_wconf 89' lang='lat' dir='ltr'><strong>utebantur</strong></span> <span class='ocrx_word' id='word_1_671' title='bbox 3412 3180 3426 3217; x_wconf 93' lang='lat'><strong>:</strong></span> <span class='ocrx_word' id='word_1_672' title='bbox 3457 3163 3757 3233; x_wconf 82' lang='lat' dir='ltr'><strong>Reprobatio</strong></span> 
     </span>
    </p>
   </div>
   <div class='ocr_carea' id='block_1_93' title="bbox 2187 3251 3760 3324">
    <p class='ocr_par' dir='ltr' id='par_1_93' title="bbox 2187 3251 3760 3324">
     <span class='ocr_line' id='line_1_93' title="bbox 2187 3251 3760 3324; baseline 0.003 -17"><span class='ocrx_word' id='word_1_673' title='bbox 2187 3251 2386 3319; x_wconf 80' lang='lat' dir='ltr'><strong>quidem</strong></span> <span class='ocrx_word' id='word_1_674' title='bbox 2410 3253 2468 3320; x_wconf 80' lang='lat' dir='ltr'><strong>ﬁt</strong></span> <span class='ocrx_word' id='word_1_675' title='bbox 2493 3251 2819 3321; x_wconf 71' lang='lat' dir='ltr'><strong>praecedentis</strong></span> <span class='ocrx_word' id='word_1_676' title='bbox 2844 3253 3071 3306; x_wconf 87' lang='lat' dir='ltr'><strong>mandati</strong></span> <span class='ocrx_word' id='word_1_677' title='bbox 3095 3264 3299 3324; x_wconf 86' lang='lat' dir='ltr'><strong>propter</strong></span> <span class='ocrx_word' id='word_1_678' title='bbox 3333 3255 3679 3323; x_wconf 84' lang='lat' dir='ltr'><strong>inﬁrmitatem</strong></span> <span class='ocrx_word' id='word_1_679' title='bbox 3715 3265 3760 3311; x_wconf 87' lang='lat' dir='ltr'><strong>et</strong></span> 
     </span>
    </p>
   </div>
   <div class='ocr_carea' id='block_1_94' title="bbox 2186 3339 3757 3415">
    <p class='ocr_par' dir='ltr' id='par_1_94' title="bbox 2186 3339 3757 3415">
     <span class='ocr_line' id='line_1_94' title="bbox 2186 3339 3757 3415; baseline 0.005 -22"><span class='ocrx_word' id='word_1_680' title='bbox 2186 3340 2504 3394; x_wconf 79' lang='lat' dir='ltr'><strong>inutilitatem</strong></span> <span class='ocrx_word' id='word_1_681' title='bbox 2529 3339 2710 3410; x_wconf 83' lang='lat' dir='ltr'><strong>(Hebr.</strong></span> <span class='ocrx_word' id='word_1_682' title='bbox 2729 3341 2781 3395; x_wconf 92' lang='lat'><strong>7.</strong></span> <span class='ocrx_word' id='word_1_683' title='bbox 2810 3341 2919 3412; x_wconf 85' lang='lat' dir='ltr'><strong>I8).</strong></span> <span class='ocrx_word' id='word_1_684' title='bbox 2944 3342 3084 3398; x_wconf 87' lang='lat' dir='ltr'><strong>Ecce</strong></span> <span class='ocrx_word' id='word_1_685' title='bbox 3107 3343 3317 3407; x_wconf 82' lang='lat' dir='ltr'><strong>Paulus,</strong></span> <span class='ocrx_word' id='word_1_686' title='bbox 3339 3344 3641 3415; x_wconf 86' lang='lat' dir='ltr'><strong>inquiebant</strong></span> <span class='ocrx_word' id='word_1_687' title='bbox 3662 3346 3757 3413; x_wconf 91' lang='lat' dir='ltr'><strong>illi,</strong></span> 
     </span>
    </p>
   </div>
   <div class='ocr_carea' id='block_1_95' title="bbox 2185 3430 3755 3507">
    <p class='ocr_par' dir='ltr' id='par_1_95' title="bbox 2185 3430 3755 3507">
     <span class='ocr_line' id='line_1_95' title="bbox 2185 3430 3755 3507; baseline 0.005 -23"><span class='ocrx_word' id='word_1_688' title='bbox 2185 3431 2380 3484; x_wconf 90' lang='lat' dir='ltr'><strong>malum</strong></span> <span class='ocrx_word' id='word_1_689' title='bbox 2404 3430 2531 3486; x_wconf 89' lang='lat' dir='ltr'><strong>dicit</strong></span> <span class='ocrx_word' id='word_1_690' title='bbox 2549 3432 2851 3486; x_wconf 89' lang='lat' dir='ltr'><strong>mandatum</strong></span> <span class='ocrx_word' id='word_1_691' title='bbox 2869 3431 3049 3499; x_wconf 87' lang='lat' dir='ltr'><strong>(Tomo</strong></span> <span class='ocrx_word' id='word_1_692' title='bbox 3068 3433 3408 3507; x_wconf 86' lang='lat' dir='ltr'><strong>duodecimo).</strong></span> <span class='ocrx_word' id='word_1_693' title='bbox 3435 3434 3540 3491; x_wconf 86' lang='lat' dir='ltr'><strong>Sed</strong></span> <span class='ocrx_word' id='word_1_694' title='bbox 3553 3439 3755 3493; x_wconf 85' lang='lat' dir='ltr'><strong>attende</strong></span> 
     </span>
    </p>
   </div>
   <div class='ocr_carea' id='block_1_96' title="bbox 2185 3521 3769 3596">
    <p class='ocr_par' dir='ltr' id='par_1_96' title="bbox 2185 3521 3769 3596">
     <span class='ocr_line' id='line_1_96' title="bbox 2185 3521 3769 3596; baseline 0.006 -21"><span class='ocrx_word' id='word_1_695' title='bbox 2185 3521 2469 3592; x_wconf 82' lang='lat' dir='ltr'><strong>diligenter,</strong></span> <span class='ocrx_word' id='word_1_696' title='bbox 2500 3523 2711 3592; x_wconf 89' lang='lat' dir='ltr'><strong>reponit</strong></span> <span class='ocrx_word' id='word_1_697' title='bbox 2738 3522 3152 3595; x_wconf 82' lang='lat' dir='ltr'><strong>Chrysostomus</strong></span> <span class='ocrx_word' id='word_1_698' title='bbox 3191 3543 3205 3579; x_wconf 90' lang='lat'><strong>:</strong></span> <span class='ocrx_word' id='word_1_699' title='bbox 3234 3542 3336 3580; x_wconf 87' lang='lat' dir='ltr'><strong>non</strong></span> <span class='ocrx_word' id='word_1_700' title='bbox 3362 3526 3483 3581; x_wconf 85' lang='lat' dir='ltr'><strong>dicit</strong></span> <span class='ocrx_word' id='word_1_701' title='bbox 3525 3530 3660 3596; x_wconf 88' lang='lat' dir='ltr'><strong>quod</strong></span> <span class='ocrx_word' id='word_1_702' title='bbox 3693 3531 3769 3585; x_wconf 79' lang='lat' dir='ltr'><strong>sis</strong></span> 
     </span>
    </p>
   </div>
   <div class='ocr_carea' id='block_1_97' title="bbox 2184 3616 3759 3691">
    <p class='ocr_par' dir='ltr' id='par_1_97' title="bbox 2184 3616 3759 3691">
     <span class='ocr_line' id='line_1_97' title="bbox 2184 3616 3759 3691; baseline 0.003 -22"><span class='ocrx_word' id='word_1_703' title='bbox 2184 3616 2418 3669; x_wconf 83' lang='lat' dir='ltr'><strong>vitiosum</strong></span> <span class='ocrx_word' id='word_1_704' title='bbox 2459 3624 2507 3669; x_wconf 88' lang='lat' dir='ltr'><strong>et</strong></span> <span class='ocrx_word' id='word_1_705' title='bbox 2543 3632 2775 3686; x_wconf 84' lang='lat' dir='ltr'><strong>pravum,</strong></span> <span class='ocrx_word' id='word_1_706' title='bbox 2816 3616 2903 3671; x_wconf 79' lang='lat' dir='ltr'><strong>sed</strong></span> <span class='ocrx_word' id='word_1_707' title='bbox 2943 3625 3148 3687; x_wconf 82' lang='lat' dir='ltr'><strong>praptcr</strong></span> <span class='ocrx_word' id='word_1_708' title='bbox 3185 3618 3533 3688; x_wconf 76' lang='lat' dir='ltr'><strong>inﬁrmitatem</strong></span> <span class='ocrx_word' id='word_1_709' title='bbox 3570 3621 3679 3691; x_wconf 84' lang='lat' dir='ltr'><strong>ejus</strong></span> <span class='ocrx_word' id='word_1_710' title='bbox 3712 3630 3759 3674; x_wconf 85' lang='lat' dir='ltr'><strong>et</strong></span> 
     </span>
    </p>
   </div>
   <div class='ocr_carea' id='block_1_98' title="bbox 2184 3708 2523 3761">
    <p class='ocr_par' dir='ltr' id='par_1_98' title="bbox 2184 3708 2523 3761">
     <span class='ocr_line' id='line_1_98' title="bbox 2184 3708 2523 3761; baseline 0 -1"><span class='ocrx_word' id='word_1_711' title='bbox 2184 3708 2523 3761; x_wconf 83' lang='lat' dir='ltr'><strong>inutilitatem.</strong></span> 
     </span>
    </p>
   </div>
   <div class='ocr_carea' id='block_1_99' title="bbox 2254 3799 3755 3875">
    <p class='ocr_par' dir='ltr' id='par_1_99' title="bbox 2254 3799 3755 3875">
     <span class='ocr_line' id='line_1_99' title="bbox 2254 3799 3755 3875; baseline 0.002 -21"><span class='ocrx_word' id='word_1_712' title='bbox 2254 3799 2504 3854; x_wconf 87' lang='lat' dir='ltr'><strong>Naturam</strong></span> <span class='ocrx_word' id='word_1_713' title='bbox 2544 3808 2778 3855; x_wconf 87' lang='lat' dir='ltr'><strong>nostram</strong></span> <span class='ocrx_word' id='word_1_714' title='bbox 2813 3814 2933 3857; x_wconf 89' lang='lat' dir='ltr'><strong>esse</strong></span> <span class='ocrx_word' id='word_1_715' title='bbox 2974 3801 3167 3856; x_wconf 88' lang='lat' dir='ltr'><strong>malam</strong></span> <span class='ocrx_word' id='word_1_716' title='bbox 3206 3801 3545 3858; x_wconf 75' lang='lat' dir='ltr'><strong>affirmabant</strong></span> <span class='ocrx_word' id='word_1_717' title='bbox 3572 3802 3755 3875; x_wconf 86' lang='lat' dir='ltr'><strong>(Tomo</strong></span> 
     </span>
    </p>
   </div>
   <div class='ocr_carea' id='block_1_100' title="bbox 2184 3891 3753 3963">
    <p class='ocr_par' dir='ltr' id='par_1_100' title="bbox 2184 3891 3753 3963">
     <span class='ocr_line' id='line_1_100' title="bbox 2184 3891 3753 3963; baseline 0.002 -16"><span class='ocrx_word' id='word_1_718' title='bbox 2184 3891 2421 3963; x_wconf 83' lang='lat' dir='ltr'><strong>secundo)</strong></span> <span class='ocrx_word' id='word_1_719' title='bbox 2456 3909 2470 3946; x_wconf 88' lang='lat'><strong>:</strong></span> <span class='ocrx_word' id='word_1_720' title='bbox 2500 3900 2783 3962; x_wconf 85' lang='lat' dir='ltr'><strong>tamenque</strong></span> <span class='ocrx_word' id='word_1_721' title='bbox 2829 3893 2951 3962; x_wconf 89' lang='lat' dir='ltr'><strong>quia</strong></span> <span class='ocrx_word' id='word_1_722' title='bbox 2993 3908 3096 3948; x_wconf 91' lang='lat' dir='ltr'><strong>non</strong></span> <span class='ocrx_word' id='word_1_723' title='bbox 3148 3902 3323 3962; x_wconf 88' lang='lat' dir='ltr'><strong>potest</strong></span> <span class='ocrx_word' id='word_1_724' title='bbox 3369 3894 3612 3963; x_wconf 85' lang='lat' dir='ltr'><strong>impietas</strong></span> <span class='ocrx_word' id='word_1_725' title='bbox 3664 3910 3753 3950; x_wconf 88' lang='lat' dir='ltr'><strong>se-</strong></span> 
     </span>
    </p>
   </div>
   <div class='ocr_carea' id='block_1_101' title="bbox 2183 3983 3756 4055">
    <p class='ocr_par' dir='ltr' id='par_1_101' title="bbox 2183 3983 3756 4055">
     <span class='ocr_line' id='line_1_101' title="bbox 2183 3983 3756 4055; baseline 0.001 -18"><span class='ocrx_word' id='word_1_726' title='bbox 2183 3996 2303 4037; x_wconf 91' lang='lat' dir='ltr'><strong>cum</strong></span> <span class='ocrx_word' id='word_1_727' title='bbox 2354 3996 2564 4051; x_wconf 88' lang='lat' dir='ltr'><strong>semper</strong></span> <span class='ocrx_word' id='word_1_728' title='bbox 2607 3983 2942 4048; x_wconf 89' lang='lat' dir='ltr'><strong>consentirc,</strong></span> <span class='ocrx_word' id='word_1_729' title='bbox 2976 3983 3028 4036; x_wconf 89' lang='lat' dir='ltr'><strong>in</strong></span> <span class='ocrx_word' id='word_1_730' title='bbox 3056 3999 3206 4037; x_wconf 87' lang='lat' dir='ltr'><strong>canes</strong></span> <span class='ocrx_word' id='word_1_731' title='bbox 3253 3992 3300 4037; x_wconf 90' lang='lat' dir='ltr'><strong>et</strong></span> <span class='ocrx_word' id='word_1_732' title='bbox 3328 3985 3500 4038; x_wconf 87' lang='lat' dir='ltr'><strong>simias</strong></span> <span class='ocrx_word' id='word_1_733' title='bbox 3525 3989 3756 4055; x_wconf 75' lang='lat' dir='ltr'><strong>ferasque</strong></span> 
     </span>
    </p>
   </div>
   <div class='ocr_carea' id='block_1_102' title="bbox 2182 4073 3755 4143">
    <p class='ocr_par' dir='ltr' id='par_1_102' title="bbox 2182 4073 3755 4143">
     <span class='ocr_line' id='line_1_102' title="bbox 2182 4073 3755 4143; baseline 0.004 -18"><span class='ocrx_word' id='word_1_734' title='bbox 2182 4073 2345 4126; x_wconf 87' lang='lat' dir='ltr'><strong>omnis</strong></span> <span class='ocrx_word' id='word_1_735' title='bbox 2386 4074 2581 4143; x_wconf 87' lang='lat' dir='ltr'><strong>generis</strong></span> <span class='ocrx_word' id='word_1_736' title='bbox 2617 4074 2838 4127; x_wconf 80' lang='lat' dir='ltr'><strong>divinam</strong></span> <span class='ocrx_word' id='word_1_737' title='bbox 2883 4075 3145 4128; x_wconf 84' lang='lat' dir='ltr'><strong>essentiam</strong></span> <span class='ocrx_word' id='word_1_738' title='bbox 3184 4075 3505 4141; x_wconf 86' lang='lat' dir='ltr'><strong>inducebant,</strong></span> <span class='ocrx_word' id='word_1_739' title='bbox 3537 4076 3755 4132; x_wconf 86' lang='lat' dir='ltr'><strong>dicentes</strong></span> 
     </span>
    </p>
   </div>
   <div class='ocr_carea' id='block_1_103' title="bbox 2181 4163 3755 4231">
    <p class='ocr_par' dir='ltr' id='par_1_103' title="bbox 2181 4163 3755 4231">
     <span class='ocr_line' id='line_1_103' title="bbox 2181 4163 3755 4231; baseline 0.004 -18"><span class='ocrx_word' id='word_1_740' title='bbox 2181 4165 2402 4230; x_wconf 79' lang='lat' dir='ltr'><strong>ferarum</strong></span> <span class='ocrx_word' id='word_1_741' title='bbox 2431 4163 2654 4215; x_wconf 88' lang='lat' dir='ltr'><strong>omnium</strong></span> <span class='ocrx_word' id='word_1_742' title='bbox 2680 4164 2877 4218; x_wconf 81' lang='lat' dir='ltr'><strong>animus</strong></span> <span class='ocrx_word' id='word_1_743' title='bbox 2901 4180 2963 4217; x_wconf 78' lang='lat' dir='ltr'><strong>es:</strong></span> <span class='ocrx_word' id='word_1_744' title='bbox 2986 4164 3158 4219; x_wconf 86' lang='lat' dir='ltr'><strong>divina</strong></span> <span class='ocrx_word' id='word_1_745' title='bbox 3185 4167 3399 4219; x_wconf 82' lang='lat' dir='ltr'><strong>essentia</strong></span> <span class='ocrx_word' id='word_1_746' title='bbox 3424 4182 3566 4231; x_wconf 85' lang='lat' dir='ltr'><strong>esse;</strong></span> <span class='ocrx_word' id='word_1_747' title='bbox 3596 4166 3666 4219; x_wconf 89' lang='lat' dir='ltr'><strong>ita</strong></span> <span class='ocrx_word' id='word_1_748' title='bbox 3698 4176 3755 4220; x_wconf 91' lang='lat' dir='ltr'><strong>ut</strong></span> 
     </span>
    </p>
   </div>
   <div class='ocr_carea' id='block_1_104' title="bbox 2182 4254 3749 4323">
    <p class='ocr_par' dir='ltr' id='par_1_104' title="bbox 2182 4254 3749 4323">
     <span class='ocr_line' id='line_1_104' title="bbox 2182 4254 3749 4323; baseline 0.005 -14"><span class='ocrx_word' id='word_1_749' title='bbox 2182 4254 2334 4323; x_wconf 86' lang='lat' dir='ltr'><strong>longe</strong></span> <span class='ocrx_word' id='word_1_750' title='bbox 2354 4256 2639 4311; x_wconf 88' lang='lat' dir='ltr'><strong>nobiliores</strong></span> <span class='ocrx_word' id='word_1_751' title='bbox 2666 4259 2855 4313; x_wconf 78' lang='lat' dir='ltr'><strong>anima:</strong></span> <span class='ocrx_word' id='word_1_752' title='bbox 2878 4259 3107 4315; x_wconf 87' lang='lat' dir='ltr'><strong>ferarum</strong></span> <span class='ocrx_word' id='word_1_753' title='bbox 3138 4270 3318 4316; x_wconf 84' lang='lat' dir='ltr'><strong>essent</strong></span> <span class='ocrx_word' id='word_1_754' title='bbox 3343 4262 3621 4317; x_wconf 87' lang='lat' dir='ltr'><strong>animabus</strong></span> <span class='ocrx_word' id='word_1_755' title='bbox 3649 4262 3749 4317; x_wconf 89' lang='lat' dir='ltr'><strong>ho-</strong></span> 
     </span>
    </p>
   </div>
   <div class='ocr_carea' id='block_1_105' title="bbox 2180 4346 3750 4423">
    <p class='ocr_par' dir='ltr' id='par_1_105' title="bbox 2180 4346 3750 4423">
     <span class='ocr_line' id='line_1_105' title="bbox 2180 4346 3750 4423; baseline 0.008 -26"><span class='ocrx_word' id='word_1_756' title='bbox 2180 4346 2399 4399; x_wconf 85' lang='lat' dir='ltr'><strong>minum.</strong></span> <span class='ocrx_word' id='word_1_757' title='bbox 2428 4348 2733 4404; x_wconf 87' lang='lat' dir='ltr'><strong>Creaturam</strong></span> <span class='ocrx_word' id='word_1_758' title='bbox 2780 4366 2908 4406; x_wconf 86' lang='lat' dir='ltr'><strong>vero</strong></span> <span class='ocrx_word' id='word_1_759' title='bbox 2952 4351 3225 4407; x_wconf 70' lang='grc' dir='ltr'><strong>ΜειιεὶσήΨί</strong></span> <span class='ocrx_word' id='word_1_760' title='bbox 3251 4353 3433 4423; x_wconf 87' lang='lat' dir='ltr'><strong>(Tomo</strong></span> <span class='ocrx_word' id='word_1_761' title='bbox 3481 4355 3673 4423; x_wconf 82' lang='lat' dir='ltr'><strong>tertio),</strong></span> <span class='ocrx_word' id='word_1_762' title='bbox 3702 4365 3750 4409; x_wconf 84' lang='lat' dir='ltr'><strong>et</strong></span> 
     </span>
    </p>
   </div>
   <div class='ocr_carea' id='block_1_106' title="bbox 2178 4438 3751 4515">
    <p class='ocr_par' dir='ltr' id='par_1_106' title="bbox 2178 4438 3751 4515">
     <span class='ocr_line' id='line_1_106' title="bbox 2178 4438 3751 4515; baseline 0.008 -25"><span class='ocrx_word' id='word_1_763' title='bbox 2178 4438 2266 4492; x_wconf 83' lang='lat' dir='ltr'><strong>alii</strong></span> <span class='ocrx_word' id='word_1_764' title='bbox 2295 4439 2514 4494; x_wconf 81' lang='lat' dir='ltr'><strong>lta’retici</strong></span> <span class='ocrx_word' id='word_1_765' title='bbox 2547 4443 2771 4510; x_wconf 87' lang='lat' dir='ltr'><strong>quidam,</strong></span> <span class='ocrx_word' id='word_1_766' title='bbox 2803 4445 2884 4499; x_wconf 87' lang='lat' dir='ltr'><strong>dei</strong></span> <span class='ocrx_word' id='word_1_767' title='bbox 2912 4462 3012 4499; x_wconf 89' lang='lat' dir='ltr'><strong>non</strong></span> <span class='ocrx_word' id='word_1_768' title='bbox 3039 4446 3155 4501; x_wconf 89' lang='lat' dir='ltr'><strong>boni</strong></span> <span class='ocrx_word' id='word_1_769' title='bbox 3192 4463 3318 4515; x_wconf 89' lang='lat' dir='ltr'><strong>opus</strong></span> <span class='ocrx_word' id='word_1_770' title='bbox 3347 4463 3451 4502; x_wconf 83' lang='lat' dir='ltr'><strong>esse</strong></span> <span class='ocrx_word' id='word_1_771' title='bbox 3479 4448 3751 4503; x_wconf 69' lang='lat' dir='ltr'><strong>dixerunt:</strong></span> 
     </span>
    </p>
   </div>
   <div class='ocr_carea' id='block_1_107' title="bbox 2176 4530 3754 4608">
    <p class='ocr_par' dir='ltr' id='par_1_107' title="bbox 2176 4530 3754 4608">
     <span class='ocr_line' id='line_1_107' title="bbox 2176 4530 3754 4608; baseline 0.006 -27"><span class='ocrx_word' id='word_1_772' title='bbox 2176 4530 2380 4600; x_wconf 86' lang='lat' dir='ltr'><strong>quidam</strong></span> <span class='ocrx_word' id='word_1_773' title='bbox 2406 4548 2556 4584; x_wconf 88' lang='lat' dir='ltr'><strong>uuam</strong></span> <span class='ocrx_word' id='word_1_774' title='bbox 2575 4534 2686 4602; x_wconf 90' lang='lat' dir='ltr'><strong>ejus</strong></span> <span class='ocrx_word' id='word_1_775' title='bbox 2713 4542 2905 4602; x_wconf 87' lang='lat' dir='ltr'><strong>partem</strong></span> <span class='ocrx_word' id='word_1_776' title='bbox 2925 4537 3151 4590; x_wconf 84' lang='lat' dir='ltr'><strong>avulsam</strong></span> <span class='ocrx_word' id='word_1_777' title='bbox 3175 4554 3206 4591; x_wconf 90' lang='lat' dir='ltr'><strong>a</strong></span> <span class='ocrx_word' id='word_1_778' title='bbox 3230 4539 3441 4604; x_wconf 65' lang='lat' dir='ltr'><strong>ceteris,</strong></span> <span class='ocrx_word' id='word_1_779' title='bbox 3463 4547 3754 4608; x_wconf 69' lang='lat' dir='ltr'><strong>spontanee</strong></span> 
     </span>
    </p>
   </div>
   <div class='ocr_carea' id='block_1_108' title="bbox 2177 4621 3752 4699">
    <p class='ocr_par' dir='ltr' id='par_1_108' title="bbox 2177 4621 3752 4699">
     <span class='ocr_line' id='line_1_108' title="bbox 2177 4621 3752 4699; baseline 0.006 -26"><span class='ocrx_word' id='word_1_780' title='bbox 2177 4621 2397 4675; x_wconf 76' lang='lat' dir='ltr'><strong>materiw</strong></span> <span class='ocrx_word' id='word_1_781' title='bbox 2419 4622 2770 4689; x_wconf 85' lang='lat' dir='ltr'><strong>attribuerunt,</strong></span> <span class='ocrx_word' id='word_1_782' title='bbox 2794 4642 2999 4695; x_wconf 72' lang='lat' dir='ltr'><strong>caraque</strong></span> <span class='ocrx_word' id='word_1_783' title='bbox 3020 4628 3282 4698; x_wconf 86' lang='lat' dir='ltr'><strong>indignam</strong></span> <span class='ocrx_word' id='word_1_784' title='bbox 3301 4645 3408 4683; x_wconf 86' lang='lat' dir='ltr'><strong>esse</strong></span> <span class='ocrx_word' id='word_1_785' title='bbox 3434 4630 3529 4682; x_wconf 88' lang='lat' dir='ltr'><strong>Dei</strong></span> <span class='ocrx_word' id='word_1_786' title='bbox 3548 4630 3752 4699; x_wconf 78' lang='lat' dir='ltr'><strong>Opi/icio</strong></span> 
     </span>
    </p>
   </div>
   <div class='ocr_carea' id='block_1_109' title="bbox 2164 4711 3749 4780">
    <p class='ocr_par' dir='ltr' id='par_1_109' title="bbox 2164 4711 3749 4780">
     <span class='ocr_line' id='line_1_109' title="bbox 2164 4711 3749 4780; baseline 0.006 -16"><span class='ocrx_word' id='word_1_787' title='bbox 2164 4711 2488 4780; x_wconf 84' lang='lat' dir='ltr'><strong>judicarunt.</strong></span> <span class='ocrx_word' id='word_1_788' title='bbox 2515 4714 2664 4769; x_wconf 88' lang='lat' dir='ltr'><strong>Licet</strong></span> <span class='ocrx_word' id='word_1_789' title='bbox 2700 4724 2878 4771; x_wconf 86' lang='lat' dir='ltr'><strong>autem</strong></span> <span class='ocrx_word' id='word_1_790' title='bbox 2922 4717 3241 4773; x_wconf 72' lang='lat' dir='ltr'><strong>Manichazos</strong></span> <span class='ocrx_word' id='word_1_791' title='bbox 3283 4734 3389 4773; x_wconf 93' lang='lat' dir='ltr'><strong>non</strong></span> <span class='ocrx_word' id='word_1_792' title='bbox 3422 4720 3660 4774; x_wconf 88' lang='lat' dir='ltr'><strong>nominet</strong></span> <span class='ocrx_word' id='word_1_793' title='bbox 3697 4719 3749 4774; x_wconf 90' lang='lat' dir='ltr'><strong>in</strong></span> 
     </span>
    </p>
   </div>
   <div class='ocr_carea' id='block_1_110' title="bbox 2176 4802 3751 4879">
    <p class='ocr_par' dir='ltr' id='par_1_110' title="bbox 2176 4802 3751 4879">
     <span class='ocr_line' id='line_1_110' title="bbox 2176 4802 3751 4879; baseline 0.007 -26"><span class='ocrx_word' id='word_1_794' title='bbox 2176 4802 2310 4857; x_wconf 90' lang='lat' dir='ltr'><strong>libro</strong></span> <span class='ocrx_word' id='word_1_795' title='bbox 2337 4802 2406 4858; x_wconf 91' lang='lat' dir='ltr'><strong>de</strong></span> <span class='ocrx_word' id='word_1_796' title='bbox 2431 4802 2837 4874; x_wconf 86' lang='lat' dir='ltr'><strong>PrOphetiarum</strong></span> <span class='ocrx_word' id='word_1_797' title='bbox 2861 4806 3206 4875; x_wconf 85' lang='lat' dir='ltr'><strong>obscuritate,</strong></span> <span class='ocrx_word' id='word_1_798' title='bbox 3239 4809 3359 4865; x_wconf 90' lang='lat' dir='ltr'><strong>illos</strong></span> <span class='ocrx_word' id='word_1_799' title='bbox 3386 4819 3560 4865; x_wconf 88' lang='lat' dir='ltr'><strong>tamen</strong></span> <span class='ocrx_word' id='word_1_800' title='bbox 3588 4811 3751 4879; x_wconf 79' lang='lat' dir='ltr'><strong>respi-</strong></span> 
     </span>
    </p>
   </div>
   <div class='ocr_carea' id='block_1_111' title="bbox 2172 4893 3745 4973">
    <p class='ocr_par' dir='ltr' id='par_1_111' title="bbox 2172 4893 3745 4973">
     <span class='ocr_line' id='line_1_111' title="bbox 2172 4893 3745 4973; baseline 0.006 -27"><span class='ocrx_word' id='word_1_801' title='bbox 2172 4893 2243 4946; x_wconf 93' lang='lat' dir='ltr'><strong>cit</strong></span> <span class='ocrx_word' id='word_1_802' title='bbox 2269 4909 2388 4948; x_wconf 89' lang='lat' dir='ltr'><strong>cum</strong></span> <span class='ocrx_word' id='word_1_803' title='bbox 2420 4894 2691 4966; x_wconf 88' lang='lat' dir='ltr'><strong>impugnat</strong></span> <span class='ocrx_word' id='word_1_804' title='bbox 2733 4912 2827 4953; x_wconf 90' lang='lat' dir='ltr'><strong>eos</strong></span> <span class='ocrx_word' id='word_1_805' title='bbox 2865 4899 2953 4969; x_wconf 91' lang='lat' dir='ltr'><strong>qui</strong></span> <span class='ocrx_word' id='word_1_806' title='bbox 2984 4898 3230 4955; x_wconf 90' lang='lat' dir='ltr'><strong>dicebant</strong></span> <span class='ocrx_word' id='word_1_807' title='bbox 3263 4916 3460 4973; x_wconf 89' lang='lat' dir='ltr'><strong>corpus</strong></span> <span class='ocrx_word' id='word_1_808' title='bbox 3484 4918 3602 4957; x_wconf 83' lang='lat' dir='ltr'><strong>esse</strong></span> <span class='ocrx_word' id='word_1_809' title='bbox 3630 4918 3745 4956; x_wconf 83' lang='lat' dir='ltr'><strong>ma-</strong></span> 
     </span>
    </p>
   </div>
   <div class='ocr_carea' id='block_1_112' title="bbox 2171 4985 3748 5061">
    <p class='ocr_par' dir='ltr' id='par_1_112' title="bbox 2171 4985 3748 5061">
     <span class='ocr_line' id='line_1_112' title="bbox 2171 4985 3748 5061; baseline 0.006 -24"><span class='ocrx_word' id='word_1_810' title='bbox 2171 4985 2314 5050; x_wconf 89' lang='lat' dir='ltr'><strong>lum;</strong></span> <span class='ocrx_word' id='word_1_811' title='bbox 2357 4985 2674 5056; x_wconf 88' lang='lat' dir='ltr'><strong>illorumque</strong></span> <span class='ocrx_word' id='word_1_812' title='bbox 2714 5003 2951 5044; x_wconf 87' lang='lat' dir='ltr'><strong>errorem</strong></span> <span class='ocrx_word' id='word_1_813' title='bbox 2986 4989 3225 5061; x_wconf 89' lang='lat' dir='ltr'><strong>depellit,</strong></span> <span class='ocrx_word' id='word_1_814' title='bbox 3269 5006 3375 5061; x_wconf 89' lang='lat' dir='ltr'><strong>quo</strong></span> <span class='ocrx_word' id='word_1_815' title='bbox 3414 4992 3748 5047; x_wconf 82' lang='lat' dir='ltr'><strong>afﬁrmabant</strong></span> 
     </span>
    </p>
   </div>
   <div class='ocr_carea' id='block_1_113' title="bbox 2172 5074 3257 5153">
    <p class='ocr_par' dir='ltr' id='par_1_113' title="bbox 2172 5074 3257 5153">
     <span class='ocr_line' id='line_1_113' title="bbox 2172 5074 3257 5153; baseline 0.006 -27"><span class='ocrx_word' id='word_1_816' title='bbox 2172 5074 2360 5129; x_wconf 88' lang='lat' dir='ltr'><strong>malam</strong></span> <span class='ocrx_word' id='word_1_817' title='bbox 2386 5090 2503 5130; x_wconf 86' lang='lat' dir='ltr'><strong>esse</strong></span> <span class='ocrx_word' id='word_1_818' title='bbox 2528 5085 2768 5132; x_wconf 89' lang='lat' dir='ltr'><strong>naturam</strong></span> <span class='ocrx_word' id='word_1_819' title='bbox 2795 5077 2973 5149; x_wconf 88' lang='lat' dir='ltr'><strong>(Tomo</strong></span> <span class='ocrx_word' id='word_1_820' title='bbox 3001 5078 3257 5153; x_wconf 83' lang='lat' dir='ltr'><strong>septimo).</strong></span> 
     </span>
    </p>
   </div>
   <div class='ocr_carea' id='block_1_114' title="bbox 2240 5166 3745 5242">
    <p class='ocr_par' dir='ltr' id='par_1_114' title="bbox 2240 5166 3745 5242">
     <span class='ocr_line' id='line_1_114' title="bbox 2240 5166 3745 5242; baseline 0.005 -22"><span class='ocrx_word' id='word_1_821' title='bbox 2240 5166 2557 5223; x_wconf 64' lang='lat' dir='ltr'><strong>Manichacus</strong></span> <span class='ocrx_word' id='word_1_822' title='bbox 2577 5168 2735 5224; x_wconf 86' lang='lat' dir='ltr'><strong>Persa</strong></span> <span class='ocrx_word' id='word_1_823' title='bbox 2758 5171 3171 5228; x_wconf 84' lang='lat' dir='ltr'><strong>incarnationem</strong></span> <span class='ocrx_word' id='word_1_824' title='bbox 3203 5172 3357 5229; x_wconf 84' lang='lat' dir='ltr'><strong>Verbi</strong></span> <span class='ocrx_word' id='word_1_825' title='bbox 3384 5174 3471 5227; x_wconf 91' lang='lat' dir='ltr'><strong>Dei</strong></span> <span class='ocrx_word' id='word_1_826' title='bbox 3493 5173 3745 5242; x_wconf 80' lang='lat' dir='ltr'><strong>negabat,</strong></span> 
     </span>
    </p>
   </div>
   <div class='ocr_carea' id='block_1_115' title="bbox 2170 5258 3742 5332">
    <p class='ocr_par' dir='ltr' id='par_1_115' title="bbox 2170 5258 3742 5332">
     <span class='ocr_line' id='line_1_115' title="bbox 2170 5258 3742 5332; baseline 0.005 -21"><span class='ocrx_word' id='word_1_827' title='bbox 2170 5267 2223 5311; x_wconf 93' lang='lat' dir='ltr'><strong>ut</strong></span> <span class='ocrx_word' id='word_1_828' title='bbox 2273 5267 2327 5313; x_wconf 90' lang='lat' dir='ltr'><strong>et</strong></span> <span class='ocrx_word' id='word_1_829' title='bbox 2369 5258 2601 5315; x_wconf 78' lang='lat' dir='ltr'><strong>Marcion</strong></span> <span class='ocrx_word' id='word_1_830' title='bbox 2647 5269 2702 5315; x_wconf 89' lang='lat' dir='ltr'><strong>et</strong></span> <span class='ocrx_word' id='word_1_831' title='bbox 2747 5260 3076 5329; x_wconf 83' lang='lat' dir='ltr'><strong>Valentinus,</strong></span> <span class='ocrx_word' id='word_1_832' title='bbox 3121 5263 3433 5332; x_wconf 83' lang='lat' dir='ltr'><strong>dicebatque</strong></span> <span class='ocrx_word' id='word_1_833' title='bbox 3471 5262 3742 5319; x_wconf 89' lang='lat' dir='ltr'><strong>Christum</strong></span> 
     </span>
    </p>
   </div>
   <div class='ocr_carea' id='block_1_116' title="bbox 2168 5351 3739 5424">
    <p class='ocr_par' dir='ltr' id='par_1_116' title="bbox 2168 5351 3739 5424">
     <span class='ocr_line' id='line_1_116' title="bbox 2168 5351 3739 5424; baseline 0.005 -22"><span class='ocrx_word' id='word_1_834' title='bbox 2168 5351 2379 5406; x_wconf 89' lang='lat' dir='ltr'><strong>nonnisi</strong></span> <span class='ocrx_word' id='word_1_835' title='bbox 2434 5366 2530 5421; x_wconf 87' lang='lat' dir='ltr'><strong>per</strong></span> <span class='ocrx_word' id='word_1_836' title='bbox 2575 5353 2809 5422; x_wconf 88' lang='lat' dir='ltr'><strong>speciem</strong></span> <span class='ocrx_word' id='word_1_837' title='bbox 2850 5354 3159 5420; x_wconf 83' lang='lat' dir='ltr'><strong>advenisse,</strong></span> <span class='ocrx_word' id='word_1_838' title='bbox 3208 5355 3388 5424; x_wconf 89' lang='lat' dir='ltr'><strong>sicque</strong></span> <span class='ocrx_word' id='word_1_839' title='bbox 3438 5355 3739 5411; x_wconf 84' lang='lat' dir='ltr'><strong>Docttarum</strong></span> 
     </span>
    </p>
   </div>
   <div class='ocr_carea' id='block_1_117' title="bbox 2168 5438 3739 5514">
    <p class='ocr_par' dir='ltr' id='par_1_117' title="bbox 2168 5438 3739 5514">
     <span class='ocr_line' id='line_1_117' title="bbox 2168 5438 3739 5514; baseline 0.004 -23"><span class='ocrx_word' id='word_1_840' title='bbox 2168 5438 2390 5495; x_wconf 73' lang='lat' dir='ltr'><strong>Inrrcsin</strong></span> <span class='ocrx_word' id='word_1_841' title='bbox 2412 5443 2699 5498; x_wconf 87' lang='lat' dir='ltr'><strong>renovabat</strong></span> <span class='ocrx_word' id='word_1_842' title='bbox 2729 5442 2910 5510; x_wconf 83' lang='lat' dir='ltr'><strong>(Tomo</strong></span> <span class='ocrx_word' id='word_1_843' title='bbox 2938 5445 3129 5513; x_wconf 87' lang='lat' dir='ltr'><strong>tertio).</strong></span> <span class='ocrx_word' id='word_1_844' title='bbox 3150 5444 3404 5514; x_wconf 87' lang='lat' dir='ltr'><strong>Idemque</strong></span> <span class='ocrx_word' id='word_1_845' title='bbox 3420 5444 3739 5501; x_wconf 74' lang='lat' dir='ltr'><strong>Manichseus</strong></span> 
     </span>
    </p>
   </div>
   <div class='ocr_carea' id='block_1_118' title="bbox 2166 5531 3733 5602">
    <p class='ocr_par' dir='ltr' id='par_1_118' title="bbox 2166 5531 3733 5602">
     <span class='ocr_line' id='line_1_118' title="bbox 2166 5531 3733 5602; baseline 0.005 -19"><span class='ocrx_word' id='word_1_846' title='bbox 2166 5531 2382 5599; x_wconf 85' lang='lat' dir='ltr'><strong>perinde</strong></span> <span class='ocrx_word' id='word_1_847' title='bbox 2416 5541 2575 5602; x_wconf 87' lang='lat' dir='ltr'><strong>atque</strong></span> <span class='ocrx_word' id='word_1_848' title='bbox 2614 5534 2863 5601; x_wconf 81' lang='lat' dir='ltr'><strong>Marcion,</strong></span> <span class='ocrx_word' id='word_1_849' title='bbox 2909 5536 3177 5592; x_wconf 89' lang='lat' dir='ltr'><strong>Christum</strong></span> <span class='ocrx_word' id='word_1_850' title='bbox 3222 5552 3327 5594; x_wconf 89' lang='lat' dir='ltr'><strong>non</strong></span> <span class='ocrx_word' id='word_1_851' title='bbox 3370 5551 3491 5594; x_wconf 85' lang='lat' dir='ltr'><strong>esse</strong></span> <span class='ocrx_word' id='word_1_852' title='bbox 3523 5546 3733 5593; x_wconf 80' lang='lat' dir='ltr'><strong>creato-</strong></span> 
     </span>
    </p>
   </div>
   <div class='ocr_carea' id='block_1_119' title="bbox 2164 5624 3129 5698">
    <p class='ocr_par' dir='ltr' id='par_1_119' title="bbox 2164 5624 3129 5698">
     <span class='ocr_line' id='line_1_119' title="bbox 2164 5624 3129 5698; baseline 0.008 -21"><span class='ocrx_word' id='word_1_853' title='bbox 2164 5639 2275 5678; x_wconf 88' lang='lat' dir='ltr'><strong>rem</strong></span> <span class='ocrx_word' id='word_1_854' title='bbox 2304 5626 2637 5681; x_wconf 74' lang='lat' dir='ltr'><strong>asseverabat</strong></span> <span class='ocrx_word' id='word_1_855' title='bbox 2666 5624 2846 5698; x_wconf 84' lang='lat' dir='ltr'><strong>(Tomo</strong></span> <span class='ocrx_word' id='word_1_856' title='bbox 2874 5629 3129 5698; x_wconf 79' lang='lat' dir='ltr'><strong>septimo).</strong></span> 
     </span>
    </p>
   </div>
  </div>
