4054 6216
1353 132 1451 148 δέρξιν
1468 132 1555 146 καλ
1568 131 1579 146 ὅ
1592 127 1651 145 ⁶”,“¹

1730 127 1921 141 ’,ω-σακε.»

1968 123 2106 141 .-.ν-α

257 270 315 322 67
992 263 1156 331 QUAS
1200 262 1261 316 IN
1302 260 1636 317 OPElllBUS
1674 260 2151 318 CllllYSOSTOMl
2190 257 2715 317 OBSERVANTUR.
3401 269 3465 323 (is

306 402 585 467 Mattichzci,
616 400 789 470 inquit
814 398 1251 470 Chrysostomus,
1278 410 1437 451 canes
1474 395 1602 448 muti
1628 402 1681 449 et
1711 407 1795 447 ra-

247 503 339 558 bidi
360 496 589 565 speciem
617 493 831 563 quidem
864 507 972 561 pra:
1006 506 1067 545 se
1102 490 1278 544 ferunt
1315 488 1621 553 modestize,
1655 487 1794 541 intus

247 602 352 641 vero
384 600 600 656 gravem
639 600 829 639 cauum
873 583 1131 636 insaniam
1173 581 1368 644 fovent,
1412 589 1466 633 et
1505 580 1618 633 ovis
1659 578 1796 647 pelle

247 686 398 746 lupum
465 676 736 730 occultant
785 672 984 743 (Tanto
1032 671 1253 741 quarto)
1296 689 1309 724 :
1351 687 1413 723 ex
1485 668 1586 723 hoc
1644 668 1792 731 loco,

248 767 377 819 Amen
397 765 512 819 dico
538 765 646 827 tibi,
679 765 829 817 hodie
852 780 1042 816 mecum
1064 762 1162 815 eris
1184 762 1235 814 in
1258 762 1495 830 paradiso
1520 758 1670 826 (Luc.
1699 760 1789 815 25.

244 862 341 929 l3),
371 860 684 923 inferebant,
733 857 1134 912 retributionem
1165 856 1306 909 illam
1345 854 1535 908 anima:
1577 854 1797 908 latronis

246 954 477 1020 integram
521 950 711 1003 factam
751 947 917 1001 fuisse
956 956 1010 1001 et
1047 960 1332 1013 numquam
1373 943 1486 999 fore
1515 958 1794 1012 corporum

246 1040 663 1096 resurrectionem
690 1058 703 1093 :
732 1054 865 1108 quos
891 1038 1101 1106 egregie
1124 1035 1316 1090 refellit
1339 1034 1479 1089 idem
1500 1032 1557 1088 S.
1587 1032 1794 1096 doctor,

244 1143 295 1186 ut
318 1134 529 1201 quisque
557 1131 737 1184 videre
776 1130 959 1199 possit.
996 1128 1244 1182 Dicebant
1270 1141 1479 1196 quoque
1505 1140 1599 1195 per
1625 1139 1799 1179 resur-

244 1225 513 1278 rectionem
556 1221 778 1290 intelligi
817 1229 1041 1275 mortem
1070 1227 1123 1275 et
1156 1217 1524 1274 liberationem
1552 1231 1582 1270 a
1612 1230 1797 1286 pecca-

240 1317 299 1370 tis
322 1300 495 1385 (Temo
522 1312 758 1381 decimo).

301 1426 640 1487 Afﬁrmabant
663 1467 676 1482 .
698 1425 867 1494 inquit
897 1416 1309 1495 Chrysostouius
1330 1422 1512 1495 (Tomo
1536 1421 1793 1492 septimo),

240 1518 501 1571 ilaniehazi
551 1517 802 1569 malitiam
838 1531 958 1570 esse
1003 1517 1274 1569 immotam
1323 1515 1406 1569 vel
1449 1515 1793 1579 immobilem,

238 1625 398 1676 neque
435 1622 589 1676 posse
622 1606 858 1677 superari
890 1614 943 1660 et
980 1605 1160 1672 avelli,
1204 1603 1393 1658 diaboli
1435 1621 1541 1659 rem
1574 1612 1791 1674 agentes,

238 1700 302 1751 ait
345 1699 449 1762 ille,
498 1706 543 1750 et
588 1713 783 1761 eorum,
834 1697 920 1766 qui
967 1696 1135 1750 virtuti
1185 1711 1390 1765 operam
1429 1695 1552 1749 dare
1594 1694 1793 1758 uellent,

237 1807 403 1842 manus
437 1789 786 1852 dissolventes,
827 1787 1077 1852 vitamque
1111 1802 1306 1840 omnem
1342 1795 1628 1839 evertentes.
1659 1784 1797 1839 Nam

236 1882 314 1949 qui
347 1881 450 1931 lucc
474 1878 780 1947 persuadere
812 1887 1078 1941 conantur,
1111 1894 1211 1931 non
1250 1880 1424 1947 futura
1460 1886 1652 1929 tantum
1681 1892 1797 1945 pes-

234 1972 476 2034 sumdant,
514 1970 602 2024 sed
638 1971 905 2039 pra'sentia
944 1986 1138 2040 quoque
1169 1969 1417 2039 susdeque
1441 1980 1654 2024 uertunt.
1688 1970 1798 2024 luto

234 2064 470 2117 dicebant
507 2062 705 2115 malum
736 2075 854 2115 me
891 2060 1201 2130 ingenitum.
1229 2060 1422 2127 Quanti
1451 2070 1630 2115 autem
1674 2062 1800 2115 hinc

232 2169 433 2209 mores
471 2161 825 2222 sequerentur
863 2154 1052 2221 probat
1080 2151 1167 2206 ille
1202 2160 1257 2207 et
1290 2151 1546 2221 lucifugae
1583 2151 1799 2221 depellit

232 2242 415 2312 (Temo
462 2239 654 2313 nono).
676 2242 815 2297 Alibi
865 2256 1075 2312 quoque
1114 2241 1228 2297 haec
1273 2242 1474 2311 profert
1504 2262 1518 2295 :
1547 2241 1647 2296 Per
1698 2259 1797 2311 pu-

232 2335 383 2385 tidum
399 2349 455 2385 os
480 2331 881 2386 unum
898 2331 1127 2385 diabolus
1147 2348 1201 2385 se
1223 2332 1497 2403 ingenitum
1516 2348 1621 2386 esse
1639 2332 1757 2386 dicit
1780 2349 1799 2385 :

230 2442 380 2487 nam,
423 2424 595 2492 inquit
624 2422 745 2487 ille,
797 2421 1075 2478 Παιτίώωί
1112 2424 1339 2478 dicebant
1394 2424 1533 2495 apud
1576 2422 1800 2478 Paulum

229 2520 368 2568 deum
413 2516 566 2585 hujus
618 2516 790 2569 surculi
832 2517 1121 2586 signiﬁcare
1169 2517 1427 2573 diabolum
1466 2515 1665 2589 (Tanto
1720 2517 1802 2570 de-

231 2609 354 2660 cimo
375 2609 416 2677 ).

301 2722 597 2775 Eneratitas
645 2736 749 2775 una
806 2736 929 2776 cum
986 2721 1339 2778 Marcionistis
1392 2732 1446 2777 et
1497 2721 1800 2777 Mauiehzeis

228 2822 613 2867 commemorat
663 2812 1080 2884 Cltrysostomus
1116 2812 1296 2885 (Tanto
1353 2815 1664 2883 undecimo).
1725 2814 1801 2869 De

227 2906 323 2960 hac
353 2913 530 2959 autem
570 2905 760 2961 haeresi
805 2906 1079 2961 rarissime
1113 2906 1275 2961 verba
1316 2907 1477 2972 facit;
1519 2918 1802 2980 tamenque

228 3012 320 3047 suo
348 3007 586 3065 tempore
610 2995 904 3051 Eucratitze
930 2996 1107 3051 adhuc
1134 2997 1431 3052 Antiochia:
1465 3008 1636 3065 erant,
1667 3006 1802 3053 teste

230 3086 540 3154 Epiphanio.
578 3087 880 3141 Eucratitas
920 3102 1025 3141 nou
1071 3088 1234 3141 semel
1264 3099 1647 3144 commemorat
1683 3088 1802 3145 Cle-

230 3193 381 3231 mens
409 3177 819 3243 Alexandrinus,
848 3178 935 3248 qui
966 3178 1104 3232 libro
1124 3179 1155 3232 '1
1177 3177 1505 3234 Stromatum
1541 3180 1650 3245 ait,
1682 3180 1802 3235 illos

227 3272 324 3322 ἐπὸ
372 3270 617 3339 iunctae,
662 3273 760 3323 ἀπὸ
808 3276 1076 3341 ἕγκρατείας
1117 3271 1194 3325 sic
1242 3272 1518 3341 appellari.
1545 3270 1802 3342 Origenes

225 3369 404 3414 unum
446 3354 661 3417 Celsum
712 3362 842 3417 dicit
888 3364 1036 3433 ipsos
1072 3380 1177 3417 non
1220 3363 1499 3419 admisisse
1539 3365 1804 3435 Epistolas

225 3452 392 3506 l’auli.
442 3454 637 3509 Narrat
684 3470 811 3510 vero
866 3456 1126 3513 Eusebius
1174 3457 1313 3513 llist.
1368 3458 1514 3515 Eccl.
1570 3476 1623 3531 p.
1678 3460 1802 3525 M9,

222 3541 382 3611 hujus
425 3545 697 3600 haereseos
746 3555 1016 3602 auctorem
1070 3547 1232 3603 fuisse
1288 3548 1586 3605 Tatiauum.
1644 3552 1804 3623 lthue

218 3635 505 3689 continuat
542 3625 702 3690 etiam
736 3636 1082 3707 Epiphanius,
1121 3639 1211 3711 qui
1250 3640 1394 3695 addit
1438 3642 1561 3696 illos
1597 3642 1803 3696 Tatiaui

215 3727 481 3782 doctrin
526 3729 771 3798 quaedam
825 3730 1105 3799 adiecisse,
1161 3734 1438 3803 scripturis
1485 3735 1805 3807 apocryphis

214 3836 345 3873 usos
376 3820 568 3885 fuisse,
599 3836 789 3890 nempe
809 3822 958 3878 Actis
981 3824 1230 3895 Andreas,
1250 3824 1468 3881 Joannis
1488 3835 1542 3881 et
1560 3826 1801 3891 Thomm;

212 3913 435 3980 tmptias
472 3926 541 3965 ex
576 3911 790 3966 diabolo
833 3928 954 3968 esse
990 3913 1254 3978 docuisse,
1294 3916 1523 3972 animata
1563 3916 1809 3986 repudia-

212 4004 384 4064 visse,
418 4015 615 4069 aquam
657 4002 828 4056 solum
859 4002 1165 4060 adhibuisse
1204 4005 1257 4059 in
1299 4007 1597 4076 mysteriis,
1627 4007 1805 4061 viuum

208 4104 339 4145 esse
402 4090 729 4146 diabolicutn
777 4095 1075 4162 potavisse,
1132 4097 1577 4152 resurrectionem
1630 4107 1806 4154 tamen

215 4184 345 4237 fore
377 4185 697 4251 credidisse,
731 4186 1137 4257 temperantiam
1168 4188 1521 4244 simulavisse.

286 4298 449 4353 Multi
482 4309 636 4357 erant
676 4308 916 4369 tempore
947 4300 1335 4374 Chrysostomi,
1367 4305 1455 4375 qui
1484 4305 1666 4376 genesi
1698 4307 1810 4361 sive

213 4390 665 4459 genethlialogizc
704 4389 902 4444 dabant
928 4406 1167 4460 operam,
1202 4394 1398 4464 quique
1437 4409 1505 4450 ex
1543 4404 1809 4450 astrorum

214 4494 384 4533 cursu
420 4490 479 4535 et
510 4480 884 4549 conjunctione
911 4481 1085 4539 futura
1116 4484 1494 4553 praedicebaut,
1524 4496 1578 4541 et
1609 4494 1664 4541 ut
1688 4502 1808 4542 cre-

217 4572 353 4625 dere
394 4581 506 4635 est,
550 4572 746 4627 multos
786 4574 1112 4642 allieiebaut,
1150 4578 1239 4647 qui
1284 4586 1340 4631 ut
1378 4576 1552 4633 futura
1588 4578 1687 4633 sibi
1726 4579 1809 4633 vel

217 4663 366 4716 bona
396 4665 483 4719 vel
515 4665 653 4719 mala
682 4676 1096 4735 prrnoscereut,
1127 4669 1193 4723 ad
1222 4671 1519 4740 astrologos
1545 4672 1663 4727 illos
1692 4688 1813 4741 pro-

226 4757 526 4823 perabant,
559 4766 618 4811 ut
646 4757 764 4812 data
791 4760 1066 4825 mercede,
1097 4777 1217 4832 qua:
1244 4762 1346 4816 sibi
1382 4772 1636 4819 eventura
1661 4773 1816 4820 erant

220 4846 542 4900 ediscerent
588 4846 788 4915 (Tomo
833 4851 1100 4919 septimo).
1142 4851 1251 4907 llos
1290 4852 1633 4908 vehementer
1676 4856 1815 4911 inse-

217 4946 405 4990 etatur
452 4935 870 5012 Chrysostonms
909 4940 1089 5010 (Tomo
1119 4942 1434 5014 duodecimo)
1474 4961 1486 4997 :
1527 4944 1815 5018 Usquequo,

220 5025 429 5095 inquit,
460 5028 645 5083 ludetis
672 5031 1028 5085 revolutionem
1058 5041 1103 5086 et
1129 5035 1347 5103 genesim
1377 5034 1705 5090 inducentes?
1737 5036 1817 5093 Ex

221 5118 380 5174 falsis
421 5137 553 5176 vero
601 5122 1053 5194 prtedictionibus,
1097 5141 1230 5195 quas
1276 5142 1421 5196 sape
1460 5128 1813 5197 protulerant,

223 5230 393 5280 quinm
433 5231 569 5272 vana
616 5218 685 5271 sit
718 5232 807 5272 ars
846 5218 1147 5287 liujusmodi
1188 5219 1396 5288 probat,
1437 5222 1673 5291 nihilque
1713 5237 1817 5275 non

222 5307 343 5375 agit
371 5317 427 5361 ut
447 5307 721 5365 auditores
745 5325 871 5365 suos
895 5327 926 5365 a
952 5311 1158 5366 curiosa
1183 5321 1238 5367 et
1263 5313 1401 5367 inani
1430 5313 1811 5383 perquisitione

222 5406 464 5453 avertat.
498 5400 719 5465 Quidam
758 5416 889 5455 vero
935 5416 998 5455 ex
1040 5401 1205 5472 magis
1246 5411 1300 5457 et
1330 5403 1482 5458 stella
1511 5418 1628 5473 qua:
1654 5418 1819 5473 appa-

219 5490 339 5542 ruit
378 5491 433 5545 in
476 5502 591 5547 ortu
626 5493 849 5558 Christi,
894 5493 1116 5562 probare
1145 5495 1451 5551 nitebantur
1483 5496 1821 5566 astrologiam

218 5598 421 5636 veram
452 5599 570 5639 esse
596 5584 963 5654 disciplinam,
994 5603 1125 5657 quos
1160 5598 1376 5647 strenue
1402 5588 1594 5647 refellit
1619 5599 1673 5646 et
1697 5604 1825 5646 con-

213 5673 363 5733 fusas
394 5673 843 5747 Chryscstomus.
1012 5724 1063 5744 κ

1473 5730 1492 5757 ι

1971 387 2159 443 insana
2186 402 2397 457 quoque
2421 384 3089 456 Anthropomorpltitarum
3117 384 3336 440 haeresis
3360 402 3477 441 :evo

1901 479 1994 533 illo
2021 478 2249 548 vigebat.
2276 477 2336 531 lli
2366 492 2428 532 ex
2462 479 2561 531 hoc
2582 476 2808 531 Genesis
2825 475 2984 540 dicto,
3011 474 3282 530 Faciamus
3310 460 3477 531 homi-

1900 584 2013 621 nem
2031 568 2303 621 secundum
2324 568 2591 637 imaginem
2616 575 2661 619 et
2681 565 3060 620 similitudinem
3079 575 3299 620 nostram
3325 563 3478 629 (Gen.

1902 658 1952 713 i.
1978 655 2095 727 26),
2124 656 2291 712 Deum
2332 658 2560 711 humana
2604 655 2771 711 forma
2827 665 2882 712 et
2923 671 3148 725 corpore
3199 657 3478 726 prmditum

1901 749 2062 804 fuisse
2092 750 2385 804 inferebant
2401 747 2583 816 (Tomo
2610 748 2944 819 quarto).liic
2970 750 3235 819 insurgunt
3260 749 3481 803 lueretici

1900 841 2009 907 alii,
2029 841 2197 910 inquit
2212 840 2321 905 ille,
2339 838 2578 893 Ecclesia:
2591 840 2828 910 dogmata
2844 841 3210 909 impugnantes,
3225 849 3269 892 et
3286 840 3479 906 dicunt,

1905 930 2033 985 Ecce
2060 931 2200 997 dicit,
2234 930 2522 984 Secundum
2559 931 2828 1001 imaginem
2865 939 3128 993 nostram;
3166 938 3213 982 et
3251 929 3369 983 inde
3395 944 3482 984 vo-

1901 1024 2009 1076 lunt
2044 1022 2149 1076 Deo
2176 1022 2445 1075 humanam
2481 1023 2697 1091 formam
2723 1022 2972 1086 tribuere;
2996 1023 3051 1075 id
3082 1024 3215 1092 quod
3247 1032 3482 1077 extraria:

1900 1115 2049 1182 fuerit
2068 1114 2317 1177 amentiae,
2350 1123 2401 1167 ut
2422 1114 2464 1168 is
2489 1114 2575 1183 qui
2602 1117 2765 1184 [arma
2793 1116 3049 1184 specieque
3077 1125 3241 1183 mret,
3274 1125 3319 1169 et
3349 1117 3483 1174 nulli

1901 1206 2165 1259 mutationi
2185 1205 2427 1260 obnoxius
2447 1215 2539 1274 est,
2566 1206 2655 1260 sub
2676 1206 2946 1260 humanam
2966 1208 3221 1277 redigatur
3242 1211 3477 1278 fontium,

1901 1305 1947 1347 et
1986 1295 2278 1365 incorporeo
2305 1295 2527 1349 membra
2564 1304 2610 1349 et
2637 1297 2937 1350 lineamenta
2962 1298 3298 1351 attribuantur
3323 1315 3341 1352 :
3368 1316 3483 1369 qua:

1901 1389 2015 1441 huic
2042 1389 2239 1443 insania
2268 1407 2361 1460 par
2388 1391 2578 1460 fuerit?
2605 1389 2738 1457 Quia
2767 1405 2893 1445 vero
2918 1390 3480 1462 Autbropomorphitm

1905 1477 2028 1533 hinc
2070 1493 2220 1532 suam
2270 1478 2589 1535 confirmare
2632 1480 2951 1535 sententiam
3003 1495 3156 1550 posse
3199 1483 3478 1551 putabant,

1900 1567 2042 1637 quod
2068 1568 2122 1623 iu
2151 1567 2419 1638 Scriptura
2442 1582 2592 1624 sacra
2621 1570 2885 1625 diceretur
2915 1570 3055 1625 Deus
3083 1586 3291 1637 manus,
3323 1571 3482 1639 pedes

1901 1672 1956 1715 et
1996 1661 2177 1717 oculos
2219 1660 2433 1726 habere,
2460 1677 2580 1732 qua:
2621 1661 2760 1716 dicta
2814 1662 3099 1716 humanam
3136 1660 3359 1717 formam
3385 1678 3479 1717 ex-

1901 1750 2131 1820 primere
2169 1749 2268 1806 sibi
2321 1749 2637 1806 videbantur
2672 1750 2867 1822 (Tomo
2895 1752 3101 1822 quinto)
3139 1769 3152 1804 :
3184 1751 3303 1805 illos
3354 1766 3480 1821 pro-

1902 1840 2045 1912 ﬂigat
2070 1840 2501 1913 Chrysostomus,
2538 1843 2656 1898 haec
2680 1843 2910 1899 vicissim
2933 1844 3192 1913 objiciens
3224 1862 3238 1899 :
3271 1844 3483 1913 Ergone

1906 1933 2089 1997 Deum,
2113 1932 2233 2002 quia
2262 1933 2315 1987 in
2338 1933 2608 2002 Scriptum
2634 1934 2827 1989 dicitur
2853 1949 3036 1989 arcum
3068 1935 3285 1990 tendere
3311 1946 3365 1989 et
3393 1949 3486 1988 sa-

1901 2024 2057 2092 gittas
2085 2024 2349 2090 emittere,
2382 2024 2746 2094 sagittarium;
2779 2033 2833 2078 et
2859 2024 2978 2094 quia
3017 2025 3245 2094 gladium
3277 2025 3484 2080 vibrare

1901 2112 2089 2179 fertur,
2132 2114 2352 2169 militem
2402 2114 2739 2183 putabimus?
2775 2130 2951 2168 annon
2991 2114 3078 2168 illa
3123 2114 3323 2177 omnia,
3365 2130 3483 2184 qua:

1902 2202 2238 2271 metaphorice
2264 2211 2467 2258 tantum
2498 2202 2639 2259 dicta
2671 2212 2822 2271 sunt,
2852 2204 2929 2259 sic
2964 2203 3030 2259 ad
3064 2204 3292 2261 litteram
3323 2204 3483 2260 inter-

1903 2295 2100 2363 pretari
2119 2305 2379 2350 extrema:
2402 2296 2683 2351 dementiae
2703 2295 2896 2351 fuerit?

1974 2383 2263 2451 Sabellius,
2312 2385 2481 2455 inquit
2519 2385 2707 2441 doctor
2756 2395 2938 2441 noster
2988 2384 3193 2458 (Tomo
3248 2387 3409 2456 primo
3438 2389 3479 2458 ),

1903 2490 2082 2545 genere
2100 2475 2242 2545 Afer,
2265 2492 2378 2530 cum
2415 2477 2637 2531 audisset
2654 2519 2669 2542 ,
2693 2475 2805 2548 Ego
2823 2486 2871 2533 et
2892 2476 3049 2532 Pater
3084 2495 3238 2531 unum
3269 2496 3441 2531 sumus
3465 2521 3481 2545 ,

1904 2574 1987 2633 et,
2021 2565 2118 2631 Qui
2156 2566 2277 2620 vidit
2316 2583 2424 2635 me,
2465 2567 2585 2622 uidit
2618 2566 2827 2623 Patrem
2857 2568 3482 2641 (Ιοαη.10.50;12.45),

1904 2671 1969 2711 ex
1995 2656 2089 2711 hac
2118 2656 2374 2711 verborum
2396 2658 2789 2728 propinquitate,
2819 2676 2921 2729 qua
2945 2662 3012 2713 ad
3039 2662 3311 2731 genitorem
3344 2678 3487 2715 acce-

1903 2747 2021 2802 dere
2057 2747 2336 2815 uidebatur,
2381 2749 2691 2803 occasionem
2728 2751 3000 2820 impietatis
3039 2752 3272 2821 arripuit,
3319 2753 3390 2805 itu
3430 2763 3485 2809 ut

1903 2855 2059 2892 unam
2114 2855 2220 2894 esse
2264 2855 2531 2911 personam
2554 2881 2570 2907 ,
2609 2849 2655 2894 et
2703 2842 3011 2911 Iiypostasim
3053 2858 3205 2895 unam
3246 2855 3482 2897 censeret.

1905 2928 2158 2999 Spiritum
2196 2944 2389 2999 quoque
2413 2938 2643 2984 sanctunt
2685 2946 2786 2985 non
2830 2947 2985 2984 unam
3026 2931 3323 2986 constituere
3364 2930 3485 2986 Tri-

1904 3022 2076 3075 nitatis
2130 3036 2395 3091 personam
2453 3020 2730 3092 afﬁrmabat
2752 3022 2771 3092 (
2790 3021 2832 3075 Τ
2833 3038 2946 3075 omo
2996 3021 3203 3094 octavo)
3225 3064 3239 3088 ,
3270 3023 3487 3077 dicebat-

1903 3130 1999 3185 que
2038 3111 2245 3168 Patrem
2298 3122 2344 3168 et
2394 3112 2589 3169 Filium
2643 3124 2691 3169 et
2750 3114 2999 3184 Spiritum
3051 3125 3306 3180 sanctum,
3351 3118 3489 3171 unda

1905 3220 2011 3259 esse
2061 3205 2266 3260 nomina
2299 3206 2388 3260 uni
2432 3222 2655 3276 persona:
2695 3206 2932 3277 imposita
2964 3204 3145 3276 (Tomo
3174 3207 3486 3277 undecimo),

1906 3311 2099 3366 nempe
2137 3297 2429 3352 secundum
2466 3297 2817 3353 differentiam
2860 3298 3229 3367 operationum
3276 3316 3290 3352 :
3328 3314 3486 3368 quam

1907 3388 2177 3455 haeresim,
2206 3399 2262 3445 ut
2287 3406 2402 3447 aevo
2426 3406 2524 3446 suo
2550 3390 2836 3461 vigentem,
2862 3389 3057 3459 passim
3088 3390 3175 3445 ille
3200 3388 3417 3461 depellit
3436 3399 3490 3447 et

1907 3480 2138 3550 exagitat
2164 3479 2344 3551 (Tomo
2373 3482 2710 3552 duodecimo).

1977 3570 2453 3643 Frequentioribus
2497 3589 2624 3629 vero
2664 3574 2786 3629 telis
2824 3573 3043 3630 Paulum
3086 3576 3488 3630 Samosatenum

1910 3663 2114 3734 impetit
2139 3672 2195 3718 et
2232 3665 2349 3732 ejus
2386 3664 2637 3728 asseclas,
2666 3665 2756 3734 qui
2800 3674 2924 3721 tunc
2964 3681 3155 3736 magno
3190 3666 3352 3722 fuisse
3393 3685 3492 3722 nu-

1908 3770 2059 3811 mero
2095 3755 2357 3811 videntur.
2406 3756 2621 3810 Dicebat
2666 3765 2842 3811 autem
2882 3757 3074 3813 Paulus
3111 3757 3491 3815 Samosatenus

1910 3846 2203 3916 Christum,
2225 3848 2333 3904 imo
2356 3848 2586 3903 Verbum
2611 3848 2725 3914 Dei,
2755 3857 2879 3904 tunc
2900 3850 3070 3905 solum
3092 3851 3339 3920 coepisse,
3365 3866 3487 3906 cum

1912 3939 2074 3995 Maria
2105 3940 2275 4009 ipsum
2305 3939 2486 4009 genuit
2514 3938 2709 4009 (Tanto
2737 3940 2926 4008 tertio).
2962 3939 3087 3995 Cum
3116 3942 3247 3995 enim
3266 3982 3281 4006 ,
3316 3941 3485 4010 inquit

1910 4028 2343 4100 Chrysostomus,
2372 4044 2431 4083 ea
2481 4044 2593 4099 qua:
2643 4029 2695 4082 in
2746 4028 2938 4082 deserto
2991 4040 3133 4098 gesta
3184 4039 3335 4096 sunt,
3367 4041 3484 4084 ante

1915 4119 2136 4174 Mariam
2163 4122 2298 4189 facta
2326 4121 2444 4186 sint,
2467 4130 2513 4173 et
2535 4120 2762 4174 Christus
2793 4120 2996 4191 (nempe
3021 4119 3119 4176 Dei
3155 4121 3393 4192 Verbum)
3415 4140 3493 4176 sr-

1913 4212 2133 4266 cundum
2153 4210 2310 4266 Pauli
2334 4227 2499 4266 vocent
2522 4211 2613 4265 illa
2638 4212 2807 4266 omnia
2824 4213 3018 4282 fecerit,
3042 4229 3240 4269 necesse
3258 4222 3329 4268 est
3349 4215 3495 4268 illum

1916 4304 2071 4374 fuisse
2108 4311 2155 4356 et
2193 4313 2311 4357 ante
2351 4312 2551 4373 partum
2579 4312 2628 4357 et
2664 4312 2779 4357 ante
2811 4305 3210 4375 parturitionem.
3245 4306 3496 4381 Dicebant

1914 4394 2111 4465 quippe
2149 4393 2339 4449 Paulus
2379 4393 2756 4450 Samosatenus
2794 4404 2847 4450 et
2890 4396 3006 4465 ejus
3044 4411 3319 4466 sequaces,
3364 4413 3495 4465 quos

1917 4484 2200 4540 Pauliauos
2229 4494 2383 4540 vocat
2406 4497 2622 4541 sanctus
2648 4486 2853 4551 doctor,
2879 4486 3107 4541 Verbum
3133 4486 3222 4540 Dei
3247 4503 3349 4539 non
3373 4496 3494 4539 ante

1918 4578 2111 4631 sarcula
2132 4618 2146 4643 ,
2180 4577 2287 4633 imo
2317 4593 2415 4632 nec
2437 4587 2559 4632 ante
2586 4577 2763 4633 Mariae
2794 4587 2999 4647 partum
3029 4576 3212 4631 fuisse.
3251 4577 3311 4631 Si
3337 4578 3491 4641 enim,

1918 4667 1993 4722 ait
2015 4668 2122 4733 ille,
2155 4678 2270 4722 ante
2296 4668 2479 4722 Maria:
2505 4679 2725 4738 partum,
2753 4677 2799 4721 et
2824 4677 3088 4736 antequam
3111 4667 3162 4721 in
3186 4684 3337 4722 carne
3359 4686 3412 4723 se
3434 4670 3495 4723 υἱ·
3550 4673 3555 4679 ’

1921 4760 2139 4813 dendum
2180 4760 2439 4830 praeberet,
2468 4776 2568 4812 non
2598 4767 2702 4813 erat
2728 4755 3026 4826 (Ibidem);
3066 4757 3314 4826 quomodo
3340 4760 3498 4829 legem

1924 4850 2129 4921 ferebat,
2154 4866 2266 4902 cum
2289 4865 2387 4903 non
2414 4848 2582 4903 esset?
2605 4845 2851 4916 quomodo
2885 4857 3054 4900 autent
3090 4847 3284 4901 dicebat
3317 4848 3500 4918 (Tomo

1921 4942 2137 5012 quinto)
2166 4957 2177 4993 :
2210 4960 2227 4991 ε
2258 4940 2494 4994 Testabor
2549 4939 2683 4993 vobis
2737 4946 3085 4993 testamentum
3135 4955 3349 5006 novum,
3401 4958 3500 4996 non

1923 5034 2049 5087 sicut
2077 5042 2443 5097 testamentum,
2467 5031 2600 5101 quod
2629 5040 2834 5085 testatus
2862 5048 2975 5085 sum
3009 5034 3234 5100 patribus
3325 5036 3503 5085 vestris

1926 5125 2055 5196 (Jer.
2083 5125 2278 5179 51.5l.
2299 5123 2427 5193 52)?
2457 5144 2473 5174 ι
2497 5125 2753 5192 quomodo
2771 5123 2903 5176 eniut
2954 5134 3295 5178 testamentum
3350 5124 3499 5174 dabnt

1928 5216 2151 5284 patribus
2209 5230 2421 5280 eorum,
2456 5230 2567 5266 cum
2623 5214 2844 5268 nondum
2907 5224 3069 5279 esset,
3124 5224 3177 5267 ut
3236 5214 3311 5266 illi
3366 5213 3501 5281 affir-

1928 5319 2065 5361 mant
2084 5309 2109 5361 ?

2002 5400 2054 5453 In
2078 5399 2315 5454 mulieris
2335 5397 2606 5468 cujusdam
2630 5398 2871 5468 gratiam,
2896 5395 3083 5466 inquit,
3107 5394 3328 5449 salutem
3348 5411 3499 5452 suam

1934 5492 2164 5563 prodidit
2185 5491 2379 5545 Paulus
2400 5491 2807 5551 Samosatenus;
2834 5487 2918 5541 illa
2939 5494 3115 5539 autem
3140 5483 3374 5539 Zenobia
3388 5497 3505 5541 erat

1935 5584 2112 5653 regina
2142 5584 2419 5653 Palmyrtc,
2450 5596 2568 5650 qua:
2602 5578 2764 5633 Paulo
2790 5575 3136 5631 Samosateuo
3172 5572 3398 5629 favebat.
3432 5576 3506 5634 De

1939 5676 2079 5737 illius
2109 5692 2232 5734 vero
2272 5672 2539 5733 erroribus
2576 5685 2680 5728 non
2721 5666 2866 5740 paria
2892 5665 3108 5724 omnino
3146 5664 3445 5725 referuntur
3471 5684 3500 5726 a
