4058 6218
457 275 524 328 69
1707 251 1722 268 ’-
1775 250 2057 309 svnorsr

2162 251 2361 310 ZORUM

457 402 804 470 scriptoribus
834 399 1230 465 ecclesiasticis,
1274 398 1580 463 Athanasio,
1615 397 1866 465 Eusebio,
1907 399 2031 468 Epi-

457 496 652 565 phanio
680 504 734 549 et
771 492 1076 548 Philastrio.
1115 491 1337 559 Quidam
1379 499 1562 561 putant
1604 490 1747 544 illum
1771 533 1784 556 ,
1817 491 2035 560 perinde

456 599 616 655 atque
658 583 970 648 Sabellium,
1012 583 1320 637 identitatem
1373 595 1718 650 personarum
1769 581 1939 635 Patris
1983 590 2036 636 ct

459 678 576 732 Filii
598 687 651 732 et
675 677 906 746 Spiritus
931 675 1121 740 sancti,
1145 689 1318 742 neque
1341 682 1445 726 tres
1465 686 1718 741 personas
1741 673 2035 728 admisisse.

461 768 829 824 Theodoretus
866 782 995 822 vero
1033 767 1125 820 lib.
1175 767 1199 819 1
1246 764 1312 819 de
1353 763 1626 818 llaereticis
1663 763 1878 828 fabulis,
1910 764 2038 818 dicit

459 862 676 915 Paulum
719 860 1121 915 Samosatennm
1166 871 1386 926 negasse
1420 856 1561 926 quod
1595 856 1749 911 Jesus
1786 857 2034 913 Christus

465 956 621 1008 luerit
651 955 805 1017 Dens,
841 952 995 1019 idque
1023 950 1167 1004 clare
1195 949 1322 1003 dicit
1369 949 1698 1004 Philastrius.
1735 951 1883 1004 Illam
1911 965 2038 1004 vero

461 1045 775 1098 sententiam
822 1049 1092 1112 oppugnat
1131 1049 1184 1095 et
1233 1042 1401 1110 carpit
1441 1055 1507 1095 ex
1551 1040 1634 1095 his
1673 1039 2039 1112 Chrysostomi

460 1135 636 1190 verbis
655 1133 834 1201 (Tomo
865 1132 1193 1201 undecimo)-:
1227 1133 1323 1199 Qui
1353 1132 1605 1187 descendit
1630 1134 1734 1202 ipse
1762 1143 1852 1197 est,
1885 1143 1929 1186 et
1957 1134 2040 1204 qui

459 1224 680 1278 ascendit
707 1240 856 1292 super
879 1240 1048 1277 euntes
1074 1223 1243 1290 caelos,
1272 1237 1324 1277 ut
1346 1225 1641 1296 adimpleret
1671 1227 1858 1279 omnia.

529 1315 661 1369 Cum
701 1315 766 1368 iis
809 1315 967 1369 etiam
1007 1314 1225 1369 Paulum
1257 1315 1659 1369 Samosatenum
1705 1326 2040 1380 annumerat,

461 1408 545 1478 qui
568 1405 938 1462 resurrectioni
959 1419 1060 1460 non
1079 1405 1366 1460 credebant
1387 1405 1568 1477 (Tomo
1599 1405 1817 1477 quinto).

532 1498 1072 1553 Melchisedecitarum
1101 1513 1310 1568 quoque
1332 1497 1551 1553 haeresis
1579 1499 1784 1568 vigebat
1807 1498 2040 1568 Chryso-

466 1589 624 1643 stomi
656 1603 790 1653 aevo,
837 1602 969 1657 quos
1005 1587 1504 1644 Melcliiscdecianos
1541 1597 1692 1642 vocat
1723 1589 2044 1658 Epiphanius

463 1681 658 1750 (Tomo
685 1682 886 1749 sexto).
951 1680 1010 1734 lli
1066 1679 1310 1734 dicebant
1348 1679 1785 1735 Melchisedecum
1837 1678 2048 1734 Christo

465 1770 719 1839 majorem
761 1785 902 1826 esse.
948 1771 1052 1824 Alii
1090 1786 1276 1825 rursus
1317 1770 1562 1826 dicebant
1602 1770 2046 1826 Melehisedccum

464 1874 583 1915 esse
608 1860 857 1928 Spiritum
881 1871 1142 1926 sanctum,
1167 1861 1317 1930 cujus
1343 1862 1541 1916 erroris
1569 1869 1839 1916 auctorem
1866 1857 2047 1917 Hiera-

465 1964 580 2004 cem
631 1948 832 2018 profert
888 1949 1232 2018 Epiphanius.
1293 1951 1402 2006 [loc
1450 1959 1626 2006 autem
1681 1959 2046 2021 argumentum

468 2041 786 2110 objiciehant
807 2041 1292 2106 Melehisedeciani;
1323 2043 1375 2096 in
1395 2042 1621 2098 Psalmis
1645 2043 1712 2098 de
1735 2042 1948 2098 Christo
1969 2043 2050 2096 di-

468 2134 644 2187 citur:
679 2132 760 2186 Tu
801 2150 852 2187 es
888 2134 1122 2188 sacerdos
1153 2135 1204 2187 in
1243 2144 1484 2188 internum
1524 2135 1793 2188 secundum
1825 2135 2049 2188 ordinem

473 2223 801 2277 Illclchisedec
829 2223 998 2293 (Psal.
1025 2223 1144 2280 109.
1171 2223 1225 2296 4)
1255 2242 1268 2278 :
1311 2225 1450 2280 unde
1492 2225 1788 2279 inferebant
1813 2241 1932 2279 eum
1962 2224 2050 2293 qui

472 2314 522 2365 in
541 2313 724 2368 ordine
750 2313 1116 2368 Melehisedeci
1141 2324 1302 2378 esset,
1326 2314 1528 2369 ordinis
1553 2315 1708 2384 capiti
1742 2323 1794 2370 et
1827 2315 2049 2384 principi

471 2401 775 2456 inferiorem
797 2416 932 2457 esse.
958 2403 1261 2473 Respondet
1282 2404 1692 2475 Chrysostomus
1713 2403 2053 2460 Melchisede-

472 2509 590 2548 cum
624 2494 844 2561 ﬁguram
870 2501 1069 2547 tantum
1101 2494 1262 2549 fuisse
1289 2492 1508 2560 Christi,
1541 2503 1594 2548 et
1621 2508 1741 2548 cum
1770 2508 1960 2562 panem
1999 2503 2054 2550 et

475 2587 650 2640 vinum
680 2585 888 2652 obtulit,
918 2585 1236 2641 sacriﬁcium
1262 2601 1290 2640 a
1321 2585 1532 2642 Christo
1562 2585 1888 2641 offerendum
1912 2601 2052 2656 pror-

475 2677 784 2741 nuntiasse;
833 2691 896 2731 ac
928 2691 1047 2731 cum
1075 2677 1354 2746 Apostolus
1397 2676 1557 2742 dicat,
1599 2675 1668 2730 In
1707 2677 1906 2731 nomine
1929 2676 2056 2730 .Iesu

475 2783 618 2820 cuiue
651 2782 780 2837 genu
815 2769 1046 2836 ﬂectatur
1092 2765 1347 2838 (Philipp.
1385 2766 1438 2820 2.
1479 2767 1594 2838 10),
1634 2767 1761 2823 hinc
1800 2765 2054 2836 consequi

475 2859 631 2913 etiam
664 2858 1112 2915 Melchisedecum
1153 2875 1322 2930 genua
1355 2859 1567 2917 ﬂexisse
1606 2870 1731 2917 ante
1763 2861 2054 2918 Christum.

477 2951 552 3004 De
578 2949 1063 3007 Melchisedecianis
1091 2951 1200 3022 agit
1235 2953 1392 3008 etiam
1421 2952 1788 3010 Theodoretus
1830 2954 2056 3010 Hazreti-

477 3054 660 3095 carum
707 3039 875 3095 fabul.
902 3040 939 3094 l.
971 3041 1058 3106 Η,
1087 3050 1142 3096 et
1168 3040 1320 3096 Joan.
1365 3043 1720 3098 Damascenus
1751 3043 1950 3098 Haeresi
1988 3044 2058 3100 55

479 3128 636 3198 (Ibid.
665 3129 828 3197 d.c.).
872 3128 1040 3184 Judmi
1077 3145 1202 3184 vero
1229 3131 1475 3186 dicebant
1500 3131 1937 3186 Melchisedecum
1987 3148 2056 3188 ex

481 3219 826 3274 fornicatione
870 3229 1050 3272 natum
1094 3221 1276 3284 fuisse,
1329 3220 1553 3291 ideoque
1596 3223 1710 3276 sine
1752 3222 2058 3292 genealogia

480 3325 617 3378 csse,
655 3311 796 3381 quod
823 3311 981 3366 etiam
1019 3311 1183 3367 refert
1209 3313 1556 3382 Epiphanius.
1591 3313 1782 3378 Quibus
1812 3331 1902 3368 nos
1927 3316 2061 3369 dice-

483 3419 612 3467 mus,
643 3402 776 3472 quod
811 3403 906 3472 ipsi
938 3420 1198 3472 perperam
1243 3403 1509 3475 loquantur
1537 3422 1555 3459 :
1589 3405 1878 3460 Salomonis
1906 3407 2057 3472 enim,

482 3494 564 3561 qui
589 3509 652 3546 ea:
677 3493 906 3546 adultera
941 3492 1078 3547 Uria:
1101 3511 1256 3547 uxore
1279 3503 1427 3548 natus
1457 3504 1548 3560 est,
1580 3496 1868 3566 genealogia
1895 3507 2061 3552 tamen

483 3581 701 3635 ducitur.
751 3582 855 3637 Sed
881 3585 1117 3652 quoniam
1146 3583 1476 3639 Melchisedec
1505 3596 1656 3656 typus
1696 3597 1802 3642 erat
1833 3587 2056 3655 Domini,

483 3681 528 3724 et
567 3673 834 3743 imaginem
872 3673 1056 3741 ferebat
1086 3673 1292 3740 Christi,
1336 3679 1754 3744 quemadmodum
1791 3690 1838 3733 et
1876 3679 2060 3746 Jonas,

485 3763 596 3816 ideo
622 3762 890 3832 Scriptura
931 3765 1039 3834 ejus
1069 3776 1260 3835 patrem
1305 3769 1478 3835 tacuit,
1531 3777 1584 3820 ut
1615 3769 1665 3822 in
1694 3767 1784 3820 illo
1809 3779 2061 3842 tamquam

486 3854 536 3906 in
563 3854 780 3924 imagine
804 3853 1086 3920 Christum,
1131 3858 1216 3925 qui
1248 3873 1354 3910 vere
1378 3859 1486 3912 sine
1512 3869 1657 3928 patre
1685 3869 1729 3910 et
1754 3859 1861 3916 sine
1884 3878 2062 3932 genea-

488 3946 622 4016 logia
649 3955 741 4011 est,
771 3947 1073 4001 intueamur.

559 4035 815 4092 Catharos
863 4038 1023 4092 etiam
1069 4039 1179 4093 sive
1226 4039 1395 4094 Puros
1435 4054 1537 4094 non
1578 4041 1741 4096 semel
1773 4043 2062 4114 impugnat,

489 4126 629 4194 quod
657 4141 716 4181 se
735 4126 996 4183 Catharos
1020 4129 1130 4184 sive
1158 4144 1318 4198 puros
1347 4131 1602 4200 dicerent,
1635 4134 1724 4203 qui
1747 4137 1889 4190 omni
1912 4137 2068 4192 sorde

497 4215 636 4285 pleni
659 4227 860 4284 essent,
884 4234 983 4274 nec
1010 4220 1114 4274 alio
1141 4236 1360 4290 usquam
1390 4225 1606 4280 nomine
1629 4227 1856 4296 appellat
1879 4229 2067 4299 (Tomo

502 4306 765 4360 undecimo
813 4318 861 4362 et
914 4308 1068 4363 Tomo
1116 4311 1410 4366 duodecimo
1438 4314 1478 4384 ).
1526 4314 1690 4370 Erant
1751 4327 1927 4372 autem
1994 4321 2068 4374 illi

493 4395 788 4465 Novatiani,
818 4398 884 4454 de
907 4414 1131 4470 quorum
1154 4402 1357 4470 origine
1386 4404 1544 4459 multa
1570 4406 1770 4474 profert
1791 4413 1840 4463 in
1863 4409 2070 4479 Episto-

495 4491 560 4546 lis
581 4492 690 4547 suis
719 4491 776 4547 S.
804 4493 1119 4563 Cyprianus,
1144 4509 1205 4549 ac
1236 4505 1354 4565 post
1381 4512 1501 4553 eum
1526 4499 1785 4556 Eusebius
1813 4503 2068 4572 Pamphili

495 4581 551 4636 iu
579 4581 736 4650 llist.,
780 4583 1099 4654 denmmque
1134 4585 1462 4656 Epiphanius
1495 4603 1558 4645 ac
1596 4600 1712 4659 post
1746 4606 1864 4646 eum
1895 4593 2074 4646 Phila-

497 4670 656 4727 strius
684 4690 698 4725 :
730 4687 848 4742 qua:
875 4675 1030 4728 simul
1073 4677 1248 4731 omnia
1285 4691 1566 4734 recensere
1596 4695 1699 4734 non
1729 4690 1810 4736 est
1849 4682 2070 4737 instituti

498 4765 692 4818 nostri.
737 4765 816 4820 Ex
846 4766 912 4821 iis
941 4783 1091 4833 vero,
1133 4784 1251 4838 quae
1287 4771 1629 4827 concionatus
1666 4782 1747 4828 est
1786 4788 1925 4828 anno
1970 4775 2073 4830 599

500 4853 978 4925 Constantinopoli,
1028 4859 1174 4928 argui
1211 4859 1419 4915 videtur
1449 4863 1642 4917 multos
1674 4872 1798 4918 tunc
1828 4863 1990 4918 fuisse
2021 4865 2075 4918 in

503 4947 588 5001 illa
628 4947 759 5002 urbe
787 4947 1108 5005 Novatianos
1141 4967 1232 5006 seu
1254 4952 1509 5008 Catharos
1535 4957 1624 5024 qui
1654 4972 1712 5012 se
1733 4955 1834 5012 hoc
1864 4957 2077 5012 nomine

503 5037 887 5108 eompellabant
910 5039 1090 5111 (Tomo
1119 5042 1741 5114 duodecimo).Auditores
1767 5049 1907 5102 enim
1931 5057 2080 5117 rogat

501 5139 556 5186 et
581 5129 824 5185 obsecrat
851 5140 907 5185 ut
940 5144 970 5184 a
1013 5131 1100 5184 tali
1125 5131 1377 5199 iactantia
1407 5150 1466 5189 se
1503 5138 1756 5202 eximant,
1787 5146 1840 5192 et
1868 5138 2076 5192 illorum

506 5222 860 5290 arrogantiam
903 5221 1156 5286 devitem,
1203 5237 1267 5277 ac
1315 5225 1488 5293 potius
1516 5225 1706 5280 delicta
1737 5242 1832 5281 sua
1861 5227 2080 5283 abluant

507 5321 556 5366 et
585 5323 799 5383 peccata
821 5313 1191 5368 conﬁteantur.

579 5404 762 5457 Arium
785 5414 836 5458 et
853 5404 1078 5458 Arianos
1100 5403 1459 5473 infrequenter
1481 5413 1740 5458 memorat
1765 5405 2080 5477 Chrysosto-

510 5509 647 5558 lmls,
697 5497 815 5565 quia
849 5497 1114 5555 Anommi.
1160 5512 1223 5551 ex
1266 5497 1583 5550 Arianorum
1616 5498 1778 5566 stirpe
1816 5501 2076 5567 prognati,

512 5598 634 5640 tunc
655 5603 747 5657 per
773 5591 1043 5648 Orientem
1073 5591 1444 5662 grassabantur
1465 5598 1516 5647 ct
1535 5589 1822 5646 catholicos
1837 5591 2083 5646 doctores

512 5683 824 5738 exercebant
857 5701 870 5738 :
903 5685 1130 5756 indeque
1151 5685 1209 5742 ﬁt
1239 5693 1500 5743 utcontra
1525 5686 1813 5742 Anommos
1841 5684 1928 5740 ille
1959 5699 2078 5757 per-

3649 280 3714 333 ἴω

2143 414 2304 474 petuo
2331 402 2641 458 veliﬁeetur.
2680 402 2755 457 De
2776 403 2904 458 Ario
2933 411 3106 456 autem
3129 403 3198 456 ait
3228 403 3309 456 ille
3334 402 3416 472 ('I‘.
3443 404 3490 456 Ι.
3521 421 3572 472 p.
3593 405 3715 458 ιω.

2142 497 2226 564 α);
2252 493 2418 547 Instat
2441 493 2592 548 Arius
2634 498 2686 547 in
2723 493 3053 548 diversitatem
3079 495 3368 548 substantia:
3399 511 3723 564 personarum

2141 584 2514 638 distinctionem
2555 585 2776 638 trahens.
2811 584 3027 639 Dicebat
3073 585 3212 639 enim
3244 585 3334 639 Dei
3361 583 3591 639 Verbum
3619 598 3723 637 non

2145 689 2361 743 semper
2393 673 2575 740 fuisse,
2623 673 2715 728 sed
2741 689 2804 728 ex
2834 674 2998 728 nihilo
3027 674 3221 728 factum
3249 683 3302 728 et
3327 682 3584 738 creatum,
3618 687 3721 728 non

2141 774 2422 831 aeternum,
2473 781 2578 820 non
2628 765 2768 819 Patri
2806 765 2977 820 simile
3015 766 3306 820 secundum
3351 765 3723 829 substantiam,

2144 875 2315 930 neque
2341 875 2524 915 verum
2558 858 2650 914 Dei
2684 858 2934 925 Verbum,
2966 869 3056 912 aut
3099 858 3433 928 sapientiam,
3465 858 3559 914 sed
3588 868 3726 911 cata-

2142 952 2379 1006 chrcstice
2429 953 2498 1006 ita
2549 951 2727 1005 vocari
2765 966 2778 1004 :
2834 963 2954 1004 esse
3001 959 3184 1003 natura
3232 949 3507 1014 mutabile,
3552 964 3726 1019 neque

2144 1059 2301 1100 nosse
2323 1044 2554 1107 Patrem,
2587 1043 2694 1097 imo
2728 1057 2794 1096 ne
2822 1054 2972 1094 suam
3000 1041 3212 1111 quidem
3242 1042 3406 1112 ipsius
3437 1053 3674 1095 naturam
3709 1059 3721 1093 :

2145 1146 2361 1207 propter
2407 1148 2502 1190 nos
2541 1134 2735 1190 factum
2769 1135 2950 1200 fuisse,
2999 1142 3056 1188 ut
3103 1134 3192 1188 illo
3230 1149 3325 1188 ceu
3372 1134 3726 1189 instrumento

2147 1242 2244 1281 nos
2272 1225 2527 1282 conderet
2557 1227 2735 1290 Deus;
2770 1240 2939 1294 neque
2969 1223 3256 1280 creandum
3283 1223 3463 1291 fuisse,
3496 1223 3596 1280 nisi
3627 1239 3725 1280 nos

2149 1319 2287 1372 Deus
2318 1316 2548 1370 condere
2577 1316 2827 1369 voluisset

2223 1409 2367 1462 Ilanc
2414 1422 2570 1476 porro
2623 1401 2938 1461 sententiam
2989 1403 3137 1473 quasi
3193 1403 3259 1457 ab
3290 1402 3416 1457 Ario
3463 1401 3724 1470 prolatam

2151 1497 2313 1552 refert
2350 1496 2760 1567 Chrysostomus
2803 1493 2983 1566 (Tomo
3009 1493 3324 1561 undecimo):
3365 1490 3482 1545 Non
3531 1501 3726 1560 poterat

2151 1587 2287 1642 Deus
2311 1603 2552 1656 generous
2578 1602 2814 1656 generare
2849 1583 3212 1658 impatibiliter.
3257 1581 3481 1651 Ideoque
3521 1595 3585 1634 ne
3611 1595 3729 1648 pas-

2152 1679 2354 1732 sionem
2385 1674 2667 1746 quamdam
2699 1675 2748 1728 in
2782 1675 2888 1728 Deo
2917 1673 3237 1736 admitteret,
3261 1671 3469 1726 dicebat
3497 1669 3726 1724 Verbum

2153 1783 2181 1820 a
2215 1767 2321 1821 Deo
2359 1782 2462 1819 non
2494 1765 2754 1835 genitum,
2803 1763 2896 1818 sed
2924 1763 3117 1817 factum
3160 1756 3502 1830 creatumque
3544 1760 3726 1815 fuisse.

2158 1877 2176 1908 ‹
2213 1858 2364 1912 Arius
2395 1856 2582 1910 Filium
2615 1856 2825 1924 quidem
2859 1856 3068 1921 fatetur,
3099 1854 3191 1908 sed
3241 1863 3440 1908 tantum
3477 1852 3727 1906 nomine:

2151 1956 2447 2002 creaturam
2474 1942 2614 2001 enim
2642 1960 2760 2001 esse
2796 1945 2928 2000 dicit
2967 1953 3022 2000 et
3055 1944 3212 1998 Patre
3241 1943 3394 2013 longe
3421 1943 3677 1997 minorem
3708 1959 3726 1992 ι

2156 2037 2422 2112 (Ibidem).

2225 2131 2384 2184 Arius
2414 2143 2539 2186 vero
2569 2136 2616 2184 et
2648 2128 2762 2198 ejus
2792 2141 3044 2198 sequaces
3069 2126 3260 2180 Filium
3287 2141 3400 2181 rem
3430 2135 3659 2181 creatam
3680 2134 3732 2180 et

2155 2221 2467 2276 dissimilem
2495 2235 2614 2275 esse
2640 2221 2780 2275 Patri
2809 2219 3189 2289 proﬁtebantur
3217 2235 3232 2273 :
3265 2221 3384 2289 quia
3415 2228 3586 2274 tamen
3618 2229 3735 2289 post

2155 2323 2396 2365 exortum
2426 2325 2578 2366 suum
2606 2326 2636 2364 a
2663 2309 2953 2365 Catholicis
2975 2308 3150 2363 acrius
3174 2310 3581 2379 impctebantur,
3613 2309 3736 2365 inde

2159 2402 2351 2457 factum
2385 2413 2440 2457 ut
2479 2402 2532 2456 in
2565 2402 2685 2457 ﬁdei
2728 2399 2970 2456 formulis
3005 2416 3067 2455 ac
3094 2402 3466 2456 controversiis
3494 2400 3736 2471 qumdam

2156 2491 2416 2560 celarent,
2451 2493 2552 2547 alia
2586 2492 2910 2563 mitigarent,
2941 2491 3096 2562 idque
3122 2489 3266 2546 vafre
3290 2501 3343 2545 et
3377 2490 3736 2545 fraudulenter

2157 2594 2300 2640 metu
2345 2584 2764 2653 impendentium
2817 2583 3102 2650 malorum,
3151 2591 3208 2636 ut
3251 2581 3458 2651 paulum
3511 2581 3736 2650 tempori

2158 2674 2531 2731 concederent.
2570 2675 2760 2731 Postea
2788 2690 2915 2731 vero
2941 2689 3060 2730 cum
3087 2675 3377 2744 imperante
3405 2672 3738 2738 Constantio,

2159 2783 2268 2823 sua:
2303 2776 2462 2823 secta:
2500 2767 2732 2834 addicto,
2781 2768 2986 2838 majore
3012 2767 3310 2822 fruerentur
3337 2765 3602 2829 libertate,
3646 2762 3736 2817 Fi-

2160 2859 2287 2914 lium
2314 2859 2456 2916 Patri
2483 2859 2817 2925 dissimilem,
2835 2875 3134 2925 auomaeum,
3159 2857 3366 2928 publice
3385 2865 3438 2911 et
3463 2857 3513 2910 in
3539 2857 3738 2910 formu-

2159 2949 2224 3004 lis
2251 2948 2373 3004 ﬁdei
2398 2949 2662 3015 dicebant,
2695 2947 2923 3019 indeque
2951 2948 3168 3013 factum,
3201 2955 3254 3000 ut
3281 2945 3526 3010 Ariamazi,
3553 2944 3738 3014 appel-

2158 3040 2416 3096 larentur.
2443 3041 2607 3095 Erant
2629 3050 2804 3094 autem
2829 3053 3020 3110 magno
3046 3053 3268 3092 numero
3295 3046 3402 3090 tum
3425 3034 3740 3100 Antiochia),

2162 3141 2272 3188 tum
2303 3131 2793 3202 Constantinopoli,
2839 3139 2894 3188 et
2919 3130 3152 3201 quotidie
3187 3145 3306 3183 cum
3332 3128 3614 3184 Catholicis
3642 3126 3741 3180 de-

2161 3223 2452 3279 certabant.
2494 3223 2727 3278 Joannes
2755 3237 2883 3278 vero
2918 3231 3100 3276 noster
3126 3219 3318 3275 multas
3345 3218 3596 3272 adversus
3622 3217 3742 3271 illos

2161 3315 2449 3370 conciones
2499 3314 2682 3370 habuit
2736 3313 2825 3385 (T.
2878 3315 2960 3384 i),
3006 3327 3197 3381 nempe
3233 3311 3525 3367 Antiochia:
3557 3309 3741 3364 decem

2161 3407 2516 3469 continenter.
2541 3421 2692 3476 quas,
2721 3405 3048 3474 interpositis
3064 3403 3183 3458 aliis
3203 3403 3397 3458 diversi
3425 3399 3741 3470 argumenti,

2165 3499 2353 3568 partim
2383 3512 2525 3551 anno
2554 3497 2679 3562 386,
2727 3496 2916 3566 partim
2952 3495 3169 3550 ineunte
3196 3495 3319 3559 587,
3361 3491 3742 3562 pronuntiavit.

2167 3590 2311 3643 Alias
2354 3604 2562 3659 quoque
2591 3589 2745 3644 annis
2779 3588 3118 3658 sequentibus
3167 3588 3450 3642 conciones
3491 3585 3742 3639 habuisse

2165 3679 2391 3745 videtur,
2446 3693 2667 3748 quarum
2698 3693 2856 3733 unam
2884 3693 3107 3748 eamque
3140 3677 3404 3748 egregiam
3445 3673 3640 3737 deteri,
3686 3682 3743 3728 et

2165 3785 2192 3822 a
2229 3770 2498 3824 Bentzelio
2543 3785 2710 3840 nuper
2747 3769 2940 3824 editam
2980 3769 3156 3824 multis
3193 3770 3242 3822 in
3290 3767 3421 3822 locis
3463 3765 3747 3821 emendavi

2169 3859 2253 3932 (T.
2273 3859 2350 3932 6).

2237 3951 2368 4017 Quia
2395 3965 2520 4004 vero
2549 3947 3004 4018 Constantinopoli
3036 3948 3194 4003 etiam
3227 3949 3606 4002 Anomozorum
3637 3943 3745 3998 fre-

2169 4041 2384 4110 quentia
2416 4051 2563 4104 erat;
2603 4038 2856 4105 secunda,
2886 4052 3043 4108 quam
3073 4037 3158 4090 illa
3187 4037 3316 4091 urbe
3345 4036 3541 4090 Praesul
3569 4034 3750 4088 habuit

2169 4132 2378 4197 concio,
2419 4141 2600 4186 contra
2626 4131 2914 4186 Anomazos
2941 4138 3076 4185 erat.
3114 4129 3368 4194 Alteram,
3409 4142 3566 4197 quam
3589 4126 3750 4180 etiam

2171 4236 2353 4282 contra
2385 4225 2674 4279 Anommos
2704 4222 3159 4292 ConstantinOpoli
3181 4222 3378 4286 habuit,
3415 4219 3752 4274 continenter

2172 4318 2466 4388 posuimus,
2493 4315 2736 4382 forteque
2767 4315 2896 4369 alias
2932 4322 3113 4369 contra
3134 4313 3411 4367 haereticos
3439 4311 3557 4364 illos
3581 4309 3750 4364 homi-

2174 4410 2269 4464 lias
2293 4407 2445 4472 dixit,
2474 4421 2592 4478 qua:
2615 4407 2697 4461 vel
2725 4406 2890 4462 latent
2911 4406 2962 4461 in
2981 4405 3216 4473 Oriente,
3246 4405 3323 4460 vel
3352 4416 3566 4474 prorsus
3585 4401 3751 4457 amis-

2174 4518 2247 4558 sre
2269 4510 2410 4556 sunt.

2248 4592 2491 4648 Anomati
2518 4606 2582 4647 eo
2610 4590 2946 4662 arrogantize,
2977 4589 3083 4643 imo
3113 4585 3450 4657 impudentiae
3475 4592 3754 4648 venerant,

2178 4696 2235 4740 nt
2261 4687 2499 4741 dicerent
2535 4699 2594 4740 se
2623 4698 2835 4740 omnem
2867 4680 3142 4736 scientiam
3178 4677 3464 4747 accepisse,
3496 4689 3660 4746 seque
3686 4675 3755 4728 ita

2181 4777 2344 4830 Deum
2389 4789 2582 4841 nosse,
2623 4783 2680 4829 ut
2732 4774 2846 4842 ipse
2887 4786 2946 4826 se
3005 4775 3226 4825 noverat
3269 4764 3473 4839 (Tomo
3521 4766 3684 4836 primo
3714 4771 3757 4832 ).

2181 4865 2369 4920 Filium
2424 4881 2528 4920 non
2573 4863 2863 4920 substantia
2903 4861 3131 4916 similem
3177 4858 3320 4912 Patri
3364 4871 3484 4911 esse
3520 4855 3758 4908 afﬁrma-

2182 4960 2307 5014 bant
2359 4957 2664 5030 (Ibidem).
2707 4956 2829 5010 ideo
2875 4963 3049 5008 autem
3094 4951 3341 5007 dicebant
3385 4950 3555 5020 ipsum
3611 4945 3756 5001 Patri

2183 5066 2364 5119 parem
2397 5065 2502 5104 non
2533 5062 2680 5112 esse,
2711 5047 2828 5117 quia
2861 5046 3070 5100 Patrem
3102 5042 3416 5113 precabatur
3445 5039 3463 5109 (
3485 5037 3682 5092 Ibidem
3713 5037 3754 5104 ).

2185 5140 2496 5209 inteqnalem
2549 5153 2668 5193 esse
2715 5136 2855 5191 Patri
2903 5133 3096 5205 passim
3145 5130 3455 5187 asserebant
3480 5123 3762 5197 (Ibidem).

2182 5231 2461 5286 Addebant
2514 5242 2723 5298 quoque
2774 5225 3044 5280 Christum
3108 5235 3407 5292 supremam
3445 5217 3629 5288 judicii
3679 5216 3762 5270 fe-

2186 5320 2334 5375 rendi
2379 5327 2691 5389 potestatem
2735 5333 2840 5371 non
2863 5314 3080 5370 habere.
3112 5313 3442 5381 Quapropter
3469 5309 3766 5363 Anomaeo-

2187 5426 2306 5464 rum
2382 5421 2580 5464 sectam
2645 5407 2884 5478 apposite
2939 5405 3136 5475 carpsit
3183 5401 3594 5472 Chrysostomus
3639 5413 3762 5454 cum

2186 5503 2317 5559 dixit
2344 5501 2579 5569 (Ibidem
2609 5502 2666 5572 ):
2705 5521 2722 5554 ε
2750 5503 3129 5556 Anommorum
3199 5492 3446 5548 haeresim
3506 5490 3766 5561 plantavit

2190 5594 2588 5648 ratiociniorum
2629 5591 2997 5661 intempestiva
3053 5585 3348 5642 curiositas.
3386 5602 3404 5636 ι
3440 5584 3766 5652 Argumenta

2193 5695 2368 5740 autem
2421 5699 2605 5740 eorum
2655 5693 2762 5738 tam
2809 5681 2974 5753 probe
3021 5688 3076 5737 et
3121 5677 3400 5750 perspicue
3445 5673 3662 5746 depellit
3711 5671 3768 5729 in
