4054 6216
287 420 347 474 7'
1081 424 1243 495 eum
1283 424 1345 479 IN
1384 423 1718 482 ornamus
1753 420 2216 479 cnnrsosrout
2257 418 2785 476 ousenvaurun.
3491 413 3559 467 η.

282 537 633 594 «υιιρίοηίὺιις
659 539 803 605 suis,
836 547 894 593 ut
926 542 1013 592 vix
1045 536 1246 608 uspiam
1276 537 1400 607 quid
1449 533 1733 606 perfectius
1770 531 1875 587 hoc

288 634 340 681 ιιι
363 646 565 700 genere
586 629 766 685 videre
792 630 967 700 possis
998 649 1012 683 :
1041 629 1107 683 ab
1140 629 1205 683 iis
1229 643 1355 683 vero
1375 626 1665 683 referendis
1706 625 1872 681 absti-

291 737 506 785 nemus,
543 739 608 775 ne
633 722 898 792 longiores
924 722 1111 777 simus.

356 814 726 867 Macedonium
770 830 983 884 quoque
1014 814 1218 884 impetit
1251 823 1304 869 et
1342 814 1874 881 Pneumatomaehos,

285 908 368 975 qui
432 906 702 960 l’ararleto
764 907 947 959 bellum
1006 906 1286 975 inferebant
1346 905 1544 975 (Tomo
1590 908 1808 961 secundo
1834 906 1873 977 ).

286 1000 482 1051 Ceiitra
515 998 1060 1052 Pncumatomacltum
1103 999 1245 1053 enim
1284 1000 1411 1067 agit,
1449 1014 1568 1054 cum
1602 1000 1877 1070 explicans

290 1091 439 1143 illum
470 1090 617 1143 Pauli
653 1091 844 1151 locum,
881 1090 1004 1144 Ηανε
1030 1101 1196 1145 autem
1224 1092 1392 1145 omnia
1413 1101 1648 1161 aperatur
1676 1108 1806 1144 unus
1831 1100 1877 1143 et

288 1182 419 1231 idem
438 1181 686 1249 Spiritus,
704 1181 927 1234 dividens
940 1182 1150 1251 singulis
1167 1191 1314 1250 prout
1333 1180 1434 1234 vult
1451 1181 1465 1249 (
1480 1182 1499 1235 l
1512 1220 1525 1233 .
1546 1182 1660 1235 Cor.
1670 1182 1691 1235 1
1702 1182 1750 1235 2.
1768 1183 1785 1234 1
1803 1182 1874 1250 1),

290 1272 413 1322 talia
441 1270 620 1322 fatur:
657 1289 673 1320 ε
712 1269 837 1324 Haec
867 1276 1017 1339 porro
1051 1274 1219 1324 omnia
1252 1281 1490 1339 operatur
1523 1288 1653 1325 unus
1678 1280 1724 1324 et
1746 1271 1879 1324 idem

286 1360 543 1426 Spiritus.
574 1360 674 1414 Sed
703 1368 901 1424 motus,
937 1361 1213 1430 inquies,.a
1240 1362 1369 1427 Deo,
1400 1361 1594 1415 Verum
1623 1361 1724 1416 hoc
1750 1376 1877 1415 nus-

284 1467 451 1516 quam
479 1450 634 1516 dixit,
677 1451 770 1505 sed
792 1459 848 1505 tu
878 1452 1005 1505 illud
1035 1452 1262 1521 effingis.
1296 1452 1515 1520 Quando
1545 1454 1683 1507 enim
1729 1454 1874 1518 dicit,

289 1540 647 1608 Quieperatur
674 1542 842 1594 omnia
866 1542 917 1594 in
947 1542 1343 1614 omnibusUbid.
1367 1559 1417 1595 v.
1442 1543 1519 1612 6),
1549 1543 1616 1597 de
1647 1544 1877 1598 homini-

289 1631 391 1685 bus
426 1634 526 1686 hoc
547 1633 706 1686 dicit:
737 1649 998 1702 nusquam
1021 1650 1138 1689 cum
1168 1634 1469 1690 hominibus
1495 1637 1746 1705 Spiritum
1778 1653 1877 1690 an-

288 1734 560 1787 numerat,
592 1726 797 1778 etiarnsi
816 1726 1010 1780 millies
1026 1735 1268 1781 amenter
1289 1727 1521 1797 loquaris
1545 1739 1596 1783 et
1620 1729 1873 1783 insanias.

287 1813 390 1879 Qui
422 1815 563 1867 enim
593 1816 722 1869 dixit
743 1816 887 1882 alibi,
933 1816 1031 1870 Per
1061 1818 1327 1888 Spiritum,
1362 1829 1411 1873 ut
1443 1834 1508 1873 ne
1535 1828 1685 1888 putes
1730 1822 1875 1887 illud,

289 1922 400 1974 per,
447 1906 831 1960 imminutionis
858 1922 979 1963 esse
1018 1923 1223 1974 vocem,
1257 1926 1356 1965 nee
1398 1911 1547 1964 illum
1579 1912 1782 1967 moveri
1810 1912 1875 1966 ad

288 1996 696 2063 operationem,
746 1998 1018 2069 subjungit
1063 2002 1272 2070 operari
1327 2002 1604 2072 Spiritum,
1658 2020 1763 2059 non
1811 2006 1877 2060 ad

288 2100 335 2151 ο⁴
360 2086 657 2140 emtinttcm
677 2090 875 2143 moveri
895 2106 909 2154 ;
930 2100 981 2145 et
1010 2102 1261 2160 operatur
1285 2103 1341 2147 ut
1366 2096 1496 2159 vult,
1522 2112 1623 2150 non
1644 2107 1694 2150 ut
1719 2098 1876 2164 jube-

292 2184 395 2229 tur.
421 2176 882 2241 Quemadmodum
915 2182 1055 2235 enim
1087 2183 1154 2238 de
1183 2184 1338 2241 Patre
1357 2185 1521 2240 Filius
1542 2188 1687 2255 dicit,
1720 2188 1877 2243 Exci-

290 2278 360 2320 tat
398 2281 624 2324 mortuas
652 2281 695 2324 et
735 2274 949 2341 viviﬁcat
978 2274 1153 2344 (Joan.
1184 2278 1237 2331 5.
1267 2277 1359 2348 21)
1404 2297 1417 2333 :
1452 2282 1695 2338 similiter
1722 2292 1776 2338 ct
1811 2283 1878 2339 de

291 2362 491 2429 seips»,
526 2362 665 2427 Quos
690 2365 790 2417 vult
817 2365 1064 2433 riviﬁcat;
1087 2369 1164 2423 sic
1190 2378 1244 2423 et
1262 2369 1329 2425 de
1353 2370 1571 2441 Spiritu,
1600 2374 1724 2428 alibi
1754 2376 1876 2445 qui-

292 2452 410 2505 dem
433 2454 573 2521 quod
603 2469 721 2508 cum
747 2463 1006 2524 potestate
1024 2460 1202 2515 omnia
1228 2460 1402 2528 faciat,
1427 2472 1481 2518 et
1501 2464 1630 2520 nihil
1646 2466 1713 2520 sit
1735 2468 1876 2537 quod

294 2544 565 2613 impediat,
605 2566 624 2597 ι
652 2556 756 2601 etc.

368 2636 441 2689 De
490 2637 738 2691 Marcello
780 2641 1062 2710 Ancyrano
1100 2653 1153 2698 et
1195 2645 1423 2702 Photino
1456 2649 1570 2718 ejus
1614 2650 1876 2721 discipulo

297 2723 415 2779 ltu‘c
446 2738 617 2780 narrat
648 2727 1081 2801 Chrysostomns,
1118 2735 1258 2803 ipsos
1298 2753 1489 2808 nempe
1517 2740 1701 2796 eadem
1725 2757 1876 2798 asse-

293 2820 474 2873 ruisse
500 2831 547 2874 et
564 2823 899 2891 prmdicasse,
921 2842 1036 2895 qua:
1054 2827 1329 2893 Sabellins,
1352 2833 1439 2901 qui
1457 2833 1660 2889 diccbat
1684 2834 1872 2890 Filium

291 2921 345 2963 et
389 2910 593 2965 Patrem
632 2923 685 2968 et
713 2914 969 2985 Spiritum
1000 2927 1236 2973 sanctum
1266 2937 1421 2976 unam
1450 2938 1568 2979 esse
1595 2940 1873 2993 personam

296 2997 475 3065 (Temo
495 3002 841 3075 duodecimo).
874 3007 946 3061 De
985 3007 1212 3063 Marcelli
1245 3027 1369 3065 vero
1394 3012 1633 3070 doctrina
1664 3018 1872 3087 longam

297 3092 569 3148 diatribam
604 3096 867 3152 edidimus
899 3115 1039 3155 anno
1071 3103 1205 3157 1707
1239 3121 1252 3156 :
1298 3105 1382 3159 ubi
1419 3107 1534 3173 ejus
1559 3114 1872 3167 sententiam

298 3203 361 3240 cx
392 3187 614 3242 Eusebio
639 3190 899 3259 Pamphili
936 3204 1207 3263 exceptant
1239 3197 1316 3252 sic
1351 3201 1707 3268 expressimus
1736 3202 1875 3273 (Col-

295 3278 436 3331 lectio
468 3278 616 3333 Nora
647 3280 855 3335 Patrum
881 3294 917 3336 t.
937 3284 990 3337 2.
1019 3286 1184 3353 initio)
1229 3306 1242 3340 :
1272 3286 1415 3342 Unus
1443 3290 1503 3342 ab
1524 3301 1709 3346 teterno
1738 3293 1875 3350 Deus

291 3370 540 3423 exsistit:
586 3374 731 3440 cujus
790 3374 969 3439 Ratio,
1032 3387 1118 3428 aut
1174 3376 1423 3445 Verbum,
1490 3398 1605 3435 nam
1667 3394 1875 3454 utroque

292 3461 436 3513 modo
464 3462 787 3527 exprimitur,
827 3468 1014 3534 pariter
1039 3479 1302 3537 azternum,
1339 3487 1496 3524 unum
1524 3484 1595 3526 est
1624 3491 1737 3527 cum
1768 3475 1873 3529 Deo

287 3552 398 3618 ipso
417 3551 696 3605 substantia
723 3564 768 3607 et
800 3555 1073 3625 hypostasi,
1100 3560 1170 3612 ita
1192 3571 1243 3612 ut
1274 3562 1415 3615 nulla
1435 3564 1500 3615 sit
1527 3565 1655 3618 inter
1681 3577 1873 3621 utrum-

288 3660 382 3709 que
403 3644 656 3697 distinetio
682 3663 700 3699 :
730 3658 900 3715 estque
924 3650 1121 3703 verbum
1145 3653 1317 3718 silens,
1346 3654 1617 3708 internum.
1651 3657 1873 3728 Spiritus

286 3735 402 3787 item
430 3748 633 3789 sanctus
672 3741 723 3791 in
756 3739 861 3793 Deo
899 3742 960 3794 ab
992 3752 1177 3797 a'terno
1203 3746 1321 3814 fuit,
1354 3746 1495 3799 nulla
1518 3749 1749 3801 similiter
1775 3753 1872 3805 nisi

285 3828 505 3881 nominis
524 3838 567 3880 et
589 3831 797 3883 rationis
827 3831 1157 3886 distinctione.
1186 3833 1313 3887 Cant
1329 3846 1495 3889 autem
1524 3837 1657 3891 Deus
1683 3856 1866 3909 opera-

284 3928 369 3968 tur
397 3930 440 3971 et
469 3920 711 3988 loquitur,
748 3933 868 3975 tunc
906 3922 1116 3977 Verbum
1157 3942 1245 3978 ceu
1272 3930 1503 3997 quwdam
1528 3931 1747 3997 emissio,
1779 3949 1871 3986 ea:-

284 4012 443 4063 tensio
474 4021 519 4063 et
540 4012 769 4067 dilatatio
795 4015 993 4069 deitatis
1015 4017 1198 4084 prodit,
1231 4029 1277 4071 et
1306 4030 1415 4088 post
1438 4030 1630 4090 gestum
1651 4039 1780 4091 opus
1804 4023 1872 4076 ad

288 4100 452 4153 Deum
478 4105 753 4169 revertitur,
784 4116 829 4160 et
859 4106 911 4159 in
934 4108 1146 4176 pristina
1157 4109 1439 4163 conditione
1459 4121 1642 4165 manet.
1670 4112 1872 4167 Pariter

286 4199 523 4265 artissimi
565 4199 665 4267 fuit
710 4199 944 4266 Verbum,
992 4212 1044 4255 ut
1076 4219 1276 4256 carnem
1304 4215 1613 4272 assumeret;
1659 4217 1872 4274 tuncque

288 4283 338 4337 Γ
340 4288 457 4339 ilius
484 4286 580 4340 Dei
609 4288 840 4353 e/Tectum
867 4300 963 4354 est,
993 4291 1102 4345 Rea:
1129 4293 1266 4359 item,
1296 4292 1543 4359 Christus,
1580 4296 1746 4366 imago
1777 4295 1872 4351 Dei

284 4377 572 4443 invisibilis,
613 4389 658 4431 et
690 4380 1058 4452 I’riinogenitus
1085 4385 1246 4437 omnis
1274 4395 1542 4447 creatum,
1578 4404 1691 4440 cum
1718 4399 1869 4443 antea

286 4468 415 4519 nihil
439 4484 613 4521 eorum
639 4472 810 4539 fuisset
840 4488 858 4524 :
883 4489 945 4525 ac
972 4484 1083 4543 post
1110 4476 1352 4541 iudicium
1382 4478 1487 4532 htec
1516 4480 1686 4533 omnia
1710 4482 1867 4535 amis-

286 4573 481 4621 surum,
508 4570 656 4626 atque
682 4573 731 4613 ut
761 4565 905 4631 prius
929 4582 1083 4618 unum
1102 4583 1215 4620 cum
1246 4567 1402 4621 Patre
1426 4574 1651 4639 futurum
1671 4582 1763 4626 est.
1796 4572 1864 4628 Ut

287 4658 454 4702 autem
497 4648 709 4704 Verbum
740 4664 809 4706 est
830 4657 1050 4709 extensio
1077 4668 1121 4711 et
1148 4659 1380 4714 dilutatio
1400 4659 1511 4726 Dei,
1544 4663 1613 4715 sic
1633 4672 1679 4715 et
1700 4664 1868 4733 Spiri-

286 4752 367 4796 tus
393 4755 597 4798 sanctus
626 4747 830 4800 ulterior
852 4750 1071 4801 extensio
1099 4761 1143 4803 et
1173 4750 1403 4806 dilatatio
1430 4763 1521 4817 est,
1563 4757 1650 4823 qui
1680 4758 1868 4825 pariter

285 4850 319 4884 α
345 4832 449 4887 Deo
475 4836 713 4888 emittitur
740 4847 785 4890 et
814 4838 880 4889 ad
898 4837 1061 4892 Deum
1087 4842 1347 4895 revertitur
1370 4853 1420 4895 ut
1449 4843 1681 4912 Verbum,
1704 4864 1864 4900 unus-

287 4940 378 4992 que
402 4934 474 4977 est
502 4942 617 4978 cum
644 4925 749 4981 Deo
776 4938 820 4979 et
864 4927 1018 4982 Verbo
1043 4930 1151 4983 sine
1176 4931 1282 4983 ulla
1308 4931 1641 4987 distinctione.

360 5013 483 5068 [hcc
508 5017 737 5071 Marcelli
758 5020 1018 5074 sententia
1045 5030 1127 5075 est
1144 5022 1431 5077 secundum
1458 5025 1667 5079 Eusebii
1690 5028 1862 5097 expli-

284 5106 565 5168 cationem,
607 5109 714 5172 cui,
753 5109 846 5162 sed
876 5125 979 5163 non
1012 5111 1080 5164 ita
1110 5113 1274 5178 clare,
1306 5114 1689 5183 adstipulantur
1715 5117 1864 5171 Basi-

288 5194 387 5249 lius
418 5206 467 5249 et
495 5196 885 5264 Thcodoretus,
922 5201 1111 5269 quibus
1138 5202 1189 5255 in
1222 5203 1338 5257 loco
1364 5220 1523 5273 supra
1566 5216 1860 5262 memorato

285 5288 506 5339 succinit
543 5287 976 5358 Clirysostomus.
1027 5291 1083 5346 Si
1124 5306 1282 5361 porro
1321 5294 1439 5349 talis
1480 5296 1596 5363 ejus
1624 5296 1859 5351 doctrina

285 5375 397 5440 fuit,
424 5378 473 5429 in
502 5379 647 5432 nullo
675 5394 798 5433 vere
823 5380 1097 5437 diﬂ‘erebat
1120 5398 1149 5436 a
1176 5383 1407 5439 Sabellio
1434 5396 1486 5439 et
1507 5385 1858 5455 Patripassia-

284 5465 401 5529 nis;
434 5477 483 5520 et
510 5467 805 5537 Epiphanio
836 5480 989 5536 teste,
1020 5483 1297 5542 suspectus
1316 5475 1471 5529 etiam
1502 5477 1597 5530 fuit
1626 5478 1862 5532 Athana-

278 5555 359 5609 sio
398 5558 599 5625 pridem
644 5560 749 5614 sibi
776 5561 966 5616 amico.
1008 5562 1202 5618 Verum
1248 5565 1300 5619 in
1330 5566 1444 5633 ejus
1482 5568 1691 5637 scriptis
1736 5568 1857 5623 illos

279 5656 455 5700 tantos
481 5663 696 5705 errores
735 5650 1133 5720 deprehendere
1161 5655 1372 5711 difficile
1402 5657 1576 5712 fuerit.
1619 5659 1746 5715 Utut
1774 5676 1858 5716 res

273 5749 373 5803 est,
402 5739 678 5795 Marcellus
702 5757 823 5797 cum
849 5757 907 5798 se
927 5744 1125 5799 videret
1152 5761 1182 5798 a
1205 5747 1399 5802 Basilio
1423 5758 1476 5803 et
1501 5749 1616 5804 aliis
1640 5751 1858 5805 damna-

271 5834 343 5893 ri,
388 5840 443 5885 ct
468 5833 607 5899 apud
641 5846 889 5902 magnum
917 5834 1261 5892 Athanasium
1302 5848 1604 5908 suspectum
1651 5840 1849 5907 haberi,

1987 527 2279 599 Eugenium
2322 530 2601 588 diaconum
2631 534 2728 604 ipsi
2766 532 2909 588 misit
2936 546 3054 587 cum
3085 529 3204 586 fidei
3234 529 3564 588 confessione

1982 620 2243 692 (Collectio
2268 639 2393 676 nova
2415 622 2626 678 Patrum
2651 634 2687 678 t.
2704 624 2756 677 2.
2784 642 2833 694 p.
2858 625 2934 693 l),
2961 638 3063 693 qua
3090 637 3146 677 se
3174 632 3317 677 recte
3345 622 3564 689 sentire,

1981 723 2033 767 et
2062 728 2092 767 a
2121 712 2409 768 Catholicae
2440 716 2690 771 Ecclesia:
2718 715 2817 770 fide
2837 717 2886 769 in
2915 716 3060 769 nullo
3079 715 3364 770 deﬂectere
3391 714 3559 769 deela-

1982 807 2151 872 rabat,
2198 807 2281 862 cui
2330 808 2693 878 subscripsere
2743 808 3063 863 Athanasius
3110 817 3164 861 et
3209 808 3295 861 alii
3333 806 3563 878 Egyptii

1982 897 2234 966 episcopi.
2270 897 2395 951 Post
2421 898 2655 954 Marcelli
2682 915 2808 954 vero
2841 908 3066 953 mortem
3097 898 3213 967 ejus
3238 897 3478 968 discipuli
3510 898 3561 951 iu

1986 988 2344 1057 DioSpolitana
2373 990 2607 1059 Synodo,
2642 991 2871 1044 similem
2898 990 3016 1045 fidei
3037 990 3426 1045 confessionem
3450 1004 3571 1055 pro-

1982 1078 2236 1145 ferentes,
2281 1079 2347 1133 ad
2388 1081 2813 1135 communionem
2844 1090 2897 1135 et
2934 1097 2963 1134 a
2992 1080 3209 1151 Synodo
3237 1089 3288 1135 et
3317 1095 3346 1133 a
3374 1079 3564 1135 Basilio

1983 1172 2199 1226 admissi
2232 1181 2373 1227 sunt.
2402 1172 2533 1227 Rem
2561 1182 2714 1227 antea
2742 1174 3058 1239 intricatam,
3091 1174 3385 1230 luculenter
3411 1189 3440 1227 a
3469 1189 3559 1230 no-

1984 1263 2062 1319 bis
2086 1267 2397 1336 explicatam
2431 1266 2594 1322 habes
2620 1267 2673 1321 in
2701 1276 2995 1322 memorato
3026 1268 3178 1324 libro.

2054 1357 2310 1414 Photinus
2349 1368 2523 1414 autem
2555 1358 2786 1413 Marcelli
2830 1358 3120 1429 discipulus
3160 1360 3369 1415 dicebat
3404 1359 3564 1415 Chri—

1982 1455 2123 1503 stum
2151 1450 2294 1504 nullo
2320 1449 2479 1504 modo
2504 1449 2772 1504 exstitisse
2796 1458 3077 1519 antequam
3106 1451 3156 1503 in
3181 1450 3341 1505 Maria
3361 1452 3569 1521 Virgine

1982 1541 2239 1610 originem
2266 1543 2502 1597 duceret.
2534 1542 2680 1597 Illum
2710 1556 2829 1597 cum
2860 1541 3025 1595 Paulo
3057 1541 3406 1598 Samosateno
3435 1558 3562 1598 con—

1982 1634 2180 1687 sentire
2207 1634 2465 1703 putabant
2492 1633 2643 1687 multi
2675 1651 2688 1687 :
2717 1632 3135 1703 Chrysostomus
3164 1648 3322 1701 supra
3354 1633 3568 1687 Sabellii

1982 1723 2151 1777 errori
2182 1723 2449 1778 addictum
2490 1723 2653 1778 fuisse
2678 1722 2806 1777 dicit
2846 1721 3066 1793 perinde
3106 1732 3266 1793 atque
3295 1721 3569 1779 doctorem

1982 1828 2133 1868 suum
2163 1814 2489 1880 Marcellum,
2512 1816 2602 1886 qui
2622 1814 2910 1869 Sabellium
2939 1814 2991 1869 in
3017 1814 3198 1869 multis
3226 1816 3567 1884 sequebatur,

1982 1906 2027 1959 si
2060 1921 2185 1961 vere
2216 1907 2303 1961 illa
2334 1908 2581 1972 senserit,
2612 1922 2730 1977 qum
2758 1906 3020 1961 Eusebius
3050 1905 3147 1974 ipsi
3187 1921 3344 1975 supra
3372 1905 3569 1961 adscri-

1984 1997 2077 2052 bit.
2106 1997 2303 2052 Verum
2330 1999 2605 2054 Marcellus
2644 1998 2695 2051 in
2724 2006 2965 2052 extremo
3004 1997 3124 2049 vita:
3152 2012 3311 2051 cursu
3338 1996 3567 2052 Catholi-

1983 2104 2099 2142 cam
2143 2090 2322 2145 cmisit
2371 2091 2491 2146 ﬁdei
2540 2089 2944 2159 professionem.
2999 2090 3256 2143 Photinus
3302 2104 3429 2144 vero
3483 2090 3569 2143 illa

1985 2182 2164 2235 omnia
2193 2182 2475 2251 scripsisse
2502 2183 2732 2249 videtur,
2757 2198 2875 2252 qua:
2901 2181 3101 2236 doctori
3137 2182 3298 2251 ipsius
3324 2181 3571 2237 Marcello

1985 2270 2241 2325 Eusebius
2270 2270 2540 2327 adscribit.

2054 2362 2255 2418 Praeter
2279 2362 2412 2428 haec,
2436 2365 2535 2419 alia
2569 2363 2735 2420 refert
2755 2364 3171 2435 Chrysostomus
3187 2365 3329 2418 circa
3356 2377 3569 2418 errores

1982 2454 2178 2508 multos
2204 2456 2291 2524 qui
2322 2470 2418 2509 suo
2440 2470 2554 2510 (evo
2587 2454 2722 2524 apud
2751 2455 3113 2510 Antiochenos
3143 2455 3406 2525 vigebant,
3434 2470 3570 2524 quo—

1982 2560 2097 2599 rum
2127 2547 2347 2616 aliquot,
2374 2556 2431 2601 ut
2464 2563 2529 2602 ex
2559 2547 2715 2602 dictis
2744 2547 2858 2617 ejus
2882 2547 3189 2617 percipitur,
3223 2546 3276 2602 in
3307 2562 3403 2602 ore
3427 2546 3569 2616 vulgi

1980 2634 2306 2692 ferebantur.

2057 2745 2076 2779 ι
2109 2727 2323 2782 Plurimi
2348 2738 2474 2783 tunc
2499 2738 2671 2796 erant,
2700 2730 2788 2799 qui
2812 2728 2970 2784 futuri
2996 2730 3174 2784 sreculi
3218 2738 3273 2785 et
3325 2743 3568 2785 resurre-

1979 2820 2169 2874 ctionis
2193 2820 2488 2875 doctrinam
2518 2821 2799 2876 admittere
2839 2821 3183 2890 pertinaciter
3209 2822 3501 2876 renuebant
3543 2841 3558 2872 ι

1985 2909 2166 2979 (Tomo
2193 2912 2402 2981 primo).
2438 2911 2499 2965 lii
2550 2910 2687 2964 haud
2729 2910 2890 2964 dubie
2917 2911 3172 2980 putabant
3199 2910 3403 2964 animas
3434 2911 3566 2964 mori

1979 3016 2100 3057 cum
2143 3016 2389 3071 corpore.
2421 3002 2735 3058 Guillelmus
2790 3016 2917 3057 vero
2970 3001 3340 3070 Pastrengicns
3368 3002 3384 3070 (
3414 3000 3568 3054 Temo

1980 3094 2197 3162 decimo)
2231 3093 2548 3147 Veronensis
2606 3093 2657 3147 in
2718 3108 2882 3162 opere
2909 3134 2922 3158 ,
2967 3092 3029 3145 de
3069 3091 3358 3162 Originibus
3403 3110 3567 3145 rerum

1980 3194 2024 3237 et
2068 3184 2131 3236 de
2186 3184 2464 3254 Scripturis
2517 3184 2737 3237 virorum
2786 3183 3092 3249 illustrium,
3151 3182 3385 3237 Venetiis
3437 3198 3568 3239 cuso

1980 3291 2121 3330 anno
2184 3277 2354 3341 1547,
2398 3276 2488 3330 ubi
2531 3278 2691 3332 refert
2747 3291 2907 3346 opera
2958 3276 3015 3331 S.
3064 3276 3283 3331 Joannis
3334 3276 3563 3347 Chryse.

1981 3369 2358 3433 stomi,librum
2384 3369 2500 3438 ejus
2532 3377 2791 3423 memorat
2818 3369 2920 3423 hoc
2954 3368 3138 3423 titulo:
3163 3368 3414 3422 Adversus
3440 3370 3568 3422 Ara.

1981 3461 2060 3513 bes
2086 3461 2149 3513 de
2187 3458 2569 3514 Resurrectione
2600 3470 2906 3514 mortuorum
2926 3459 3040 3513 libri
3066 3460 3188 3524 duo,
3216 3460 3303 3529 qui
3340 3459 3566 3514 dicebant

1978 3556 2171 3607 animas
2211 3555 2337 3607 mori
2372 3571 2485 3608 cum
2528 3571 2755 3625 corpore.
2785 3555 2885 3621 Qui
2935 3554 3302 3623 Chrysostomi
3341 3555 3495 3619 libri,
3522 3556 3564 3609 si

1978 3660 2100 3699 rere
2132 3645 2281 3700 istius
2317 3648 2484 3700 sancti
2506 3646 2739 3701 doctoris
2778 3647 3010 3713 fuerint,
3042 3647 3121 3702 vel
3146 3648 3311 3703 latent
3335 3648 3558 3703 alicubi.

1979 3737 2063 3790 vel
2090 3751 2308 3802 prorsus
2340 3738 2672 3792 interierunt.
2720 3739 2984 3793 Eusebius
3011 3756 3137 3794 vero
3169 3740 3220 3794 in
3251 3740 3382 3795 Hist.
3414 3741 3558 3797 Eccl.

1978 3840 2030 3895 p.
2073 3828 2195 3892 135,
2218 3826 2365 3892 dicit,
2391 3827 2592 3882 Arabas
2613 3829 2856 3897 Origcnis
2879 3838 3117 3898 tempore
3141 3831 3311 3899 palam
3341 3830 3560 3895 dixisse,

1976 3917 2176 3971 animas
2219 3932 2352 3971 11101⁵1
2393 3933 2512 3972 cum
2540 3932 2786 3986 corpore,
2828 3929 3031 3974 etcum
3073 3935 3137 3974 ΘΟ
3168 3928 3563 3975 resurrecturas

1975 4022 2126 4062 esse:
2159 4015 2316 4077 atque
2354 4007 2608 4064 adversus
2649 4008 2768 4063 illos
2797 4017 3038 4064 coactam
3069 4009 3231 4066 fuisse
3259 4009 3557 4080 Synodum,

1975 4100 2059 4153 cui
2081 4098 2248 4153 adfuit
2278 4099 2554 4169 Origenes.

2046 4193 2242 4247 Verum
2272 4193 2589 4248 Antiocheni
2621 4193 2695 4247 illi
2725 4195 2836 4264 qui,
2884 4202 3018 4249 teste
3044 4192 3447 4265 Clirysostomo,
3482 4195 3558 4251 fu-

1976 4292 2145 4338 turum
2161 4285 2412 4339 sarculum
2432 4285 2717 4353 negabant,
2739 4300 2910 4355 neque
2932 4288 3135 4339 animas
3155 4301 3323 4356 neque
3340 4300 3560 4355 corpora

1977 4383 2339 4429 resurrectura
2368 4390 2488 4429 esse
2515 4376 2795 4444 putabant.
2829 4376 3095 4445 Insignem
3141 4391 3353 4445 quoque
3397 4378 3560 4431 alium

1977 4466 2428 4522 Antiochenorum
2479 4467 2835 4537 complurium
2888 4483 3125 4522 errorem
3180 4477 3560 4522 commemorat

1975 4556 2200 4610 llomilia
2227 4557 2296 4611 28
2322 4558 2372 4611 in
2405 4557 2731 4612 Matthtcum.
2778 4558 2883 4611 Sed
2916 4574 3037 4624 cur,
3069 4558 3271 4626 inquit,
3300 4558 3556 4611 dannones

1972 4647 2023 4701 in
2066 4649 2311 4717 sepulcris
2362 4649 2571 4703 libenter
2617 4658 2878 4702 versantur
2923 4648 2942 4718 (
2966 4648 3119 4701 Tomo
3165 4647 3462 4716 septimo)?
3492 4648 3560 4703 Ut

1973 4740 2303 4809 perniciosam
2349 4742 2629 4794 doctrinam
2679 4740 2952 4793 multorum
2999 4740 3245 4793 mentibus
3290 4741 3556 4809 inserant,

1972 4846 2148 4898 nempe
2174 4833 2368 4883 animas
2411 4843 2722 4884 mortuorum
2760 4837 3017 4884 dwmonas
3043 4831 3175 4897 ﬁeri,
3212 4831 3347 4901 quod
3376 4849 3438 4885 ne
3467 4849 3557 4887 co-

1968 4922 2086 4992 gitet
2112 4922 2360 4991 quispiam
2380 4922 2525 4974 absit.
2558 4921 2661 4976 Sed
2695 4921 2817 4992 quid
2842 4922 3001 4986 dicas,
3026 4921 3291 4991 inquiunt,
3332 4923 3394 4976 de
3419 4940 3552 4992 pra:-

1968 5014 2307 5083 stigiatoribus
2349 5014 2515 5065 multis
2540 5052 2554 5077 ,
2597 5014 2682 5078 qui
2729 5021 2904 5081 captos
2953 5029 3133 5083 pueros
3168 5014 3410 5084 jugulant
3435 5055 3450 5078 ,
3498 5026 3551 5071 ut

1967 5107 2190 5158 animant
2238 5115 2409 5174 postea
2449 5104 2543 5158 sibi
2586 5105 2955 5160 ministrantem
2983 5107 3239 5162 habeant?
3262 5106 3398 5160 Nam
3423 5108 3554 5173 quod

1960 5200 2217 5273 jugulent,
2253 5202 2347 5254 hoc
2386 5200 2528 5253 multi
2571 5202 2781 5266 dicunt;
2815 5202 2949 5270 quod
2979 5212 3147 5256 autent
3178 5216 3417 5254 cazsorum
3438 5201 3552 5253 aui-

1968 5309 2063 5347 mw
2086 5309 2198 5346 cum
2231 5293 2354 5361 ipsis
2382 5293 2503 5357 sint,
2529 5292 2681 5358 unde,
2714 5309 2902 5363 quaso,
2931 5292 3063 5346 nosti
3083 5292 3109 5343 .9
3129 5289 3154 5343 Ι
3162 5290 3261 5360 psi,
3289 5289 3552 5357 inquiunt,

1968 5385 2261 5438 dwmoniaci
2300 5385 2394 5438 hoc
2435 5385 2609 5438 dicunt
2642 5400 2658 5437 :
2690 5383 2800 5455 Ego
2840 5400 2951 5438 sum
2990 5383 3160 5435 anima
3201 5380 3335 5433 illius
3369 5381 3549 5450 cujus-

1970 5478 2125 5545 piam.
2172 5475 2353 5529 Verum
2397 5478 2502 5531 hazc
2542 5479 2684 5544 lraus
2712 5485 2756 5529 et
2787 5475 2994 5544 fallacia
3040 5470 3289 5524 diabolica
3329 5481 3555 5527 est:ne—

1966 5585 2062 5639 que
2086 5569 2217 5622 enim
2261 5569 2429 5622 anima
2461 5569 2642 5621 mortui
2687 5576 2758 5620 est
2798 5581 2909 5635 qua:
2943 5564 3167 5627 clamat,
3196 5564 3286 5617 sed
3315 5566 3508 5619 diemon
3536 5606 3548 5626 ,

1966 5661 2050 5730 qui
2080 5661 2173 5713 hoc
2219 5661 2423 5713 simulat
2449 5669 2503 5711 ut
2542 5659 2798 5711 auditores
2844 5656 3080 5726 decipiat.
3127 5655 3263 5709 Nunt
3306 5658 3349 5710 si
3388 5667 3552 5726 posset

1971 5752 2141 5805 anima
2170 5750 2221 5803 in
2261 5750 2501 5803 dwmonis
2525 5747 2858 5802 substantiam
2901 5748 3129 5818 ingredi,
3159 5748 3318 5801 multo
3348 5748 3552 5815 [acilius

1966 5845 2017 5897 in
2043 5857 2227 5909 corpus
2253 5857 2398 5897 suum
2420 5839 2778 5908 ingrederetur.
2811 5838 3063 5896 Prwterea
3085 5838 3196 5908 quis
3217 5837 3410 5893 ratione
3426 5847 3546 5903 prat-
