4054 6216
453 410 521 467 7:;
1791 389 2109 450 SYNOPSIS
2135 390 2371 452 EOBUM
3643 397 3709 452 τι

451 529 585 581 ditus
615 527 812 581 credere
838 522 990 597 possit
1019 523 1239 577 animam
1265 519 1455 581 laesam,
1482 534 1535 572 se
1576 512 1775 571 la'denti
1799 516 2033 573 sociare?

461 627 547 671 aut
584 619 831 670 hominem
864 632 1009 685 posse
1033 615 1127 667 rint
1152 614 1494 681 incerpoream
1515 608 1566 661 in
1603 608 1809 661 alteram
1844 615 2034 661 mutare

460 707 840 763 substantiam.’
885 705 1023 759 Nam
1051 705 1093 757 si
1123 705 1173 757 in
1219 700 1508 771 corporibus
1547 698 1601 751 id
1642 698 1752 767 ﬁeri
1789 706 2029 766 nequeat,

453 817 542 854 nec
566 800 828 870 quisquam
857 796 1012 867 possit
1038 810 1216 865 corpus
1242 791 1457 846 hominis
1483 792 1536 843 in
1560 804 1739 858 corpus
1766 787 1895 839 asini
1923 803 2030 839 mu-

451 900 576 959 tare,
608 890 763 944 multo
787 888 944 958 magis
970 888 1021 939 in
1054 886 1223 937 anima
1250 881 1483 937 inuisibili
1510 881 1563 933 id
1587 878 1698 948 ﬁeri
1736 878 1919 948 nequit,
1944 892 2034 931 nec

459 984 570 1052 quis
592 983 746 1052 possit
768 980 907 1033 illaut
932 979 983 1032 in
1008 977 1250 1031 dtemonis
1269 974 1593 1029 substantiam
1616 980 1820 1027 vertere.

544 1069 889 1127 Antiochenis
934 1068 1093 1123 etiam
1133 1067 1258 1120 dicit
1287 1064 1566 1119 nonnullos
1604 1061 1878 1117 haereticos
1914 1076 2035 1117 esse

456 1162 544 1231 qui
573 1160 901 1214 affirmarent
922 1157 1064 1213 aliud
1092 1172 1285 1226 corpus
1310 1154 1522 1221 cadere,
1557 1153 1699 1208 aliud
1726 1167 2030 1222 resurgere.

460 1270 479 1301 α
508 1249 784 1319 Quomodo
828 1263 952 1318 ergo
978 1247 1292 1302 resurrectio
1318 1244 1473 1299 fuerit
1496 1262 1516 1296 ι
1550 1243 1569 1314 (
1594 1241 1748 1296 Temo
1776 1241 1988 1312 decimo)
2009 1241 2035 1294 ?

453 1341 639 1413 inquit,
684 1361 703 1394 ι
752 1341 797 1395 si
824 1355 1014 1409 nempe
1038 1338 1178 1393 aliud
1204 1337 1390 1403 cadat,
1416 1333 1559 1390 aliud
1590 1332 1868 1403 resurgat?
1894 1331 2034 1386 unde

453 1434 557 1488 hoc
576 1433 791 1504 quaeso?
819 1430 1029 1485 aliudue
1070 1428 1322 1498 peccavit,
1355 1436 1409 1482 et
1443 1424 1585 1480 aliud
1614 1422 1864 1493 punitur?
1890 1421 2033 1476 aliud

455 1535 598 1578 recte
625 1523 781 1588 fecit,
810 1530 864 1577 et
889 1519 1029 1575 aliud
1058 1518 1379 1574 coronatur?
1407 1535 1427 1569 ι
1462 1514 1615 1585 Apud
1657 1512 2031 1580 Constantino-

462 1617 723 1688 pulitanos
768 1615 927 1670 etiam
977 1613 1126 1669 multi
1179 1620 1330 1666 erant
1371 1609 1460 1680 qui
1506 1609 1743 1664 dicerent
1779 1606 1909 1660 alios
1949 1620 2034 1660 re-

451 1717 815 1771 surrecturos,
844 1706 977 1761 alios
1018 1720 1122 1760 non
1164 1712 1556 1759 resurrecturos
1591 1715 1745 1767 esse,
1774 1712 1906 1769 quos
1944 1711 2033 1751 va-

362 1820 367 1845 :
460 1798 725 1853 lidissimis
772 1797 1095 1869 argumentis
1145 1793 1381 1851 confutat
1426 1788 2032 1863 Chrysostomus(Teme

362 1880 367 1889 ’
452 1890 745 1943 duodecimo
766 1891 804 1959 ).

521 1982 685 2034 Erant
711 1981 868 2035 etiam
899 1978 1113 2049 quidam
1155 1978 1243 2049 qui
1270 1977 1520 2033 dicebant
1544 1976 1772 2030 animam
1796 1980 2030 2028 nostram

448 2089 513 2128 cx
541 2072 833 2128 substantia
882 2073 972 2127 Dei
1016 2086 1170 2136 esse;
1198 2079 1253 2125 et
1293 2070 1345 2124 in
1388 2069 1519 2123 alios
1563 2081 1775 2123 errores
1826 2073 2028 2119 temere

450 2162 789 2219 ferebantur:
822 2177 922 2232 qua
947 2161 1013 2217 de
1052 2176 1111 2217 re
1152 2159 1449 2215 audiendus
1475 2165 1557 2213 est
1596 2156 2028 2228 Chrysostomus.

448 2254 504 2307 ln
558 2253 674 2307 hare
717 2251 985 2307 Geneseos
1029 2251 1188 2305 verba
1232 2248 1430 2317 (Temo
1467 2245 1702 2318 quarto):
1755 2244 1822 2306 Et
1873 2243 2033 2308 inspi-

446 2345 573 2398 ravit
611 2345 663 2397 in
712 2344 891 2413 facient
946 2343 1055 2406 eius
1106 2339 1413 2411 spiraculum
1464 2339 1614 2403 vitta,
1649 2344 1694 2389 et
1748 2339 1912 2405 factus
1959 2346 2031 2391 est

446 2437 595 2489 homo
659 2435 710 2487 in
769 2433 991 2486 animam
1045 2432 1319 2497 viventem,
1363 2430 1436 2483 ait
1484 2428 1571 2483 ille
1610 2444 1623 2480 :
1668 2425 1767 2479 Hic
1825 2425 2029 2495 quidam

388 2520 389 2523 “
448 2526 579 2578 male
622 2524 827 2595 feriati,
878 2523 1099 2592 prepriis
1140 2522 1262 2575 moti
1295 2520 1608 2584 ratiociniis,
1655 2517 1875 2587 nihilque
1918 2515 2027 2571 Dee

451 2616 661 2685 dignum
707 2614 1011 2684 cogitantes,
1067 2627 1225 2680 neque
1264 2612 1525 2665 verborum
1570 2608 2029 2676 attemperatienem

444 2722 611 2759 secum
640 2714 927 2775 reputantes
952 2745 967 2771 ,
1012 2704 1178 2756 dicere
1216 2701 1402 2755 audent
1447 2699 1667 2752 animam
1697 2715 1759 2752 ea:
1786 2696 1878 2751 Dei
1911 2698 2027 2752 sub-

442 2800 628 2850 stantia
658 2810 779 2849 esse.
816 2794 859 2848 ο
898 2792 1187 2848 insaniam!
1211 2808 1240 2845 ο
1263 2789 1573 2845 amentiam!
1620 2788 1754 2855 Quot
1796 2788 2029 2857 perniciei

441 2890 550 2943 uias
594 2890 825 2943 diabolus
873 2887 1068 2958 paravit
1113 2884 1390 2939 cultoribus
1434 2882 1583 2936 suis?
1622 2880 1689 2935 Id
1729 2889 1783 2934 ut
1825 2880 2026 2946 discas,

442 2980 696 3053 perpende
744 2995 892 3050 quam
933 2977 1143 3031 diversis
1203 2975 1438 3028 incedant
1490 2973 1600 3026 uiis.
1639 2969 1777 3024 Nam
1819 2968 1909 3023 alii
1967 2985 2029 3022 ea:

443 3073 536 3125 hoc
590 3071 734 3124 uerbo
759 3112 772 3134 ,
828 3067 1144 3138 inspiravit,
1218 3081 1395 3119 ansam
1454 3061 1787 3131 arripientes,
1854 3060 2026 3112 dicunt

441 3161 637 3212 animas
666 3175 729 3212 ea:
754 3158 1036 3211 substantia
1080 3155 1176 3208 Dei
1203 3170 1346 3219 esse;
1383 3153 1473 3206 alii
1494 3167 1695 3204 rursum
1732 3150 1905 3203 dicunt
1928 3189 1943 3213 ,
1972 3149 2025 3201 in

441 3249 790 3303 vilissimorum
816 3246 1074 3300 bruterum
1099 3244 1432 3299 substantiam
1461 3242 1597 3312 ipsas
1642 3242 1892 3294 transire:
1926 3255 2026 3310 qua

440 3339 657 3392 amentia
677 3338 798 3408 quid
822 3336 1036 3391 deterius
1056 3352 1161 3389 esse
1180 3334 1377 3405 possit?
1400 3332 1531 3399 Quia
1555 3331 1687 3386 enim
1707 3331 2025 3385 ebtenebrata

440 3441 511 3484 est
532 3430 662 3483 ratio
693 3446 863 3483 eorum
883 3469 900 3496 ,
943 3435 988 3481 et
1018 3443 1187 3480 verum
1227 3425 1505 3495 Scripturae
1530 3439 1728 3477 sensum
1754 3423 2020 3492 ignorant,

440 3521 585 3589 quasi
611 3520 848 3575 exsecuti
893 3517 1069 3571 mentis
1098 3516 1256 3570 oculis
1298 3516 1351 3568 in
1392 3515 1587 3568 diversa
1616 3515 1845 3584 feruntur
1888 3528 2021 3583 prm-

439 3612 612 3682 cipitia
631 3651 646 3676 ,
678 3611 801 3663 dum
828 3609 917 3663 alii
942 3608 1082 3662 illaut
1127 3623 1281 3677 supra
1307 3605 1601 3675 dignitatem
1643 3602 1859 3669 e/I'erunt
1879 3640 1897 3669 ,
1932 3604 2024 3658 alii

440 3714 605 3757 autem
648 3703 784 3772 infra
832 3700 1123 3771 dignitatem
1170 3699 1497 3768 deprimunt:
1536 3695 1615 3751 illi
1670 3695 1894 3750 uidelicet
1938 3697 2022 3765 qui

441 3794 853 3865 ntetempsycesin
878 3792 1203 3858 inducebant,
1251 3807 1338 3845 seu
1366 3790 1625 3845 transitum
1651 3790 1836 3845 anima
1857 3788 2022 3843 homi-

442 3887 519 3941 nis
556 3887 608 3939 in
647 3888 781 3957 feras
810 3893 855 3939 et
901 3883 1044 3937 bruta
1066 3882 1327 3936 animalia.

512 3978 655 4032 Multi
688 3987 839 4033 erant
869 3976 1233 4048 Chrysostomi
1261 3991 1374 4029 :nvo
1399 4016 1413 4039 ,
1463 3973 1550 4043 qui
1581 3972 1810 4026 divinam
1841 3971 2020 4041 provi-

442 4068 673 4122 dentiam
716 4078 992 4137 negantes,
1018 4066 1196 4121 omnia
1246 4065 1353 4118 fato
1384 4063 1506 4117 ferri
1546 4062 1831 4124 dicebant,
1863 4069 2018 4131 puta-

443 4155 672 4225 bantque
699 4170 795 4210 nos
817 4171 878 4210 ex
907 4155 995 4208 fati
1026 4155 1341 4209 necessitate
1365 4152 1446 4206 vel
1479 4154 1679 4206 bonum
1709 4151 1792 4206 vel
1822 4152 2017 4207 malum

442 4254 783 4316 perpetrare;
814 4246 884 4297 ita
919 4253 977 4298 ut
1017 4258 1230 4298 omnem
1259 4242 1463 4296 arbitrii
1509 4242 1803 4297 libertatem
1837 4242 2020 4297 tollere

443 4336 768 4401 viderentur,
800 4335 1175 4403 hominemque
1222 4348 1251 4387 a
1297 4333 1472 4387 studio
1502 4333 1766 4387 sectandae
1812 4334 2019 4388 virtutis

443 4435 496 4482 et
524 4425 771 4496 nequitiae
796 4422 1058 4495 fugienda:
1079 4431 1359 4477 avertere:
1387 4437 1491 4493 qua
1538 4431 1687 4491 peste
1711 4437 1828 4492 qua:
1854 4423 2020 4492 possit

442 4534 563 4575 esse
592 4517 804 4588 major?
841 4515 1177 4586 Quapropter
1219 4512 1374 4583 hujus
1417 4512 1679 4582 opinionis
1727 4520 2018 4567 assertores

444 4610 788 4667 vehementer
814 4608 1045 4678 exagitat
1073 4604 1503 4677 Chrysostomus.
1531 4604 1693 4659 Erant
1717 4605 1857 4658 enim
1887 4619 2019 4658 nen-

443 4700 573 4754 nulli
599 4700 687 4769 qui
704 4699 948 4754 dicebant
973 4696 1318 4767 philosophos
1336 4694 1585 4766 praeclara
1603 4694 1842 4764 qumdam
1874 4694 2019 4750 inve-

444 4792 587 4845 nisse
632 4800 686 4845 et
715 4790 1084 4859 praestantiora
1116 4789 1181 4843 iis
1207 4804 1325 4859 qua)
1362 4786 1430 4843 de
1455 4787 1839 4842 resurrectione
1868 4787 2015 4842 dice-

444 4878 848 4951 bantur(Tomo
900 4877 1100 4952 sexto);
1128 4880 1245 4933 illos
1292 4892 1483 4946 nempe
1529 4876 1904 4947 philosophos,
1930 4879 2018 4948 qui

443 4973 606 5026 fatum
653 4970 1005 5035 iuducebant,
1036 4970 1288 5024 docentes
1339 4982 1428 5022 res
1475 4968 1630 5037 hujus
1671 4968 1849 5021 mundi
1899 4983 2017 5023 om-

441 5080 538 5120 nes
575 5063 715 5118 nulla
752 5062 861 5132 geri
908 5060 1271 5131 providentia,
1303 5060 1602 5129 nullamque
1645 5061 1797 5114 nobis
1842 5076 2017 5115 rerum

441 5174 624 5213 curam
668 5171 787 5213 esse
829 5154 1021 5210 debere
1054 5152 1251 5224 (Temo
1291 5153 1613 5225 undecimo).
1643 5154 1921 5210 Addebam
1947 5156 2021 5211 in-

441 5268 602 5323 super
642 5251 817 5307 omnia
862 5256 1105 5304 constare
1145 5262 1210 5301 ex
1236 5246 1445 5301 atomis.
1472 5247 1577 5300 Alii
1611 5261 1738 5300 vero
1775 5246 2021 5302 dicebant

448 5345 610 5398 Deum
637 5359 755 5400 esse
784 5352 838 5398 et
864 5338 1343 5409 metempsychosin
1380 5336 1754 5402 admittebant,
1788 5335 2016 5392 homini-

443 5435 646 5503 busque
680 5435 971 5489 suadebant
1015 5432 1173 5486 talem
1212 5429 1298 5483 vel
1328 5428 1483 5483 talem
1524 5428 1809 5497 aliquando
1856 5427 2020 5484 fuisse

444 5542 651 5590 canem,
681 5528 762 5581 vel
794 5528 989 5595 piscem
1018 5525 1096 5579 vel
1129 5524 1357 5578 leonem.
1390 5522 1553 5575 Erant
1580 5520 1775 5589 quippe
1799 5520 1888 5575 illo
1907 5537 2020 5575 :evo

447 5615 741 5687 philosophi
759 5618 976 5685 gentiles
998 5616 1170 5680 multi,
1186 5616 1273 5685 qui
1293 5613 1521 5669 tribonio
1537 5612 1724 5677 induti,
1745 5622 1799 5667 et
1820 5613 2019 5681 prolixa

445 5706 606 5763 barba
634 5705 890 5771 instructi,
921 5706 1097 5773 populi
1119 5696 1510 5760 venerationem
1525 5702 1626 5757 sibi
1645 5701 2015 5768 conciliabant,

447 5799 757 5870 plebemque
774 5795 862 5852 tali
889 5795 1193 5851 imbuebent
1214 5796 1514 5874 disciplina,
1531 5811 1649 5868 qua:
1670 5793 1738 5852 ad
1756 5792 2017 5852 Christia-

2139 526 2267 569 num
2286 528 2427 585 saepe
2461 513 2709 586 populum
2745 514 3017 570 transibat.
3059 512 3171 569 Fati
3193 514 3371 585 opinio
3397 514 3533 570 inter
3550 526 3714 571 emto-

2137 622 2223 663 ras
2247 608 2530 673 eminebat,
2546 624 2702 680 quam
2726 622 2832 664 non
2846 624 2964 663 raro
2977 609 3265 663 insectatur
3277 608 3710 679 Chrysostomus.

2208 699 2398 770 ingens
2437 710 2551 755 erat
2576 700 2715 770 apud
2743 700 3038 756 Orientales
3068 701 3186 755 illos
3208 700 3515 771 opinionum
3546 710 3602 756 et
3624 718 3715 757 er-

2137 804 2318 844 rerum
2351 791 2661 847 diversitas:
2693 793 2972 847 levissimis
2995 792 3137 847 enim
3170 793 3298 847 moti
3345 793 3671 862 conjecturis
3693 836 3713 860 ,

2138 894 2255 949 qua:
2285 881 2336 935 in
2360 892 2590 937 mentem
2616 882 2919 949 veniebant,
2950 890 3147 937 temere
3171 893 3225 937 et
3248 883 3456 938 incaute
3478 885 3715 954 profere-

2138 970 2265 1026 bant
2309 973 2361 1027 in
2386 973 2638 1035 medium,
2667 981 2722 1028 et
2746 976 2924 1028 statim
2947 982 3239 1029 sectatores
3271 972 3554 1027 habebant.
3587 975 3713 1029 inde

2138 1061 2333 1117 factum
2359 1073 2417 1117 ut
2442 1064 2809 1121 Occidentales
2842 1074 2946 1119 tam
2992 1066 3125 1119 levia
3158 1074 3211 1120 et
3251 1066 3525 1120 mutabilia
3571 1068 3711 1135 apud

2138 1155 2257 1210 illos
2280 1155 2518 1211 videntes
2539 1158 2844 1226 opinionum
2873 1158 3095 1212 divortia
3123 1158 3223 1213 hoc
3244 1158 3385 1212 dicto
3414 1168 3709 1227 uterentur,

2141 1243 2413 1299 Orientalis
2437 1244 2627 1301 levitas.
2660 1247 2735 1301 llli
2756 1263 2880 1303 vero
2899 1258 3080 1302 contra
3110 1250 3434 1318 reponebam
3463 1247 3711 1304 Occiden-

2138 1337 2239 1390 tale
2266 1337 2610 1406 supercilium,
2656 1338 2916 1407 superbire
2948 1340 3250 1393 incusantes
3278 1354 3371 1395 eos
3395 1341 3482 1409 qui
3510 1340 3607 1395 sibi
3632 1342 3708 1396 lc-

2136 1425 2350 1480 vitatem
2396 1426 2704 1496 objicerent.
2746 1428 2874 1495 Quae
2902 1442 3031 1483 sane
3078 1428 3261 1483 levitas
3294 1437 3439 1483 tanta
3474 1440 3606 1494 erat,
3656 1439 3711 1486 ut

2135 1516 2371 1585 quotidie
2414 1517 2466 1571 in
2516 1518 2768 1588 religione
2810 1528 3043 1572 monstra
3077 1529 3307 1589 pareret.
3344 1521 3503 1575 Erant
3532 1533 3709 1575 autem

2136 1606 2275 1675 apud
2324 1607 2443 1662 illos
2478 1610 2571 1677 qui
2600 1610 2840 1668 dicereut
2869 1610 3043 1663 omnia
3071 1625 3194 1665 casu
3225 1610 3478 1666 exsistere
3512 1610 3711 1683 (Temo

2136 1695 2473 1771 duodecima).
2508 1700 2759 1754 Eamdem
2784 1741 2799 1765 ,
2840 1701 2934 1755 sed
2978 1700 3200 1757 diversis
3230 1704 3407 1759 verbis
3429 1744 3445 1770 ,
3476 1704 3710 1774 profere-

2135 1788 2262 1843 bant
2302 1791 2614 1845 sentcntiam
2645 1806 2764 1845 cum
2789 1791 3026 1847 dicerent
3075 1808 3162 1848 res
3203 1804 3407 1849 creatas
3445 1805 3706 1850 automata

2135 1895 2271 1935 esse.
2294 1900 2314 1932 ‹
2343 1881 2463 1950 Alii,
2499 1901 2517 1934 ι
2537 1882 2702 1953 pergit
2720 1885 3147 1955 Chrysostomus,
3176 1904 3195 1938 ι
3217 1886 3546 1943 d.emonibus
3569 1890 3709 1943 attri-

2137 1970 2302 2025 buunt
2333 1972 2512 2026 mundi
2543 1975 2866 2029 creationem
2894 1985 2944 2030 et
2972 1976 3380 2045 providentiam,
3411 1979 3549 2049 quod
3582 1993 3707 2048 pec-

2136 2070 2310 2115 catum
2340 2063 2423 2115 vix
2449 2063 2658 2117 veniam
2686 2063 2926 2118 admittat
2961 2083 2979 2115 ι
3014 2064 3034 2135 (
3056 2064 3215 2119 Temo
3244 2067 3505 2122 undecimo
3532 2071 3570 2122 l.

2203 2152 2626 2207 Necromantiam
2648 2154 2802 2208 etiam
2832 2154 2917 2209 illa
2943 2166 3251 2225 tempestate
3272 2159 3527 2227 quosdam
3549 2175 3706 2216 excr-

2135 2242 2308 2297 cuisse
2325 2242 2472 2307 dicit,
2495 2244 2581 2312 qui
2603 2242 2980 2299 absurdissima
3008 2246 3170 2300 multa
3194 2249 3483 2303 tentabant:
3507 2251 3571 2304 ad
3592 2251 3706 2309 hate

2134 2333 2409 2400 pulverem
2436 2341 2489 2388 et
2515 2334 2747 2388 cinerem
2796 2335 3129 2403 adhibentes,
3180 2345 3235 2390 ut
3262 2338 3465 2393 scilicet
3507 2356 3702 2395 arcana

2133 2432 2187 2479 et
2214 2425 2386 2479 futura
2416 2426 2513 2479 hac
2542 2435 2658 2479 arte
2683 2425 2981 2480 divinarem
3010 2425 3029 2500 (
3053 2426 3207 2482 Temo
3236 2430 3445 2499 septimo
3466 2427 3508 2501 ).

2203 2517 2351 2572 Alios
2398 2526 2779 2572 commemorat
2836 2517 3245 2591 Chrysostomus
3303 2522 3392 2591 qui
3465 2522 3705 2578 dicerent

2132 2608 2385 2662 mundum
2428 2622 2544 2664 esse
2586 2609 2741 2665 deum
2774 2609 2792 2681 (
2816 2610 2970 2665 Temo
2997 2611 3267 2683 decimo);
3317 2613 3407 2668 sed
3458 2613 3543 2668 hic
3579 2625 3706 2684 puto

2133 2703 2217 2772 agi
2247 2703 2313 2758 de
2339 2704 2527 2774 priscis
2557 2705 2659 2760 illis
2684 2706 3013 2776 philosophis
3059 2716 3177 2763 tum
3199 2707 3400 2762 Grareis
3442 2717 3551 2762 tum
3599 2709 3705 2764 La-

2135 2794 2292 2857 tinis,
2337 2808 2559 2862 quorum
2625 2810 2730 2850 non
2777 2797 2930 2864 pauci
2985 2797 3238 2866 putabant
3288 2799 3540 2853 mundum
3586 2814 3704 2854 esse

2133 2883 2311 2939 deum.
2356 2885 2534 2955 Pergit
2562 2894 2738 2941 autem
2783 2886 2975 2942 ibidem
3026 2886 3083 2942 S.
3130 2887 3317 2942 doctor
3354 2905 3366 2941 :
3404 2906 3423 2939 ι
3477 2888 3579 2942 Alii
3634 2890 3699 2943 ita

2132 2975 2311 3029 mundi
2357 2977 2798 3045 pulchritudinem
2843 2979 3168 3049 ignorarunt,
3200 2988 3256 3033 ut
3305 2979 3395 3033 Dei
3438 2982 3702 3036 creatione

2135 3065 2404 3135 indignant
2448 3067 2738 3135 haberent,
2786 3083 2849 3122 ac
2876 3068 3185 3138 perniciosa:
3213 3068 3421 3123 cuidam
3468 3071 3703 3124 materia:

2130 3173 2370 3226 magnatn
2400 3158 2513 3226 ejus
2543 3168 2745 3228 partem
2767 3161 3123 3229 assignarent.
3160 3179 3179 3212 ι
3228 3160 3375 3214 Hanc
3419 3176 3545 3216 vero
3585 3161 3699 3231 opi-

2128 3248 2342 3302 nionem
2391 3250 2639 3305 tenebant
2667 3250 2974 3306 Valentinus
2997 3260 3053 3307 et
3095 3251 3185 3307 alii
3221 3251 3487 3319 bteretici,
3527 3261 3584 3309 ut
3621 3255 3700 3310 vi-

2127 3336 2303 3391 dimus
2330 3353 2510 3408 supra.

2198 3427 2384 3481 Malam
2409 3427 2653 3483 haeresim
2680 3438 2829 3485 vocat
2861 3444 2979 3485 eam
3022 3445 3121 3500 qua
3149 3431 3263 3487 sola
3312 3446 3446 3502 aqua
3474 3433 3699 3490 adhibe-

2126 3518 2281 3573 batur
2318 3518 2384 3572 ad
2425 3519 2735 3590 mysterium
2773 3520 2973 3585 calieis,
3006 3535 3162 3591 quam
3194 3521 3447 3577 haeresim
3476 3523 3700 3578 Tatiano

2126 3616 2181 3663 et
2208 3608 2494 3663 Encratitis
2520 3607 2770 3663 adscribit
2796 3609 3145 3680 Epiphanius,
3182 3620 3236 3664 ut
3262 3627 3418 3681 supra
3470 3611 3699 3669 vidimus

2132 3698 2149 3768 (
2172 3696 2326 3751 Tento
2356 3695 2611 3769 septimo).

2195 3788 2349 3843 Circa
2378 3790 2593 3859 angelos
2618 3796 2794 3844 autem
2840 3790 3081 3860 quaedam
3109 3791 3253 3855 dicit,
3285 3807 3402 3861 qua:
3429 3792 3517 3848 hic
3557 3794 3697 3849 refe-

2128 3878 2294 3933 renda
2320 3888 2597 3948 putamus,
2647 3876 3039 3934 Commentario
3072 3880 3126 3933 in
3160 3880 3411 3937 Genesim
3461 3883 3512 3937 in
3560 3883 3700 3938 hunc

2127 3970 2304 4027 locum
2337 3970 2529 4042 (Temo
2554 3969 2800 4042 quarto):
2835 3971 2902 4025 Ut
2930 3972 3155 4027 uiderunt
3189 3974 3284 4042 ﬁlii
3321 3974 3413 4029 Dei
3442 3976 3575 4045 filias
3600 3977 3687 4031 Ite-

2126 4062 2319 4116 minum
2370 4064 2505 4131 quod
2546 4064 2771 4134 pulchra:
2812 4072 2989 4125 essent,
3016 4075 3335 4133 sumpserunt
3376 4066 3469 4120 sibi
3518 4084 3699 4122 uxores

2126 4171 2187 4209 ea:
2214 4155 2442 4208 omnibus
2477 4171 2601 4226 quas
2641 4156 2890 4224 elegerant
2918 4153 3080 4227 (Gen.
3108 4156 3162 4210 6.
3196 4156 3233 4211 Ξ
3255 4158 3295 4228 ).
3327 4176 3346 4209 t
3372 4158 3643 4229 Singulas,
3672 4178 3691 4211 ο

2125 4246 2313 4315 inquit,
2342 4263 2361 4296 ι
2381 4244 2638 4300 dictiones
2666 4244 2947 4314 diligenter
2970 4246 3383 4313 consideremus,
3407 4248 3609 4317 nequid
3641 4248 3693 4302 in

2123 4337 2287 4392 fundo
2307 4337 2476 4389 latens
2490 4350 2584 4389 nos
2604 4343 2900 4404 praetereat.
2925 4334 3109 4405 Opera!
3128 4337 3351 4407 pretium
3372 4338 3510 4391 enim
3534 4336 3696 4393 fuerit

2124 4428 2257 4483 bene
2275 4426 2497 4481 scrutari
2516 4424 2656 4479 hunc
2678 4425 2873 4492 locum,
2898 4436 2955 4479 ut
2974 4426 3338 4482 subvertamus
3363 4426 3563 4482 fabulas
3577 4444 3664 4482 om
3681 4456 3696 4467 -

2124 4520 2208 4573 nia
2238 4516 2626 4573 inconsiderate
2673 4517 3019 4587 loquentium.
3068 4519 3134 4574 Et
3162 4521 3387 4589 primum
3431 4521 3697 4577 eil'erenda

2123 4626 2183 4666 ea
2214 4625 2331 4680 qum
2372 4608 2553 4664 dicere
2597 4608 2815 4675 audent,
2855 4617 2909 4663 et
2940 4619 3225 4665 monstrata
3252 4626 3457 4676 eorum,
3488 4628 3603 4683 quae
3631 4615 3700 4670 ab

2123 4702 2226 4756 illis
2271 4700 2550 4763 dicuntur,
2598 4699 2954 4763 absurditate,
3004 4716 3286 4769 germanus
3314 4718 3524 4773 quoque
3554 4704 3700 4759 Scri-

2122 4800 2290 4861 ptura:
2318 4805 2503 4846 sensus
2539 4799 2725 4845 vestrae
2767 4790 2973 4845 caritati
3013 4791 3329 4860 aperiendus
3370 4803 3491 4860 est,
3540 4803 3598 4849 ut
3631 4811 3699 4850 ne

2122 4883 2429 4953 simpliciter
2443 4892 2496 4938 et
2508 4881 2661 4937 facile
2681 4897 2835 4937 aures
2851 4880 3258 4939 accommodetis
3277 4894 3380 4939 tam
3394 4886 3697 4956 blasphema

2123 4976 2418 5031 dicentibus
2437 5016 2450 5037 ,
2480 4983 2535 5029 et
2561 4974 2841 5028 adversum
2873 4974 3044 5042 capita
3074 4989 3170 5029 sua
3199 4975 3462 5031 blaterare
3497 4977 3699 5030 auden—

2126 5068 2283 5123 tibus.
2329 5068 2592 5121 Asserunt
2617 5065 2756 5119 enim
2801 5064 2902 5119 hoc
2930 5080 3035 5118 non
3063 5064 3129 5119 de
3164 5066 3464 5120 hominibus
3491 5065 3695 5120 dictum

2121 5173 2260 5220 esse,
2286 5156 2378 5211 sed
2410 5156 2476 5210 de
2500 5155 2733 5227 angelis:
2767 5154 2865 5208 hos
2890 5155 3039 5209 enim
3062 5194 3075 5219 ,
3104 5156 3259 5210 aiunt
3278 5197 3291 5218 ,
3321 5156 3454 5210 filios
3485 5156 3574 5210 Dei
3601 5172 3698 5224 ap-

2125 5247 2354 5318 pellavit.
2388 5247 2617 5303 Primum
2649 5246 2933 5301 ostendant
2962 5246 3047 5301 ubi
3077 5247 3247 5316 angeli
3281 5247 3368 5301 lilii
3401 5247 3491 5301 Dei
3520 5251 3700 5316 appel-

2125 5339 2212 5393 lati
2239 5340 2376 5395 sint:
2402 5337 2497 5393 sed
2530 5352 2632 5391 non
2679 5344 2926 5406 poterunt
2967 5352 3186 5408 usquam
3223 5348 3537 5392 monstrare.
3590 5337 3701 5392 llo-

2125 5432 2294 5485 mines
2318 5430 2530 5499 quidem
2556 5429 2645 5482 filii
2677 5429 2769 5483 Dei
2796 5428 2924 5483 dicti
2957 5438 3104 5495 sunt,
3133 5429 3305 5501 angeli
3336 5441 3511 5486 autem
3545 5447 3701 5485 num-

2124 5536 2301 5592 quam.
2334 5520 2489 5589 Διηυί
2520 5519 2586 5573 de
2626 5521 2828 5590 angelis
2869 5519 3017 5584 dicit,
3055 5520 3155 5587 Qui
3185 5522 3310 5590 facit
3335 5523 3539 5592 angelos
3588 5538 3703 5575 suos

2124 5611 2349 5680 spiritus,
2368 5620 2413 5662 et
2441 5609 2694 5663 ministres
2717 5627 2831 5663 suos
2851 5611 3108 5679 flammam
3135 5613 3265 5681 ignis
3291 5612 3461 5682 (Psal.
3484 5614 3600 5669 105.
3626 5613 3699 5677 ι).

2127 5701 2201 5755 De
2216 5698 2514 5753 hominibus
2531 5707 2729 5765 autem,
2753 5699 2859 5770 Ege
2871 5701 2997 5765 dixi,
3023 5701 3106 5753 Dii
3121 5704 3236 5755 estis
3256 5702 3407 5774 (Psal
3421 5745 3425 5749 .
3446 5704 3504 5757 8|
3520 5742 3533 5755 .
3557 5703 3634 5772 6):
3651 5712 3701 5756 et

2126 5794 2335 5859 iterum,
2361 5788 2520 5845 Filios
2538 5791 2687 5860 genui
2706 5801 2750 5853 et
2771 5793 2983 5847 exaltari
3009 5792 3171 5864 (Isai.
3197 5795 3248 5848 i.
3272 5795 3346 5866 2)
3371 5814 3383 5848 :
3414 5805 3465 5849 et
3490 5794 3700 5860 iterum,
