4058 6218
330 425 393 477 τῗὶ
1016 436 1019 439 ’
1110 425 1269 494 ρυλε
1306 426 1373 483 ΙΝ
1398 425 1732 484 OPERIBUS
1766 426 1902 483 ΘΗΚ

2011 427 2233 487 )STOMI
2273 431 2793 496 OBSEHVANTUR.
3528 440 3590 493 76

324 539 699 609 Primogcnitus
723 536 861 609 ﬁlius
885 552 1026 592 meus
1056 534 1218 592 Israel
1246 533 1449 608 (Exod.
1476 536 1529 592 4.
1561 536 1633 590 22
1655 536 1695 607 ).
1733 538 1910 607 Ange-

322 640 403 689 tus
421 643 603 688 autem
624 646 885 702 nusquam
910 638 1129 685 vocatus
1148 638 1231 685 est
1255 629 1417 696 illius,
1446 644 1617 699 neque
1638 630 1776 684 [ilius
1795 630 1907 685 Dei.

323 727 570 783 Profecto
590 725 761 796 angeli
782 724 995 795 quidam
1012 731 1195 788 erant;
1218 722 1311 781 sed
1327 723 1449 795 quia
1466 722 1531 778 ad
1554 723 1787 793 iniquum
1810 720 1913 778 hoc

321 836 457 890 opus
497 818 916 882 descenderunt,
939 816 1198 885 dignitate
1243 829 1337 871 sua
1388 814 1719 880 exciderunt,
1755 833 1774 866 ι
1805 823 1907 869 etc.

390 910 492 964 llic
516 922 711 977 aspere
734 906 840 977 agit
866 905 1289 977 Chrysostomus
1310 904 1361 959 in
1377 919 1471 959 eos
1497 904 1589 973 qui
1611 917 1768 973 supra
1794 918 1910 959 me-

324 1005 589 1054 moratum
632 999 806 1053 locum
837 996 905 1052 de
936 997 1140 1067 angelis
1167 996 1511 1061 intellexere,
1555 1003 1714 1065 atque
1766 994 1913 1063 ipsos

326 1093 464 1148 lilios
487 1092 760 1147 hominum
788 1095 841 1146 in
872 1106 1065 1146 uxores
1094 1090 1363 1160 accepisse
1380 1128 1394 1154 ,
1421 1102 1752 1157 corporeque
1777 1101 1913 1156 pra:-

326 1183 470 1239 ditos
500 1183 619 1238 illos
644 1184 862 1253 angelos
884 1181 1069 1236 fuisse.
1103 1182 1170 1235 At
1196 1181 1484 1236 multorum
1524 1188 1763 1235 veterum
1795 1177 1912 1233 hzec

324 1275 512 1344 opinio
543 1274 662 1339 fuit,
693 1288 883 1342 nempe
911 1286 1203 1342 corporeus
1227 1273 1371 1341 ipsos
1396 1272 1588 1337 fuisse,
1617 1280 1670 1325 et
1698 1285 1817 1325 eum
1847 1269 1911 1323 ti-

320 1365 496 1419 liabus
512 1365 783 1419 hominum
807 1380 917 1418 rem
930 1362 1177 1417 habuisse
1197 1380 1212 1415 :
1234 1362 1455 1431 illosque
1469 1361 1687 1431 angelos
1699 1360 1911 1431 quidam

320 1469 583 1514 vocarunt
596 1458 786 1529 vigiles.
804 1456 1068 1524 Iosephus
1085 1457 1264 1525 Antiq.
1288 1455 1323 1509 ι.
1351 1456 1396 1509 ι.
1416 1470 1462 1509 c.
1483 1456 1516 1509 4
1537 1471 1550 1507 :
1575 1453 1723 1508 Multi
1749 1454 1914 1524 angeli

320 1550 424 1605 Dei
455 1550 879 1604 cummulieribus
908 1549 1071 1603 mixti.
1097 1547 1325 1617 ldipsum
1349 1545 1729 1609 lereJustinus,
1754 1544 1917 1599 Athe-

320 1657 590 1713 nagoras,
629 1642 874 1696 Clemens
912 1638 1321 1701 Alexandrinus,
1355 1636 1727 1707 Theognostus
1773 1636 1913 1705 apud

322 1732 573 1787 Photium
602 1741 657 1786 et
686 1732 795 1785 alii.
825 1730 992 1797 Quam
1023 1744 1134 1786 rem
1164 1737 1514 1801 persequutus
1538 1738 1622 1783 est
1647 1727 1914 1797 Josephus

318 1826 567 1895 Scaliger
606 1824 656 1879 in
688 1824 827 1879 notis
853 1822 920 1877 ad
951 1823 1162 1877 Eusebii
1193 1821 1493 1878 Cbronicon
1514 1862 1528 1887 ,
1560 1830 1614 1876 et
1641 1830 1765 1892 post
1788 1836 1911 1875 eum

318 1917 412 1970 alii
445 1918 736 1981 innumeri,
766 1930 901 1985 quos
926 1915 1139 1983 longum
1165 1924 1307 1969 esset
1336 1927 1637 1968 recensere.

395 2011 488 2063 Ait
504 2025 630 2063 vero
641 2008 1059 2078 Chrysostomus
1078 2024 1090 2059 :
1117 2005 1397 2060 Ostendant
1418 2003 1503 2057 ubi
1519 2004 1686 2075 angeli
1706 2003 1802 2072 ﬁlii
1818 2002 1912 2057 Dei

317 2103 568 2174 appellati
592 2102 691 2156 sint
708 2103 736 2155 2'
763 2101 1030 2171 Nusquam
1055 2109 1201 2156 certe
1228 2099 1366 2170 apud
1398 2097 1539 2154 LXX
1571 2098 1908 2165 Iuterpretes,

313 2209 453 2263 quos
477 2194 625 2250 solos
653 2193 861 2263 legebat
886 2190 1318 2263 Chrysostomus.
1350 2191 1541 2245 Verum
1569 2191 1621 2244 in
1652 2188 1913 2243 liebraico

332 2292 481 2353 textu
523 2284 643 2339 libri
671 2282 772 2338 Job
796 2298 845 2338 c.
888 2284 939 2349 l,
968 2299 1019 2335 v.
1048 2282 1100 2349 6,
1132 2282 1306 2353 angeli
1352 2280 1445 2335 lilii
1478 2281 1569 2335 Dei
1614 2289 1872 2334 vocantur
1892 2317 1908 2344 ,

325 2352 629 2431 ΣΞπῦκηῦ
676 2392 691 2426 :
731 2383 788 2430 et
829 2374 882 2429 in
935 2373 1159 2443 Vulgata
1204 2352 1413 2443 quoque
1452 2372 1548 2441 ﬁlii
1596 2369 1711 2423 Dei.
1761 2368 1912 2424 Nihi-

322 2466 558 2519 lominus
604 2464 694 2519 hic
746 2464 913 2534 probe
936 2463 1185 2519 ‘cont‘utat
1224 2463 1637 2533 Chrysostomus
1682 2475 1776 2516 eos
1821 2459 1911 2529 qui

324 2555 586 2619 dicerent,
619 2555 786 2609 hosce
811 2554 951 2608 ﬁlios
972 2554 1063 2608 Dei
1093 2553 1253 2609 fuisse
1279 2553 1517 2624 angelos.

896 2800 1217 2857 DIATRIBA
1256 2800 1344 2856 IV.

852 2955 1179 3012 Miscellunca
1210 2956 1387 3011 multa.

400 3110 585 3167 Narrat
613 3112 1067 3183 Chrysostomus,
1098 3129 1196 3168 suo
1222 3129 1335 3168 aevo
1365 3122 1532 3167 totum
1572 3113 1758 3168 orbem
1785 3155 1799 3178 ,
1833 3113 1909 3168 sic

322 3205 437 3265 ille,
460 3204 525 3257 sd
551 3204 826 3259 Bethleem
847 3204 1191 3271 conﬂuxisse,
1215 3219 1318 3259 non
1341 3205 1442 3258 alia
1464 3203 1530 3259 de
1554 3219 1734 3271 causa,
1753 3219 1909 3273 quam

319 3304 381 3347 ut
436 3294 612 3348 locum
670 3294 916 3349 viderent
968 3295 1054 3350 ubi
1105 3304 1260 3350 natus
1308 3295 1681 3366 repositusque
1736 3294 1909 3349 luerat

313 3384 567 3438 Christus
588 3384 783 3454 (Tomo
811 3385 1022 3454 primo).

396 3474 473 3529 De
496 3473 617 3528 Jobi
643 3474 768 3529 timo
790 3475 904 3530 haec
928 3492 1178 3547 perquam
1204 3476 1489 3547 singularia
1509 3475 1701 3545 profert
1727 3476 1908 3546 (Tomo

316 3564 610 3638 secundo):
642 3565 795 3620 Multi
829 3584 961 3621 nunc
1009 3567 1211 3639 longam
1263 3577 1309 3622 et
1354 3570 1741 3623 transmarinam
1789 3586 1905 3637 per-

316 3657 687 3725 egrinationem
738 3675 771 3711 a
808 3668 956 3713 terra:
996 3659 1180 3726 ﬁnibus
1216 3660 1269 3712 in
1316 3659 1551 3712 Arabiam
1594 3659 1905 3728 suscipiunt,

317 3757 376 3799 ut
414 3748 599 3815 [imum
657 3750 800 3802 illum
848 3760 1051 3803 cernant
1075 3791 1090 3814 ,
1149 3759 1197 3803 et
1244 3752 1519 3821 conspicati
1565 3759 1747 3803 terrant
1782 3752 1905 3805 deo-

315 3840 579 3893 sculentur
603 3882 618 3906 ,
666 3858 779 3911 quae
818 3842 957 3895 illius
1001 3844 1201 3897 victoris
1257 3845 1530 3898 certamina
1571 3855 1617 3898 et
1680 3862 1907 3899 cruorem

316 3932 458 3985 omni
497 3949 625 3986 auro
665 3936 1005 4001 pretiosiorem
1050 3937 1287 4005 suscepit.
1329 3934 1507 4006 Neque
1540 3938 1672 3991 enim
1711 3947 1905 3991 tantum

317 4022 545 4075 radiaret
575 4039 806 4092 purpura
828 4065 841 4087 ,
879 4033 1120 4094 quantum
1158 4026 1285 4078 illud
1313 4042 1495 4095 corpus
1531 4035 1649 4079 tunc
1676 4028 1903 4095 resplen-

318 4113 509 4179 debat,
533 4131 632 4167 non
652 4115 817 4168 alieno
838 4155 853 4178 ,
885 4116 973 4169 sed
1002 4117 1207 4186 proprio
1228 4118 1433 4170 tinctum
1463 4118 1723 4188 sanguine.
1752 4116 1903 4174 Ulce-

316 4219 383 4255 ra
408 4220 521 4257 vero
539 4206 628 4258 illa
652 4207 858 4274 gemmis
883 4207 1111 4261 omnibus
1136 4218 1279 4261 erant
1299 4208 1513 4260 cariora.

446 4295 483 4347 Et
508 4295 620 4363 ipse
639 4296 1068 4366 Chrysostomus,
1095 4297 1345 4365 reliquias
1364 4313 1502 4351 arcte
1522 4297 1649 4352 Noce
1666 4299 1904 4353 hactenus

319 4389 530 4439 servari
555 4387 607 4439 in
637 4387 906 4442 montibus
934 4387 1195 4442 Armeniae
1235 4387 1302 4441 ad
1329 4400 1564 4443 nostram
1590 4389 1905 4449 admonitio-

317 4497 442 4535 nem
473 4482 491 4549 (
500 4479 656 4535 Tomo
684 4481 869 4549 sexto).

393 4569 510 4623 Non
541 4570 992 4639 praetermittenda
1014 4579 1274 4640 suntquae
1299 4571 1366 4627 de
1386 4582 1521 4626 terra
1548 4571 1900 4627 Sodomorum

316 4657 707 4729 dicitUbidem)
743 4677 757 4713 :
794 4658 977 4713 Verum
1021 4662 1130 4715 hac
1178 4677 1306 4714 nunc
1357 4671 1429 4715 est
1464 4663 1684 4714 omnium
1733 4663 1901 4716 deser-

317 4761 483 4803 torum
528 4751 858 4805 desertissima
878 4762 1047 4806 :stant
1080 4754 1213 4807 enim
1245 4755 1445 4807 arbores
1480 4765 1525 4808 et
1563 4758 1779 4824 fructum
1810 4756 1902 4808 ha-

318 4844 468 4903 bent,
503 4851 554 4892 at
581 4845 775 4909 fructus
804 4841 890 4894 ille
918 4843 1009 4896 ira:
1032 4843 1217 4895 divina:
1244 4844 1600 4896 monimentum
1629 4855 1701 4897 est
1723 4861 1741 4898 :
1766 4855 1902 4898 stant

317 4934 671 5002 rnalogranata
706 4933 1004 5002 splendida,
1034 4934 1164 5005 facie
1186 4950 1324 5004 spent
1349 4933 1527 4988 bonam
1555 4936 1901 5006 ignorantibus

314 5022 628 5091 prebentia,
669 5024 901 5078 manibus
935 5034 1098 5077 autent
1128 5034 1332 5094 accepta
1376 5035 1421 5078 et
1456 5029 1650 5095 fracta,
1679 5026 1899 5094 fructum

310 5112 512 5179 quidem
555 5113 781 5177 nullum,
820 5114 906 5166 sed
944 5114 1198 5183 pulverem
1237 5116 1546 5185 cineremque
1584 5114 1897 5169 multumin-

312 5211 394 5255 tus
418 5203 638 5272 positum
665 5203 917 5257 exhibent.
946 5201 1088 5259 Talis
1113 5213 1185 5258 est
1215 5215 1348 5258 terra
1418 5205 1541 5258 tales
1564 5205 1791 5275 lapides,
1822 5216 1897 5257 ta-

312 5292 375 5344 lis
406 5293 509 5363 ipse
529 5310 617 5345 aer
644 5307 662 5344 :
691 5294 863 5346 omnia
901 5294 1104 5346 incensa
1120 5305 1253 5356 sunt,
1274 5295 1443 5348 omnia
1466 5296 1517 5348 in
1538 5296 1751 5349 cinerem
1777 5296 1866 5348 red
1876 5326 1894 5337 ο

313 5391 457 5447 acta,
510 5393 845 5452 prwterquam
900 5383 993 5436 ira:
1045 5385 1383 5449 monimenta,
1456 5386 1614 5456 futuri
1660 5386 1894 5457 supplicii

312 5472 517 5525 indicia.

386 5565 519 5618 Dicit
544 5567 705 5619 ctiam
727 5565 916 5620 doctor
937 5577 1134 5633 noster,
1159 5582 1186 5621 a
1217 5567 1475 5623 decennio
1494 5568 1736 5624 homines
1757 5586 1882 5640 pec-

306 5664 547 5708 catorum
582 5655 842 5709 rationem
890 5657 1187 5711 reddituros
1215 5674 1335 5712 esse
1360 5676 1370 5711 :
1398 5657 1464 5713 Ut
1486 5660 1654 5728 palam
1676 5661 1886 5729 faciunt,

305 5749 480 5816 pergit
508 5748 596 5801 ille
618 5788 632 5809 ,
669 5751 812 5817 pueri
835 5791 848 5813 ,
878 5750 961 5817 qui
1001 5751 1135 5818 quod
1167 5749 1403 5807 Eliswum
1442 5752 1648 5806 irridere
1676 5753 1785 5807 ausi
1804 5769 1885 5807 es-

300 5850 443 5906 sent,
469 5838 532 5892 ab
561 5840 688 5892 ursi:
717 5839 946 5907 dct'orgti
976 5851 1109 5896 sunt.

2089 537 2165 593 De
2192 539 2445 595 mendicis
2469 583 2483 605 ,
2516 556 2623 612 quo
2650 551 2802 613 pacto
2829 544 3031 600 scilicet
3053 551 3179 601 tunc
3202 549 3459 618 temporis
3490 551 3589 605 sti-

2015 643 2134 697 pem
2160 639 2430 700 cogerent,
2461 632 2623 686 multa
2645 632 2773 688 dicit
2798 650 2916 704 qua:
2945 652 3049 691 non
3069 648 3191 694 sunt
3217 636 3427 695 silentio
3455 656 3593 711 prm-

1986 762 1989 765 .
2020 720 2272 775 tereunda
2311 719 2504 793 (Tomo
2531 724 2835 796 undecimo).
2859 726 3121 798 Principio
3143 732 3352 799 quidem
3385 733 3594 787 mendi-

2014 808 2063 863 ci
2083 851 2097 876 ,
2126 817 2236 865 uta
2268 815 2710 880 praetereuntibus
2737 832 2898 871 unum
2936 820 3018 874 vel
3066 820 3199 876 duos
3246 823 3429 878 obolos
3456 827 3593 880 acci-

2016 908 2204 967 perent
2224 941 2239 965 ,
2274 916 2366 969 per
2396 902 2677 957 Dominum
2709 905 3054 974 adjurabaut,
3085 919 3143 964 ut
3167 921 3364 967 metum
3394 914 3594 970 incute.

2018 1001 2155 1056 rent,
2180 984 2440 1061 praecipue
2460 997 2713 1051 matronis
2731 1007 2781 1051 et
2804 999 3012 1067 puellis,
3038 1016 3152 1071 qua:
3168 1004 3451 1072 opulentiae
3476 1022 3594 1075 spe-

2016 1080 2150 1136 ciem
2176 1097 2284 1151 prae
2305 1098 2361 1138 se
2387 1085 2623 1139 ferebant
2645 1104 2656 1139 :
2678 1087 2768 1141 sed
2790 1102 2908 1142 cum
2929 1089 3024 1144 hac
3045 1092 3125 1145 via
3155 1109 3334 1162 parum
3358 1096 3440 1150 vel
3463 1097 3591 1151 nihil

2016 1172 2453 1241 cxpiscarentur,
2496 1175 2638 1229 aliud
2679 1179 2982 1245 tentabant,
3026 1183 3166 1251 quod
3217 1186 3293 1239 sic
3340 1188 3589 1257 exprimit

2016 1261 2434 1334 Chrysostomus
2464 1284 2476 1319 :
2510 1266 2645 1322 Nam
2669 1270 2905 1340 quoniam
2925 1272 3082 1326 verbis
3108 1284 3298 1329 utentes
3328 1278 3590 1332 vehemen-

2017 1355 2149 1409 tibus
2174 1366 2220 1411 et
2250 1359 2479 1424 acribus,
2523 1377 2623 1413 non
2662 1370 2873 1433 tangunt
2913 1365 3135 1418 animum
3158 1382 3178 1431 ;
3203 1369 3270 1421 ad
3309 1370 3436 1422 hanc
3464 1372 3591 1424 viam

2018 1457 2322 1515 properant,
2353 1466 2443 1519 per
2469 1468 2619 1520 quant
2646 1454 2860 1505 maxime
2889 1453 3167 1523 delectant,
3196 1472 3239 1511 et
3266 1478 3373 1512 eum
3400 1464 3481 1528 qui
3524 1474 3590 1515 et

2015 1538 2068 1591 in
2096 1540 2383 1595 calamitate
2407 1552 2453 1595 et
2498 1544 2635 1613 fame
2664 1545 2917 1599 cruciatur
2940 1588 2954 1613 ,
3000 1548 3130 1618 cogit
3162 1550 3409 1620 intproi.:.
3434 1576 3453 1606 δ

2016 1641 2121 1684 stra
2148 1635 2427 1688 encomium
2458 1636 2624 1691 dicere
2653 1654 2672 1690 :
2697 1648 2743 1691 et
2772 1640 2964 1693 utinam
3003 1641 3096 1695 hoc
3120 1644 3321 1698 solum!
3346 1648 3431 1700 seu
3472 1648 3535 1699 si.

2016 1739 2128 1775 rum
2147 1741 2342 1796 quoque
2369 1744 2524 1798 genus
2552 1730 2645 1783 hoc
2679 1731 2904 1784 acerbius
2927 1774 2944 1799 ,
2990 1750 3165 1805 nempe
3206 1737 3523 1808 pra‘stigiam.
3542 1760 3589 1790 td

2016 1816 2150 1887 cogit
2179 1834 2284 1871 esse
2310 1837 2557 1898 pauperes
2577 1863 2591 1884 ,
2630 1839 2830 1879 scurras
2855 1834 2899 1877 et
2927 1826 3081 1880 risum
3104 1838 3370 1883 moventes.
3409 1830 3588 1897 Quan-

2017 1906 2081 1959 do
2102 1909 2235 1960 enim
2266 1909 2470 1977 calices,
2502 1911 2800 1966 hederaceas
2827 1925 3028 1984 pateras
3050 1925 3095 1969 et
3121 1919 3303 1987 pocula
3326 1920 3493 1988 digitis
3516 1923 3590 1973 in-

2015 2012 2183 2049 serens
2207 2008 2252 2049 et
2281 1999 2545 2068 imponens
2569 2042 2583 2065 ,
2609 2001 2738 2054 ludit
2757 2003 2998 2073 cymbalis
3021 2047 3034 2071 ,
3064 2015 3109 2059 et
3139 2007 3358 2073 ﬁstulam
3384 2010 3589 2075 ltttbens,

2017 2087 2185 2157 turpia
2230 2090 2423 2142 cantica
2460 2099 2506 2143 et
2547 2107 2718 2145 amore
2746 2094 2893 2162 plena
2942 2111 3030 2163 per
3072 2113 3181 2149 eam
3226 2108 3374 2151 cantu
3405 2110 3450 2151 et
3482 2118 3591 2154 race

2016 2178 2202 2233 clamat
2232 2195 2252 2234 ε
2277 2191 2394 2234 tunc
2438 2183 2583 2236 multi
2630 2186 2985 2251 circumstant,
3037 2196 3083 2239 et
3131 2188 3217 2240 alii
3248 2191 3447 2258 quidem
3478 2193 3591 2261 fru-

2015 2280 2149 2325 stum
2199 2272 2382 2341 panis,
2434 2274 2524 2327 alii
2564 2290 2677 2329 vero
2725 2278 2964 2343 obolum,
3013 2278 3102 2331 alii
3147 2281 3406 2349 quidpiam
3452 2285 3591 2336 aliud

2015 2360 2234 2430 prebeat
2257 2403 2272 2428 ,
2325 2373 2373 2417 et
2399 2363 2488 2417 diu
2516 2366 2753 2432 retinent,
2807 2376 2853 2421 et
2882 2368 3191 2423 delectantur
3218 2372 3310 2424 viri
3335 2382 3380 2426 et
3410 2376 3591 2429 mulie~

2014 2468 2094 2506 res
2122 2467 2145 2505 :i
2169 2453 2291 2520 quid
2315 2463 2386 2508 est
2415 2455 2509 2511 hoc
2548 2458 2748 2526 gravius
2773 2458 2798 2511 ἶ)

2088 2543 2165 2598 Ex
2194 2545 2450 2600 mendicis
2474 2556 2652 2602 autem
2692 2548 2796 2603 illis
2825 2550 3037 2619 quidam
3066 2552 3291 2621 improbi
3322 2570 3383 2610 ac
3422 2558 3591 2612 scele-

2015 2635 2081 2689 sti
2121 2645 2292 2700 erant,
2319 2636 2384 2691 de
2415 2638 2608 2707 quibus
2639 2639 3137 2711 aitChrysostomus
3159 2643 3339 2713 (Tomo
3366 2647 3588 2718 primo):

2019 2724 2197 2778 Annon
2224 2725 2359 2780 vides
2381 2728 2721 2781 mendicorum
2747 2729 2989 2799 plurimos
3013 2732 3139 2786 inter
3162 2750 3425 2802 prcssuras
3450 2737 3586 2805 ipsas

2016 2816 2351 2893 elangustias
2376 2820 2641 2872 innumera
2668 2830 3010 2889 perpetrantcs
3036 2825 3221 2876 scelera
3240 2867 3253 2887 ,
3276 2842 3486 2895 quorum
3512 2838 3592 2881 ta-

2016 2922 2127 2959 men
2149 2906 2373 2959 omnium
2401 2923 2555 2962 causa
2599 2925 2699 2962 non
2751 2911 2951 2979 afﬂictio
2998 2916 3309 2982 paupertatis
3348 2926 3454 2983 est,
3505 2920 3592 2971 sed

2014 2997 2126 3050 sola
2158 2999 2425 3066 nequitia?
2454 2998 2639 3052 Audivi
2680 3017 2770 3069 ego
2807 3002 3049 3072 quosdam
3075 3044 3090 3068 ,
3134 3005 3218 3073 qui
3246 3005 3463 3061 dicerent
3492 3009 3590 3062 hu-

2004 3088 2234 3158 jusmodi
2263 3088 2485 3143 homines
2505 3091 2758 3144 mulierem
2777 3093 3047 3161 quamdam
3073 3095 3330 3150 honestam
3355 3108 3401 3150 et
3422 3103 3590 3170 forma

2015 3181 2209 3234 liberali
2252 3181 2305 3235 in
2336 3181 2610 3236 solitudine
2654 3194 2846 3250 nactos,
2875 3184 2920 3238 ei
2948 3185 3185 3240 violenter
3223 3204 3283 3241 ac
3308 3190 3591 3257 petulanter

2013 3270 2251 3325 illusisse.
2282 3272 2431 3342 Atqui
2458 3289 2560 3343 qua
2587 3274 2876 3328 necessitate
2899 3317 2912 3342 ,
2942 3292 3040 3347 qua
3065 3278 3354 3335 calamitate
3393 3283 3462 3335 ad
3498 3285 3592 3338 hoc

2013 3364 2204 3419 inducti
2230 3375 2345 3420 sunt
2366 3366 2393 3419 1’

2083 3459 2230 3514 Alios
2259 3460 2418 3515 etiam
2445 3471 2703 3518 memorat
2729 3466 3100 3536 marsupiorum
3136 3476 3372 3535 sectores,
3402 3471 3489 3541 qui
3538 3471 3590 3525 in

2018 3550 2298 3606 ecclesiam
2327 3553 2716 3609 conveniebant
2740 3595 2755 3622 ,
2786 3563 2845 3609 ut
2868 3572 2986 3611 cum
3015 3556 3265 3613 divitibus
3294 3559 3344 3614 in
3379 3561 3592 3616 concio—

2014 3659 2080 3698 ne
2106 3644 2421 3712 intermixti,
2453 3661 2760 3705 crumenam
2784 3656 2845 3704 et
2864 3664 3051 3712 aurum
3079 3651 3208 3721 ipsis
3248 3652 3589 3723 subriperent

2016 3741 2035 3805 (
2059 3735 2251 3791 Ibidem
2267 3737 2308 3809 ).

2031 3827 2271 3893 .Narrat
2315 3828 2529 3884 Judzeos
2570 3832 2822 3900 templum
2882 3848 3034 3888 suum
3092 3844 3393 3891 restaurare
3447 3853 3590 3907 saipe

2011 3918 2203 3973 frustra
2261 3919 2869 3993 tentavisseUbidem);
2902 3924 3008 3977 imo
3053 3924 3316 3979 lulianum
3365 3928 3589 3996 Apostao

2013 4019 2117 4064 tam
2172 4011 2296 4066 illud
2343 4011 2522 4081 operis
2568 4013 2884 4082 suscepisse.
2929 4012 3069 4067 Nam
3105 4019 3251 4069 wtate’
3282 4026 3483 4083 nostra,
3510 4018 3587 4071 in-

2011 4104 2156 4173 quit,
2193 4104 2464 4173 impcrator
2507 4106 2591 4175 qui
2640 4120 2811 4160 onmes
2872 4105 3131 4178 impietate
3190 4110 3496 4179 superabat,
3541 4121 3587 4166 et

2014 4194 2311 4261 facultatem
2339 4204 2463 4248 tunc
2483 4193 2680 4249 luditis
2707 4196 2841 4249 dedit
2865 4237 2880 4262 ,
2913 4206 2960 4250 et
2988 4210 3281 4269 cooperatus
3308 4212 3395 4255 est.
3445 4202 3586 4274 Opus

2010 4284 2089 4337 illi
2118 4285 2345 4354 incepere
2368 4325 2383 4349 ,
2409 4302 2468 4337 ac
2493 4302 2554 4339 ne
2572 4286 2647 4340 vel
2672 4287 2930 4341 minimum
2956 4292 3189 4360 progredi
3208 4293 3341 4344 ultra
3363 4304 3582 4364 potuere,

2008 4374 2098 4427 sed
2124 4374 2252 4444 ignis
2279 4391 2310 4426 a
2338 4375 2677 4445 fundamentis
2701 4378 2932 4433 exsilicns
2960 4396 3131 4435 onmes
3174 4384 3388 4453 fugavit.
3438 4386 3584 4450 Quod

2007 4475 2171 4519 autem
2201 4467 2443 4521 uoluerint
2463 4509 2478 4535 ,
2510 4468 2603 4522 hoc
2632 4470 2875 4524 indicium
2900 4482 2974 4525 est
3000 4511 3015 4536 ,
3048 4474 3182 4541 quod
3206 4474 3447 4527 hactenus
3464 4477 3581 4543 {un-

2007 4557 2242 4612 damenta
2263 4560 2453 4612 nudata
2475 4570 2757 4629 appareant
2785 4577 2804 4615 :
2828 4572 2881 4615 ut
2907 4563 3077 4616 videas
3114 4564 3251 4631 ipsos
3276 4566 3476 4635 quidem
3505 4570 3584 4635 [ο⁴

2007 4649 2123 4703 dere
2160 4651 2402 4720 coepisse,
2448 4651 2536 4704 sed
2582 4651 2838 4720 a'dificare
2878 4669 2977 4705 non
3025 4653 3281 4722 potuisse,
3321 4654 3585 4709 obsistente

2006 4742 2194 4800 Christi
2221 4746 2583 4799 sententia.....
2613 4746 2764 4815 Atqui
2783 4746 2827 4799 si
2851 4762 2950 4798 non
2972 4746 3140 4798 divina
3160 4748 3314 4802 virtus
3334 4749 3579 4803 collucta-

2005 4843 2161 4899 rctur,
2193 4836 2317 4903 quid
2344 4836 2604 4889 obstaret?
2625 4851 2795 4887 annon
2825 4851 3007 4905 magna
3035 4835 3108 4888 vis
3138 4839 3465 4905 pecuniarum
3491 4857 3579 4910 pc-

2006 4942 2093 4979 nes
2114 4925 2231 4979 illos
2260 4926 2373 4979 est?
2398 4942 2568 4978 annon
2603 4925 2666 4978 ab
2696 4924 2925 4978 onmibus
2956 4926 3181 4996 undique
3212 4928 3402 4983 tributa
3430 4931 3574 4984 colli-

2001 5034 2121 5088 gens
2138 5017 2446 5087 patriarcha,
2468 5018 2733 5071 immensos
2750 5018 2967 5088 possidet
2984 5018 3244 5074 thesauros
3260 5022 3287 5074 1'

2074 5113 2148 5167 De
2198 5112 2502 5169 Judmorum
2545 5114 2781 5169 moribus
2831 5124 2886 5169 et
2932 5115 3119 5171 ritibus
3167 5115 3329 5169 multa
3379 5114 3576 5184 profert

1999 5206 2415 5276 Chrysostomus
2460 5206 2511 5260 in
2538 5205 2881 5263 concionjbus
2920 5206 3179 5262 adversus
3210 5204 3575 5276 JudmosUbi-

2004 5294 2158 5368 dem)
2186 5296 2477 5367 :siugulare
2502 5311 2629 5352 vero
2676 5296 2802 5352 illud
2832 5305 2949 5364 est,
2973 5294 3116 5363 quod
3140 5309 3246 5349 non
3262 5294 3426 5349 semel
3456 5310 3573 5350 nar-

2006 5397 2119 5452 rat,
2147 5387 2364 5443 Judzeos
2412 5403 2603 5460 nempe
2624 5428 2640 5456 ,
2689 5388 2901 5460 quando
2936 5386 3273 5457 jejunahant,
3303 5386 3456 5443 nudis
3487 5404 3568 5459 pe

1996 5479 2150 5535 dibus
2177 5480 2227 5533 in
2260 5479 2373 5534 loro
2398 5481 2593 5537 saltare
2621 5478 2979 5537 eonsuevisse.

2056 5569 2168 5623 Non
2191 5570 2353 5624 semel
2382 5572 2622 5640 queritur
2641 5570 2780 5640 quod
2799 5567 3083 5622 Christiani
3106 5566 3320 5637 quidam
3335 5569 3571 5639 judaiza-

1994 5669 2142 5723 rent,
2193 5659 2496 5716 Judteorum
2522 5660 2875 5715 conventibus
2922 5673 2984 5712 ac
3020 5658 3169 5714 festis
3197 5658 3385 5724 diebus
3412 5663 3572 5715 iutur-

1991 5760 2203 5815 esseut,
2237 5766 2333 5806 nec
2374 5767 2567 5821 paucos
2613 5766 2732 5805 esse
2772 5750 2860 5819 qui
2913 5750 3013 5806 hoc
3042 5752 3226 5807 morbo
3270 5753 3568 5808 laborarent

1996 5840 2256 5913 (Ibidem).
2281 5842 2497 5909 Quinam
2535 5851 2605 5897 est
2643 5841 2841 5897 morbus
2889 5842 3006 5910 iste,
3036 5843 3237 5914 inquit,
3268 5842 3431 5898 Ferit:
3469 5842 3569 5898 lu-
