4054 6216
448 439 515 493 77
1760 418 2085 479 SYNOPSIS
2125 412 2362 473 EORUM
3635 402 3700 460 73

449 552 669 606 da'orum
693 548 983 602 miserorum
1000 545 1185 598 instant
1206 581 1220 605 ,
1252 553 1416 608 ea'que
1430 541 1675 588 continua:
1691 547 1748 583 ac
1772 534 2006 600 frequen-

453 654 522 695 tes
544 682 557 701 .
601 642 767 704 labre,
815 635 1149 705 scenepegiaz,
1192 630 1389 704 jejunio
1414 642 1433 680 :
1469 635 1516 680 et
1552 624 1693 676 multi
1731 620 1887 675 nostri
1933 635 2021 672 or-

452 734 583 786 dinis
603 775 616 796 ,
640 732 723 800 qui
745 747 798 783 se
822 729 1079 782 nobiscum
1106 725 1289 779 sentire
1316 721 1509 785 dicunt,
1538 719 1721 789 partim
1742 723 2020 785 spectatum

453 825 567 877 illas
597 824 751 891 ferias
782 819 1027 889 prodeunt
1046 856 1061 883 ,
1092 816 1273 885 partim
1297 814 1442 865 etiam
1470 827 1571 864 una
1605 809 1886 872 celebrant,
1921 821 2024 858 una

459 914 868 982 iejunant,quam
892 923 1099 978 pravam
1127 903 1533 958 consuetudinem
1554 915 1683 954 nunc
1707 898 1768 952 ab
1796 895 2025 952 Ecclesia

456 1003 565 1057 solo
584 1017 780 1055 arcere.

526 1092 747 1160 Quidam
778 1091 936 1144 etiam
967 1103 1031 1142 eo
1068 1086 1348 1141 dementia:
1376 1090 1774 1153 processerant,
1808 1090 1866 1135 ut
1906 1094 2027 1135 cum

458 1180 754 1251 quempiam
779 1176 1146 1247 adjurandum
1175 1174 1493 1244 compellere
1516 1172 1746 1235 vellent,
1786 1170 1933 1224 illum
1963 1169 2029 1222 ad

459 1271 626 1324 :edem
657 1268 962 1322 Judacorum
989 1266 1235 1320 inducere
1262 1271 1600 1328 conarentur,
1624 1260 1763 1330 quod
1787 1265 2033 1329 putarent

459 1363 814 1431 jnramentum
879 1357 950 1412 ibi
992 1356 1172 1410 datum
1217 1354 1382 1424 magis
1433 1350 1822 1407 formidandum
1865 1362 2029 1404 esse:

461 1468 621 1522 quam
650 1466 761 1505 rem
789 1464 947 1519 supra
984 1447 1218 1518 pluribus
1242 1446 1603 1502 enarravimus
1627 1444 1678 1497 in
1707 1442 1818 1496 Vita
1846 1441 1901 1496 S.
1933 1440 2033 1495 do-

463 1546 647 1599 ctoris.
679 1544 842 1598 Erant
872 1541 1029 1595 etiam
1059 1540 1149 1610 qui
1177 1539 1393 1594 sabbata
1420 1552 1539 1592 cum
1566 1535 1763 1591 Judaeis
1790 1534 2036 1589 observa-

466 1647 611 1701 rent,
643 1637 749 1689 imo
777 1643 829 1688 ct
866 1632 917 1688 S.
967 1632 1168 1687 Pascha
1202 1632 1533 1686 celebrarent
1560 1644 1680 1683 cum
1723 1627 1908 1682 iisdem
1938 1626 2035 1681 Ju-

468 1727 598 1781 tlaeis
629 1726 814 1796 (Temo
845 1725 1080 1793 decimo).
1110 1726 1222 1791 Qua
1251 1723 1319 1777 dc
1357 1737 1416 1778 re
1444 1733 1616 1777 actum
1652 1734 1810 1789 supra
1836 1720 1888 1774 in
1920 1719 2038 1773 Vita

474 1817 840 1889 Chrysostomi
865 1816 928 1871 ad
958 1832 1155 1871 annum
1182 1816 1305 1870 587.

538 1908 653 1962 Non
679 1909 827 1977 pauci
854 1922 1062 1977 quoque
1087 1915 1237 1961 erant
1266 1906 1353 1973 qui
1378 1905 1650 1975 gentilium
1672 1904 1838 1959 multa
1859 1903 2044 1959 obser-

470 2007 653 2053 varent
684 1998 939 2068 (Ibidem)
967 2015 981 2052 :
1008 1997 1262 2067 sertilegia
1286 2013 1462 2067 nempe
1484 2037 1497 2061 ,
1526 1996 1739 2066 auguria
1758 2035 1774 2063 ,
1796 1996 1965 2048 omina
1985 2009 2045 2047 ac

472 2090 664 2142 dierum
708 2088 1103 2153 observationes,
1150 2089 1545 2157 superstitiosam
1588 2104 1741 2157 super
1758 2087 1927 2158 genesi
1954 2102 2045 2139 cu-

472 2197 582 2234 ram
606 2221 621 2248 ,
651 2190 695 2234 et
723 2180 883 2233 omnis
923 2179 1190 2249 impietatis
1244 2180 1417 2247 plenas
1455 2179 1625 2232 literas
1644 2220 1659 2242 ,
1687 2194 1809 2246 quas
1858 2192 2039 2245 puere-

474 2289 620 2337 rum,
661 2273 890 2343 protinus
931 2281 986 2324 ut
1026 2272 1131 2324 nati
1172 2280 1327 2336 sunt,
1364 2269 1608 2339 capitibus
1648 2270 1944 2337 imponunt;
1984 2267 2045 2319 ab

474 2365 584 2434 ipso
619 2364 785 2416 statim
817 2363 1021 2416 exordio
1060 2362 1291 2415 docentes
1327 2361 1441 2414 illos
1479 2360 1674 2412 virtutis
1712 2358 2049 2439 adipiscenda:

474 2455 695 2509 studium
719 2454 964 2525 abjicere,
998 2462 1043 2507 et
1066 2453 1134 2505 ad
1174 2452 1407 2522 fallacem
1446 2452 1541 2520 fati
1580 2452 1894 2520 tyrannidem
1934 2451 2048 2505 illos

475 2546 793 2599 adducentes.

546 2635 622 2689 Ex
654 2634 717 2688 iis
747 2648 871 2687 vero
892 2674 905 2698 ,
937 2648 1053 2702 qua:
1079 2632 1488 2703 Chrysostomus
1514 2638 1695 2684 narrat
1726 2630 1778 2684 in
1804 2630 1910 2684 line
1940 2629 2052 2684 Ho-

478 2725 637 2779 milim
666 2734 866 2794 quarta:
892 2725 941 2776 in
973 2724 1142 2792 Epist.
1175 2723 1240 2777 ad
1272 2723 1555 2791 Ephesios,
1603 2722 1774 2790 palam
1801 2730 1883 2775 est
1908 2721 2048 2774 inter

464 2815 801 2872 Christianos
822 2815 1185 2870 Antiochenos
1199 2813 1452 2883 plurimos
1472 2812 1635 2866 fuisse
1650 2812 1738 2881 qui
1759 2812 2055 2880 genethlia-

484 2907 640 2975 logiae
666 2921 880 2975 Operam
909 2906 1115 2960 darent.

551 2999 718 3053 Erant
740 2999 900 3053 etiam
930 3015 1033 3052 non
1062 2999 1209 3067 pauci
1258 2994 1546 3051 Christiani
1572 2992 1886 3050 Antiocheni
1910 3033 1927 3061 ,
1970 2993 2060 3062 qui

484 3104 587 3145 una
633 3105 752 3145 cum
782 3090 1065 3159 gentilibus
1111 3088 1175 3143 ad
1218 3087 1473 3157 Daphnen
1521 3094 1885 3155 properarent.
1929 3085 2057 3138 Erat

483 3190 659 3235 autem
689 3180 906 3248 Daphne
947 3179 1257 3235 suburbium
1284 3177 1676 3232 Antiochenum
1702 3217 1718 3241 ,
1752 3176 1829 3229 sic
1853 3189 2056 3229 nuncu-

484 3281 663 3341 patum
699 3285 730 3324 a
762 3270 979 3339 Daphne
1023 3269 1195 3339 puella
1221 3310 1237 3335 ,
1286 3284 1444 3338 quam
1495 3267 1785 3338 mythologi
1827 3266 2059 3320 Ladonis

486 3363 630 3417 ﬂuvii
661 3362 821 3416 tiliam
849 3362 1048 3415 dicunt.
1069 3361 1193 3415 llzec
1217 3376 1336 3414 cum
1356 3360 1655 3429 Apollinem
1681 3359 1909 3414 libidinis
1935 3373 2062 3412 cau-

487 3473 544 3513 sa
571 3471 630 3512 se
663 3457 1025 3525 insequentem
1065 3454 1201 3508 ultra
1228 3452 1460 3523 etfugere
1488 3468 1592 3506 non
1626 3460 1837 3521 posset,
1865 3450 2058 3520 implo-

489 3556 603 3601 rato
630 3546 830 3616 paterni
856 3545 1084 3600 numinis
1109 3544 1305 3599 auxilio
1325 3586 1340 3611 ,
1364 3545 1415 3598 in
1444 3546 1650 3599 laurum
1672 3558 1924 3599 conversa
1955 3551 2058 3598 est.

490 3637 613 3691 Erat
642 3651 803 3706 porro
834 3635 1053 3705 Daphne
1073 3635 1381 3690 suburbium
1403 3676 1416 3700 ,
1441 3635 1589 3689 locus
1608 3650 1849 3691 amamus
1867 3674 1882 3699 ,
1908 3634 2064 3689 [ωιιί-

492 3727 623 3793 hus,
668 3727 951 3781 arboribus
995 3736 1049 3781 ct
1093 3727 1360 3795 cupressis
1405 3734 1641 3781 ornatus.
1689 3725 1765 3780 lhi
1811 3726 2062 3795 templum

492 3819 752 3888 Apollinis
770 3859 786 3885 ,
819 3818 971 3887 cujus
996 3827 1168 3872 statua
1199 3819 1414 3887 elegans
1436 3833 1556 3872 cum
1584 3834 1772 3874 novem
1801 3819 2066 3891 Musarin

493 3912 657 3963 choro
682 3909 1126 3978 conSpiciebatur.
1160 3908 1254 3963 Illo
1296 3910 1685 3980 preperabant,
1717 3910 1921 3965 colendi
1950 3911 2068 3965 talis

494 4002 725 4055 numinis
750 4016 928 4065 causa,
957 4001 1268 4056 Antiochcni
1290 4002 1547 4071 gentiles,
1580 4002 1768 4070 quibus
1795 4001 1954 4055 etiam
1984 4004 2066 4056 in—

498 4092 727 4145 termixti
758 4100 912 4146 erant
938 4108 1038 4145 non
1065 4093 1212 4161 pauci
1234 4091 1540 4157 Christiani,
1569 4107 1701 4160 quos
1724 4092 2067 4146 vehementer

497 4183 703 4237 mordet
730 4193 782 4236 et
812 4184 1049 4254 increpat
1076 4185 1506 4253 Chrysostomus,
1530 4183 1945 4237 Christianorum
1969 4198 2064 4235 no-

500 4274 648 4325 mine
680 4273 921 4341 indignos
950 4288 1178 4328 censeas
1202 4288 1294 4327 cos
1314 4313 1329 4337 ,
1358 4274 1446 4341 qui
1476 4288 1505 4325 a
1533 4272 1623 4326 tali
1654 4272 1921 4325 consortio
1960 4286 2067 4326 non

500 4362 867 4416 abhorrerent.
899 4363 1008 4417 lloc
1038 4377 1163 4416 vero
1193 4363 1443 4430 templum
1474 4378 1593 4416 cum
1619 4362 1875 4431 Apollinis
1898 4372 2070 4418 statua

500 4453 716 4508 iulnrine
733 4463 926 4508 tactum
949 4453 1061 4518 fuit,
1080 4469 1182 4523 qua
1200 4454 1264 4508 de
1282 4470 1339 4507 re
1359 4455 1656 4509 Monodiam
1671 4455 1783 4510 sive
1801 4456 2069 4526 planctum

503 4545 663 4601 edidit
685 4544 934 4600 Libanius
962 4544 1257 4611 idololatra,
1280 4545 1430 4615 cujus
1460 4557 1660 4616 partem
1678 4548 1930 4603 irridendi
1956 4562 2076 4603 cau-

503 4652 559 4691 sa
588 4636 748 4691 rel‘crt
775 4637 1205 4707 (Ihrysostomus.

576 4727 856 4781 Antiochia
886 4743 1011 4783 vero
1038 4727 1267 4783 Orientis
1296 4736 1452 4797 caput
1477 4736 1531 4783 et
1572 4729 1880 4798 metropolis
1922 4738 2036 4784 erat
2059 4769 2074 4794 ,

506 4820 912 4889 continebatque
937 4820 1116 4890 (Temo
1147 4821 1383 4890 secunde)
1407 4821 1631 4875 ducenta
1659 4820 1931 4875 hominum
1969 4821 2080 4875 mil-

510 4910 600 4976 lia,
628 4924 693 4963 ex
728 4925 952 4979 quorum
974 4927 1196 4965 numero
1232 4911 1414 4981 (Temo
1436 4912 1667 4981 septimo)
1699 4921 1910 4967 centum
1940 4912 2081 4967 mille

509 5002 719 5056 circiter
738 5002 1019 5056 Christiani
1047 5012 1201 5057 erant
1232 5023 1244 5057 :
1278 5004 1549 5073 majorque
1574 5016 1863 5059 conventus
1888 5003 1907 5072 (
1926 5003 2080 5058 Temo

513 5092 708 5167 primo)
755 5093 1170 5148 Christianorum
1211 5096 1504 5149 Antiochia:
1553 5107 1706 5162 erat,
1739 5112 1893 5166 quam
1942 5097 2083 5150 Con-

514 5185 848 5254 stantinopoli
880 5183 1058 5252 (Temo
1086 5185 1341 5255 septimo).

588 5277 822 5332 Ecclesia
879 5291 1003 5330 vero
1050 5276 1376 5332 Antiochena
1430 5278 1728 5347 possidebat
1763 5294 1949 5349 agros,
1990 5279 2087 5333 do-

518 5382 651 5433 mos,
684 5367 971 5424 iocationcs
1019 5366 1208 5421 mdium
1233 5407 1248 5434 ,
1307 5367 1538 5422 vehicula
1559 5408 1574 5435 ,
1599 5368 1881 5434 muliones,
1914 5369 2086 5421 innlos

518 5468 572 5513 et
604 5464 766 5515 multa
807 5463 907 5517 alia
946 5460 1244 5531 lmjusmodi
1277 5461 1295 5531 (
1320 5460 1571 5533 Ibidem).
1599 5461 1800 5528 Quibus
1834 5462 2086 5516 instructa

524 5552 857 5610 facultatibus
894 5554 1128 5610 Ecclesia
1176 5555 1272 5609 ista
1318 5569 1494 5608 arcam
1524 5554 1751 5609 habebat
1793 5552 1996 5607 alendis
2036 5552 2088 5607 in

524 5642 711 5713 Opibus
734 5644 1071 5713 deputatam;
1120 5646 1183 5699 Et
1221 5648 1401 5717 cogites
1431 5648 1608 5710 velim,
1653 5645 1820 5715 inquit
1861 5645 2091 5716 Chryso—

526 5740 730 5786 stomus
752 5775 765 5798 ,
795 5747 913 5805 quot
940 5740 1112 5793 viduas
1132 5782 1146 5804 ,
1192 5749 1309 5809 quot
1338 5739 1549 5809 virgines
1573 5740 1677 5792 alat
1720 5738 1936 5808 quotidie
1960 5754 1978 5791 :
2007 5755 2091 5792 ea-

525 5838 637 5878 rum
665 5835 791 5879 certe
813 5828 1069 5898 catalogus
1096 5830 1163 5882 ad
1178 5824 1265 5883 ter
1281 5830 1415 5885 mille
1441 5831 1693 5902 pertingit.
1719 5830 1795 5884 Ad
1817 5830 1922 5885 lucc
1944 5832 2090 5886 etiam

2128 530 2181 583 in
2206 544 2403 582 carcere
2429 526 2616 581 vinctos
2632 568 2646 593 ,
2678 526 2729 581 in
2756 522 3067 580 xenodechie
3093 538 3253 594 azgres
3269 563 3284 588 ,
3316 522 3443 576 alios
3472 521 3592 576 bene
3616 539 3703 576 va-

2129 624 2311 690 lentes,
2344 623 2629 691 peregrines
2653 661 2667 685 ,
2711 620 2942 673 membris
2982 619 3214 683 mutilos,
3258 617 3407 670 altari
3433 616 3707 669 assidentes

2130 713 2355 767 alimenti
2382 713 2623 781 vestisque
2647 727 2803 765 causa
2825 751 2841 777 ,
2870 710 3098 780 aliosque
3118 725 3238 762 casu
3261 705 3547 761 accedentes
3576 710 3706 777 fovet

2131 805 2354 874 quotidie
2381 821 2398 858 :
2422 819 2575 869 neque
2616 812 2785 857 tamen
2826 804 2940 874 ejus
2968 802 3234 873 facultates
3263 800 3542 852 imminqu
3567 808 3703 851 sunt.

2132 895 2349 964 Itaque,
2379 896 2422 949 si
2446 896 2612 949 decem
2652 896 2742 948 viri
2783 904 2977 948 tantum
3013 894 3159 963 paria
3199 892 3581 946 subministrare
3609 890 3708 943 vel-

2133 987 2234 1042 lent
2253 1027 2269 1053 ,
2300 985 2468 1040 nullus
2495 989 2621 1056 foret
2646 1002 2861 1054 pauper.

2205 1080 2403 1135 Morem
2427 1079 2848 1134 Christianorum
2881 1086 3110 1131 veterem
3139 1084 3515 1130 commemorat
3549 1074 3709 1140 alibi,

2136 1170 2227 1241 qui
2271 1185 2385 1225 mvo
2436 1184 2532 1223 suo
2571 1169 2681 1239 jam
2729 1168 3063 1224 obsolcvcrat
3094 1166 3283 1236 (Temo
3327 1168 3557 1235 tertio):
3595 1165 3712 1221 Mos

2136 1262 2342 1333 quidam
2387 1261 2663 1327 mirabilis,
2713 1262 2908 1331 inquit,
2959 1270 3075 1314 tunc
3118 1260 3353 1313 inductus
3395 1269 3467 1313 est
3502 1275 3519 1313 :
3549 1261 3708 1314 coacti

2138 1372 2351 1426 namque
2375 1355 2527 1409 simul
2567 1355 2739 1423 ﬁdeles
2785 1371 2955 1407 omnes
2986 1363 3103 1424 post
3137 1354 3365 1405 auditam
3395 1353 3712 1424 doctrinam,

2142 1456 2251 1517 post
2282 1446 2532 1500 orationes
2555 1487 2569 1511 ,
2598 1454 2711 1516 post
2749 1446 3101 1514 mysteriorum
3145 1444 3605 1513 participationem,
3633 1458 3718 1496 so-

2142 1537 2250 1590 luta
2270 1535 2485 1607 synaxi,
2533 1552 2634 1589 non
2682 1536 2847 1590 statim
2879 1536 3084 1589 domum
3114 1535 3488 1600 concedebant;
3528 1535 3615 1589 sed
3640 1536 3718 1587 di-

2143 1629 2263 1683 vites
2279 1637 2322 1682 et
2338 1628 2671 1699 epulentieres
2686 1628 2923 1681 alimenta
2934 1636 2979 1681 et
2990 1627 3182 1695 fercula
3195 1643 3221 1679 e
3234 1626 3459 1680 domibus
3474 1627 3578 1679 suis
3594 1625 3717 1692 affe-

2144 1729 2308 1775 rentes
2327 1758 2342 1782 ,
2385 1735 2629 1789 pauperes
2658 1718 2968 1772 advocabant
2989 1758 3004 1783 ,
3035 1718 3386 1787 communique
3412 1718 3560 1771 simul
3582 1734 3721 1770 men-

2146 1828 2205 1867 sa
2248 1812 2577 1883 fruebantur,
2619 1811 3064 1882 communibusque
3100 1811 3263 1880 epulis
3306 1820 3453 1879 atque
3489 1810 3722 1863 conviviis

2147 1905 2199 1957 in
2229 1904 2340 1972 ipsa
2371 1902 2614 1966 ecclesia;
2641 1902 2716 1954 ita
2742 1911 2796 1954 ut
2824 1910 2870 1955 et
2898 1918 2930 1954 a
2966 1902 3219 1955 consertio
3244 1917 3428 1954 mensa:
3447 1940 3460 1965 ,
3488 1910 3535 1953 et
3561 1918 3591 1952 a
3627 1901 3721 1953 loci

2149 1994 2427 2049 reverentia
2447 2035 2462 2059 ,
2494 1994 2679 2047 caritas
2698 1994 3138 2065 censtn’ngeretur,
3163 2008 3276 2045 cum
3298 1992 3454 2046 multa
3476 1993 3723 2054 voluptate

2149 2091 2299 2145 simul
2326 2098 2472 2159 atque
2495 2088 2727 2141 utilitate.

2223 2182 2298 2237 De
2333 2181 2397 2234 iis
2435 2180 2528 2249 qui
2559 2180 2639 2233 vel
2681 2179 2732 2231 in
2776 2192 3046 2233 carcerem
3087 2176 3360 2241 tradendi,
3392 2176 3475 2231 vel
3512 2175 3577 2230 ad
3627 2191 3725 2230 ne-

2153 2288 2267 2327 cem
2299 2272 2526 2341 qmesiti,
2563 2275 2614 2324 in
2654 2269 2935 2325 ecclesiam
2962 2269 3325 2338 confugerent,
3355 2268 3596 2337 quaedam
3633 2282 3727 2321 nos

2154 2365 2389 2420 dicturos
2439 2378 2559 2418 esse
2616 2363 2833 2432 polliciti
2881 2375 3100 2425 sumus,
3152 2374 3272 2415 cum
3347 2360 3413 2415 de
3475 2360 3730 2427 Eutropio

2157 2456 2400 2511 eunucho
2421 2456 2486 2510 ad
2511 2470 2694 2510 necem
2715 2455 2937 2523 quzesito
2952 2462 3195 2523 ageretur
3213 2452 3474 2522 (Ibidem).
3498 2452 3585 2507 Sic
3603 2468 3732 2507 vero

2156 2549 2368 2620 legilun,
2391 2558 2436 2601 et
2459 2548 2525 2601 ad
2545 2565 2688 2601 sacra
2708 2563 2827 2600 vasa
2840 2547 3082 2617 confugit.
3108 2544 3211 2600 Sed
3234 2544 3353 2613 quia
3380 2544 3495 2598 brec
3518 2544 3582 2597 ad
3607 2544 3732 2598 lite-

2157 2655 2269 2693 ram
2310 2638 2615 2708 accipienda
2656 2654 2759 2691 non
2792 2638 3053 2702 videntur,
3086 2646 3140 2691 et
3168 2637 3289 2705 quia
3324 2636 3734 2707 Chrysostomus

2161 2733 2318 2801 paulo
2347 2739 2551 2799 postea,
2580 2731 2745 2799 ipsum
2768 2730 2820 2782 in
2846 2730 3067 2783 sacrario
3091 2730 3397 2794 excepimus,
3421 2743 3513 2783 seu
3542 2728 3593 2781 in
3616 2729 3733 2783 loco

2162 2822 2290 2875 solis
2312 2820 2673 2875 sacerdOtibus
2695 2820 2959 2874 deStinato
2977 2861 2989 2883 ,
3017 2820 3120 2873 alio
3143 2820 3299 2873 modo
3322 2835 3408 2874 res
3428 2820 3732 2888 explicanda

2165 2911 2390 2965 videtur.
2422 2910 2596 2976 Quzeri
2622 2921 2798 2963 autem
2821 2918 3000 2979 posset
3022 2919 3194 2964 utrum
3233 2919 3468 2964 veterum
3497 2926 3643 2965 more
3670 2909 3734 2965 ad

2165 3017 2311 3056 aram
2338 3003 2622 3057 accesserit
2652 3043 2666 3067 ,
2713 3009 2768 3057 et
2810 3017 2954 3055 aram
2986 3001 3253 3070 tetigerit,
3289 3000 3426 3070 quod
3468 3017 3570 3056 non
3600 3002 3735 3070 apud

2168 3091 2416 3161 profanos
2454 3092 2613 3146 modo
2637 3132 2651 3157 ,
2692 3092 2787 3146 sed
2826 3093 2963 3161 apud
2990 3091 3321 3146 Christianos
3350 3092 3508 3147 etiam
3542 3093 3591 3147 in
3642 3109 3736 3147 usu

2169 3180 2284 3246 fuit,
2315 3196 2434 3235 eum
2458 3182 2576 3250 quis
2590 3181 2671 3235 vel
2700 3192 2869 3235 morte
2902 3181 3257 3244 mulctandus,
3289 3182 3371 3235 vel
3394 3182 3444 3235 in
3470 3197 3738 3238 carcerem

2170 3270 2534 3339 conjiciendus
2571 3272 2986 3340 perquirerclur.
3020 3270 3213 3325 Verum
3245 3271 3358 3326 lucc
3387 3274 3607 3342 quarstio
3637 3289 3739 3327 non

2174 3363 2302 3415 tanti
2326 3377 2446 3416 esse
2474 3363 2709 3425 videtur,
2732 3370 2785 3415 et
2808 3362 2874 3415 de
2905 3362 3159 3429 Eutropio
3188 3363 3252 3417 iis
3278 3379 3394 3432 quae
3419 3363 3741 3433 Chrysosto-

2172 3468 2290 3507 mus
2320 3454 2536 3521 protulit
2564 3493 2579 3518 ,
2621 3454 2827 3507 nonnisi
2856 3454 3142 3508 divinando
3170 3469 3449 3524 possumus
3473 3454 3740 3524 quidpiam

2172 3544 2422 3613 adjicere.

2245 3636 2380 3689 Dicit
2408 3635 2815 3705 Cbrysostomus
2836 3634 3059 3690 llomilia
3078 3636 3146 3691 30
3190 3636 3239 3691 in
3273 3636 3520 3692 Gcncsim
3549 3637 3567 3707 (
3593 3637 3745 3690 Temo

2180 3726 2419 3797 quarto):
2470 3726 2712 3797 Magnam
2759 3743 2989 3780 vocamus
3033 3727 3432 3791 hebdomadam,
3467 3746 3568 3782 non
3614 3729 3747 3799 quod

2182 3819 2429 3889 longiores
2462 3820 2514 3873 in
2555 3836 2614 3872 ea
2640 3820 2737 3872 sint
2767 3819 2937 3881 liora};
2976 3828 3090 3871 sunt
3125 3820 3256 3871 enim
3303 3820 3420 3872 alia:
3453 3835 3564 3889 qua:
3592 3822 3750 3874 multo

2186 3915 2401 3980 majores
2428 3913 2580 3965 horas
2610 3910 2811 3964 habent.
2836 3910 3003 3964 Horas
3032 3918 3210 3963 autem
3247 3910 3476 3978 majores
3501 3921 3555 3964 et
3581 3912 3744 3965 mino-

2184 4020 2272 4060 res
2306 4007 2608 4059 necessario
2635 4014 2839 4057 veteres
2863 4003 3233 4068 admittebant,
3263 4003 3352 4071 qui
3383 4002 3522 4056 diem
3546 4003 3598 4056 in
3628 4004 3751 4056 duo-

2181 4096 2351 4150 decim
2380 4136 2395 4163 ,
2423 4105 2477 4150 et
2502 4106 2710 4150 noctem
2740 4095 2788 4147 in
2815 4093 3029 4148 totidem
3053 4103 3227 4161 partes
3255 4108 3350 4147 seu
3378 4092 3534 4147 horas
3561 4093 3752 4147 divise-

2180 4197 2304 4242 runt
2347 4205 2359 4240 :
2413 4186 2552 4240 unde
2607 4186 2925 4255 sequebatur
2967 4185 3185 4239 diurnas
3240 4185 3462 4239 hiberno
3518 4197 3755 4253 tempore

2183 4280 2418 4334 minores
2439 4319 2453 4345 ,
2477 4278 2661 4333 aestivo
2686 4287 2864 4331 autem
2894 4278 3121 4346 majores
3153 4292 3292 4331 esse.
3320 4276 3470 4331 Unde
3500 4276 3755 4330 Martialis

2183 4372 2218 4426 l.
2247 4370 2333 4436 12,
2361 4370 2530 4439 epigr.
2556 4370 2607 4435 1,
2641 4369 2825 4423 horam
2862 4370 3100 4422 aestivam
3132 4370 3209 4422 sic
3237 4376 3653 4422 commemorat:

2365 4515 2485 4555 liora
2508 4516 2601 4553 nec
2623 4503 2787 4553 aestiva
2813 4510 2904 4562 est,
2930 4515 3021 4551 nec
3046 4503 3130 4551 tibi
3155 4510 3253 4552 tota
3277 4505 3419 4565 perit.

2185 4639 2436 4710 Virgilius
2459 4646 2657 4701 autem,

2368 4757 2469 4798 Jam
2490 4762 2585 4798 nox
2611 4747 2837 4797 hibernas
2850 4746 2925 4794 bis
2945 4745 3159 4806 quinque
3178 4747 3443 4804 peregerat
3465 4741 3608 4790 horas

2262 4896 2539 4950 llominem
2593 4892 2963 4957 tricubitalem,
3003 4898 3153 4945 vaeat
3206 4888 3619 4959 (.‘hrysostomus
3648 4930 3661 4953 ,
3711 4898 3767 4941 ut

2191 4990 2349 5045 etiam
2375 4984 2721 5057 Gcographus
2750 4983 3034 5038 Nubicnsis
3066 4983 3116 5036 in
3148 4982 3366 5036 climate
3398 4982 3553 5035 tertio
3582 4980 3766 5049 (Temo

2186 5083 2360 5152 quinto
2416 5088 2458 5134 et
2498 5078 2651 5131 Temo
2678 5073 2942 5146 septimo):
2995 5073 3223 5143 alibique
3268 5071 3398 5125 dicit
3444 5071 3631 5123 doctor
3674 5084 3768 5121 no-

2194 5188 2338 5239 stcr,
2374 5175 2568 5240 homo,
2617 5173 2750 5225 intra
2802 5180 2899 5223 tres
2946 5167 3138 5221 cubitus
3181 5166 3455 5232 sepelitur,
3502 5178 3591 5216 nec
3644 5161 3767 5229 quid

2194 5271 2325 5324 ultra
2351 5267 2532 5339 (Temo
2563 5262 2779 5335 quinte).

2268 5360 2593 5432 Babylonios
2633 5368 2686 5412 ct
2715 5356 2848 5410 alios
2876 5352 3171 5408 Orientales
3216 5363 3357 5417 5:12le
3406 5356 3558 5400 vocat
3596 5345 3769 5414 Chry-

2196 5463 2465 5509 sostomus
2497 5452 2676 5522 (Temo
2698 5445 2883 5518 sexto).

2275 5546 2653 5615 SuSpieabatur
2688 5542 2774 5597 ille
2820 5544 2976 5595 linem
3008 5537 3188 5592 mundi
3231 5537 3432 5590 instare
3484 5541 3538 5587 et
3590 5528 3772 5598 proxi-

2196 5655 2342 5693 mum
2371 5651 2489 5690 esse
2531 5633 2724 5706 (Temo
2754 5630 3026 5701 septimo).
3072 5628 3256 5681 Finem
3306 5626 3489 5681 mundi
3534 5639 3776 5695 pia-nun-

2204 5730 2351 5793 tiant,
2373 5727 2560 5794 inquit,
2583 5725 2736 5786 bella,
2762 5739 3033 5785 toreuma),
3063 5730 3219 5775 terrm
3244 5730 3422 5773 motus
3447 5729 3495 5770 et
3516 5717 3777 5771 exstincta

2203 5827 2396 5885 caritas
2429 5819 2630 5891 (Temo
2671 5820 2901 5889 octavo).
2952 5818 3080 5873 Eam
3126 5830 3284 5885 quam
3324 5812 3518 5868 Paulus
3553 5809 3778 5880 plenitu-
