4058 6218
355 471 426 526 79
1138 459 1304 528 (ὶυῶ
1332 457 1398 515 ΙΝ
1434 457 1769 516 οΡΕιιιΒυδ
1803 456 2268 516 CIIIIYSOSTOIII
2307 462 2828 523 OBbERVANTUR.
3543 462 3612 518 80

349 591 528 644 dinem
586 595 884 658 temporum
932 591 1128 649 vocat,
1179 583 1292 652 jam
1331 583 1611 638 advenisse
1661 581 1914 650 putabat:

355 678 438 733 Ita
497 679 543 731 si
591 685 661 730 tot
713 691 963 730 annorum
1013 674 1562 744 quadringentesimum
1619 689 1722 727 esse
1781 671 1932 740 linem

349 769 647 833 dixerimus,
674 783 774 820 non
799 766 1161 820 aberrabimus.
1193 763 1302 820 Sed
1353 773 1410 819 ut
1452 765 1505 818 in
1548 763 1933 833 supputatione

347 873 652 929 temporum
677 874 780 914 non
809 859 878 913 ita
906 869 1183 917 accuratus
1208 857 1750 929 fuitChrysostomus,
1772 856 1850 910 sic
1879 856 1932 909 in

349 953 450 1006 hac
479 951 818 1021 praedictione
857 951 1011 1020 longe
1038 950 1346 1005 aberravit:
1399 949 1542 1020 quod
1583 946 1768 1002 multis
1812 945 1933 1000 aliis

348 1044 548 1098 sanctis
573 1043 708 1096 viris
738 1040 980 1111 contigit.

417 1137 692 1203 Cognatos
706 1131 908 1186 Christi
935 1130 1275 1200 Desposyuos
1293 1127 1588 1198 appellatos
1604 1129 1778 1186 multo
1793 1139 1928 1185 tem-

347 1242 478 1296 pore
495 1221 840 1279 admirationi
887 1221 1054 1275 fuisse
1088 1221 1238 1284 dicit,
1264 1220 1586 1289 illorumque
1617 1227 1794 1277 tamen
1828 1237 1925 1276 no-

347 1320 497 1372 mina
518 1317 734 1388 propria
753 1313 1294 1394 ignoraridﬁusebius
1312 1329 1527 1382 quoque
1544 1313 1581 1366 1.
1610 1316 1646 1368 Ι.
1664 1313 1803 1370 IIist.
1819 1313 1924 1370 Ec-

340 1401 410 1451 el.
446 1399 520 1450 ait
543 1407 796 1468 cognatos
817 1398 1011 1453 Christi
1040 1399 1379 1470 DeSposynos
1396 1408 1724 1468 nuncupatos
1746 1399 1930 1455 fuisse.

418 1489 647 1543 Homilia
675 1490 736 1544 4t
769 1489 822 1542 in
852 1491 986 1544 Acta
1012 1489 1390 1559 Apostolorum
1420 1504 1533 1544 rem
1560 1497 1740 1545 narrat
1761 1490 1933 1560 singu-

344 1581 518 1635 larem
547 1578 738 1652 (Temo
783 1597 915 1635 nono
932 1578 975 1652 ).
1023 1580 1152 1635 Erat
1194 1582 1394 1634 cuidam
1441 1581 1789 1652 pra'dium,iu
1833 1599 1931 1654 quo

345 1669 580 1724 occultus
628 1671 890 1727 thesaurus
937 1681 1044 1725 erat
1085 1687 1103 1725 :
1141 1682 1336 1742 emptor
1380 1689 1494 1726 vero
1517 1714 1529 1738 ,
1587 1689 1702 1726 cum
1747 1684 1930 1727 terram

345 1761 563 1830 foderet,
590 1763 879 1817 thesaurum
932 1763 1078 1816 illum
1121 1763 1328 1816 invenit.
1363 1763 1438 1817 Re
1477 1774 1733 1832 comperta
1774 1765 1817 1817 is
1844 1763 1928 1832 qui

344 1854 664 1919 vendiderat,
694 1864 970 1922 emptorem
1002 1853 1206 1924 cogebat
1247 1864 1302 1907 ut
1334 1854 1623 1907 thesaurum
1663 1854 1924 1922 redderet,

344 1943 538 2005 dicens,
566 1960 620 1998 se
644 1945 891 2012 praedium
917 1945 1216 2009 vendidisse,
1243 1962 1343 1998 non
1371 1945 1659 1998 thesaurum
1681 1961 1698 1998 :
1719 1955 1926 1999 conten-

341 2034 492 2088 debat
514 2034 642 2087 alter
666 2075 680 2100 ,
711 2051 764 2088 se
790 2034 1040 2104 prwdium
1065 2051 1179 2087 cum
1219 2035 1456 2088 thesauro
1487 2034 1686 2088 emisse.
1747 2035 1843 2089 Res
1876 2037 1928 2088 in

345 2128 484 2180 litem
509 2142 652 2179 rersa
677 2135 768 2192 est,
799 2126 888 2179 illo
914 2126 1060 2180 reddi
1095 2125 1187 2180 sibi
1225 2126 1420 2180 volente
1439 2167 1453 2191 ,
1487 2127 1646 2180 altero
1693 2136 1926 2196 negante.

339 2217 639 2272 Incidentes
664 2228 830 2271 autem
871 2219 926 2271 in
969 2218 1218 2271 hominem
1263 2220 1588 2289 quempiam,
1621 2218 1882 2289 litigabunt
1911 2233 1930 2271 :

339 2309 626 2379 deindeque
668 2309 1042 2378 interrogarunt
1079 2309 1226 2362 illum
1257 2350 1272 2373 ,
1317 2310 1398 2362 cui
1441 2309 1638 2363 deberet
1666 2309 1930 2364 thesaurus

337 2402 652 2474 adjudicari.
679 2399 778 2456 Ille
803 2418 918 2455 vero
947 2402 1243 2456 sententiam
1266 2417 1364 2455 non
1394 2401 1507 2456 tulit
1532 2443 1546 2466 ,
1595 2402 1684 2456 sed
1713 2419 1765 2456 se
1794 2402 1929 2456 litem

333 2496 626 2549 soluturum
643 2509 775 2559 esse,
800 2494 842 2546 si
869 2493 1135 2548 thesaurus
1159 2494 1253 2548 sibi
1278 2503 1517 2547 maneret.
1543 2492 1660 2548 Illis
1688 2509 1802 2548 vero
1830 2511 1926 2548 art-

337 2587 627 2652 nitentibus,
667 2595 868 2658 accepto
896 2588 1129 2640 thesauro
1153 2588 1417 2640 innumera
1446 2586 1627 2640 deinde
1653 2586 1787 2639 mala
1813 2603 1929 2656 pas—

337 2695 430 2733 sus
458 2689 532 2733 est
556 2694 575 2732 :
600 2689 646 2732 et
675 2695 731 2732 re
754 2679 933 2732 didicit
943 2681 1064 2750 jure
1091 2679 1214 2733 illos
1229 2679 1290 2732 ab
1317 2680 1410 2733 hoc
1425 2679 1746 2733 abstinuisse.

417 2769 532 2824 Nec
557 2769 730 2824 minus
753 2768 1151 2825 observandum
1179 2780 1261 2825 est
1283 2770 1333 2824 id
1364 2771 1503 2841 quod
1532 2771 1697 2826 refert
1728 2770 1924 2824 Ilomil.

341 2861 419 2915 15
447 2860 502 2913 in
517 2859 683 2930 Epist.
712 2860 779 2915 ad
807 2860 1080 2916 Romanos
1107 2861 1288 2932 (Temo
1309 2862 1486 2931 nono).
1512 2863 1638 2928 Qua:
1658 2864 1786 2916 enim
1811 2873 1928 2916 ante

337 2953 533 3008 nemini
567 2954 828 3022 possibilia
867 2954 1165 3008 videbantur
1209 2971 1345 3020 esse,
1392 2955 1656 3024 virginitas
1681 2997 1695 3020 ,
1747 2955 1926 3009 mortis

337 3053 679 3116 contemptus,
703 3047 1086 3116 compluresque
1105 3046 1193 3100 alii
1209 3046 1423 3112 labores,
1443 3048 1551 3100 lucc
1571 3047 1750 3116 ubique
1765 3057 1926 3101 terra-

330 3153 452 3190 rum
467 3137 578 3203 jam
609 3147 914 3207 prwstantur
937 3181 953 3206 ,
984 3157 1082 3192 non
1109 3139 1250 3208 apud
1271 3156 1358 3192 nos
1384 3149 1580 3192 tantum
1601 3183 1614 3206 ,
1665 3140 1752 3193 sed
1773 3140 1925 3193 etiam

333 3231 480 3298 apud
509 3230 750 3299 Scythas,
779 3229 1018 3296 Thraces,
1048 3227 1228 3295 Indos,
1261 3228 1468 3297 Persas,
1492 3231 1719 3301 aliosque
1740 3231 1922 3284 barba-

329 3335 418 3372 ros
443 3319 633 3372 multos
659 3335 680 3382 ;
724 3329 770 3373 et
789 3321 1041 3390 virginum
1078 3321 1251 3385 chori,
1280 3330 1560 3390 martyrum
1588 3321 1782 3390 populi,
1811 3338 1923 3374 mo-

333 3413 625 3466 nachorum
652 3413 944 3466 sodalitates
963 3414 1077 3483 jam
1097 3413 1266 3484 plures
1290 3421 1406 3465 sunt
1429 3454 1444 3478 ,
1467 3429 1617 3484 quam
1645 3430 1816 3467 eorum
1837 3415 1924 3484 qui

326 3503 586 3556 connubio
608 3503 913 3573 junguntur.

405 3595 609 3648 Contra
654 3594 984 3649 Christianos
1005 3594 1262 3664 quosdam
1284 3595 1478 3665 stylum
1507 3595 1648 3648 acuit
1685 3594 1922 3666 Chrysov

327 3693 564 3750 stemus,
593 3684 736 3753 quia
761 3684 1069 3739 Manichaﬁs
1096 3684 1302 3738 seducti
1329 3726 1343 3751 ,
1376 3693 1433 3739 ut
1459 3684 1668 3739 videtur
1691 3725 1704 3749 ,
1749 3686 1922 3739 virilia

329 3774 436 3828 sibi
467 3775 814 3844 amputabant
839 3793 851 3826 :
881 3789 1000 3844 qua:
1026 3773 1356 3829 consuetudo
1384 3783 1560 3828 tamen
1584 3790 1688 3828 non
1720 3775 1808 3829 diu
1839 3776 1918 3829 vi-

333 3866 518 3935 guisse
547 3866 761 3920 videtur
783 3865 966 3937 (Temo
997 3865 1234 3934 decimo).

410 3953 645 4009 Infantes
672 3970 861 4010 recens
891 3956 999 4009 nati
1044 3955 1372 4025 signaculum
1401 3953 1450 4009 iu
1480 3954 1656 4011 fronte
1683 3971 1711 4010 a
1743 3971 1922 4012 sacer-

334 4044 468 4098 dote
500 4045 838 4114 accipiebant
863 4043 1129 4114 (Ibidem).

411 4132 606 4188 Ctelum
635 4149 757 4190 esse
780 4134 1124 4204 splnericum.
1156 4144 1208 4190 et
1235 4144 1432 4190 terram
1459 4151 1577 4190 esse
1605 4137 1919 4205 sphaericam

332 4225 566 4295 negabat
595 4223 1012 4297 Chrysostomus
1049 4225 1254 4296 (Tento
1291 4226 1612 4297 duodecimo)
1646 4244 1658 4279 :
1707 4243 1808 4296 qua
1854 4229 1922 4282 de

331 4332 398 4371 re
452 4317 674 4370 ridenda
727 4326 853 4371 sunt
906 4332 1026 4386 qua:
1086 4317 1313 4371 diximus
1378 4317 1432 4370 in
1487 4315 1804 4371 Praefatione
1852 4317 1920 4372 ad

333 4407 588 4462 Cosmam
617 4407 948 4479 Egyptium,
998 4408 1086 4477 qui
1136 4407 1200 4461 ad
1238 4407 1377 4461 illam
1413 4408 1731 4462 sententiam
1770 4416 1920 4462 tuen-

336 4499 460 4552 dam
509 4500 685 4552 locum
720 4499 874 4552 all'crt
911 4499 1277 4569 Cbrysostomi
1325 4514 1388 4553 cx
1442 4497 1836 4553 Commentario
1866 4499 1920 4553 in

339 4590 634 4658 Epistolam
667 4591 733 4644 ad
763 4591 1036 4657 Ilebrzcos,
1062 4605 1218 4660 quem
1252 4590 1444 4644 videsis
1477 4593 1527 4644 in
1556 4591 1701 4647 edito
1727 4591 1919 4646 Cosma

341 4699 396 4751 p.
433 4681 555 4736 528.
590 4683 947 4736 Plurimorum
975 4683 1116 4738 enim
1147 4681 1363 4737 Patrum
1383 4690 1436 4738 et
1457 4684 1776 4752 scriptorum
1809 4683 1922 4738 haec

340 4773 530 4841 Opinio
558 4771 673 4826 fuit.

419 4861 712 4917 Antiochia:
753 4863 1077 4917 concionans
1104 4863 1232 4917 dicit
1257 4865 1307 4916 in
1333 4877 1482 4918 more
1502 4878 1621 4918 esse
1643 4872 1701 4918 ut
1728 4864 1920 4918 mulie-

340 4967 432 5005 res
462 4962 514 5004 et
544 4952 743 5020 parvuli
771 4968 801 5007 e
830 4953 967 5006 collo
994 4953 1263 5021 evangelia
1311 4953 1697 5022 suspenderent
1722 4953 1920 5023 (Temo

331 5043 561 5098 secundo
580 5044 621 5113 ).

924 5248 1244 5302 DIATRIBA
1287 5247 1349 5302 V.

349 5356 690 5428 Digressiones
723 5359 826 5414 sive
857 5359 946 5412 illa
971 5358 1140 5412 omnia
1164 5373 1278 5430 qua:
1306 5358 1357 5410 in
1382 5357 1788 5412 similitudinibus
1819 5361 1923 5430 [re-

420 5452 738 5518 quentissime
765 5459 1121 5503 commemorat
1148 5450 1560 5521 Chrysastomus,
1590 5467 1702 5521 qua:
1727 5452 1794 5504 ad
1822 5468 1927 5506 rem

413 5539 822 5596 Ecclesiasticam
861 5559 960 5596 non
984 5552 1228 5613 spectant,
1253 5550 1299 5595 et
1331 5542 1610 5612 singularia
1634 5558 1768 5614 saepe
1787 5559 1925 5596 cont-

416 5631 632 5699 plectunt
639 5649 720 5684 ur.

413 5743 626 5800 Gcncre
656 5745 842 5816 Syrius
864 5753 977 5799 erat
1005 5745 1236 5801 Joannes
1257 5757 1440 5803 noster
1464 5755 1519 5804 et
1542 5747 1924 5805 Antiochenus:

339 5837 712 5909 familiamque
731 5847 816 5895 est
842 5838 992 5910 Syris
1012 5879 1028 5908 ,
1049 5841 1218 5911 inquit
1244 5840 1632 5915 Hieronymus,
1665 5843 1738 5898 uti
1770 5857 1922 5913 para-

2041 579 2176 634 bolis
2203 589 2258 634 et
2281 579 2733 635 similitudinibus.
2776 581 2956 638 Ilacin
2991 596 3050 636 re
3093 590 3346 652 perpetuo
3373 595 3616 641 versatur

2037 673 2447 736 Clirvsostomus
2474 673 2524 726 in
2556 673 2900 728 concionibus
2937 673 3068 730 suis.
3109 675 3362 745 Exempla
3405 680 3609 747 profert

2038 764 2434 833 imperatorum,
2462 764 2775 831 aulicorum,
2799 766 3094 830 consulum,
3119 766 3341 821 divitum
3358 777 3412 823 et
3437 769 3615 838 cujus-

2037 869 2264 924 cumque
2291 855 2614 909 conditionis
2643 853 2918 910 hominum
2955 874 2968 910 :
2997 858 3306 912 vestimenta
3337 858 3572 928 depingit
3593 901 3610 925 ,

2038 947 2477 1015 suppellectilem,
2499 947 2690 1002 mdium
2710 946 2932 1002 formam
2963 958 3017 1003 et
3038 959 3345 1004 ornamenta
3367 968 3382 1004 :
3408 951 3611 1005 circen-

2038 1051 2124 1091 scs
2161 1039 2313 1092 ludos
2349 1049 2403 1093 et
2433 1039 2840 1109 hippodromum
2867 1040 3170 1112 frequenter
3205 1053 3610 1098 commemorat.

2041 1126 2107 1182 Ut
2134 1142 2164 1181 a
2200 1127 2548 1185 theatralibus
2581 1131 2899 1200 spectaculis
2945 1133 3193 1203 populum
3247 1146 3466 1201 avocet,
3496 1152 3614 1202 qum

2037 1219 2210 1286 turpia
2233 1218 2338 1274 illic
2379 1222 2719 1290 gerebantur,
2758 1222 3056 1277 minutatim
3084 1223 3358 1280 describit.
3389 1227 3486 1280 llic
3529 1229 3610 1281 vi-

2035 1309 2162 1364 deas
2183 1312 2482 1379 nuptiarum
2508 1314 2658 1378 ritus,
2691 1315 3021 1383 praeﬁcarum
3050 1330 3250 1370 morem
3275 1333 3287 1369 :
3319 1317 3476 1372 modo
3505 1317 3610 1372 cir-

2041 1400 2330 1455 culatorem
2365 1411 2512 1470 gesta
2541 1405 2822 1473 singularia
2843 1445 2856 1468 ,
2887 1405 3044 1460 modo
3074 1405 3498 1462 funambulorum
3519 1424 3610 1462 ar-

2042 1497 2148 1544 tem
2169 1506 2184 1554 ;
2203 1490 2420 1560 justitia:
2441 1495 2751 1548 exercenda:
2775 1496 2963 1560 ritum,
3009 1497 3388 1564 praestigiarum
3416 1513 3610 1564 genera

2039 1583 2287 1651 plurima,
2321 1585 2528 1654 aliaque
2554 1587 2834 1656 permulta.
2863 1587 2991 1653 Qua:
3019 1590 3197 1641 omnia
3220 1631 3232 1651 ,
3263 1590 3448 1644 ordine
3477 1606 3611 1658 quo-

2036 1675 2154 1730 dam
2183 1675 2460 1731 distributa
2486 1717 2500 1741 ,
2551 1677 2637 1732 hic
2685 1694 2965 1734 recensere
3007 1694 3185 1750 opera:
3230 1683 3459 1749 pretium
3491 1697 3612 1737 esse

2034 1767 2178 1821 duxi.

2165 1878 2535 1948 Imprratorum
2553 1879 2736 1943 cultas,
2766 1891 2940 1946 vestes,
2961 1892 3278 1949 ornamenta,
3307 1884 3480 1951 aulici,

2691 1972 2952 2025 satellites.

2107 2080 2397 2149 Imperator
2425 2095 2676 2135 coronam
2703 2081 2941 2152 gestabat
2965 2097 3178 2138 auream
3223 2081 3446 2152 gemmis
3492 2097 3606 2135 ma-

2033 2171 2148 2239 gnis
2196 2181 2249 2226 et
2295 2172 2691 2241 pretiosissimis
2717 2173 3050 2226 intertextam
3079 2190 3091 2224 :
3124 2185 3390 2240 purpureo
3416 2171 3606 2226 vestitu

2035 2270 2143 2315 toto
2188 2276 2412 2330 corpore
2457 2261 2684 2331 fulgebat
2724 2259 2907 2330 (Temo
2934 2260 3097 2329 primo
3135 2269 3180 2312 et
3227 2257 3385 2312 Temo
3413 2259 3604 2328 tertio).

2034 2355 2143 2410 Soli
2188 2365 2362 2409 autem
2399 2352 2708 2422 lmpcratori
2752 2351 2943 2406 licebat
2974 2360 3184 2421 gestare
3228 2365 3512 2420 purpuram
3555 2357 3608 2402 et

2031 2445 2275 2500 diadema
2302 2446 2352 2498 in
2383 2444 2576 2512 capite.
2605 2441 2660 2498 In
2699 2443 2935 2498 vestibus
2971 2442 3087 2512 ejus
3127 2441 3310 2496 sericis
3350 2441 3608 2495 dracones

2031 2537 2270 2608 depictos
2314 2536 2493 2592 ridere
2539 2545 2649 2592 erat
2689 2534 2893 2604 (Temo
2948 2534 3144 2605 sexto).
3188 2534 3356 2588 Aulici
3401 2547 3607 2603 (pioque

2030 2640 2083 2684 et
2109 2630 2363 2685 satellites
2389 2629 2504 2698 ejus
2525 2644 2652 2682 auro
2684 2627 2985 2697 fulgebant,
3020 2637 3193 2681 vestes
3219 2642 3401 2681 eorum
3430 2626 3607 2680 aureis

2031 2721 2134 2776 filis
2163 2725 2460 2775 intertexta:
2479 2727 2630 2771 erant
2659 2735 2670 2769 :
2705 2717 2894 2771 hor-mn
2924 2719 3120 2772 lanceae
3147 2717 3414 2772 deaurata:
3439 2734 3452 2769 :
3484 2715 3605 2785 equi

2030 2825 2192 2865 aureo
2232 2810 2416 2874 freno,
2441 2807 2686 2876 ephippia
2717 2823 2846 2862 auro
2873 2809 3140 2862 micantia.

2101 2901 2207 2956 Per
2233 2901 2418 2955 urbem
2448 2909 2503 2954 et
2541 2915 2756 2968 campos
2801 2909 3082 2953 exeuntem
3113 2942 3128 2966 ,
3181 2909 3506 2955 scutatorum
3551 2909 3604 2956 ct

2029 2991 2358 3047 hastatorum
2382 2989 2630 3044 cohortes
2650 2989 2934 3056 stipabant,
2957 2989 3044 3059 qui
3072 2998 3124 3043 ct
3162 2989 3259 3058 ipsi
3308 3005 3437 3044 auro
3472 3005 3602 3044 onu.

2028 3085 2094 3139 sti
2115 3085 2332 3156 clypeos
2370 3081 2645 3152 gestabant
2669 3082 2841 3135 aureis
2864 3082 3124 3135 uinhilicis
3151 3081 3429 3135 decoratos
3457 3098 3471 3148 ;
3498 3081 3602 3136 cir-

2027 3191 2148 3232 cum
2185 3185 2360 3230 autem
2402 3174 2678 3228 umbilims
2723 3173 2868 3226 aurei
2906 3172 3044 3225 oculi
3095 3171 3442 3239 visebantur;
3491 3173 3600 3228 lora

2028 3267 2094 3322 ad
2125 3281 2358 3321 summas
2381 3279 2502 3319 oras
2531 3273 2750 3319 extensa
2781 3263 2970 3331 lapillis
2998 3270 3181 3317 ornata
3215 3263 3392 3316 multis
3419 3273 3598 3318 erant.

2027 3362 2225 3416 Curras
2248 3359 2466 3428 Augusti
2493 3366 2634 3410 totus
2669 3371 2890 3420 aureus,
2920 3355 3046 3424 jugo
3071 3356 3308 3410 albarum
3341 3355 3601 3410 mularum

2024 3469 2156 3508 auro
2207 3451 2520 3521 fulgentium
2564 3449 2780 3518 junctus
2827 3455 2941 3501 erat
2975 3445 3158 3516 (Temo
3185 3444 3414 3518 primo);
3449 3448 3516 3500 ita
3547 3456 3604 3502 ut.

2025 3546 2344 3600 mirarentur
2359 3557 2566 3604 omnes,
2588 3541 2757 3609 inquit
2773 3538 3184 3608 Chrysostomus
3205 3537 3222 3608 (
3244 3536 3398 3590 Temo
3413 3536 3598 3607 sexto),

2024 3651 2272 3707 purpura:
2325 3633 2508 3687 ﬂorem
2530 3671 2544 3698 ,
2575 3646 2904 3700 gemmarum
2961 3629 3409 3699 magnitudinem,
3445 3631 3602 3683 mula-

2024 3744 2138 3782 rum
2198 3723 2676 3792 alborem,jugum
2716 3736 2976 3786 aureum,
3027 3729 3079 3774 ct
3128 3720 3276 3773 strati
3323 3719 3598 3790 fulgorem,

2023 3816 2164 3887 quod
2225 3824 2446 3870 stratura
2493 3813 2704 3865 niveum
2746 3819 2858 3864 erat
2893 3819 3050 3879 atque
3087 3809 3366 3864 candidum
3406 3810 3423 3879 (
3445 3809 3602 3862 Temo

2024 3917 2194 3964 octavo
2235 3917 2280 3961 et
2324 3906 2477 3959 Tanto
2517 3902 2708 3972 nene).
2743 3902 2796 3956 In
2826 3916 2982 3954 curru
3029 3915 3155 3954 vero
3194 3901 3400 3953 lamina:
3449 3908 3604 3954 erant

2023 4018 2198 4057 aurea:
2227 3997 2500 4055 versatiles
2519 4036 2533 4058 ,
2575 4008 2693 4064 qua:
2723 4003 2868 4047 motu
2900 3993 3106 4061 agitata:
3133 3990 3439 4046 micabant.
3468 3990 3602 4060 Equi

2024 4093 2184 4148 etiam
2214 4086 2552 4161 Imperatoris
2570 4099 2700 4139 auro
2727 4083 2920 4149 onusti,
2955 4091 3006 4138 et
3036 4081 3182 4136 frena
3209 4096 3417 4152 quoque
3441 4097 3602 4138 aurea

2022 4190 2192 4239 erant.

2099 4271 2331 4341 Depictis
2357 4284 2486 4324 vero
2533 4269 2890 4339 Augustorum
2923 4264 3236 4335 imaginibus
3271 4265 3385 4320 lucc
3428 4264 3598 4320 refert

2025 4365 2115 4419 ille
2159 4363 2348 4436 (Temo
2397 4360 2582 4430 tertio)
2622 4375 2634 4412 :
2676 4357 2856 4412 Vidisti
2900 4373 3032 4427 sirpe
3065 4357 3442 4426 imperatoriam
3475 4359 3604 4410 ima-

2024 4456 2190 4525 ginem
2235 4452 2447 4507 ccaruleo
2499 4452 2702 4504 tinctam
2746 4449 2950 4502 celere:
2984 4447 3163 4500 deinde
3201 4465 3315 4500 vero
3365 4450 3602 4516 pictorem

2026 4548 2166 4601 albas
2192 4546 2349 4600 lineas
2373 4543 2651 4607 ducentem,
2683 4550 2728 4596 et
2754 4541 2938 4594 solium
2965 4539 3363 4607 imperatorium,
3383 4546 3428 4589 et
3448 4553 3600 4605 equos

2025 4639 2363 4701 adstantes,et
2390 4635 2648 4698 satellites,
2677 4642 2722 4686 et
2762 4633 2950 4685 vinctos
2979 4631 3142 4682 hostes
3171 4639 3322 4698 atque
3349 4627 3598 4681 subactos.

2096 4728 2212 4782 Pari
2239 4726 2386 4781 cultu
2413 4723 2660 4778 consules
2691 4719 3038 4781 incedebant,
3081 4725 3142 4770 ut
3169 4717 3282 4786 ipse
3307 4717 3420 4786 ait(
3447 4716 3602 4770 Temo

2027 4815 2370 4887 duodecima)
2403 4833 2416 4868 :
2452 4814 2573 4868 Non
2632 4811 2808 4865 videtis
2877 4808 3215 4878 Imperatores
3277 4818 3325 4862 et
3377 4810 3602 4862 consules

2030 4927 2179 4964 curru
2213 4915 2428 4978 gestatas
2455 4914 2501 4958 et
2525 4919 2651 4956 auro
2677 4908 2878 4955 ornatos
2906 4940 2920 4967 ,
2961 4908 3005 4953 et
3041 4898 3280 4952 satellites
3320 4900 3488 4952 omnia
3512 4900 3606 4952 ha-

2031 5001 2198 5053 bentes
2220 5013 2376 5050 aurea
2404 5035 2420 5061 ,
2457 5011 2637 5047 aureas
2679 4993 2882 5046 lanceas
2909 5033 2921 5055 ,
2955 5007 3132 5044 aureos
3171 4992 3392 5061 clypeos,
3425 5006 3604 5044 aureas

2027 5103 2199 5157 vestes,
2219 5106 2370 5160 equos
2399 5087 2565 5140 aureis
2587 5095 2790 5138 ornatos
2821 5083 3072 5152 ephippiis
3096 5082 3121 5135 ἲ

2098 5184 2451 5252 Imperatores
2483 5177 2748 5249 praefectis
2791 5176 2900 5230 suis
2925 5182 3112 5230 am'cas
3151 5175 3490 5246 porrigebant
3521 5181 3607 5226 ta-

2031 5274 2196 5329 bellas
2237 5274 2288 5326 in
2325 5272 2664 5342 magistratus
2715 5269 2922 5339 signum
2950 5267 3130 5337 (Tento
3157 5267 3319 5334 sexto)
3341 5303 3353 5316 .
3383 5264 3605 5333 Quando

2032 5365 2209 5419 literas
2227 5364 2504 5418 mittebant
2532 5361 2882 5432 Imperatores
2907 5359 3018 5413 sive
3037 5359 3086 5411 in
3113 5357 3319 5410 theatro
3345 5357 3455 5410 sive
3477 5355 3608 5412 alibi

2038 5453 2288 5523 legendas
2313 5494 2329 5520 ,
2358 5469 2435 5507 ea:
2477 5467 2598 5506 cum
2631 5466 2820 5521 magna
2849 5447 3143 5503 reverentia
3187 5457 3422 5517 excepta:
3466 5447 3610 5519 lege-

2034 5547 2224 5606 bantur
2265 5546 2542 5601 silentibus
2593 5544 2842 5599 omnibus
2885 5539 3066 5613 (Temo
3092 5539 3317 5612 quarto).

2317 5657 2630 5727 Optimatum
2658 5663 2703 5708 et
2725 5653 2934 5706 divitum
2965 5653 3138 5719 luxus,
3171 5667 3308 5723 Opes,

2561 5748 2695 5800 cades
2714 5785 2729 5813 ,
2758 5761 2949 5811 mensa,
2981 5755 3077 5799 etc.

2109 5839 2434 5910 Optimatum
2475 5851 2687 5908 quoque
2723 5851 2786 5892 ac
2833 5836 3056 5892 divitum
3099 5837 3290 5892 fastqu
3333 5847 3382 5893 ct
3433 5835 3610 5890 luxum
