  <div class='ocr_page' id='page_1' title='image "/cluster/home/n/w/nwhite01/storage/ocr_20150623/64/hvd.32044073501959/067.png"; bbox 0 0 4058 6218; ppageno 0'>
   <div class='ocr_carea' id='block_1_1' title="bbox 450 404 3664 469">
    <p class='ocr_par' dir='ltr' id='par_1_1' title="bbox 450 404 3664 469">
     <span class='ocr_line' id='line_1_1' title="bbox 450 404 3664 469; baseline -0.004 -2"><span class='ocrx_word' id='word_1_1' title='bbox 450 414 509 469; x_wconf 74' lang='grc'><strong>81</strong></span> <span class='ocrx_word' id='word_1_2' title='bbox 1759 404 2076 463; x_wconf 78' lang='lat' dir='ltr'><strong>SYNOPSIS</strong></span> <span class='ocrx_word' id='word_1_3' title='bbox 2115 408 2348 464; x_wconf 77' lang='lat' dir='ltr'><strong>EORUM</strong></span> <span class='ocrx_word' id='word_1_4' title='bbox 3594 404 3664 455; x_wconf 66' lang='lat'><strong>82</strong></span> 
     </span>
    </p>
   </div>
   <div class='ocr_carea' id='block_1_2' title="bbox 438 508 2000 594">
    <p class='ocr_par' dir='ltr' id='par_1_2' title="bbox 438 508 2000 594">
     <span class='ocr_line' id='line_1_2' title="bbox 438 508 2000 594; baseline -0.012 -15"><span class='ocrx_word' id='word_1_5' title='bbox 438 522 742 594; x_wconf 78' lang='lat' dir='ltr'><strong>perstringit</strong></span> <span class='ocrx_word' id='word_1_6' title='bbox 784 518 1231 590; x_wconf 80' lang='lat' dir='ltr'><strong>Chrysostomus,</strong></span> <span class='ocrx_word' id='word_1_7' title='bbox 1276 512 1631 582; x_wconf 87' lang='lat' dir='ltr'><strong>deseribitque</strong></span> <span class='ocrx_word' id='word_1_8' title='bbox 1659 508 1849 565; x_wconf 66' lang='lat' dir='ltr'><strong>aedium</strong></span> <span class='ocrx_word' id='word_1_9' title='bbox 1888 524 2000 563; x_wconf 86' lang='lat' dir='ltr'><strong>ma-</strong></span> 
     </span>
    </p>
   </div>
   <div class='ocr_carea' id='block_1_3' title="bbox 437 608 1997 684">
    <p class='ocr_par' dir='ltr' id='par_1_3' title="bbox 437 608 1997 684">
     <span class='ocr_line' id='line_1_3' title="bbox 437 608 1997 684; baseline -0.012 -14"><span class='ocrx_word' id='word_1_10' title='bbox 437 615 817 684; x_wconf 81' lang='lat' dir='ltr'><strong>gnificentiam,</strong></span> <span class='ocrx_word' id='word_1_11' title='bbox 841 613 1065 667; x_wconf 91' lang='lat' dir='ltr'><strong>vestium</strong></span> <span class='ocrx_word' id='word_1_12' title='bbox 1094 610 1316 671; x_wconf 89' lang='lat' dir='ltr'><strong>cultum,</strong></span> <span class='ocrx_word' id='word_1_13' title='bbox 1347 619 1647 660; x_wconf 90' lang='lat' dir='ltr'><strong>mensarum</strong></span> <span class='ocrx_word' id='word_1_14' title='bbox 1669 608 1997 672; x_wconf 75' lang='lat' dir='ltr'><strong>apparatum,</strong></span> 
     </span>
    </p>
   </div>
   <div class='ocr_carea' id='block_1_4' title="bbox 436 696 1997 776">
    <p class='ocr_par' dir='ltr' id='par_1_4' title="bbox 436 696 1997 776">
     <span class='ocr_line' id='line_1_4' title="bbox 436 696 1997 776; baseline -0.012 -15"><span class='ocrx_word' id='word_1_15' title='bbox 436 708 787 776; x_wconf 76' lang='lat' dir='ltr'><strong>parasitorum</strong></span> <span class='ocrx_word' id='word_1_16' title='bbox 811 703 1041 771; x_wconf 79' lang='lat' dir='ltr'><strong>agmina,</strong></span> <span class='ocrx_word' id='word_1_17' title='bbox 1076 700 1390 755; x_wconf 88' lang='lat' dir='ltr'><strong>famulorum</strong></span> <span class='ocrx_word' id='word_1_18' title='bbox 1417 696 1686 766; x_wconf 77' lang='lat' dir='ltr'><strong>ingentem</strong></span> <span class='ocrx_word' id='word_1_19' title='bbox 1700 706 1997 747; x_wconf 88' lang='lat' dir='ltr'><strong>numerum.</strong></span> 
     </span>
    </p>
   </div>
   <div class='ocr_carea' id='block_1_5' title="bbox 501 784 1999 868">
    <p class='ocr_par' dir='ltr' id='par_1_5' title="bbox 501 784 1999 868">
     <span class='ocr_line' id='line_1_5' title="bbox 501 784 1999 868; baseline -0.011 -15"><span class='ocrx_word' id='word_1_20' title='bbox 501 798 795 868; x_wconf 87' lang='lat' dir='ltr'><strong>Optimates</strong></span> <span class='ocrx_word' id='word_1_21' title='bbox 821 798 975 867; x_wconf 77' lang='lat' dir='ltr'><strong>igitur</strong></span> <span class='ocrx_word' id='word_1_22' title='bbox 1001 804 1055 849; x_wconf 90' lang='lat' dir='ltr'><strong>et</strong></span> <span class='ocrx_word' id='word_1_23' title='bbox 1079 792 1317 862; x_wconf 84' lang='lat' dir='ltr'><strong>opulenti</strong></span> <span class='ocrx_word' id='word_1_24' title='bbox 1355 789 1550 859; x_wconf 79' lang='lat' dir='ltr'><strong>quique</strong></span> <span class='ocrx_word' id='word_1_25' title='bbox 1580 788 1678 842; x_wconf 89' lang='lat' dir='ltr'><strong>viri</strong></span> <span class='ocrx_word' id='word_1_26' title='bbox 1709 785 1893 840; x_wconf 88' lang='lat' dir='ltr'><strong>sericis</strong></span> <span class='ocrx_word' id='word_1_27' title='bbox 1915 784 1999 837; x_wconf 88' lang='lat' dir='ltr'><strong>itt-</strong></span> 
     </span>
    </p>
   </div>
   <div class='ocr_carea' id='block_1_6' title="bbox 434 877 1998 949">
    <p class='ocr_par' dir='ltr' id='par_1_6' title="bbox 434 877 1998 949">
     <span class='ocr_line' id='line_1_6' title="bbox 434 877 1998 949; baseline -0.012 -4"><span class='ocrx_word' id='word_1_28' title='bbox 434 892 543 945; x_wconf 86' lang='lat' dir='ltr'><strong>dttti</strong></span> <span class='ocrx_word' id='word_1_29' title='bbox 574 891 805 944; x_wconf 84' lang='lat' dir='ltr'><strong>vestibus</strong></span> <span class='ocrx_word' id='word_1_30' title='bbox 830 896 981 943; x_wconf 88' lang='lat' dir='ltr'><strong>erant</strong></span> <span class='ocrx_word' id='word_1_31' title='bbox 1001 901 1130 939; x_wconf 89' lang='lat' dir='ltr'><strong>auro</strong></span> <span class='ocrx_word' id='word_1_32' title='bbox 1161 881 1458 937; x_wconf 83' lang='lat' dir='ltr'><strong>intertextis</strong></span> <span class='ocrx_word' id='word_1_33' title='bbox 1479 890 1529 933; x_wconf 93' lang='lat' dir='ltr'><strong>et</strong></span> <span class='ocrx_word' id='word_1_34' title='bbox 1545 877 1866 949; x_wconf 87' lang='lat' dir='ltr'><strong>magnificis:</strong></span> <span class='ocrx_word' id='word_1_35' title='bbox 1898 890 1998 928; x_wconf 89' lang='lat' dir='ltr'><strong>un-</strong></span> 
     </span>
    </p>
   </div>
   <div class='ocr_carea' id='block_1_7' title="bbox 431 966 1998 1051">
    <p class='ocr_par' dir='ltr' id='par_1_7' title="bbox 431 966 1998 1051">
     <span class='ocr_line' id='line_1_7' title="bbox 431 966 1998 1051; baseline -0.008 -20"><span class='ocrx_word' id='word_1_36' title='bbox 431 991 621 1051; x_wconf 70' lang='lat' dir='ltr'><strong>guenta</strong></span> <span class='ocrx_word' id='word_1_37' title='bbox 666 989 718 1033; x_wconf 90' lang='lat' dir='ltr'><strong>et</strong></span> <span class='ocrx_word' id='word_1_38' title='bbox 761 986 996 1032; x_wconf 81' lang='lat' dir='ltr'><strong>aromata</strong></span> <span class='ocrx_word' id='word_1_39' title='bbox 1028 990 1240 1044; x_wconf 90' lang='lat' dir='ltr'><strong>semper</strong></span> <span class='ocrx_word' id='word_1_40' title='bbox 1269 971 1517 1027; x_wconf 87' lang='lat' dir='ltr'><strong>olebant:</strong></span> <span class='ocrx_word' id='word_1_41' title='bbox 1569 986 1699 1023; x_wconf 85' lang='lat' dir='ltr'><strong>zona</strong></span> <span class='ocrx_word' id='word_1_42' title='bbox 1729 966 1998 1038; x_wconf 66' lang='lat' dir='ltr'><strong>pratcincti</strong></span> 
     </span>
    </p>
   </div>
   <div class='ocr_carea' id='block_1_8' title="bbox 430 1058 1999 1135">
    <p class='ocr_par' dir='ltr' id='par_1_8' title="bbox 430 1058 1999 1135">
     <span class='ocr_line' id='line_1_8' title="bbox 430 1058 1999 1135; baseline -0.009 -12"><span class='ocrx_word' id='word_1_43' title='bbox 430 1085 610 1133; x_wconf 83' lang='lat' dir='ltr'><strong>aurea,</strong></span> <span class='ocrx_word' id='word_1_44' title='bbox 640 1067 801 1122; x_wconf 85' lang='lat' dir='ltr'><strong>calcei</strong></span> <span class='ocrx_word' id='word_1_45' title='bbox 846 1079 1052 1135; x_wconf 89' lang='lat' dir='ltr'><strong>quoque</strong></span> <span class='ocrx_word' id='word_1_46' title='bbox 1089 1078 1220 1117; x_wconf 88' lang='lat' dir='ltr'><strong>auro</strong></span> <span class='ocrx_word' id='word_1_47' title='bbox 1262 1061 1551 1132; x_wconf 79' lang='lat' dir='ltr'><strong>fulgebant.</strong></span> <span class='ocrx_word' id='word_1_48' title='bbox 1578 1058 1917 1113; x_wconf 87' lang='lat' dir='ltr'><strong>Famulorum</strong></span> <span class='ocrx_word' id='word_1_49' title='bbox 1946 1063 1999 1109; x_wconf 92' lang='lat' dir='ltr'><strong>et</strong></span> 
     </span>
    </p>
   </div>
   <div class='ocr_carea' id='block_1_9' title="bbox 427 1150 1997 1223">
    <p class='ocr_par' dir='ltr' id='par_1_9' title="bbox 427 1150 1997 1223">
     <span class='ocr_line' id='line_1_9' title="bbox 427 1150 1997 1223; baseline -0.01 -11"><span class='ocrx_word' id='word_1_50' title='bbox 427 1159 790 1212; x_wconf 73' lang='lat' dir='ltr'><strong>cunuchorum</strong></span> <span class='ocrx_word' id='word_1_51' title='bbox 838 1155 1045 1209; x_wconf 87' lang='lat' dir='ltr'><strong>turbam</strong></span> <span class='ocrx_word' id='word_1_52' title='bbox 1100 1155 1362 1223; x_wconf 80' lang='lat' dir='ltr'><strong>ingentem</strong></span> <span class='ocrx_word' id='word_1_53' title='bbox 1418 1150 1560 1205; x_wconf 88' lang='lat' dir='ltr'><strong>alere</strong></span> <span class='ocrx_word' id='word_1_54' title='bbox 1623 1158 1676 1203; x_wconf 92' lang='lat' dir='ltr'><strong>et</strong></span> <span class='ocrx_word' id='word_1_55' title='bbox 1730 1155 1997 1203; x_wconf 86' lang='lat' dir='ltr'><strong>ostentare</strong></span> 
     </span>
    </p>
   </div>
   <div class='ocr_carea' id='block_1_10' title="bbox 427 1237 1994 1312">
    <p class='ocr_par' dir='ltr' id='par_1_10' title="bbox 427 1237 1994 1312">
     <span class='ocr_line' id='line_1_10' title="bbox 427 1237 1994 1312; baseline -0.009 -11"><span class='ocrx_word' id='word_1_56' title='bbox 427 1263 635 1301; x_wconf 88' lang='lat' dir='ltr'><strong>summo</strong></span> <span class='ocrx_word' id='word_1_57' title='bbox 656 1247 831 1301; x_wconf 90' lang='lat' dir='ltr'><strong>studio</strong></span> <span class='ocrx_word' id='word_1_58' title='bbox 857 1245 1149 1309; x_wconf 89' lang='lat' dir='ltr'><strong>curabant,</strong></span> <span class='ocrx_word' id='word_1_59' title='bbox 1179 1256 1403 1312; x_wconf 90' lang='lat' dir='ltr'><strong>quorum</strong></span> <span class='ocrx_word' id='word_1_60' title='bbox 1420 1239 1572 1295; x_wconf 90' lang='lat' dir='ltr'><strong>multi</strong></span> <span class='ocrx_word' id='word_1_61' title='bbox 1600 1237 1807 1293; x_wconf 88' lang='lat' dir='ltr'><strong>barbari</strong></span> <span class='ocrx_word' id='word_1_62' title='bbox 1824 1243 1994 1290; x_wconf 90' lang='lat' dir='ltr'><strong>erant.</strong></span> 
     </span>
    </p>
   </div>
   <div class='ocr_carea' id='block_1_11' title="bbox 429 1326 1996 1408">
    <p class='ocr_par' dir='ltr' id='par_1_11' title="bbox 429 1326 1996 1408">
     <span class='ocr_line' id='line_1_11' title="bbox 429 1326 1996 1408; baseline -0.008 -15"><span class='ocrx_word' id='word_1_63' title='bbox 429 1342 501 1394; x_wconf 84' lang='lat' dir='ltr'><strong>De</strong></span> <span class='ocrx_word' id='word_1_64' title='bbox 529 1356 685 1408; x_wconf 89' lang='lat' dir='ltr'><strong>opum</strong></span> <span class='ocrx_word' id='word_1_65' title='bbox 736 1337 919 1407; x_wconf 82' lang='lat' dir='ltr'><strong>grandi</strong></span> <span class='ocrx_word' id='word_1_66' title='bbox 974 1336 1124 1403; x_wconf 82' lang='lat' dir='ltr'><strong>copia</strong></span> <span class='ocrx_word' id='word_1_67' title='bbox 1160 1342 1215 1388; x_wconf 92' lang='lat' dir='ltr'><strong>et</strong></span> <span class='ocrx_word' id='word_1_68' title='bbox 1253 1332 1569 1385; x_wconf 88' lang='lat' dir='ltr'><strong>famulorum</strong></span> <span class='ocrx_word' id='word_1_69' title='bbox 1611 1342 1833 1382; x_wconf 92' lang='lat' dir='ltr'><strong>numero</strong></span> <span class='ocrx_word' id='word_1_70' title='bbox 1881 1326 1996 1380; x_wconf 74' lang='lat' dir='ltr'><strong>ha-c</strong></span> 
     </span>
    </p>
   </div>
   <div class='ocr_carea' id='block_1_12' title="bbox 425 1416 1995 1498">
    <p class='ocr_par' dir='ltr' id='par_1_12' title="bbox 425 1416 1995 1498">
     <span class='ocr_line' id='line_1_12' title="bbox 425 1416 1995 1498; baseline -0.01 -14"><span class='ocrx_word' id='word_1_71' title='bbox 425 1432 645 1498; x_wconf 82' lang='lat' dir='ltr'><strong>carptim</strong></span> <span class='ocrx_word' id='word_1_72' title='bbox 668 1430 792 1482; x_wconf 84' lang='lat' dir='ltr'><strong>dicit</strong></span> <span class='ocrx_word' id='word_1_73' title='bbox 810 1427 1220 1496; x_wconf 84' lang='lat' dir='ltr'><strong>Cltrysostomus</strong></span> <span class='ocrx_word' id='word_1_74' title='bbox 1236 1422 1415 1493; x_wconf 84' lang='lat' dir='ltr'><strong>(Temo</strong></span> <span class='ocrx_word' id='word_1_75' title='bbox 1438 1418 1700 1490; x_wconf 76' lang='lat' dir='ltr'><strong>septimo):</strong></span> <span class='ocrx_word' id='word_1_76' title='bbox 1727 1417 1790 1471; x_wconf 86' lang='lat' dir='ltr'><strong>Et</strong></span> <span class='ocrx_word' id='word_1_77' title='bbox 1808 1425 1860 1469; x_wconf 89' lang='lat' dir='ltr'><strong>tu</strong></span> <span class='ocrx_word' id='word_1_78' title='bbox 1879 1416 1995 1485; x_wconf 89' lang='lat' dir='ltr'><strong>qui-</strong></span> 
     </span>
    </p>
   </div>
   <div class='ocr_carea' id='block_1_13' title="bbox 423 1506 1993 1582">
    <p class='ocr_par' dir='ltr' id='par_1_13' title="bbox 423 1506 1993 1582">
     <span class='ocr_line' id='line_1_13' title="bbox 423 1506 1993 1582; baseline -0.009 -11"><span class='ocrx_word' id='word_1_79' title='bbox 423 1520 535 1571; x_wconf 69' lang='lat' dir='ltr'><strong>dem</strong></span> <span class='ocrx_word' id='word_1_80' title='bbox 554 1528 623 1571; x_wconf 89' lang='lat' dir='ltr'><strong>tot</strong></span> <span class='ocrx_word' id='word_1_81' title='bbox 647 1533 891 1573; x_wconf 79' lang='lat' dir='ltr'><strong>memoras</strong></span> <span class='ocrx_word' id='word_1_82' title='bbox 918 1525 1064 1567; x_wconf 75' lang='lat' dir='ltr'><strong>terra:</strong></span> <span class='ocrx_word' id='word_1_83' title='bbox 1076 1514 1280 1582; x_wconf 79' lang='lat' dir='ltr'><strong>jugera,</strong></span> <span class='ocrx_word' id='word_1_84' title='bbox 1305 1512 1478 1564; x_wconf 88' lang='lat' dir='ltr'><strong>domos</strong></span> <span class='ocrx_word' id='word_1_85' title='bbox 1499 1510 1664 1563; x_wconf 87' lang='lat' dir='ltr'><strong>decem</strong></span> <span class='ocrx_word' id='word_1_86' title='bbox 1696 1507 1770 1560; x_wconf 80' lang='lat' dir='ltr'><strong>vel</strong></span> <span class='ocrx_word' id='word_1_87' title='bbox 1799 1506 1993 1575; x_wconf 78' lang='lat' dir='ltr'><strong>uiginti,</strong></span> 
     </span>
    </p>
   </div>
   <div class='ocr_carea' id='block_1_14' title="bbox 425 1601 1995 1669">
    <p class='ocr_par' dir='ltr' id='par_1_14' title="bbox 425 1601 1995 1669">
     <span class='ocr_line' id='line_1_14' title="bbox 425 1601 1995 1669; baseline -0.008 -6"><span class='ocrx_word' id='word_1_88' title='bbox 425 1610 601 1663; x_wconf 87' lang='lat' dir='ltr'><strong>balnea</strong></span> <span class='ocrx_word' id='word_1_89' title='bbox 628 1608 849 1667; x_wconf 66' lang='lat' dir='ltr'><strong>totidem,</strong></span> <span class='ocrx_word' id='word_1_90' title='bbox 873 1621 1037 1660; x_wconf 73' lang='lat' dir='ltr'><strong>servos</strong></span> <span class='ocrx_word' id='word_1_91' title='bbox 1067 1604 1200 1657; x_wconf 86' lang='lat' dir='ltr'><strong>mille</strong></span> <span class='ocrx_word' id='word_1_92' title='bbox 1226 1613 1312 1655; x_wconf 90' lang='lat' dir='ltr'><strong>aut</strong></span> <span class='ocrx_word' id='word_1_93' title='bbox 1337 1602 1408 1655; x_wconf 89' lang='lat' dir='ltr'><strong>bis</strong></span> <span class='ocrx_word' id='word_1_94' title='bbox 1434 1601 1588 1665; x_wconf 87' lang='lat' dir='ltr'><strong>mille,</strong></span> <span class='ocrx_word' id='word_1_95' title='bbox 1611 1615 1789 1653; x_wconf 89' lang='lat' dir='ltr'><strong>currus</strong></span> <span class='ocrx_word' id='word_1_96' title='bbox 1816 1613 1995 1669; x_wconf 84' lang='lat' dir='ltr'><strong>argen-</strong></span> 
     </span>
    </p>
   </div>
   <div class='ocr_carea' id='block_1_15' title="bbox 425 1690 1995 1765">
    <p class='ocr_par' dir='ltr' id='par_1_15' title="bbox 425 1690 1995 1765">
     <span class='ocr_line' id='line_1_15' title="bbox 425 1690 1995 1765; baseline -0.006 -12"><span class='ocrx_word' id='word_1_97' title='bbox 425 1702 515 1753; x_wconf 84' lang='lat' dir='ltr'><strong>teis</strong></span> <span class='ocrx_word' id='word_1_98' title='bbox 549 1700 748 1753; x_wconf 78' lang='lat' dir='ltr'><strong>laminis</strong></span> <span class='ocrx_word' id='word_1_99' title='bbox 780 1699 852 1751; x_wconf 83' lang='lat' dir='ltr'><strong>rel</strong></span> <span class='ocrx_word' id='word_1_100' title='bbox 882 1715 1007 1750; x_wconf 86' lang='lat' dir='ltr'><strong>auro</strong></span> <span class='ocrx_word' id='word_1_101' title='bbox 1036 1704 1254 1765; x_wconf 79' lang='lat' dir='ltr'><strong>opertos.</strong></span> <span class='ocrx_word' id='word_1_102' title='bbox 1284 1692 1703 1747; x_wconf 85' lang='lat' dir='ltr'><strong>Euttueltietiam</strong></span> <span class='ocrx_word' id='word_1_103' title='bbox 1733 1700 1786 1745; x_wconf 90' lang='lat' dir='ltr'><strong>et</strong></span> <span class='ocrx_word' id='word_1_104' title='bbox 1813 1690 1995 1744; x_wconf 82' lang='lat' dir='ltr'><strong>famuli</strong></span> 
     </span>
    </p>
   </div>
   <div class='ocr_carea' id='block_1_16' title="bbox 421 1780 1995 1858">
    <p class='ocr_par' dir='ltr' id='par_1_16' title="bbox 421 1780 1995 1858">
     <span class='ocr_line' id='line_1_16' title="bbox 421 1780 1995 1858; baseline -0.005 -16"><span class='ocrx_word' id='word_1_105' title='bbox 421 1806 552 1844; x_wconf 88' lang='lat' dir='ltr'><strong>auro</strong></span> <span class='ocrx_word' id='word_1_106' title='bbox 582 1789 839 1858; x_wconf 83' lang='lat' dir='ltr'><strong>fulgentes</strong></span> <span class='ocrx_word' id='word_1_107' title='bbox 867 1795 1018 1842; x_wconf 88' lang='lat' dir='ltr'><strong>erant</strong></span> <span class='ocrx_word' id='word_1_108' title='bbox 1040 1829 1053 1849; x_wconf 87' lang='lat'><strong>,</strong></span> <span class='ocrx_word' id='word_1_109' title='bbox 1085 1786 1379 1855; x_wconf 86' lang='lat' dir='ltr'><strong>horumque</strong></span> <span class='ocrx_word' id='word_1_110' title='bbox 1402 1782 1613 1854; x_wconf 88' lang='lat' dir='ltr'><strong>plurimi</strong></span> <span class='ocrx_word' id='word_1_111' title='bbox 1646 1780 1920 1852; x_wconf 86' lang='lat' dir='ltr'><strong>torquibus</strong></span> <span class='ocrx_word' id='word_1_112' title='bbox 1941 1787 1995 1835; x_wconf 89' lang='lat' dir='ltr'><strong>et</strong></span> 
     </span>
    </p>
   </div>
   <div class='ocr_carea' id='block_1_17' title="bbox 422 1877 1287 1934">
    <p class='ocr_par' dir='ltr' id='par_1_17' title="bbox 422 1877 1287 1934">
     <span class='ocr_line' id='line_1_17' title="bbox 422 1877 1287 1934; baseline -0.005 -1"><span class='ocrx_word' id='word_1_113' title='bbox 422 1880 644 1934; x_wconf 78' lang='lat' dir='ltr'><strong>armillis</strong></span> <span class='ocrx_word' id='word_1_114' title='bbox 672 1880 847 1933; x_wconf 85' lang='lat' dir='ltr'><strong>aureis</strong></span> <span class='ocrx_word' id='word_1_115' title='bbox 877 1877 1287 1932; x_wconf 87' lang='lat' dir='ltr'><strong>decorabautur.</strong></span> 
     </span>
    </p>
   </div>
   <div class='ocr_carea' id='block_1_18' title="bbox 492 1961 1990 2038">
    <p class='ocr_par' dir='ltr' id='par_1_18' title="bbox 492 1961 1990 2038">
     <span class='ocr_line' id='line_1_18' title="bbox 492 1961 1990 2038; baseline -0.006 -14"><span class='ocrx_word' id='word_1_116' title='bbox 492 1969 709 2024; x_wconf 60' lang='lat' dir='ltr'><strong>mdium</strong></span> <span class='ocrx_word' id='word_1_117' title='bbox 760 1983 968 2038; x_wconf 86' lang='lat' dir='ltr'><strong>quoque</strong></span> <span class='ocrx_word' id='word_1_118' title='bbox 1028 1966 1364 2037; x_wconf 76' lang='lat' dir='ltr'><strong>splendorem</strong></span> <span class='ocrx_word' id='word_1_119' title='bbox 1422 1973 1477 2019; x_wconf 91' lang='lat' dir='ltr'><strong>et</strong></span> <span class='ocrx_word' id='word_1_120' title='bbox 1550 1961 1990 2034; x_wconf 82' lang='lat' dir='ltr'><strong>magnificentiam</strong></span> 
     </span>
    </p>
   </div>
   <div class='ocr_carea' id='block_1_19' title="bbox 423 2056 1993 2131">
    <p class='ocr_par' dir='ltr' id='par_1_19' title="bbox 423 2056 1993 2131">
     <span class='ocr_line' id='line_1_19' title="bbox 423 2056 1993 2131; baseline -0.004 -16"><span class='ocrx_word' id='word_1_121' title='bbox 423 2063 733 2131; x_wconf 85' lang='lat' dir='ltr'><strong>plerumque</strong></span> <span class='ocrx_word' id='word_1_122' title='bbox 782 2060 1031 2115; x_wconf 87' lang='lat' dir='ltr'><strong>describit</strong></span> <span class='ocrx_word' id='word_1_123' title='bbox 1062 2077 1075 2111; x_wconf 90' lang='lat'><strong>:</strong></span> <span class='ocrx_word' id='word_1_124' title='bbox 1107 2057 1448 2127; x_wconf 86' lang='lat' dir='ltr'><strong>Splendidas,</strong></span> <span class='ocrx_word' id='word_1_125' title='bbox 1479 2056 1666 2126; x_wconf 84' lang='lat' dir='ltr'><strong>inquit,</strong></span> <span class='ocrx_word' id='word_1_126' title='bbox 1699 2064 1993 2109; x_wconf 83' lang='lat' dir='ltr'><strong>construunt</strong></span> 
     </span>
    </p>
   </div>
   <div class='ocr_carea' id='block_1_20' title="bbox 420 2144 1975 2220">
    <p class='ocr_par' dir='ltr' id='par_1_20' title="bbox 420 2144 1975 2220">
     <span class='ocr_line' id='line_1_20' title="bbox 420 2144 1975 2220; baseline -0.005 -17"><span class='ocrx_word' id='word_1_127' title='bbox 420 2152 780 2218; x_wconf 84' lang='lat' dir='ltr'><strong>domos,latas</strong></span> <span class='ocrx_word' id='word_1_128' title='bbox 828 2152 1046 2220; x_wconf 80' lang='lat' dir='ltr'><strong>porticus</strong></span> <span class='ocrx_word' id='word_1_129' title='bbox 1080 2191 1095 2215; x_wconf 93' lang='lat'><strong>,</strong></span> <span class='ocrx_word' id='word_1_130' title='bbox 1150 2147 1299 2218; x_wconf 81' lang='lat' dir='ltr'><strong>longa</strong></span> <span class='ocrx_word' id='word_1_131' title='bbox 1346 2156 1508 2217; x_wconf 89' lang='lat' dir='ltr'><strong>septa.</strong></span> <span class='ocrx_word' id='word_1_132' title='bbox 1561 2144 1766 2199; x_wconf 86' lang='lat' dir='ltr'><strong>Tectum</strong></span> <span class='ocrx_word' id='word_1_133' title='bbox 1809 2154 1975 2197; x_wconf 78' lang='lat' dir='ltr'><strong>autent</strong></span> 
     </span>
    </p>
   </div>
   <div class='ocr_carea' id='block_1_21' title="bbox 418 2238 1985 2311">
    <p class='ocr_par' dir='ltr' id='par_1_21' title="bbox 418 2238 1985 2311">
     <span class='ocr_line' id='line_1_21' title="bbox 418 2238 1985 2311; baseline -0.006 -16"><span class='ocrx_word' id='word_1_134' title='bbox 418 2244 600 2295; x_wconf 69' lang='lat' dir='ltr'><strong>a-‘dium</strong></span> <span class='ocrx_word' id='word_1_135' title='bbox 622 2259 683 2295; x_wconf 80' lang='lat' dir='ltr'><strong>ea:</strong></span> <span class='ocrx_word' id='word_1_136' title='bbox 710 2242 902 2295; x_wconf 81' lang='lat' dir='ltr'><strong>tabellis</strong></span> <span class='ocrx_word' id='word_1_137' title='bbox 920 2241 1095 2311; x_wconf 80' lang='lat' dir='ltr'><strong>ligneis</strong></span> <span class='ocrx_word' id='word_1_138' title='bbox 1112 2240 1485 2304; x_wconf 81' lang='lat' dir='ltr'><strong>concinnatum,</strong></span> <span class='ocrx_word' id='word_1_139' title='bbox 1504 2238 1797 2289; x_wconf 78' lang='lat' dir='ltr'><strong>demiratum</strong></span> <span class='ocrx_word' id='word_1_140' title='bbox 1828 2246 1985 2289; x_wconf 84' lang='lat' dir='ltr'><strong>totum</strong></span> 
     </span>
    </p>
   </div>
   <div class='ocr_carea' id='block_1_22' title="bbox 418 2325 1985 2401">
    <p class='ocr_par' dir='ltr' id='par_1_22' title="bbox 418 2325 1985 2401">
     <span class='ocr_line' id='line_1_22' title="bbox 418 2325 1985 2401; baseline -0.004 -16"><span class='ocrx_word' id='word_1_141' title='bbox 418 2343 523 2385; x_wconf 86' lang='lat' dir='ltr'><strong>erat</strong></span> <span class='ocrx_word' id='word_1_142' title='bbox 552 2349 570 2386; x_wconf 88' lang='lat'><strong><em>:</em></strong></span> <span class='ocrx_word' id='word_1_143' title='bbox 590 2334 768 2401; x_wconf 80' lang='lat' dir='ltr'><strong>jauua:</strong></span> <span class='ocrx_word' id='word_1_144' title='bbox 791 2342 955 2384; x_wconf 84' lang='lat' dir='ltr'><strong>autem</strong></span> <span class='ocrx_word' id='word_1_145' title='bbox 981 2371 995 2396; x_wconf 89' lang='lat'><strong>,</strong></span> <span class='ocrx_word' id='word_1_146' title='bbox 1027 2332 1175 2382; x_wconf 87' lang='lat' dir='ltr'><strong>etiam</strong></span> <span class='ocrx_word' id='word_1_147' title='bbox 1207 2329 1390 2397; x_wconf 79' lang='lat' dir='ltr'><strong>bifores</strong></span> <span class='ocrx_word' id='word_1_148' title='bbox 1417 2370 1429 2390; x_wconf 88' lang='lat'><strong>,</strong></span> <span class='ocrx_word' id='word_1_149' title='bbox 1471 2327 1706 2381; x_wconf 63' lang='lat' dir='ltr'><strong>eburnea:</strong></span> <span class='ocrx_word' id='word_1_150' title='bbox 1728 2339 1889 2380; x_wconf 86' lang='lat' dir='ltr'><strong>erant.</strong></span> <span class='ocrx_word' id='word_1_151' title='bbox 1924 2325 1985 2379; x_wconf 88' lang='lat' dir='ltr'><strong>In</strong></span> 
     </span>
    </p>
   </div>
   <div class='ocr_carea' id='block_1_23' title="bbox 418 2419 1986 2492">
    <p class='ocr_par' dir='ltr' id='par_1_23' title="bbox 418 2419 1986 2492">
     <span class='ocr_line' id='line_1_23' title="bbox 418 2419 1986 2492; baseline -0.004 -16"><span class='ocrx_word' id='word_1_152' title='bbox 418 2424 649 2477; x_wconf 79' lang='lat' dir='ltr'><strong>tricliniis</strong></span> <span class='ocrx_word' id='word_1_153' title='bbox 669 2433 714 2475; x_wconf 89' lang='lat' dir='ltr'><strong>et</strong></span> <span class='ocrx_word' id='word_1_154' title='bbox 743 2420 982 2476; x_wconf 80' lang='lat' dir='ltr'><strong>cubiculis</strong></span> <span class='ocrx_word' id='word_1_155' title='bbox 1012 2421 1227 2492; x_wconf 81' lang='lat' dir='ltr'><strong>parietes</strong></span> <span class='ocrx_word' id='word_1_156' title='bbox 1250 2435 1497 2473; x_wconf 83' lang='lat' dir='ltr'><strong>marmore</strong></span> <span class='ocrx_word' id='word_1_157' title='bbox 1523 2420 1731 2473; x_wconf 79' lang='lat' dir='ltr'><strong>crustati</strong></span> <span class='ocrx_word' id='word_1_158' title='bbox 1753 2435 1772 2471; x_wconf 91' lang='lat'><strong><em>:</em></strong></span> <span class='ocrx_word' id='word_1_159' title='bbox 1793 2420 1834 2471; x_wconf 87' lang='lat' dir='ltr'><strong>si</strong></span> <span class='ocrx_word' id='word_1_160' title='bbox 1864 2419 1986 2489; x_wconf 88' lang='lat' dir='ltr'><strong>quid</strong></span> 
     </span>
    </p>
   </div>
   <div class='ocr_carea' id='block_1_24' title="bbox 415 2509 1983 2584">
    <p class='ocr_par' dir='ltr' id='par_1_24' title="bbox 415 2509 1983 2584">
     <span class='ocr_line' id='line_1_24' title="bbox 415 2509 1983 2584; baseline -0.003 -16"><span class='ocrx_word' id='word_1_161' title='bbox 415 2531 528 2569; x_wconf 79' lang='lat' dir='ltr'><strong>vero</strong></span> <span class='ocrx_word' id='word_1_162' title='bbox 554 2514 771 2584; x_wconf 80' lang='lat' dir='ltr'><strong>lapidem</strong></span> <span class='ocrx_word' id='word_1_163' title='bbox 800 2521 1143 2583; x_wconf 87' lang='lat' dir='ltr'><strong>compareret,</strong></span> <span class='ocrx_word' id='word_1_164' title='bbox 1188 2510 1321 2566; x_wconf 86' lang='lat' dir='ltr'><strong>illud</strong></span> <span class='ocrx_word' id='word_1_165' title='bbox 1362 2510 1529 2567; x_wconf 83' lang='lat' dir='ltr'><strong>aureis</strong></span> <span class='ocrx_word' id='word_1_166' title='bbox 1559 2509 1763 2565; x_wconf 79' lang='lat' dir='ltr'><strong>laminis</strong></span> <span class='ocrx_word' id='word_1_167' title='bbox 1793 2519 1840 2563; x_wconf 89' lang='lat' dir='ltr'><strong>et</strong></span> <span class='ocrx_word' id='word_1_168' title='bbox 1866 2510 1983 2564; x_wconf 83' lang='lat' dir='ltr'><strong>bra-</strong></span> 
     </span>
    </p>
   </div>
   <div class='ocr_carea' id='block_1_25' title="bbox 414 2605 896 2674">
    <p class='ocr_par' dir='ltr' id='par_1_25' title="bbox 414 2605 896 2674">
     <span class='ocr_line' id='line_1_25' title="bbox 414 2605 896 2674; baseline 0 -19"><span class='ocrx_word' id='word_1_169' title='bbox 414 2606 532 2658; x_wconf 87' lang='lat' dir='ltr'><strong>cteis</strong></span> <span class='ocrx_word' id='word_1_170' title='bbox 562 2605 896 2674; x_wconf 86' lang='lat' dir='ltr'><strong>obtegebatur.</strong></span> 
     </span>
    </p>
   </div>
   <div class='ocr_carea' id='block_1_26' title="bbox 482 2690 1984 2764">
    <p class='ocr_par' dir='ltr' id='par_1_26' title="bbox 482 2690 1984 2764">
     <span class='ocr_line' id='line_1_26' title="bbox 482 2690 1984 2764; baseline -0.003 -16"><span class='ocrx_word' id='word_1_171' title='bbox 482 2694 773 2764; x_wconf 86' lang='lat' dir='ltr'><strong>Laquearia</strong></span> <span class='ocrx_word' id='word_1_172' title='bbox 797 2692 973 2747; x_wconf 87' lang='lat' dir='ltr'><strong>omnia</strong></span> <span class='ocrx_word' id='word_1_173' title='bbox 999 2706 1179 2757; x_wconf 89' lang='lat' dir='ltr'><strong>aurea,</strong></span> <span class='ocrx_word' id='word_1_174' title='bbox 1219 2704 1312 2746; x_wconf 90' lang='lat' dir='ltr'><strong>seu</strong></span> <span class='ocrx_word' id='word_1_175' title='bbox 1343 2692 1545 2761; x_wconf 89' lang='lat' dir='ltr'><strong>potius,</strong></span> <span class='ocrx_word' id='word_1_176' title='bbox 1578 2700 1634 2745; x_wconf 92' lang='lat' dir='ltr'><strong>ut</strong></span> <span class='ocrx_word' id='word_1_177' title='bbox 1659 2690 1783 2746; x_wconf 86' lang='lat' dir='ltr'><strong>alibi</strong></span> <span class='ocrx_word' id='word_1_178' title='bbox 1816 2691 1984 2760; x_wconf 65' lang='lat' dir='ltr'><strong>carpti-</strong></span> 
     </span>
    </p>
   </div>
   <div class='ocr_carea' id='block_1_27' title="bbox 408 2783 1983 2853">
    <p class='ocr_par' dir='ltr' id='par_1_27' title="bbox 408 2783 1983 2853">
     <span class='ocr_line' id='line_1_27' title="bbox 408 2783 1983 2853; baseline 0 -15"><span class='ocrx_word' id='word_1_179' title='bbox 408 2794 531 2851; x_wconf 87' lang='lat' dir='ltr'><strong>cat,</strong></span> <span class='ocrx_word' id='word_1_180' title='bbox 577 2800 707 2839; x_wconf 87' lang='lat' dir='ltr'><strong>auro</strong></span> <span class='ocrx_word' id='word_1_181' title='bbox 738 2784 898 2838; x_wconf 89' lang='lat' dir='ltr'><strong>oblita</strong></span> <span class='ocrx_word' id='word_1_182' title='bbox 925 2792 1110 2848; x_wconf 89' lang='lat' dir='ltr'><strong>erant;</strong></span> <span class='ocrx_word' id='word_1_183' title='bbox 1143 2783 1499 2853; x_wconf 85' lang='lat' dir='ltr'><strong>pavimentum</strong></span> <span class='ocrx_word' id='word_1_184' title='bbox 1542 2797 1669 2837; x_wconf 83' lang='lat' dir='ltr'><strong>vero</strong></span> <span class='ocrx_word' id='word_1_185' title='bbox 1714 2783 1983 2838; x_wconf 88' lang='lat' dir='ltr'><strong>tesserulis</strong></span> 
     </span>
    </p>
   </div>
   <div class='ocr_carea' id='block_1_28' title="bbox 407 2873 1981 2945">
    <p class='ocr_par' dir='ltr' id='par_1_28' title="bbox 407 2873 1981 2945">
     <span class='ocr_line' id='line_1_28' title="bbox 407 2873 1981 2945; baseline -0.002 -16"><span class='ocrx_word' id='word_1_186' title='bbox 407 2887 459 2929; x_wconf 91' lang='lat' dir='ltr'><strong>et</strong></span> <span class='ocrx_word' id='word_1_187' title='bbox 488 2876 710 2945; x_wconf 85' lang='lat' dir='ltr'><strong>gemmis</strong></span> <span class='ocrx_word' id='word_1_188' title='bbox 738 2875 1043 2930; x_wconf 75' lang='lat' dir='ltr'><strong>distinctum</strong></span> <span class='ocrx_word' id='word_1_189' title='bbox 1070 2874 1492 2943; x_wconf 87' lang='lat' dir='ltr'><strong>adornatumque</strong></span> <span class='ocrx_word' id='word_1_190' title='bbox 1514 2914 1526 2938; x_wconf 94' lang='lat'><strong>,</strong></span> <span class='ocrx_word' id='word_1_191' title='bbox 1558 2873 1703 2943; x_wconf 89' lang='lat' dir='ltr'><strong>quod</strong></span> <span class='ocrx_word' id='word_1_192' title='bbox 1727 2888 1868 2943; x_wconf 68' lang='lat' dir='ltr'><strong>smpe</strong></span> <span class='ocrx_word' id='word_1_193' title='bbox 1899 2881 1981 2926; x_wconf 80' lang='lat' dir='ltr'><strong>ta-</strong></span> 
     </span>
    </p>
   </div>
   <div class='ocr_carea' id='block_1_29' title="bbox 408 2965 1982 3036">
    <p class='ocr_par' dir='ltr' id='par_1_29' title="bbox 408 2965 1982 3036">
     <span class='ocr_line' id='line_1_29' title="bbox 408 2965 1982 3036; baseline -0.001 -15"><span class='ocrx_word' id='word_1_194' title='bbox 408 2968 617 3036; x_wconf 88' lang='lat' dir='ltr'><strong>petibus</strong></span> <span class='ocrx_word' id='word_1_195' title='bbox 646 2966 1321 3036; x_wconf 83' lang='lat' dir='ltr'><strong>operiebantclcgantibus.</strong></span> <span class='ocrx_word' id='word_1_196' title='bbox 1348 2966 1419 3020; x_wconf 94' lang='lat' dir='ltr'><strong>Ibi</strong></span> <span class='ocrx_word' id='word_1_197' title='bbox 1449 2965 1627 3019; x_wconf 84' lang='lat' dir='ltr'><strong>videre</strong></span> <span class='ocrx_word' id='word_1_198' title='bbox 1648 2974 1762 3020; x_wconf 88' lang='lat' dir='ltr'><strong>erat</strong></span> <span class='ocrx_word' id='word_1_199' title='bbox 1782 2966 1982 3020; x_wconf 86' lang='lat' dir='ltr'><strong>colum-</strong></span> 
     </span>
    </p>
   </div>
   <div class='ocr_carea' id='block_1_30' title="bbox 406 3056 1979 3126">
    <p class='ocr_par' dir='ltr' id='par_1_30' title="bbox 406 3056 1979 3126">
     <span class='ocr_line' id='line_1_30' title="bbox 406 3056 1979 3126; baseline 0.001 -16"><span class='ocrx_word' id='word_1_200' title='bbox 406 3072 499 3111; x_wconf 90' lang='lat' dir='ltr'><strong>nas</strong></span> <span class='ocrx_word' id='word_1_201' title='bbox 519 3072 844 3111; x_wconf 88' lang='lat' dir='ltr'><strong>marmoreas</strong></span> <span class='ocrx_word' id='word_1_202' title='bbox 860 3056 1140 3125; x_wconf 87' lang='lat' dir='ltr'><strong>aliquando</strong></span> <span class='ocrx_word' id='word_1_203' title='bbox 1160 3060 1307 3110; x_wconf 80' lang='lat' dir='ltr'><strong>mira:</strong></span> <span class='ocrx_word' id='word_1_204' title='bbox 1330 3056 1723 3126; x_wconf 81' lang='lat' dir='ltr'><strong>magnitudinis,</strong></span> <span class='ocrx_word' id='word_1_205' title='bbox 1757 3072 1979 3125; x_wconf 85' lang='lat' dir='ltr'><strong>quarum</strong></span> 
     </span>
    </p>
   </div>
   <div class='ocr_carea' id='block_1_31' title="bbox 403 3146 1978 3217">
    <p class='ocr_par' dir='ltr' id='par_1_31' title="bbox 403 3146 1978 3217">
     <span class='ocr_line' id='line_1_31' title="bbox 403 3146 1978 3217; baseline -0.001 -16"><span class='ocrx_word' id='word_1_206' title='bbox 403 3149 648 3217; x_wconf 86' lang='lat' dir='ltr'><strong>eapitella</strong></span> <span class='ocrx_word' id='word_1_207' title='bbox 692 3164 883 3213; x_wconf 87' lang='lat' dir='ltr'><strong>aurea;</strong></span> <span class='ocrx_word' id='word_1_208' title='bbox 930 3149 1037 3202; x_wconf 91' lang='lat' dir='ltr'><strong>imo</strong></span> <span class='ocrx_word' id='word_1_209' title='bbox 1083 3146 1365 3217; x_wconf 87' lang='lat' dir='ltr'><strong>aliquando</strong></span> <span class='ocrx_word' id='word_1_210' title='bbox 1417 3155 1525 3200; x_wconf 91' lang='lat' dir='ltr'><strong>tota</strong></span> <span class='ocrx_word' id='word_1_211' title='bbox 1570 3148 1814 3201; x_wconf 88' lang='lat' dir='ltr'><strong>columna</strong></span> <span class='ocrx_word' id='word_1_212' title='bbox 1862 3156 1978 3200; x_wconf 90' lang='lat' dir='ltr'><strong>erat</strong></span> 
     </span>
    </p>
   </div>
   <div class='ocr_carea' id='block_1_32' title="bbox 404 3237 1976 3309">
    <p class='ocr_par' dir='ltr' id='par_1_32' title="bbox 404 3237 1976 3309">
     <span class='ocr_line' id='line_1_32' title="bbox 404 3237 1976 3309; baseline -0.002 -15"><span class='ocrx_word' id='word_1_213' title='bbox 404 3240 579 3294; x_wconf 87' lang='lat' dir='ltr'><strong>aureis</strong></span> <span class='ocrx_word' id='word_1_214' title='bbox 611 3238 819 3293; x_wconf 89' lang='lat' dir='ltr'><strong>laminis</strong></span> <span class='ocrx_word' id='word_1_215' title='bbox 848 3248 1065 3309; x_wconf 89' lang='lat' dir='ltr'><strong>operta;</strong></span> <span class='ocrx_word' id='word_1_216' title='bbox 1097 3247 1295 3293; x_wconf 89' lang='lat' dir='ltr'><strong>statuas</strong></span> <span class='ocrx_word' id='word_1_217' title='bbox 1331 3252 1541 3307; x_wconf 87' lang='lat' dir='ltr'><strong>quoque</strong></span> <span class='ocrx_word' id='word_1_218' title='bbox 1568 3237 1791 3292; x_wconf 90' lang='lat' dir='ltr'><strong>vidisses</strong></span> <span class='ocrx_word' id='word_1_219' title='bbox 1819 3252 1976 3291; x_wconf 87' lang='lat' dir='ltr'><strong>manu</strong></span> 
     </span>
    </p>
   </div>
   <div class='ocr_carea' id='block_1_33' title="bbox 404 3329 1971 3401">
    <p class='ocr_par' dir='ltr' id='par_1_33' title="bbox 404 3329 1971 3401">
     <span class='ocr_line' id='line_1_33' title="bbox 404 3329 1971 3401; baseline -0.001 -17"><span class='ocrx_word' id='word_1_220' title='bbox 404 3332 747 3401; x_wconf 87' lang='lat' dir='ltr'><strong>insigttiorum</strong></span> <span class='ocrx_word' id='word_1_221' title='bbox 779 3331 920 3385; x_wconf 90' lang='lat' dir='ltr'><strong>illius</strong></span> <span class='ocrx_word' id='word_1_222' title='bbox 945 3331 1042 3385; x_wconf 64' lang='lat' dir='ltr'><strong>{cvi</strong></span> <span class='ocrx_word' id='word_1_223' title='bbox 1072 3330 1332 3383; x_wconf 82' lang='lat' dir='ltr'><strong>artificum</strong></span> <span class='ocrx_word' id='word_1_224' title='bbox 1361 3330 1642 3383; x_wconf 88' lang='lat' dir='ltr'><strong>adornatas</strong></span> <span class='ocrx_word' id='word_1_225' title='bbox 1664 3372 1677 3393; x_wconf 92' lang='lat'><strong>,</strong></span> <span class='ocrx_word' id='word_1_226' title='bbox 1701 3343 1831 3399; x_wconf 89' lang='lat' dir='ltr'><strong>quas</strong></span> <span class='ocrx_word' id='word_1_227' title='bbox 1861 3329 1971 3399; x_wconf 91' lang='lat' dir='ltr'><strong>qui-</strong></span> 
     </span>
    </p>
   </div>
   <div class='ocr_carea' id='block_1_34' title="bbox 401 3422 1977 3492">
    <p class='ocr_par' dir='ltr' id='par_1_34' title="bbox 401 3422 1977 3492">
     <span class='ocr_line' id='line_1_34' title="bbox 401 3422 1977 3492; baseline -0.002 -13"><span class='ocrx_word' id='word_1_228' title='bbox 401 3426 523 3479; x_wconf 89' lang='lat' dir='ltr'><strong>dam</strong></span> <span class='ocrx_word' id='word_1_229' title='bbox 555 3425 724 3491; x_wconf 87' lang='lat' dir='ltr'><strong>idola,</strong></span> <span class='ocrx_word' id='word_1_230' title='bbox 752 3425 841 3478; x_wconf 87' lang='lat' dir='ltr'><strong>alii</strong></span> <span class='ocrx_word' id='word_1_231' title='bbox 873 3425 1146 3477; x_wconf 81' lang='lat' dir='ltr'><strong>da-monas</strong></span> <span class='ocrx_word' id='word_1_232' title='bbox 1175 3423 1527 3492; x_wconf 83' lang='lat' dir='ltr'><strong>appellabant.</strong></span> <span class='ocrx_word' id='word_1_233' title='bbox 1563 3422 1643 3476; x_wconf 82' lang='lat' dir='ltr'><strong>Ad</strong></span> <span class='ocrx_word' id='word_1_234' title='bbox 1685 3422 1797 3476; x_wconf 83' lang='lat' dir='ltr'><strong>lucc</strong></span> <span class='ocrx_word' id='word_1_235' title='bbox 1826 3430 1977 3477; x_wconf 87' lang='lat' dir='ltr'><strong>erant</strong></span> 
     </span>
    </p>
   </div>
   <div class='ocr_carea' id='block_1_35' title="bbox 401 3511 1767 3584">
    <p class='ocr_par' dir='ltr' id='par_1_35' title="bbox 401 3511 1767 3584">
     <span class='ocr_line' id='line_1_35' title="bbox 401 3511 1767 3584; baseline -0.003 -16"><span class='ocrx_word' id='word_1_236' title='bbox 401 3516 640 3569; x_wconf 73' lang='lat' dir='ltr'><strong>Cubicula</strong></span> <span class='ocrx_word' id='word_1_237' title='bbox 672 3515 887 3584; x_wconf 86' lang='lat' dir='ltr'><strong>picturis</strong></span> <span class='ocrx_word' id='word_1_238' title='bbox 912 3524 965 3568; x_wconf 90' lang='lat' dir='ltr'><strong>et</strong></span> <span class='ocrx_word' id='word_1_239' title='bbox 990 3514 1203 3567; x_wconf 78' lang='lat' dir='ltr'><strong>musicis</strong></span> <span class='ocrx_word' id='word_1_240' title='bbox 1228 3512 1476 3582; x_wconf 77' lang='lat' dir='ltr'><strong>operibus</strong></span> <span class='ocrx_word' id='word_1_241' title='bbox 1505 3511 1767 3567; x_wconf 86' lang='lat' dir='ltr'><strong>decorata.</strong></span> 
     </span>
    </p>
   </div>
   <div class='ocr_carea' id='block_1_36' title="bbox 474 3604 1977 3677">
    <p class='ocr_par' dir='ltr' id='par_1_36' title="bbox 474 3604 1977 3677">
     <span class='ocr_line' id='line_1_36' title="bbox 474 3604 1977 3677; baseline -0.002 -15"><span class='ocrx_word' id='word_1_242' title='bbox 474 3608 617 3662; x_wconf 85' lang='lat' dir='ltr'><strong>Lecti</strong></span> <span class='ocrx_word' id='word_1_243' title='bbox 648 3622 855 3677; x_wconf 84' lang='lat' dir='ltr'><strong>quoque</strong></span> <span class='ocrx_word' id='word_1_244' title='bbox 884 3616 939 3660; x_wconf 88' lang='lat' dir='ltr'><strong>ttt</strong></span> <span class='ocrx_word' id='word_1_245' title='bbox 980 3606 1262 3676; x_wconf 90' lang='lat' dir='ltr'><strong>plurimum</strong></span> <span class='ocrx_word' id='word_1_246' title='bbox 1291 3621 1352 3659; x_wconf 82' lang='lat' dir='ltr'><strong>ex</strong></span> <span class='ocrx_word' id='word_1_247' title='bbox 1383 3605 1572 3669; x_wconf 88' lang='lat' dir='ltr'><strong>ebore,</strong></span> <span class='ocrx_word' id='word_1_248' title='bbox 1603 3605 1882 3674; x_wconf 86' lang='lat' dir='ltr'><strong>aliquando</strong></span> <span class='ocrx_word' id='word_1_249' title='bbox 1914 3604 1977 3659; x_wconf 92' lang='lat' dir='ltr'><strong>li-</strong></span> 
     </span>
    </p>
   </div>
   <div class='ocr_carea' id='block_1_37' title="bbox 405 3698 1972 3769">
    <p class='ocr_par' dir='ltr' id='par_1_37' title="bbox 405 3698 1972 3769">
     <span class='ocr_line' id='line_1_37' title="bbox 405 3698 1972 3769; baseline 0.001 -18"><span class='ocrx_word' id='word_1_250' title='bbox 405 3702 522 3769; x_wconf 69' lang='lat' dir='ltr'><strong>gnei</strong></span> <span class='ocrx_word' id='word_1_251' title='bbox 554 3710 606 3754; x_wconf 89' lang='lat' dir='ltr'><strong>et</strong></span> <span class='ocrx_word' id='word_1_252' title='bbox 633 3699 897 3765; x_wconf 86' lang='lat' dir='ltr'><strong>deaurati,</strong></span> <span class='ocrx_word' id='word_1_253' title='bbox 942 3698 1022 3752; x_wconf 80' lang='lat' dir='ltr'><strong>vel</strong></span> <span class='ocrx_word' id='word_1_254' title='bbox 1052 3698 1319 3769; x_wconf 85' lang='lat' dir='ltr'><strong>argenteis</strong></span> <span class='ocrx_word' id='word_1_255' title='bbox 1346 3700 1470 3752; x_wconf 88' lang='lat' dir='ltr'><strong>tecti</strong></span> <span class='ocrx_word' id='word_1_256' title='bbox 1503 3698 1745 3753; x_wconf 89' lang='lat' dir='ltr'><strong>laminis:</strong></span> <span class='ocrx_word' id='word_1_257' title='bbox 1778 3699 1883 3753; x_wconf 92' lang='lat' dir='ltr'><strong>imo</strong></span> <span class='ocrx_word' id='word_1_258' title='bbox 1909 3716 1972 3753; x_wconf 83' lang='lat' dir='ltr'><strong>ex</strong></span> 
     </span>
    </p>
   </div>
   <div class='ocr_carea' id='block_1_38' title="bbox 399 3790 1973 3864">
    <p class='ocr_par' dir='ltr' id='par_1_38' title="bbox 399 3790 1973 3864">
     <span class='ocr_line' id='line_1_38' title="bbox 399 3790 1973 3864; baseline -0.002 -18"><span class='ocrx_word' id='word_1_259' title='bbox 399 3802 620 3864; x_wconf 89' lang='lat' dir='ltr'><strong>argento</strong></span> <span class='ocrx_word' id='word_1_260' title='bbox 648 3808 778 3861; x_wconf 89' lang='lat' dir='ltr'><strong>puro</strong></span> <span class='ocrx_word' id='word_1_261' title='bbox 802 3807 945 3860; x_wconf 69' lang='lat' dir='ltr'><strong>smpe</strong></span> <span class='ocrx_word' id='word_1_262' title='bbox 976 3792 1067 3845; x_wconf 92' lang='lat' dir='ltr'><strong>toti</strong></span> <span class='ocrx_word' id='word_1_263' title='bbox 1097 3790 1431 3857; x_wconf 91' lang='lat' dir='ltr'><strong>constabant,</strong></span> <span class='ocrx_word' id='word_1_264' title='bbox 1460 3792 1742 3860; x_wconf 89' lang='lat' dir='ltr'><strong>multisque</strong></span> <span class='ocrx_word' id='word_1_265' title='bbox 1770 3791 1820 3844; x_wconf 90' lang='lat' dir='ltr'><strong>in</strong></span> <span class='ocrx_word' id='word_1_266' title='bbox 1844 3791 1973 3845; x_wconf 87' lang='lat' dir='ltr'><strong>locis</strong></span> 
     </span>
    </p>
   </div>
   <div class='ocr_carea' id='block_1_39' title="bbox 399 3880 1973 3951">
    <p class='ocr_par' dir='ltr' id='par_1_39' title="bbox 399 3880 1973 3951">
     <span class='ocr_line' id='line_1_39' title="bbox 399 3880 1973 3951; baseline -0.002 -13"><span class='ocrx_word' id='word_1_267' title='bbox 399 3886 629 3939; x_wconf 84' lang='lat' dir='ltr'><strong>micabat</strong></span> <span class='ocrx_word' id='word_1_268' title='bbox 658 3900 865 3936; x_wconf 91' lang='lat' dir='ltr'><strong>aurum.</strong></span> <span class='ocrx_word' id='word_1_269' title='bbox 888 3881 1220 3951; x_wconf 87' lang='lat' dir='ltr'><strong>Opnleutiam</strong></span> <span class='ocrx_word' id='word_1_270' title='bbox 1248 3881 1371 3936; x_wconf 88' lang='lat' dir='ltr'><strong>item</strong></span> <span class='ocrx_word' id='word_1_271' title='bbox 1404 3896 1647 3950; x_wconf 78' lang='lat' dir='ltr'><strong>tttagttam</strong></span> <span class='ocrx_word' id='word_1_272' title='bbox 1674 3897 1779 3950; x_wconf 65' lang='lat' dir='ltr'><strong>prie</strong></span> <span class='ocrx_word' id='word_1_273' title='bbox 1809 3896 1867 3935; x_wconf 91' lang='lat' dir='ltr'><strong>se</strong></span> <span class='ocrx_word' id='word_1_274' title='bbox 1895 3880 1973 3935; x_wconf 87' lang='lat' dir='ltr'><strong>fe-</strong></span> 
     </span>
    </p>
   </div>
   <div class='ocr_carea' id='block_1_40' title="bbox 399 3971 1968 4043">
    <p class='ocr_par' dir='ltr' id='par_1_40' title="bbox 399 3971 1968 4043">
     <span class='ocr_line' id='line_1_40' title="bbox 399 3971 1968 4043; baseline -0.002 -14"><span class='ocrx_word' id='word_1_275' title='bbox 399 3976 549 4030; x_wconf 88' lang='lat' dir='ltr'><strong>rebat</strong></span> <span class='ocrx_word' id='word_1_276' title='bbox 584 3984 687 4028; x_wconf 89' lang='lat' dir='ltr'><strong>tota</strong></span> <span class='ocrx_word' id='word_1_277' title='bbox 716 3974 984 4043; x_wconf 76' lang='lat' dir='ltr'><strong>supellex;</strong></span> <span class='ocrx_word' id='word_1_278' title='bbox 1017 3972 1282 4027; x_wconf 76' lang='lat' dir='ltr'><strong>cathedra:</strong></span> <span class='ocrx_word' id='word_1_279' title='bbox 1321 3987 1530 4041; x_wconf 85' lang='lat' dir='ltr'><strong>quoque</strong></span> <span class='ocrx_word' id='word_1_280' title='bbox 1560 3980 1612 4025; x_wconf 91' lang='lat' dir='ltr'><strong>et</strong></span> <span class='ocrx_word' id='word_1_281' title='bbox 1651 3971 1876 4025; x_wconf 87' lang='lat' dir='ltr'><strong>scabella</strong></span> <span class='ocrx_word' id='word_1_282' title='bbox 1906 3987 1968 4026; x_wconf 75' lang='lat' dir='ltr'><strong>ex</strong></span> 
     </span>
    </p>
   </div>
   <div class='ocr_carea' id='block_1_41' title="bbox 397 4060 1971 4130">
    <p class='ocr_par' dir='ltr' id='par_1_41' title="bbox 397 4060 1971 4130">
     <span class='ocr_line' id='line_1_41' title="bbox 397 4060 1971 4130; baseline -0.001 -13"><span class='ocrx_word' id='word_1_283' title='bbox 397 4066 558 4118; x_wconf 86' lang='lat' dir='ltr'><strong>ebore</strong></span> <span class='ocrx_word' id='word_1_284' title='bbox 586 4072 738 4119; x_wconf 75' lang='lat' dir='ltr'><strong>erant</strong></span> <span class='ocrx_word' id='word_1_285' title='bbox 768 4081 780 4115; x_wconf 88' lang='lat'>:</span> <span class='ocrx_word' id='word_1_286' title='bbox 815 4064 1012 4118; x_wconf 84' lang='lat' dir='ltr'><strong>lebetes</strong></span> <span class='ocrx_word' id='word_1_287' title='bbox 1046 4063 1168 4117; x_wconf 84' lang='lat' dir='ltr'><strong>item</strong></span> <span class='ocrx_word' id='word_1_288' title='bbox 1191 4104 1206 4129; x_wconf 91' lang='lat'><strong>,</strong></span> <span class='ocrx_word' id='word_1_289' title='bbox 1239 4076 1361 4116; x_wconf 84' lang='lat' dir='ltr'><strong>vasa</strong></span> <span class='ocrx_word' id='word_1_290' title='bbox 1383 4102 1397 4125; x_wconf 88' lang='lat'><strong>,</strong></span> <span class='ocrx_word' id='word_1_291' title='bbox 1439 4062 1546 4115; x_wconf 91' lang='lat' dir='ltr'><strong>imo</strong></span> <span class='ocrx_word' id='word_1_292' title='bbox 1592 4060 1719 4130; x_wconf 73' lang='lat' dir='ltr'><strong>ipsa:</strong></span> <span class='ocrx_word' id='word_1_293' title='bbox 1762 4061 1971 4116; x_wconf 72' lang='lat' dir='ltr'><strong>matulm</strong></span> 
     </span>
    </p>
   </div>
   <div class='ocr_carea' id='block_1_42' title="bbox 396 4151 1968 4222">
    <p class='ocr_par' dir='ltr' id='par_1_42' title="bbox 396 4151 1968 4222">
     <span class='ocr_line' id='line_1_42' title="bbox 396 4151 1968 4222; baseline -0.001 -15"><span class='ocrx_word' id='word_1_294' title='bbox 396 4169 460 4207; x_wconf 84' lang='lat' dir='ltr'><strong>ex</strong></span> <span class='ocrx_word' id='word_1_295' title='bbox 489 4168 619 4205; x_wconf 91' lang='lat' dir='ltr'><strong>auro</strong></span> <span class='ocrx_word' id='word_1_296' title='bbox 650 4154 728 4206; x_wconf 90' lang='lat' dir='ltr'><strong>vel</strong></span> <span class='ocrx_word' id='word_1_297' title='bbox 756 4161 975 4222; x_wconf 87' lang='lat' dir='ltr'><strong>argento</strong></span> <span class='ocrx_word' id='word_1_298' title='bbox 1001 4153 1263 4206; x_wconf 73' lang='lat' dir='ltr'><strong>conflatm.</strong></span> <span class='ocrx_word' id='word_1_299' title='bbox 1298 4152 1437 4206; x_wconf 85' lang='lat' dir='ltr'><strong>Inter</strong></span> <span class='ocrx_word' id='word_1_300' title='bbox 1464 4151 1579 4207; x_wconf 75' lang='lat' dir='ltr'><strong>lucc</strong></span> <span class='ocrx_word' id='word_1_301' title='bbox 1607 4165 1730 4205; x_wconf 86' lang='lat' dir='ltr'><strong>vasa</strong></span> <span class='ocrx_word' id='word_1_302' title='bbox 1771 4163 1825 4207; x_wconf 87' lang='lat' dir='ltr'><strong>et</strong></span> <span class='ocrx_word' id='word_1_303' title='bbox 1865 4152 1968 4206; x_wconf 88' lang='lat' dir='ltr'><strong>alia</strong></span> 
     </span>
    </p>
   </div>
   <div class='ocr_carea' id='block_1_43' title="bbox 396 4241 1969 4311">
    <p class='ocr_par' dir='ltr' id='par_1_43' title="bbox 396 4241 1969 4311">
     <span class='ocr_line' id='line_1_43' title="bbox 396 4241 1969 4311; baseline 0.001 -16"><span class='ocrx_word' id='word_1_304' title='bbox 396 4250 706 4296; x_wconf 88' lang='lat' dir='ltr'><strong>ornamenta</strong></span> <span class='ocrx_word' id='word_1_305' title='bbox 739 4242 790 4294; x_wconf 91' lang='lat' dir='ltr'><strong>in</strong></span> <span class='ocrx_word' id='word_1_306' title='bbox 820 4242 989 4311; x_wconf 89' lang='lat' dir='ltr'><strong>pretio</strong></span> <span class='ocrx_word' id='word_1_307' title='bbox 1039 4249 1194 4296; x_wconf 87' lang='lat' dir='ltr'><strong>erant</strong></span> <span class='ocrx_word' id='word_1_308' title='bbox 1233 4241 1490 4296; x_wconf 84' lang='lat' dir='ltr'><strong>Laconica</strong></span> <span class='ocrx_word' id='word_1_309' title='bbox 1518 4242 1778 4295; x_wconf 82' lang='lat' dir='ltr'><strong>velamina</strong></span> <span class='ocrx_word' id='word_1_310' title='bbox 1803 4283 1818 4307; x_wconf 93' lang='lat'><strong>,</strong></span> <span class='ocrx_word' id='word_1_311' title='bbox 1850 4258 1969 4311; x_wconf 73' lang='lat' dir='ltr'><strong>qua:</strong></span> 
     </span>
    </p>
   </div>
   <div class='ocr_carea' id='block_1_44' title="bbox 393 4332 1965 4403">
    <p class='ocr_par' dir='ltr' id='par_1_44' title="bbox 393 4332 1965 4403">
     <span class='ocr_line' id='line_1_44' title="bbox 393 4332 1965 4403; baseline 0.001 -15"><span class='ocrx_word' id='word_1_312' title='bbox 393 4334 522 4388; x_wconf 90' lang='lat' dir='ltr'><strong>dicit</strong></span> <span class='ocrx_word' id='word_1_313' title='bbox 564 4332 975 4403; x_wconf 87' lang='lat' dir='ltr'><strong>Chrysostotnus</strong></span> <span class='ocrx_word' id='word_1_314' title='bbox 1025 4332 1076 4386; x_wconf 92' lang='lat' dir='ltr'><strong>in</strong></span> <span class='ocrx_word' id='word_1_315' title='bbox 1127 4332 1394 4401; x_wconf 89' lang='lat' dir='ltr'><strong>peuuariis</strong></span> <span class='ocrx_word' id='word_1_316' title='bbox 1445 4341 1711 4387; x_wconf 89' lang='lat' dir='ltr'><strong>asservata</strong></span> <span class='ocrx_word' id='word_1_317' title='bbox 1765 4332 1965 4400; x_wconf 89' lang='lat' dir='ltr'><strong>fuisse,</strong></span> 
     </span>
    </p>
   </div>
   <div class='ocr_carea' id='block_1_45' title="bbox 395 4423 1966 4495">
    <p class='ocr_par' dir='ltr' id='par_1_45' title="bbox 395 4423 1966 4495">
     <span class='ocr_line' id='line_1_45' title="bbox 395 4423 1966 4495; baseline 0 -15"><span class='ocrx_word' id='word_1_318' title='bbox 395 4426 690 4495; x_wconf 85' lang='lat' dir='ltr'><strong>eductaque</strong></span> <span class='ocrx_word' id='word_1_319' title='bbox 733 4423 957 4479; x_wconf 84' lang='lat' dir='ltr'><strong>fortasse</strong></span> <span class='ocrx_word' id='word_1_320' title='bbox 1002 4425 1053 4479; x_wconf 91' lang='lat' dir='ltr'><strong>in</strong></span> <span class='ocrx_word' id='word_1_321' title='bbox 1105 4424 1362 4479; x_wconf 75' lang='lat' dir='ltr'><strong>conviviis</strong></span> <span class='ocrx_word' id='word_1_322' title='bbox 1415 4433 1469 4481; x_wconf 90' lang='lat' dir='ltr'><strong>et</strong></span> <span class='ocrx_word' id='word_1_323' title='bbox 1520 4425 1637 4480; x_wconf 90' lang='lat' dir='ltr'><strong>aliis</strong></span> <span class='ocrx_word' id='word_1_324' title='bbox 1685 4425 1966 4480; x_wconf 85' lang='lat' dir='ltr'><strong>celebrita-</strong></span> 
     </span>
    </p>
   </div>
   <div class='ocr_carea' id='block_1_46' title="bbox 394 4518 551 4572">
    <p class='ocr_par' dir='ltr' id='par_1_46' title="bbox 394 4518 551 4572">
     <span class='ocr_line' id='line_1_46' title="bbox 394 4518 551 4572; baseline -0.006 -2"><span class='ocrx_word' id='word_1_325' title='bbox 394 4518 551 4572; x_wconf 88' lang='lat' dir='ltr'><strong>tibus.</strong></span> 
     </span>
    </p>
   </div>
   <div class='ocr_carea' id='block_1_47' title="bbox 464 4606 1962 4680">
    <p class='ocr_par' dir='ltr' id='par_1_47' title="bbox 464 4606 1962 4680">
     <span class='ocr_line' id='line_1_47' title="bbox 464 4606 1962 4680; baseline 0 -18"><span class='ocrx_word' id='word_1_326' title='bbox 464 4608 520 4662; x_wconf 91' lang='lat' dir='ltr'><strong>ln</strong></span> <span class='ocrx_word' id='word_1_327' title='bbox 549 4616 749 4663; x_wconf 88' lang='lat' dir='ltr'><strong>tantum</strong></span> <span class='ocrx_word' id='word_1_328' title='bbox 782 4608 960 4662; x_wconf 82' lang='lat' dir='ltr'><strong>luxum</strong></span> <span class='ocrx_word' id='word_1_329' title='bbox 992 4618 1043 4663; x_wconf 90' lang='lat' dir='ltr'><strong>et</strong></span> <span class='ocrx_word' id='word_1_330' title='bbox 1074 4607 1261 4661; x_wconf 87' lang='lat' dir='ltr'><strong>fastum</strong></span> <span class='ocrx_word' id='word_1_331' title='bbox 1304 4606 1604 4662; x_wconf 87' lang='lat' dir='ltr'><strong>declamans</strong></span> <span class='ocrx_word' id='word_1_332' title='bbox 1641 4607 1962 4680; x_wconf 85' lang='lat' dir='ltr'><strong>Chrysosto-</strong></span> 
     </span>
    </p>
   </div>
   <div class='ocr_carea' id='block_1_48' title="bbox 392 4699 1965 4769">
    <p class='ocr_par' dir='ltr' id='par_1_48' title="bbox 392 4699 1965 4769">
     <span class='ocr_line' id='line_1_48' title="bbox 392 4699 1965 4769; baseline 0.001 -17"><span class='ocrx_word' id='word_1_333' title='bbox 392 4714 544 4763; x_wconf 90' lang='lat' dir='ltr'><strong>mus,</strong></span> <span class='ocrx_word' id='word_1_334' title='bbox 575 4700 739 4754; x_wconf 90' lang='lat' dir='ltr'><strong>refert</strong></span> <span class='ocrx_word' id='word_1_335' title='bbox 779 4699 972 4755; x_wconf 89' lang='lat' dir='ltr'><strong>alicubi</strong></span> <span class='ocrx_word' id='word_1_336' title='bbox 1015 4699 1291 4755; x_wconf 85' lang='lat' dir='ltr'><strong>historiam</strong></span> <span class='ocrx_word' id='word_1_337' title='bbox 1320 4700 1602 4769; x_wconf 85' lang='lat' dir='ltr'><strong>Aristippi,</strong></span> <span class='ocrx_word' id='word_1_338' title='bbox 1646 4710 1701 4754; x_wconf 93' lang='lat' dir='ltr'><strong>ut</strong></span> <span class='ocrx_word' id='word_1_339' title='bbox 1742 4700 1965 4755; x_wconf 86' lang='lat' dir='ltr'><strong>habetur</strong></span> 
     </span>
    </p>
   </div>
   <div class='ocr_carea' id='block_1_49' title="bbox 391 4789 1959 4860">
    <p class='ocr_par' dir='ltr' id='par_1_49' title="bbox 391 4789 1959 4860">
     <span class='ocr_line' id='line_1_49' title="bbox 391 4789 1959 4860; baseline 0 -17"><span class='ocrx_word' id='word_1_340' title='bbox 391 4789 529 4859; x_wconf 86' lang='lat' dir='ltr'><strong>apud</strong></span> <span class='ocrx_word' id='word_1_341' title='bbox 554 4789 839 4859; x_wconf 83' lang='lat' dir='ltr'><strong>Diogenem</strong></span> <span class='ocrx_word' id='word_1_342' title='bbox 865 4790 1132 4845; x_wconf 84' lang='lat' dir='ltr'><strong>Laertittm</strong></span> <span class='ocrx_word' id='word_1_343' title='bbox 1157 4808 1172 4855; x_wconf 87' lang='lat'><strong>;</strong></span> <span class='ocrx_word' id='word_1_344' title='bbox 1201 4790 1294 4845; x_wconf 91' lang='lat' dir='ltr'><strong>sed</strong></span> <span class='ocrx_word' id='word_1_345' title='bbox 1324 4791 1481 4846; x_wconf 90' lang='lat' dir='ltr'><strong>tacito</strong></span> <span class='ocrx_word' id='word_1_346' title='bbox 1523 4791 1687 4860; x_wconf 89' lang='lat' dir='ltr'><strong>ipsius</strong></span> <span class='ocrx_word' id='word_1_347' title='bbox 1727 4791 1959 4845; x_wconf 89' lang='lat' dir='ltr'><strong>nomine.</strong></span> 
     </span>
    </p>
   </div>
   <div class='ocr_carea' id='block_1_50' title="bbox 393 4879 1962 4954">
    <p class='ocr_par' dir='ltr' id='par_1_50' title="bbox 393 4879 1962 4954">
     <span class='ocr_line' id='line_1_50' title="bbox 393 4879 1962 4954; baseline 0.003 -20"><span class='ocrx_word' id='word_1_348' title='bbox 393 4879 671 4947; x_wconf 86' lang='lat' dir='ltr'><strong>Narratur,</strong></span> <span class='ocrx_word' id='word_1_349' title='bbox 703 4882 889 4950; x_wconf 90' lang='lat' dir='ltr'><strong>inquit,</strong></span> <span class='ocrx_word' id='word_1_350' title='bbox 916 4884 1198 4954; x_wconf 88' lang='lat' dir='ltr'><strong>quempiam</strong></span> <span class='ocrx_word' id='word_1_351' title='bbox 1226 4884 1278 4937; x_wconf 91' lang='lat' dir='ltr'><strong>in</strong></span> <span class='ocrx_word' id='word_1_352' title='bbox 1306 4884 1509 4938; x_wconf 86' lang='lat' dir='ltr'><strong>domum</strong></span> <span class='ocrx_word' id='word_1_353' title='bbox 1540 4884 1857 4953; x_wconf 87' lang='lat' dir='ltr'><strong>splendidam</strong></span> <span class='ocrx_word' id='word_1_354' title='bbox 1877 4899 1962 4938; x_wconf 83' lang='lat' dir='ltr'><strong>ve-</strong></span> 
     </span>
    </p>
   </div>
   <div class='ocr_carea' id='block_1_51' title="bbox 390 4973 1964 5047">
    <p class='ocr_par' dir='ltr' id='par_1_51' title="bbox 390 4973 1964 5047">
     <span class='ocr_line' id='line_1_51' title="bbox 390 4973 1964 5047; baseline 0.002 -21"><span class='ocrx_word' id='word_1_355' title='bbox 390 4976 522 5029; x_wconf 87' lang='lat' dir='ltr'><strong>nisse</strong></span> <span class='ocrx_word' id='word_1_356' title='bbox 559 4973 832 5045; x_wconf 79' lang='lat' dir='ltr'><strong>fulgentem</strong></span> <span class='ocrx_word' id='word_1_357' title='bbox 862 4975 1190 5029; x_wconf 88' lang='lat' dir='ltr'><strong>marmoribus</strong></span> <span class='ocrx_word' id='word_1_358' title='bbox 1217 4985 1263 5029; x_wconf 84' lang='lat' dir='ltr'><strong>et</strong></span> <span class='ocrx_word' id='word_1_359' title='bbox 1293 4977 1643 5029; x_wconf 88' lang='lat' dir='ltr'><strong>columnarum</strong></span> <span class='ocrx_word' id='word_1_360' title='bbox 1680 4977 1964 5047; x_wconf 82' lang='lat' dir='ltr'><strong>pulchritu-</strong></span> 
     </span>
    </p>
   </div>
   <div class='ocr_carea' id='block_1_52' title="bbox 389 5065 1963 5136">
    <p class='ocr_par' dir='ltr' id='par_1_52' title="bbox 389 5065 1963 5136">
     <span class='ocr_line' id='line_1_52' title="bbox 389 5065 1963 5136; baseline 0.004 -20"><span class='ocrx_word' id='word_1_361' title='bbox 389 5065 537 5128; x_wconf 82' lang='lat' dir='ltr'><strong>dine;</strong></span> <span class='ocrx_word' id='word_1_362' title='bbox 580 5080 693 5117; x_wconf 88' lang='lat' dir='ltr'><strong>cum</strong></span> <span class='ocrx_word' id='word_1_363' title='bbox 731 5073 896 5118; x_wconf 79' lang='lat' dir='ltr'><strong>autent</strong></span> <span class='ocrx_word' id='word_1_364' title='bbox 935 5067 1269 5134; x_wconf 85' lang='lat' dir='ltr'><strong>pavimentum</strong></span> <span class='ocrx_word' id='word_1_365' title='bbox 1296 5068 1445 5119; x_wconf 88' lang='lat' dir='ltr'><strong>etiam</strong></span> <span class='ocrx_word' id='word_1_366' title='bbox 1490 5068 1689 5121; x_wconf 79' lang='lat' dir='ltr'><strong>vidisset</strong></span> <span class='ocrx_word' id='word_1_367' title='bbox 1719 5067 1963 5136; x_wconf 84' lang='lat' dir='ltr'><strong>tapetibus</strong></span> 
     </span>
    </p>
   </div>
   <div class='ocr_carea' id='block_1_53' title="bbox 386 5156 1960 5227">
    <p class='ocr_par' dir='ltr' id='par_1_53' title="bbox 386 5156 1960 5227">
     <span class='ocr_line' id='line_1_53' title="bbox 386 5156 1960 5227; baseline 0.001 -17"><span class='ocrx_word' id='word_1_368' title='bbox 386 5168 630 5222; x_wconf 87' lang='lat' dir='ltr'><strong>stratunt,</strong></span> <span class='ocrx_word' id='word_1_369' title='bbox 673 5156 725 5211; x_wconf 89' lang='lat' dir='ltr'><strong>in</strong></span> <span class='ocrx_word' id='word_1_370' title='bbox 768 5158 947 5227; x_wconf 80' lang='lat' dir='ltr'><strong>facient</strong></span> <span class='ocrx_word' id='word_1_371' title='bbox 974 5158 1161 5211; x_wconf 84' lang='lat' dir='ltr'><strong>domini</strong></span> <span class='ocrx_word' id='word_1_372' title='bbox 1186 5157 1374 5211; x_wconf 69' lang='lat' dir='ltr'><strong>aedium</strong></span> <span class='ocrx_word' id='word_1_373' title='bbox 1407 5159 1655 5227; x_wconf 82' lang='lat' dir='ltr'><strong>conspuit.</strong></span> <span class='ocrx_word' id='word_1_374' title='bbox 1690 5157 1960 5227; x_wconf 84' lang='lat' dir='ltr'><strong>lmprope-</strong></span> 
     </span>
    </p>
   </div>
   <div class='ocr_carea' id='block_1_54' title="bbox 387 5250 1961 5320">
    <p class='ocr_par' dir='ltr' id='par_1_54' title="bbox 387 5250 1961 5320">
     <span class='ocr_line' id='line_1_54' title="bbox 387 5250 1961 5320; baseline 0.001 -18"><span class='ocrx_word' id='word_1_375' title='bbox 387 5259 529 5303; x_wconf 85' lang='lat' dir='ltr'><strong>rante</strong></span> <span class='ocrx_word' id='word_1_376' title='bbox 557 5259 718 5303; x_wconf 87' lang='lat' dir='ltr'><strong>autem</strong></span> <span class='ocrx_word' id='word_1_377' title='bbox 749 5250 859 5316; x_wconf 92' lang='lat' dir='ltr'><strong>illo,</strong></span> <span class='ocrx_word' id='word_1_378' title='bbox 887 5250 1203 5320; x_wconf 85' lang='lat' dir='ltr'><strong>respondisse</strong></span> <span class='ocrx_word' id='word_1_379' title='bbox 1228 5265 1246 5303; x_wconf 91' lang='lat'><strong><em>:</em></strong></span> <span class='ocrx_word' id='word_1_380' title='bbox 1271 5250 1388 5319; x_wconf 87' lang='lat' dir='ltr'><strong>quia</strong></span> <span class='ocrx_word' id='word_1_381' title='bbox 1415 5250 1467 5303; x_wconf 89' lang='lat' dir='ltr'><strong>in</strong></span> <span class='ocrx_word' id='word_1_382' title='bbox 1493 5252 1633 5303; x_wconf 87' lang='lat' dir='ltr'><strong>nulla</strong></span> <span class='ocrx_word' id='word_1_383' title='bbox 1659 5250 1761 5302; x_wconf 89' lang='lat' dir='ltr'><strong>alia</strong></span> <span class='ocrx_word' id='word_1_384' title='bbox 1781 5250 1961 5303; x_wconf 80' lang='lat' dir='ltr'><strong>domus</strong></span> 
     </span>
    </p>
   </div>
   <div class='ocr_carea' id='block_1_55' title="bbox 388 5339 1959 5410">
    <p class='ocr_par' dir='ltr' id='par_1_55' title="bbox 388 5339 1959 5410">
     <span class='ocr_line' id='line_1_55' title="bbox 388 5339 1959 5410; baseline 0.001 -18"><span class='ocrx_word' id='word_1_385' title='bbox 388 5350 529 5409; x_wconf 85' lang='lat' dir='ltr'><strong>parte</strong></span> <span class='ocrx_word' id='word_1_386' title='bbox 565 5341 617 5393; x_wconf 89' lang='lat' dir='ltr'><strong>id</strong></span> <span class='ocrx_word' id='word_1_387' title='bbox 646 5342 810 5408; x_wconf 74' lang='lat' dir='ltr'><strong>facere</strong></span> <span class='ocrx_word' id='word_1_388' title='bbox 840 5342 1017 5395; x_wconf 80' lang='lat' dir='ltr'><strong>licebat</strong></span> <span class='ocrx_word' id='word_1_389' title='bbox 1037 5382 1051 5407; x_wconf 90' lang='lat'><strong>,</strong></span> <span class='ocrx_word' id='word_1_390' title='bbox 1082 5350 1307 5395; x_wconf 87' lang='lat' dir='ltr'><strong>coactum</strong></span> <span class='ocrx_word' id='word_1_391' title='bbox 1347 5356 1400 5393; x_wconf 85' lang='lat' dir='ltr'><strong>se</strong></span> <span class='ocrx_word' id='word_1_392' title='bbox 1438 5339 1593 5408; x_wconf 73' lang='lat' dir='ltr'><strong>fuisse</strong></span> <span class='ocrx_word' id='word_1_393' title='bbox 1619 5340 1776 5393; x_wconf 82' lang='lat' dir='ltr'><strong>vultui</strong></span> <span class='ocrx_word' id='word_1_394' title='bbox 1802 5340 1959 5410; x_wconf 87' lang='lat' dir='ltr'><strong>ipsius</strong></span> 
     </span>
    </p>
   </div>
   <div class='ocr_carea' id='block_1_56' title="bbox 388 5431 1128 5500">
    <p class='ocr_par' dir='ltr' id='par_1_56' title="bbox 388 5431 1128 5500">
     <span class='ocr_line' id='line_1_56' title="bbox 388 5431 1128 5500; baseline 0.001 -19"><span class='ocrx_word' id='word_1_395' title='bbox 388 5431 516 5481; x_wconf 80' lang='lat' dir='ltr'><strong>hanc</strong></span> <span class='ocrx_word' id='word_1_396' title='bbox 544 5433 894 5486; x_wconf 87' lang='lat' dir='ltr'><strong>contumeliam</strong></span> <span class='ocrx_word' id='word_1_397' title='bbox 924 5432 1128 5500; x_wconf 72' lang='lat' dir='ltr'><strong>inferre.</strong></span> 
     </span>
    </p>
   </div>
   <div class='ocr_carea' id='block_1_57' title="bbox 465 5517 1958 5590">
    <p class='ocr_par' dir='ltr' id='par_1_57' title="bbox 465 5517 1958 5590">
     <span class='ocr_line' id='line_1_57' title="bbox 465 5517 1958 5590; baseline 0.002 -20"><span class='ocrx_word' id='word_1_398' title='bbox 465 5519 554 5572; x_wconf 88' lang='lat' dir='ltr'><strong>llis</strong></span> <span class='ocrx_word' id='word_1_399' title='bbox 584 5534 710 5573; x_wconf 87' lang='lat' dir='ltr'><strong>vero</strong></span> <span class='ocrx_word' id='word_1_400' title='bbox 739 5520 1032 5590; x_wconf 80' lang='lat' dir='ltr'><strong>magnificis</strong></span> <span class='ocrx_word' id='word_1_401' title='bbox 1057 5520 1426 5589; x_wconf 88' lang='lat' dir='ltr'><strong>opulentorum</strong></span> <span class='ocrx_word' id='word_1_402' title='bbox 1456 5517 1725 5571; x_wconf 83' lang='lat' dir='ltr'><strong>hominum</strong></span> <span class='ocrx_word' id='word_1_403' title='bbox 1754 5519 1958 5573; x_wconf 82' lang='lat' dir='ltr'><strong>:edibus</strong></span> 
     </span>
    </p>
   </div>
   <div class='ocr_carea' id='block_1_58' title="bbox 387 5609 1954 5680">
    <p class='ocr_par' dir='ltr' id='par_1_58' title="bbox 387 5609 1954 5680">
     <span class='ocr_line' id='line_1_58' title="bbox 387 5609 1954 5680; baseline 0.002 -18"><span class='ocrx_word' id='word_1_404' title='bbox 387 5610 647 5677; x_wconf 74' lang='lat' dir='ltr'><strong>adjuncta:</strong></span> <span class='ocrx_word' id='word_1_405' title='bbox 675 5620 825 5663; x_wconf 86' lang='lat' dir='ltr'><strong>erant</strong></span> <span class='ocrx_word' id='word_1_406' title='bbox 857 5613 971 5664; x_wconf 71' lang='lat' dir='ltr'><strong>lane</strong></span> <span class='ocrx_word' id='word_1_407' title='bbox 1000 5612 1232 5680; x_wconf 90' lang='lat' dir='ltr'><strong>porticus</strong></span> <span class='ocrx_word' id='word_1_408' title='bbox 1254 5650 1268 5677; x_wconf 90' lang='lat'><strong>,</strong></span> <span class='ocrx_word' id='word_1_409' title='bbox 1300 5609 1638 5680; x_wconf 80' lang='lat' dir='ltr'><strong>aqtueductus</strong></span> <span class='ocrx_word' id='word_1_410' title='bbox 1661 5618 1715 5664; x_wconf 90' lang='lat' dir='ltr'><strong>et</strong></span> <span class='ocrx_word' id='word_1_411' title='bbox 1742 5609 1914 5665; x_wconf 89' lang='lat' dir='ltr'><strong>fontes</strong></span> <span class='ocrx_word' id='word_1_412' title='bbox 1940 5650 1954 5675; x_wconf 89' lang='lat'><strong>,</strong></span> 
     </span>
    </p>
   </div>
   <div class='ocr_carea' id='block_1_59' title="bbox 388 5698 1341 5755">
    <p class='ocr_par' dir='ltr' id='par_1_59' title="bbox 388 5698 1341 5755">
     <span class='ocr_line' id='line_1_59' title="bbox 388 5698 1341 5755; baseline 0.004 -6"><span class='ocrx_word' id='word_1_413' title='bbox 388 5698 688 5755; x_wconf 81' lang='lat' dir='ltr'><strong>suburbana</strong></span> <span class='ocrx_word' id='word_1_414' title='bbox 719 5698 903 5752; x_wconf 85' lang='lat' dir='ltr'><strong>balnea</strong></span> <span class='ocrx_word' id='word_1_415' title='bbox 933 5710 987 5753; x_wconf 91' lang='lat' dir='ltr'><strong>et</strong></span> <span class='ocrx_word' id='word_1_416' title='bbox 1016 5701 1341 5755; x_wconf 83' lang='lat' dir='ltr'><strong>antbulacra.</strong></span> 
     </span>
    </p>
   </div>
   <div class='ocr_carea' id='block_1_60' title="bbox 458 5788 1951 5859">
    <p class='ocr_par' dir='ltr' id='par_1_60' title="bbox 458 5788 1951 5859">
     <span class='ocr_line' id='line_1_60' title="bbox 458 5788 1951 5859; baseline 0.001 -15"><span class='ocrx_word' id='word_1_417' title='bbox 458 5789 634 5859; x_wconf 78' lang='lat' dir='ltr'><strong>Lange</strong></span> <span class='ocrx_word' id='word_1_418' title='bbox 678 5789 824 5855; x_wconf 91' lang='lat' dir='ltr'><strong>plura</strong></span> <span class='ocrx_word' id='word_1_419' title='bbox 875 5788 1035 5844; x_wconf 89' lang='lat' dir='ltr'><strong>refert</strong></span> <span class='ocrx_word' id='word_1_420' title='bbox 1085 5792 1150 5846; x_wconf 91' lang='lat' dir='ltr'><strong>de</strong></span> <span class='ocrx_word' id='word_1_421' title='bbox 1194 5792 1555 5847; x_wconf 75' lang='lat' dir='ltr'><strong>conviviorum</strong></span> <span class='ocrx_word' id='word_1_422' title='bbox 1587 5800 1639 5847; x_wconf 80' lang='lat' dir='ltr'><strong>et</strong></span> <span class='ocrx_word' id='word_1_423' title='bbox 1681 5807 1951 5847; x_wconf 76' lang='lat' dir='ltr'><strong>cmnarttm</strong></span> 
     </span>
    </p>
   </div>
   <div class='ocr_carea' id='block_1_61' title="bbox 2111 509 3675 588">
    <p class='ocr_par' dir='ltr' id='par_1_61' title="bbox 2111 509 3675 588">
     <span class='ocr_line' id='line_1_61' title="bbox 2111 509 3675 588; baseline 0.007 -27"><span class='ocrx_word' id='word_1_424' title='bbox 2111 509 2426 578; x_wconf 89' lang='lat' dir='ltr'><strong>sumptibus.</strong></span> <span class='ocrx_word' id='word_1_425' title='bbox 2442 510 2636 566; x_wconf 73' lang='lat' dir='ltr'><strong>Mensa:</strong></span> <span class='ocrx_word' id='word_1_426' title='bbox 2654 512 2875 568; x_wconf 88' lang='lat' dir='ltr'><strong>formam</strong></span> <span class='ocrx_word' id='word_1_427' title='bbox 2896 521 3264 584; x_wconf 88' lang='lat' dir='ltr'><strong>etapparatum</strong></span> <span class='ocrx_word' id='word_1_428' title='bbox 3286 514 3545 588; x_wconf 84' lang='lat' dir='ltr'><strong>depingit:</strong></span> <span class='ocrx_word' id='word_1_429' title='bbox 3560 526 3675 572; x_wconf 81' lang='lat' dir='ltr'><strong>erat</strong></span> 
     </span>
    </p>
   </div>
   <div class='ocr_carea' id='block_1_62' title="bbox 2107 597 3670 675">
    <p class='ocr_par' dir='ltr' id='par_1_62' title="bbox 2107 597 3670 675">
     <span class='ocr_line' id='line_1_62' title="bbox 2107 597 3670 675; baseline 0.007 -24"><span class='ocrx_word' id='word_1_430' title='bbox 2107 597 2194 652; x_wconf 89' lang='lat' dir='ltr'><strong>illa</strong></span> <span class='ocrx_word' id='word_1_431' title='bbox 2225 600 2306 655; x_wconf 89' lang='lat' dir='ltr'><strong>vel</strong></span> <span class='ocrx_word' id='word_1_432' title='bbox 2337 615 2467 656; x_wconf 90' lang='lat' dir='ltr'><strong>auro</strong></span> <span class='ocrx_word' id='word_1_433' title='bbox 2493 602 2721 673; x_wconf 82' lang='lat' dir='ltr'><strong>fulgens,</strong></span> <span class='ocrx_word' id='word_1_434' title='bbox 2752 605 2835 659; x_wconf 89' lang='lat' dir='ltr'><strong>vel</strong></span> <span class='ocrx_word' id='word_1_435' title='bbox 2862 613 3084 675; x_wconf 87' lang='lat' dir='ltr'><strong>argento</strong></span> <span class='ocrx_word' id='word_1_436' title='bbox 3113 606 3477 669; x_wconf 84' lang='lat' dir='ltr'><strong>circumtecta,</strong></span> <span class='ocrx_word' id='word_1_437' title='bbox 3508 607 3670 662; x_wconf 88' lang='lat' dir='ltr'><strong>semi-</strong></span> 
     </span>
    </p>
   </div>
   <div class='ocr_carea' id='block_1_63' title="bbox 2104 688 3667 765">
    <p class='ocr_par' dir='ltr' id='par_1_63' title="bbox 2104 688 3667 765">
     <span class='ocr_line' id='line_1_63' title="bbox 2104 688 3667 765; baseline 0.006 -23"><span class='ocrx_word' id='word_1_438' title='bbox 2104 688 2408 755; x_wconf 89' lang='lat' dir='ltr'><strong>circularis,</strong></span> <span class='ocrx_word' id='word_1_439' title='bbox 2442 700 2499 745; x_wconf 91' lang='lat' dir='ltr'><strong>ut</strong></span> <span class='ocrx_word' id='word_1_440' title='bbox 2537 693 2624 746; x_wconf 89' lang='lat' dir='ltr'><strong>illa</strong></span> <span class='ocrx_word' id='word_1_441' title='bbox 2663 708 2821 763; x_wconf 89' lang='lat' dir='ltr'><strong>quam</strong></span> <span class='ocrx_word' id='word_1_442' title='bbox 2864 696 3025 765; x_wconf 88' lang='lat' dir='ltr'><strong>sigma</strong></span> <span class='ocrx_word' id='word_1_443' title='bbox 3066 704 3223 750; x_wconf 85' lang='lat' dir='ltr'><strong>vocat</strong></span> <span class='ocrx_word' id='word_1_444' title='bbox 3268 695 3560 761; x_wconf 79' lang='lat' dir='ltr'><strong>Martialis,</strong></span> <span class='ocrx_word' id='word_1_445' title='bbox 3603 694 3667 751; x_wconf 82' lang='lat' dir='ltr'><strong>ad</strong></span> 
     </span>
    </p>
   </div>
   <div class='ocr_carea' id='block_1_64' title="bbox 2105 777 3665 856">
    <p class='ocr_par' dir='ltr' id='par_1_64' title="bbox 2105 777 3665 856">
     <span class='ocr_line' id='line_1_64' title="bbox 2105 777 3665 856; baseline 0.007 -25"><span class='ocrx_word' id='word_1_446' title='bbox 2105 777 2327 833; x_wconf 88' lang='lat' dir='ltr'><strong>formam</strong></span> <span class='ocrx_word' id='word_1_447' title='bbox 2355 796 2545 851; x_wconf 89' lang='lat' dir='ltr'><strong>nempe</strong></span> <span class='ocrx_word' id='word_1_448' title='bbox 2571 782 2734 837; x_wconf 68' lang='lat' dir='ltr'><strong>litera.-</strong></span> <span class='ocrx_word' id='word_1_449' title='bbox 2759 784 2818 847; x_wconf 90' lang='lat' dir='ltr'><strong>C,</strong></span> <span class='ocrx_word' id='word_1_450' title='bbox 2841 800 2960 854; x_wconf 73' lang='lat' dir='ltr'><strong>qua:</strong></span> <span class='ocrx_word' id='word_1_451' title='bbox 2988 794 3110 840; x_wconf 91' lang='lat' dir='ltr'><strong>tunc</strong></span> <span class='ocrx_word' id='word_1_452' title='bbox 3133 788 3294 856; x_wconf 87' lang='lat' dir='ltr'><strong>sigma</strong></span> <span class='ocrx_word' id='word_1_453' title='bbox 3316 787 3665 856; x_wconf 80' lang='lat' dir='ltr'><strong>exprimebat,</strong></span> 
     </span>
    </p>
   </div>
   <div class='ocr_carea' id='block_1_65' title="bbox 2103 870 3669 946">
    <p class='ocr_par' dir='ltr' id='par_1_65' title="bbox 2103 870 3669 946">
     <span class='ocr_line' id='line_1_65' title="bbox 2103 870 3669 946; baseline 0.006 -24"><span class='ocrx_word' id='word_1_454' title='bbox 2103 870 2414 924; x_wconf 88' lang='lat' dir='ltr'><strong>concinnata</strong></span> <span class='ocrx_word' id='word_1_455' title='bbox 2440 871 2458 942; x_wconf 93' lang='lat'><strong>(</strong></span> <span class='ocrx_word' id='word_1_456' title='bbox 2483 871 2637 927; x_wconf 88' lang='lat' dir='ltr'><strong>Tomo</strong></span> <span class='ocrx_word' id='word_1_457' title='bbox 2666 875 2990 946; x_wconf 86' lang='lat' dir='ltr'><strong>undecima).</strong></span> <span class='ocrx_word' id='word_1_458' title='bbox 3022 875 3098 930; x_wconf 83' lang='lat' dir='ltr'><strong>Ea</strong></span> <span class='ocrx_word' id='word_1_459' title='bbox 3140 892 3266 932; x_wconf 90' lang='lat' dir='ltr'><strong>vero</strong></span> <span class='ocrx_word' id='word_1_460' title='bbox 3310 885 3467 931; x_wconf 70' lang='lat' dir='ltr'><strong>tanta:</strong></span> <span class='ocrx_word' id='word_1_461' title='bbox 3514 879 3669 933; x_wconf 88' lang='lat' dir='ltr'><strong>molis</strong></span> 
     </span>
    </p>
   </div>
   <div class='ocr_carea' id='block_1_66' title="bbox 2102 961 3667 1038">
    <p class='ocr_par' dir='ltr' id='par_1_66' title="bbox 2102 961 3667 1038">
     <span class='ocr_line' id='line_1_66' title="bbox 2102 961 3667 1038; baseline 0.007 -26"><span class='ocrx_word' id='word_1_462' title='bbox 2102 969 2236 1024; x_wconf 87' lang='lat' dir='ltr'><strong>erat,</strong></span> <span class='ocrx_word' id='word_1_463' title='bbox 2259 969 2318 1014; x_wconf 90' lang='lat' dir='ltr'><strong>ut</strong></span> <span class='ocrx_word' id='word_1_464' title='bbox 2344 961 2429 1015; x_wconf 86' lang='lat' dir='ltr'><strong>vix</strong></span> <span class='ocrx_word' id='word_1_465' title='bbox 2455 961 2561 1017; x_wconf 90' lang='lat' dir='ltr'><strong>duo</strong></span> <span class='ocrx_word' id='word_1_466' title='bbox 2581 962 2942 1020; x_wconf 88' lang='lat' dir='ltr'><strong>adolescentes</strong></span> <span class='ocrx_word' id='word_1_467' title='bbox 2972 965 3140 1035; x_wconf 85' lang='lat' dir='ltr'><strong>ipsam</strong></span> <span class='ocrx_word' id='word_1_468' title='bbox 3167 982 3383 1022; x_wconf 89' lang='lat' dir='ltr'><strong>movere</strong></span> <span class='ocrx_word' id='word_1_469' title='bbox 3408 980 3627 1038; x_wconf 86' lang='lat' dir='ltr'><strong>possent</strong></span> <span class='ocrx_word' id='word_1_470' title='bbox 3654 988 3667 1023; x_wconf 94' lang='lat'><strong>:</strong></span> 
     </span>
    </p>
   </div>
   <div class='ocr_carea' id='block_1_67' title="bbox 2103 1051 3670 1125">
    <p class='ocr_par' dir='ltr' id='par_1_67' title="bbox 2103 1051 3670 1125">
     <span class='ocr_line' id='line_1_67' title="bbox 2103 1051 3670 1125; baseline 0.006 -21"><span class='ocrx_word' id='word_1_471' title='bbox 2103 1051 2249 1105; x_wconf 91' lang='lat' dir='ltr'><strong>molli</strong></span> <span class='ocrx_word' id='word_1_472' title='bbox 2278 1054 2511 1124; x_wconf 89' lang='lat' dir='ltr'><strong>stragula</strong></span> <span class='ocrx_word' id='word_1_473' title='bbox 2541 1055 2768 1125; x_wconf 81' lang='lat' dir='ltr'><strong>undique</strong></span> <span class='ocrx_word' id='word_1_474' title='bbox 2797 1056 3151 1123; x_wconf 88' lang='lat' dir='ltr'><strong>sternebatur,</strong></span> <span class='ocrx_word' id='word_1_475' title='bbox 3188 1067 3247 1112; x_wconf 92' lang='lat' dir='ltr'><strong>ut</strong></span> <span class='ocrx_word' id='word_1_476' title='bbox 3286 1058 3357 1113; x_wconf 90' lang='lat' dir='ltr'><strong>ibi</strong></span> <span class='ocrx_word' id='word_1_477' title='bbox 3390 1059 3670 1114; x_wconf 90' lang='lat' dir='ltr'><strong>commode</strong></span> 
     </span>
    </p>
   </div>
   <div class='ocr_carea' id='block_1_68' title="bbox 2101 1141 3668 1205">
    <p class='ocr_par' dir='ltr' id='par_1_68' title="bbox 2101 1141 3668 1205">
     <span class='ocr_line' id='line_1_68' title="bbox 2101 1141 3668 1205; baseline 0.006 -12"><span class='ocrx_word' id='word_1_478' title='bbox 2101 1141 2340 1197; x_wconf 79' lang='lat' dir='ltr'><strong>conviva:</strong></span> <span class='ocrx_word' id='word_1_479' title='bbox 2380 1145 2772 1201; x_wconf 87' lang='lat' dir='ltr'><strong>accumberent.</strong></span> <span class='ocrx_word' id='word_1_480' title='bbox 2808 1146 2945 1201; x_wconf 80' lang='lat' dir='ltr'><strong>Vasa</strong></span> <span class='ocrx_word' id='word_1_481' title='bbox 2985 1148 3164 1202; x_wconf 87' lang='lat' dir='ltr'><strong>omnia</strong></span> <span class='ocrx_word' id='word_1_482' title='bbox 3206 1163 3272 1203; x_wconf 84' lang='lat' dir='ltr'><strong>ex</strong></span> <span class='ocrx_word' id='word_1_483' title='bbox 3310 1164 3441 1204; x_wconf 88' lang='lat' dir='ltr'><strong>auro</strong></span> <span class='ocrx_word' id='word_1_484' title='bbox 3476 1150 3556 1205; x_wconf 85' lang='lat' dir='ltr'><strong>vel</strong></span> <span class='ocrx_word' id='word_1_485' title='bbox 3581 1166 3668 1203; x_wconf 88' lang='lat' dir='ltr'><strong>ar-</strong></span> 
     </span>
    </p>
   </div>
   <div class='ocr_carea' id='block_1_69' title="bbox 2100 1233 3664 1311">
    <p class='ocr_par' dir='ltr' id='par_1_69' title="bbox 2100 1233 3664 1311">
     <span class='ocr_line' id='line_1_69' title="bbox 2100 1233 3664 1311; baseline 0.007 -27"><span class='ocrx_word' id='word_1_486' title='bbox 2100 1242 2259 1300; x_wconf 88' lang='lat' dir='ltr'><strong>gento</strong></span> <span class='ocrx_word' id='word_1_487' title='bbox 2287 1250 2300 1286; x_wconf 92' lang='lat'>:</span> <span class='ocrx_word' id='word_1_488' title='bbox 2331 1233 2507 1311; x_wconf 88' lang='lat' dir='ltr'><strong>phiala</strong></span> <span class='ocrx_word' id='word_1_489' title='bbox 2532 1251 2633 1290; x_wconf 89' lang='lat' dir='ltr'><strong>una</strong></span> <span class='ocrx_word' id='word_1_490' title='bbox 2662 1244 2777 1291; x_wconf 90' lang='lat' dir='ltr'><strong>erat</strong></span> <span class='ocrx_word' id='word_1_491' title='bbox 2812 1252 2970 1292; x_wconf 87' lang='lat' dir='ltr'><strong>aurea</strong></span> <span class='ocrx_word' id='word_1_492' title='bbox 3006 1239 3184 1305; x_wconf 92' lang='lat' dir='ltr'><strong>pondo</strong></span> <span class='ocrx_word' id='word_1_493' title='bbox 3220 1239 3422 1294; x_wconf 90' lang='lat' dir='ltr'><strong>dimidii</strong></span> <span class='ocrx_word' id='word_1_494' title='bbox 3452 1241 3664 1309; x_wconf 86' lang='lat' dir='ltr'><strong>talenti,</strong></span> 
     </span>
    </p>
   </div>
   <div class='ocr_carea' id='block_1_70' title="bbox 2100 1324 3667 1402">
    <p class='ocr_par' dir='ltr' id='par_1_70' title="bbox 2100 1324 3667 1402">
     <span class='ocr_line' id='line_1_70' title="bbox 2100 1324 3667 1402; baseline 0.007 -26"><span class='ocrx_word' id='word_1_495' title='bbox 2100 1337 2259 1390; x_wconf 88' lang='lat' dir='ltr'><strong>quam</strong></span> <span class='ocrx_word' id='word_1_496' title='bbox 2303 1324 2388 1379; x_wconf 89' lang='lat' dir='ltr'><strong>vix</strong></span> <span class='ocrx_word' id='word_1_497' title='bbox 2437 1326 2540 1380; x_wconf 93' lang='lat' dir='ltr'><strong>duo</strong></span> <span class='ocrx_word' id='word_1_498' title='bbox 2577 1326 2799 1396; x_wconf 82' lang='lat' dir='ltr'><strong>juvenes</strong></span> <span class='ocrx_word' id='word_1_499' title='bbox 2845 1343 3062 1384; x_wconf 90' lang='lat' dir='ltr'><strong>movere</strong></span> <span class='ocrx_word' id='word_1_500' title='bbox 3108 1340 3363 1399; x_wconf 87' lang='lat' dir='ltr'><strong>possent:</strong></span> <span class='ocrx_word' id='word_1_501' title='bbox 3395 1331 3667 1402; x_wconf 72' lang='lat' dir='ltr'><strong>amphoras</strong></span> 
     </span>
    </p>
   </div>
   <div class='ocr_carea' id='block_1_71' title="bbox 2100 1417 3594 1492">
    <p class='ocr_par' dir='ltr' id='par_1_71' title="bbox 2100 1417 3594 1492">
     <span class='ocr_line' id='line_1_71' title="bbox 2100 1417 3594 1492; baseline 0.006 -25"><span class='ocrx_word' id='word_1_502' title='bbox 2100 1422 2277 1469; x_wconf 88' lang='lat' dir='ltr'><strong>autem</strong></span> <span class='ocrx_word' id='word_1_503' title='bbox 2307 1431 2437 1472; x_wconf 88' lang='lat' dir='ltr'><strong>auro</strong></span> <span class='ocrx_word' id='word_1_504' title='bbox 2472 1417 2816 1487; x_wconf 87' lang='lat' dir='ltr'><strong>splendentes</strong></span> <span class='ocrx_word' id='word_1_505' title='bbox 2838 1420 3023 1476; x_wconf 86' lang='lat' dir='ltr'><strong>ordine</strong></span> <span class='ocrx_word' id='word_1_506' title='bbox 3058 1422 3171 1475; x_wconf 75' lang='lat' dir='ltr'><strong>siue</strong></span> <span class='ocrx_word' id='word_1_507' title='bbox 3196 1421 3594 1492; x_wconf 87' lang='lat' dir='ltr'><strong>comparebant.</strong></span> 
     </span>
    </p>
   </div>
   <div class='ocr_carea' id='block_1_72' title="bbox 2172 1505 3666 1577">
    <p class='ocr_par' dir='ltr' id='par_1_72' title="bbox 2172 1505 3666 1577">
     <span class='ocr_line' id='line_1_72' title="bbox 2172 1505 3666 1577; baseline 0.007 -19"><span class='ocrx_word' id='word_1_508' title='bbox 2172 1505 2407 1560; x_wconf 87' lang='lat' dir='ltr'><strong>Aderant</strong></span> <span class='ocrx_word' id='word_1_509' title='bbox 2428 1523 2637 1577; x_wconf 85' lang='lat' dir='ltr'><strong>quoque</strong></span> <span class='ocrx_word' id='word_1_510' title='bbox 2665 1509 2891 1564; x_wconf 89' lang='lat' dir='ltr'><strong>ministri</strong></span> <span class='ocrx_word' id='word_1_511' title='bbox 2916 1552 2929 1574; x_wconf 92' lang='lat'><strong>,</strong></span> <span class='ocrx_word' id='word_1_512' title='bbox 2962 1526 3065 1565; x_wconf 91' lang='lat' dir='ltr'><strong>non</strong></span> <span class='ocrx_word' id='word_1_513' title='bbox 3099 1511 3273 1566; x_wconf 86' lang='lat' dir='ltr'><strong>minus</strong></span> <span class='ocrx_word' id='word_1_514' title='bbox 3302 1512 3475 1568; x_wconf 91' lang='lat' dir='ltr'><strong>ornati</strong></span> <span class='ocrx_word' id='word_1_515' title='bbox 3503 1515 3666 1568; x_wconf 84' lang='lat' dir='ltr'><strong>vcsti-</strong></span> 
     </span>
    </p>
   </div>
   <div class='ocr_carea' id='block_1_73' title="bbox 2098 1595 3665 1675">
    <p class='ocr_par' dir='ltr' id='par_1_73' title="bbox 2098 1595 3665 1675">
     <span class='ocr_line' id='line_1_73' title="bbox 2098 1595 3665 1675; baseline 0.005 -24"><span class='ocrx_word' id='word_1_516' title='bbox 2098 1595 2196 1652; x_wconf 85' lang='lat' dir='ltr'><strong>bus</strong></span> <span class='ocrx_word' id='word_1_517' title='bbox 2239 1607 2296 1653; x_wconf 90' lang='lat' dir='ltr'><strong>et</strong></span> <span class='ocrx_word' id='word_1_518' title='bbox 2339 1600 2613 1669; x_wconf 87' lang='lat' dir='ltr'><strong>splendide</strong></span> <span class='ocrx_word' id='word_1_519' title='bbox 2653 1603 2859 1664; x_wconf 84' lang='lat' dir='ltr'><strong>amicti,</strong></span> <span class='ocrx_word' id='word_1_520' title='bbox 2898 1603 3239 1674; x_wconf 84' lang='lat' dir='ltr'><strong>anaxyridas.</strong></span> <span class='ocrx_word' id='word_1_521' title='bbox 3280 1620 3410 1675; x_wconf 89' lang='lat' dir='ltr'><strong>quas</strong></span> <span class='ocrx_word' id='word_1_522' title='bbox 3451 1605 3665 1661; x_wconf 88' lang='lat' dir='ltr'><strong>braccas</strong></span> 
     </span>
    </p>
   </div>
   <div class='ocr_carea' id='block_1_74' title="bbox 2100 1690 3665 1765">
    <p class='ocr_par' dir='ltr' id='par_1_74' title="bbox 2100 1690 3665 1765">
     <span class='ocr_line' id='line_1_74' title="bbox 2100 1690 3665 1765; baseline 0.006 -25"><span class='ocrx_word' id='word_1_523' title='bbox 2100 1698 2328 1753; x_wconf 85' lang='lat' dir='ltr'><strong>vocant,</strong></span> <span class='ocrx_word' id='word_1_524' title='bbox 2361 1690 2504 1744; x_wconf 85' lang='lat' dir='ltr'><strong>laxas</strong></span> <span class='ocrx_word' id='word_1_525' title='bbox 2532 1692 2786 1748; x_wconf 80' lang='lat' dir='ltr'><strong>habentes</strong></span> <span class='ocrx_word' id='word_1_526' title='bbox 2808 1733 2822 1757; x_wconf 92' lang='lat'><strong>,</strong></span> <span class='ocrx_word' id='word_1_527' title='bbox 2850 1695 2957 1748; x_wconf 86' lang='lat' dir='ltr'><strong>visu</strong></span> <span class='ocrx_word' id='word_1_528' title='bbox 2987 1694 3185 1762; x_wconf 79' lang='lat' dir='ltr'><strong>pulchri</strong></span> <span class='ocrx_word' id='word_1_529' title='bbox 3205 1737 3219 1761; x_wconf 92' lang='lat'><strong>,</strong></span> <span class='ocrx_word' id='word_1_530' title='bbox 3260 1695 3313 1749; x_wconf 89' lang='lat' dir='ltr'><strong>in</strong></span> <span class='ocrx_word' id='word_1_531' title='bbox 3356 1695 3464 1765; x_wconf 91' lang='lat' dir='ltr'><strong>ipso</strong></span> <span class='ocrx_word' id='word_1_532' title='bbox 3503 1699 3665 1750; x_wconf 73' lang='lat' dir='ltr'><strong>(etatis</strong></span> 
     </span>
    </p>
   </div>
   <div class='ocr_carea' id='block_1_75' title="bbox 2097 1779 3660 1848">
    <p class='ocr_par' dir='ltr' id='par_1_75' title="bbox 2097 1779 3660 1848">
     <span class='ocr_line' id='line_1_75' title="bbox 2097 1779 3660 1848; baseline 0.005 -16"><span class='ocrx_word' id='word_1_533' title='bbox 2097 1779 2223 1847; x_wconf 77' lang='lat' dir='ltr'><strong>ﬂore</strong></span> <span class='ocrx_word' id='word_1_534' title='bbox 2247 1780 2576 1848; x_wconf 74' lang='lat' dir='ltr'><strong>luxuriantes,</strong></span> <span class='ocrx_word' id='word_1_535' title='bbox 2608 1783 2727 1838; x_wconf 83' lang='lat' dir='ltr'><strong>bene</strong></span> <span class='ocrx_word' id='word_1_536' title='bbox 2756 1795 2931 1837; x_wconf 85' lang='lat' dir='ltr'><strong>curata</strong></span> <span class='ocrx_word' id='word_1_537' title='bbox 2958 1795 3069 1839; x_wconf 88' lang='lat' dir='ltr'><strong>cute</strong></span> <span class='ocrx_word' id='word_1_538' title='bbox 3097 1794 3140 1839; x_wconf 84' lang='lat' dir='ltr'><strong>et</strong></span> <span class='ocrx_word' id='word_1_539' title='bbox 3167 1786 3309 1840; x_wconf 69' lang='lat' dir='ltr'><strong>bona:</strong></span> <span class='ocrx_word' id='word_1_540' title='bbox 3332 1787 3660 1842; x_wconf 83' lang='lat' dir='ltr'><strong>hubitudinis.</strong></span> 
     </span>
    </p>
   </div>
   <div class='ocr_carea' id='block_1_76' title="bbox 2097 1870 3664 1946">
    <p class='ocr_par' dir='ltr' id='par_1_76' title="bbox 2097 1870 3664 1946">
     <span class='ocr_line' id='line_1_76' title="bbox 2097 1870 3664 1946; baseline 0.005 -21"><span class='ocrx_word' id='word_1_541' title='bbox 2097 1870 2193 1927; x_wconf 88' lang='lat' dir='ltr'><strong>llic</strong></span> <span class='ocrx_word' id='word_1_542' title='bbox 2217 1871 2439 1927; x_wconf 88' lang='lat' dir='ltr'><strong>vidisses</strong></span> <span class='ocrx_word' id='word_1_543' title='bbox 2468 1874 2626 1928; x_wconf 91' lang='lat' dir='ltr'><strong>etiam</strong></span> <span class='ocrx_word' id='word_1_544' title='bbox 2658 1877 2979 1931; x_wconf 89' lang='lat' dir='ltr'><strong>musicorum</strong></span> <span class='ocrx_word' id='word_1_545' title='bbox 3012 1879 3214 1933; x_wconf 90' lang='lat' dir='ltr'><strong>turbam</strong></span> <span class='ocrx_word' id='word_1_546' title='bbox 3234 1921 3249 1945; x_wconf 91' lang='lat'><strong>,</strong></span> <span class='ocrx_word' id='word_1_547' title='bbox 3284 1879 3469 1946; x_wconf 88' lang='lat' dir='ltr'><strong>tibias,</strong></span> <span class='ocrx_word' id='word_1_548' title='bbox 3497 1881 3664 1935; x_wconf 71' lang='lat' dir='ltr'><strong>citha~</strong></span> 
     </span>
    </p>
   </div>
   <div class='ocr_carea' id='block_1_77' title="bbox 2096 1965 3662 2040">
    <p class='ocr_par' dir='ltr' id='par_1_77' title="bbox 2096 1965 3662 2040">
     <span class='ocr_line' id='line_1_77' title="bbox 2096 1965 3662 2040; baseline 0.007 -23"><span class='ocrx_word' id='word_1_549' title='bbox 2096 1977 2183 2017; x_wconf 90' lang='lat' dir='ltr'><strong>ras</strong></span> <span class='ocrx_word' id='word_1_550' title='bbox 2210 1973 2265 2019; x_wconf 90' lang='lat' dir='ltr'><strong>et</strong></span> <span class='ocrx_word' id='word_1_551' title='bbox 2290 1965 2510 2031; x_wconf 87' lang='lat' dir='ltr'><strong>fistulas,</strong></span> <span class='ocrx_word' id='word_1_552' title='bbox 2551 1982 2649 2022; x_wconf 92' lang='lat' dir='ltr'><strong>nec</strong></span> <span class='ocrx_word' id='word_1_553' title='bbox 2681 1967 2899 2024; x_wconf 89' lang='lat' dir='ltr'><strong>deerant</strong></span> <span class='ocrx_word' id='word_1_554' title='bbox 2938 1981 3197 2040; x_wconf 84' lang='lat' dir='ltr'><strong>unguenta</strong></span> <span class='ocrx_word' id='word_1_555' title='bbox 3233 1983 3284 2026; x_wconf 90' lang='lat' dir='ltr'><strong>et</strong></span> <span class='ocrx_word' id='word_1_556' title='bbox 3318 1983 3552 2027; x_wconf 84' lang='lat' dir='ltr'><strong>aromata</strong></span> <span class='ocrx_word' id='word_1_557' title='bbox 3583 1974 3662 2029; x_wconf 89' lang='lat' dir='ltr'><strong>lu-</strong></span> 
     </span>
    </p>
   </div>
   <div class='ocr_carea' id='block_1_78' title="bbox 2096 2051 2777 2118">
    <p class='ocr_par' dir='ltr' id='par_1_78' title="bbox 2096 2051 2777 2118">
     <span class='ocr_line' id='line_1_78' title="bbox 2096 2051 2777 2118; baseline 0.007 -12"><span class='ocrx_word' id='word_1_558' title='bbox 2096 2051 2233 2118; x_wconf 90' lang='lat' dir='ltr'><strong>dica,</strong></span> <span class='ocrx_word' id='word_1_559' title='bbox 2266 2054 2511 2118; x_wconf 85' lang='lat' dir='ltr'><strong>Arabica,</strong></span> <span class='ocrx_word' id='word_1_560' title='bbox 2545 2056 2777 2112; x_wconf 82' lang='lat' dir='ltr'><strong>Persica.</strong></span> 
     </span>
    </p>
   </div>
   <div class='ocr_carea' id='block_1_79' title="bbox 2165 2143 3661 2216">
    <p class='ocr_par' dir='ltr' id='par_1_79' title="bbox 2165 2143 3661 2216">
     <span class='ocr_line' id='line_1_79' title="bbox 2165 2143 3661 2216; baseline 0.007 -17"><span class='ocrx_word' id='word_1_561' title='bbox 2165 2143 2581 2215; x_wconf 78' lang='lat' dir='ltr'><strong>Apponebantur</strong></span> <span class='ocrx_word' id='word_1_562' title='bbox 2608 2147 2902 2203; x_wconf 90' lang='lat' dir='ltr'><strong>eduliorum</strong></span> <span class='ocrx_word' id='word_1_563' title='bbox 2931 2150 3229 2216; x_wconf 85' lang='lat' dir='ltr'><strong>varietates,</strong></span> <span class='ocrx_word' id='word_1_564' title='bbox 3264 2152 3502 2208; x_wconf 89' lang='lat' dir='ltr'><strong>ciborum</strong></span> <span class='ocrx_word' id='word_1_565' title='bbox 3530 2155 3661 2211; x_wconf 88' lang='lat' dir='ltr'><strong>deli-</strong></span> 
     </span>
    </p>
   </div>
   <div class='ocr_carea' id='block_1_80' title="bbox 2094 2234 3656 2312">
    <p class='ocr_par' dir='ltr' id='par_1_80' title="bbox 2094 2234 3656 2312">
     <span class='ocr_line' id='line_1_80' title="bbox 2094 2234 3656 2312; baseline 0.006 -26"><span class='ocrx_word' id='word_1_566' title='bbox 2094 2234 2189 2287; x_wconf 78' lang='lat' dir='ltr'><strong>cia:</strong></span> <span class='ocrx_word' id='word_1_567' title='bbox 2218 2252 2231 2289; x_wconf 94' lang='lat'>:</span> <span class='ocrx_word' id='word_1_568' title='bbox 2258 2234 2324 2289; x_wconf 91' lang='lat' dir='ltr'><strong>de</strong></span> <span class='ocrx_word' id='word_1_569' title='bbox 2349 2244 2603 2305; x_wconf 85' lang='lat' dir='ltr'><strong>apparatu</strong></span> <span class='ocrx_word' id='word_1_570' title='bbox 2630 2235 2948 2292; x_wconf 85' lang='lat' dir='ltr'><strong>ferculorum</strong></span> <span class='ocrx_word' id='word_1_571' title='bbox 2974 2240 3211 2310; x_wconf 72' lang='lat' dir='ltr'><strong>quaedam</strong></span> <span class='ocrx_word' id='word_1_572' title='bbox 3238 2239 3370 2296; x_wconf 78' lang='lat' dir='ltr'><strong>dixit</strong></span> <span class='ocrx_word' id='word_1_573' title='bbox 3394 2258 3497 2297; x_wconf 88' lang='lat' dir='ltr'><strong>non</strong></span> <span class='ocrx_word' id='word_1_574' title='bbox 3520 2258 3656 2312; x_wconf 82' lang='lat' dir='ltr'><strong>pra:-</strong></span> 
     </span>
    </p>
   </div>
   <div class='ocr_carea' id='block_1_81' title="bbox 2095 2327 3657 2403">
    <p class='ocr_par' dir='ltr' id='par_1_81' title="bbox 2095 2327 3657 2403">
     <span class='ocr_line' id='line_1_81' title="bbox 2095 2327 3657 2403; baseline 0.007 -24"><span class='ocrx_word' id='word_1_575' title='bbox 2095 2327 2450 2382; x_wconf 89' lang='lat' dir='ltr'><strong>termittenda.</strong></span> <span class='ocrx_word' id='word_1_576' title='bbox 2503 2329 2579 2384; x_wconf 87' lang='lat' dir='ltr'><strong>De</strong></span> <span class='ocrx_word' id='word_1_577' title='bbox 2626 2329 3028 2399; x_wconf 86' lang='lat' dir='ltr'><strong>pulmentariis,</strong></span> <span class='ocrx_word' id='word_1_578' title='bbox 3082 2335 3302 2403; x_wconf 91' lang='lat' dir='ltr'><strong>coquis,</strong></span> <span class='ocrx_word' id='word_1_579' title='bbox 3356 2351 3657 2400; x_wconf 72' lang='lat' dir='ltr'><strong>mensarum</strong></span> 
     </span>
    </p>
   </div>
   <div class='ocr_carea' id='block_1_82' title="bbox 2092 2419 3654 2494">
    <p class='ocr_par' dir='ltr' id='par_1_82' title="bbox 2092 2419 3654 2494">
     <span class='ocr_line' id='line_1_82' title="bbox 2092 2419 3654 2494; baseline 0.004 -21"><span class='ocrx_word' id='word_1_580' title='bbox 2092 2419 2460 2485; x_wconf 86' lang='lat' dir='ltr'><strong>structoribus,</strong></span> <span class='ocrx_word' id='word_1_581' title='bbox 2487 2421 2851 2491; x_wconf 88' lang='lat' dir='ltr'><strong>placentarum</strong></span> <span class='ocrx_word' id='word_1_582' title='bbox 2886 2424 3210 2488; x_wconf 89' lang='lat' dir='ltr'><strong>artificibus,</strong></span> <span class='ocrx_word' id='word_1_583' title='bbox 3243 2425 3508 2494; x_wconf 90' lang='lat' dir='ltr'><strong>phasianis</strong></span> <span class='ocrx_word' id='word_1_584' title='bbox 3548 2430 3654 2480; x_wconf 88' lang='lat' dir='ltr'><strong>avi-</strong></span> 
     </span>
    </p>
   </div>
   <div class='ocr_carea' id='block_1_83' title="bbox 2092 2510 3657 2590">
    <p class='ocr_par' dir='ltr' id='par_1_83' title="bbox 2092 2510 3657 2590">
     <span class='ocr_line' id='line_1_83' title="bbox 2092 2510 3657 2590; baseline 0.006 -27"><span class='ocrx_word' id='word_1_585' title='bbox 2092 2510 2191 2564; x_wconf 86' lang='lat' dir='ltr'><strong>bus</strong></span> <span class='ocrx_word' id='word_1_586' title='bbox 2230 2512 2504 2582; x_wconf 89' lang='lat' dir='ltr'><strong>loquutus,</strong></span> <span class='ocrx_word' id='word_1_587' title='bbox 2535 2514 2647 2569; x_wconf 69' lang='lat' dir='ltr'><strong>btee</strong></span> <span class='ocrx_word' id='word_1_588' title='bbox 2683 2514 2830 2570; x_wconf 77' lang='lat' dir='ltr'><strong>addit</strong></span> <span class='ocrx_word' id='word_1_589' title='bbox 2858 2532 2871 2569; x_wconf 84' lang='grc'>;</span> <span class='ocrx_word' id='word_1_590' title='bbox 2906 2516 3063 2583; x_wconf 80' lang='lat' dir='ltr'><strong>Quasi</strong></span> <span class='ocrx_word' id='word_1_591' title='bbox 3090 2519 3443 2587; x_wconf 81' lang='lat' dir='ltr'><strong>rempublicam</strong></span> <span class='ocrx_word' id='word_1_592' title='bbox 3476 2520 3657 2590; x_wconf 83' lang='lat' dir='ltr'><strong>guber-</strong></span> 
     </span>
    </p>
   </div>
   <div class='ocr_carea' id='block_1_84' title="bbox 2090 2606 3655 2682">
    <p class='ocr_par' dir='ltr' id='par_1_84' title="bbox 2090 2606 3655 2682">
     <span class='ocr_line' id='line_1_84' title="bbox 2090 2606 3655 2682; baseline 0.007 -27"><span class='ocrx_word' id='word_1_593' title='bbox 2090 2615 2262 2658; x_wconf 82' lang='lat' dir='ltr'><strong>nantes</strong></span> <span class='ocrx_word' id='word_1_594' title='bbox 2288 2615 2333 2658; x_wconf 92' lang='lat' dir='ltr'><strong>et</strong></span> <span class='ocrx_word' id='word_1_595' title='bbox 2362 2606 2518 2659; x_wconf 87' lang='lat' dir='ltr'><strong>aciem</strong></span> <span class='ocrx_word' id='word_1_596' title='bbox 2547 2606 2843 2662; x_wconf 86' lang='lat' dir='ltr'><strong>instruentes</strong></span> <span class='ocrx_word' id='word_1_597' title='bbox 2867 2651 2881 2675; x_wconf 91' lang='lat'><strong>,</strong></span> <span class='ocrx_word' id='word_1_598' title='bbox 2920 2610 2990 2664; x_wconf 90' lang='lat' dir='ltr'><strong>sic</strong></span> <span class='ocrx_word' id='word_1_599' title='bbox 3023 2619 3068 2663; x_wconf 87' lang='lat' dir='ltr'><strong>et</strong></span> <span class='ocrx_word' id='word_1_600' title='bbox 3096 2611 3178 2665; x_wconf 89' lang='lat' dir='ltr'><strong>isti</strong></span> <span class='ocrx_word' id='word_1_601' title='bbox 3213 2612 3304 2665; x_wconf 86' lang='lat' dir='ltr'><strong>hoc</strong></span> <span class='ocrx_word' id='word_1_602' title='bbox 3340 2622 3387 2664; x_wconf 89' lang='lat' dir='ltr'><strong>et</strong></span> <span class='ocrx_word' id='word_1_603' title='bbox 3431 2614 3521 2665; x_wconf 80' lang='lat' dir='ltr'><strong>hoc</strong></span> <span class='ocrx_word' id='word_1_604' title='bbox 3549 2615 3655 2682; x_wconf 89' lang='lat' dir='ltr'><strong>pri-</strong></span> 
     </span>
    </p>
   </div>
   <div class='ocr_carea' id='block_1_85' title="bbox 2090 2696 3656 2774">
    <p class='ocr_par' dir='ltr' id='par_1_85' title="bbox 2090 2696 3656 2774">
     <span class='ocr_line' id='line_1_85' title="bbox 2090 2696 3656 2774; baseline 0.006 -27"><span class='ocrx_word' id='word_1_605' title='bbox 2090 2711 2246 2759; x_wconf 88' lang='lat' dir='ltr'><strong>mnm,</strong></span> <span class='ocrx_word' id='word_1_606' title='bbox 2278 2696 2371 2749; x_wconf 84' lang='lat' dir='ltr'><strong>hoc</strong></span> <span class='ocrx_word' id='word_1_607' title='bbox 2396 2706 2443 2751; x_wconf 86' lang='lat' dir='ltr'><strong>et</strong></span> <span class='ocrx_word' id='word_1_608' title='bbox 2470 2698 2562 2752; x_wconf 90' lang='lat' dir='ltr'><strong>Itoc</strong></span> <span class='ocrx_word' id='word_1_609' title='bbox 2591 2700 2864 2753; x_wconf 79' lang='lat' dir='ltr'><strong>seetmdum</strong></span> <span class='ocrx_word' id='word_1_610' title='bbox 2896 2704 3202 2756; x_wconf 87' lang='lat' dir='ltr'><strong>constituunt</strong></span> <span class='ocrx_word' id='word_1_611' title='bbox 3225 2719 3242 2756; x_wconf 90' lang='lat'><strong><em>:</em></strong></span> <span class='ocrx_word' id='word_1_612' title='bbox 3263 2713 3308 2771; x_wconf 68' lang='lat' dir='ltr'><strong>et</strong></span> <span class='ocrx_word' id='word_1_613' title='bbox 3338 2704 3425 2757; x_wconf 84' lang='lat' dir='ltr'><strong>alii</strong></span> <span class='ocrx_word' id='word_1_614' title='bbox 3456 2705 3656 2774; x_wconf 83' lang='lat' dir='ltr'><strong>quidem</strong></span> 
     </span>
    </p>
   </div>
   <div class='ocr_carea' id='block_1_86' title="bbox 2088 2788 3655 2864">
    <p class='ocr_par' dir='ltr' id='par_1_86' title="bbox 2088 2788 3655 2864">
     <span class='ocr_line' id='line_1_86' title="bbox 2088 2788 3655 2864; baseline 0.006 -26"><span class='ocrx_word' id='word_1_615' title='bbox 2088 2788 2303 2855; x_wconf 83' lang='lat' dir='ltr'><strong>primunt</strong></span> <span class='ocrx_word' id='word_1_616' title='bbox 2330 2806 2443 2843; x_wconf 84' lang='lat' dir='ltr'><strong>ares</strong></span> <span class='ocrx_word' id='word_1_617' title='bbox 2477 2806 2632 2860; x_wconf 81' lang='lat' dir='ltr'><strong>supra</strong></span> <span class='ocrx_word' id='word_1_618' title='bbox 2672 2791 2909 2845; x_wconf 85' lang='lat' dir='ltr'><strong>carbones</strong></span> <span class='ocrx_word' id='word_1_619' title='bbox 2939 2809 3080 2846; x_wconf 82' lang='lat' dir='ltr'><strong>assos</strong></span> <span class='ocrx_word' id='word_1_620' title='bbox 3101 2834 3114 2855; x_wconf 89' lang='lat'><strong>,</strong></span> <span class='ocrx_word' id='word_1_621' title='bbox 3145 2794 3456 2863; x_wconf 79' lang='lat' dir='ltr'><strong>piscibusque</strong></span> <span class='ocrx_word' id='word_1_622' title='bbox 3494 2798 3655 2864; x_wconf 77' lang='lat' dir='ltr'><strong>{artas</strong></span> 
     </span>
    </p>
   </div>
   <div class='ocr_carea' id='block_1_87' title="bbox 2085 2877 3650 2943">
    <p class='ocr_par' dir='ltr' id='par_1_87' title="bbox 2085 2877 3650 2943">
     <span class='ocr_line' id='line_1_87' title="bbox 2085 2877 3650 2943; baseline 0.004 -12"><span class='ocrx_word' id='word_1_623' title='bbox 2085 2877 2333 2943; x_wconf 73' lang='lat' dir='ltr'><strong>o/ferunt;</strong></span> <span class='ocrx_word' id='word_1_624' title='bbox 2366 2881 2453 2933; x_wconf 86' lang='lat' dir='ltr'><strong>alii</strong></span> <span class='ocrx_word' id='word_1_625' title='bbox 2483 2882 2585 2933; x_wconf 85' lang='lat' dir='ltr'><strong>alia</strong></span> <span class='ocrx_word' id='word_1_626' title='bbox 2611 2882 2753 2935; x_wconf 86' lang='lat' dir='ltr'><strong>initia</strong></span> <span class='ocrx_word' id='word_1_627' title='bbox 2783 2882 3223 2937; x_wconf 81' lang='lat' dir='ltr'><strong>inunoderatarum</strong></span> <span class='ocrx_word' id='word_1_628' title='bbox 3258 2901 3508 2939; x_wconf 79' lang='lat' dir='ltr'><strong>coenarum</strong></span> <span class='ocrx_word' id='word_1_629' title='bbox 3543 2895 3650 2940; x_wconf 86' lang='lat' dir='ltr'><strong>sta-</strong></span> 
     </span>
    </p>
   </div>
   <div class='ocr_carea' id='block_1_88' title="bbox 2084 2971 3655 3046">
    <p class='ocr_par' dir='ltr' id='par_1_88' title="bbox 2084 2971 3655 3046">
     <span class='ocr_line' id='line_1_88' title="bbox 2084 2971 3655 3046; baseline 0.005 -25"><span class='ocrx_word' id='word_1_630' title='bbox 2084 2977 2226 3022; x_wconf 87' lang='lat' dir='ltr'><strong>tuunt</strong></span> <span class='ocrx_word' id='word_1_631' title='bbox 2256 2985 2274 3021; x_wconf 92' lang='lat'><strong><em>:</em></strong></span> <span class='ocrx_word' id='word_1_632' title='bbox 2305 2971 2558 3039; x_wconf 89' lang='lat' dir='ltr'><strong>multaque</strong></span> <span class='ocrx_word' id='word_1_633' title='bbox 2577 2972 2709 3025; x_wconf 89' lang='lat' dir='ltr'><strong>circa</strong></span> <span class='ocrx_word' id='word_1_634' title='bbox 2736 2972 2842 3025; x_wconf 71' lang='lat' dir='ltr'><strong>Itan:</strong></span> <span class='ocrx_word' id='word_1_635' title='bbox 2879 2983 2953 3027; x_wconf 88' lang='lat' dir='ltr'><strong>est</strong></span> <span class='ocrx_word' id='word_1_636' title='bbox 2986 2977 3286 3028; x_wconf 75' lang='lat' dir='ltr'><strong>concertatio</strong></span> <span class='ocrx_word' id='word_1_637' title='bbox 3307 3017 3321 3041; x_wconf 93' lang='lat'><strong>,</strong></span> <span class='ocrx_word' id='word_1_638' title='bbox 3363 2987 3408 3028; x_wconf 89' lang='lat' dir='ltr'><strong>ct</strong></span> <span class='ocrx_word' id='word_1_639' title='bbox 3440 2978 3503 3029; x_wconf 88' lang='lat' dir='ltr'><strong>de</strong></span> <span class='ocrx_word' id='word_1_640' title='bbox 3529 2994 3655 3046; x_wconf 80' lang='lat' dir='ltr'><strong>qua-</strong></span> 
     </span>
    </p>
   </div>
   <div class='ocr_carea' id='block_1_89' title="bbox 2085 3058 3653 3135">
    <p class='ocr_par' dir='ltr' id='par_1_89' title="bbox 2085 3058 3653 3135">
     <span class='ocr_line' id='line_1_89' title="bbox 2085 3058 3653 3135; baseline 0.006 -24"><span class='ocrx_word' id='word_1_641' title='bbox 2085 3058 2243 3125; x_wconf 84' lang='lat' dir='ltr'><strong>litate,</strong></span> <span class='ocrx_word' id='word_1_642' title='bbox 2271 3069 2317 3113; x_wconf 86' lang='lat' dir='ltr'><strong>et</strong></span> <span class='ocrx_word' id='word_1_643' title='bbox 2338 3059 2401 3113; x_wconf 88' lang='lat' dir='ltr'><strong>de</strong></span> <span class='ocrx_word' id='word_1_644' title='bbox 2426 3061 2603 3114; x_wconf 87' lang='lat' dir='ltr'><strong>ordine</strong></span> <span class='ocrx_word' id='word_1_645' title='bbox 2621 3103 2636 3128; x_wconf 93' lang='lat'><strong>,</strong></span> <span class='ocrx_word' id='word_1_646' title='bbox 2661 3071 2706 3115; x_wconf 85' lang='lat' dir='ltr'><strong>et</strong></span> <span class='ocrx_word' id='word_1_647' title='bbox 2731 3063 2795 3116; x_wconf 86' lang='lat' dir='ltr'><strong>de</strong></span> <span class='ocrx_word' id='word_1_648' title='bbox 2821 3064 2986 3132; x_wconf 89' lang='lat' dir='ltr'><strong>copia.</strong></span> <span class='ocrx_word' id='word_1_649' title='bbox 3014 3065 3204 3119; x_wconf 81' lang='lat' dir='ltr'><strong>Vinum</strong></span> <span class='ocrx_word' id='word_1_650' title='bbox 3234 3066 3391 3119; x_wconf 88' lang='lat' dir='ltr'><strong>etiam</strong></span> <span class='ocrx_word' id='word_1_651' title='bbox 3422 3068 3653 3135; x_wconf 51' lang='lat' dir='ltr'><strong>exquisi-</strong></span> 
     </span>
    </p>
   </div>
   <div class='ocr_carea' id='block_1_90' title="bbox 2084 3151 3647 3225">
    <p class='ocr_par' dir='ltr' id='par_1_90' title="bbox 2084 3151 3647 3225">
     <span class='ocr_line' id='line_1_90' title="bbox 2084 3151 3647 3225; baseline 0.006 -23"><span class='ocrx_word' id='word_1_652' title='bbox 2084 3158 2194 3203; x_wconf 87' lang='lat' dir='ltr'><strong>tuttt</strong></span> <span class='ocrx_word' id='word_1_653' title='bbox 2224 3151 2613 3220; x_wconf 79' lang='lat' dir='ltr'><strong>opponebatur,</strong></span> <span class='ocrx_word' id='word_1_654' title='bbox 2651 3152 2746 3209; x_wconf 90' lang='lat' dir='ltr'><strong>sed</strong></span> <span class='ocrx_word' id='word_1_655' title='bbox 2782 3155 3034 3209; x_wconf 81' lang='lat' dir='ltr'><strong>Thasium</strong></span> <span class='ocrx_word' id='word_1_656' title='bbox 3075 3158 3398 3225; x_wconf 73' lang='lat' dir='ltr'><strong>pnesertim,</strong></span> <span class='ocrx_word' id='word_1_657' title='bbox 3446 3172 3542 3213; x_wconf 91' lang='lat' dir='ltr'><strong>seu</strong></span> <span class='ocrx_word' id='word_1_658' title='bbox 3585 3175 3647 3212; x_wconf 85' lang='lat' dir='ltr'><strong>ex</strong></span> 
     </span>
    </p>
   </div>
   <div class='ocr_carea' id='block_1_91' title="bbox 2084 3238 3646 3316">
    <p class='ocr_par' dir='ltr' id='par_1_91' title="bbox 2084 3238 3646 3316">
     <span class='ocr_line' id='line_1_91' title="bbox 2084 3238 3646 3316; baseline 0.008 -25"><span class='ocrx_word' id='word_1_659' title='bbox 2084 3238 2252 3293; x_wconf 90' lang='lat' dir='ltr'><strong>insula</strong></span> <span class='ocrx_word' id='word_1_660' title='bbox 2279 3240 2456 3296; x_wconf 87' lang='lat' dir='ltr'><strong>Thaso</strong></span> <span class='ocrx_word' id='word_1_661' title='bbox 2482 3260 2497 3296; x_wconf 84' lang='lat'><strong>:</strong></span> <span class='ocrx_word' id='word_1_662' title='bbox 2520 3242 2661 3312; x_wconf 87' lang='lat' dir='ltr'><strong>quod</strong></span> <span class='ocrx_word' id='word_1_663' title='bbox 2689 3244 2829 3312; x_wconf 89' lang='lat' dir='ltr'><strong>apud</strong></span> <span class='ocrx_word' id='word_1_664' title='bbox 2857 3247 3149 3316; x_wconf 85' lang='lat' dir='ltr'><strong>scriptorcs</strong></span> <span class='ocrx_word' id='word_1_665' title='bbox 3172 3258 3279 3303; x_wconf 92' lang='lat' dir='ltr'><strong>tum</strong></span> <span class='ocrx_word' id='word_1_666' title='bbox 3303 3248 3517 3304; x_wconf 70' lang='lat' dir='ltr'><strong>Crzecos</strong></span> <span class='ocrx_word' id='word_1_667' title='bbox 3537 3257 3646 3304; x_wconf 90' lang='lat' dir='ltr'><strong>tum</strong></span> 
     </span>
    </p>
   </div>
   <div class='ocr_carea' id='block_1_92' title="bbox 2079 3326 2955 3389">
    <p class='ocr_par' dir='ltr' id='par_1_92' title="bbox 2079 3326 2955 3389">
     <span class='ocr_line' id='line_1_92' title="bbox 2079 3326 2955 3389; baseline 0.005 -6"><span class='ocrx_word' id='word_1_668' title='bbox 2079 3326 2297 3384; x_wconf 77' lang='lat' dir='ltr'><strong>Latinus</strong></span> <span class='ocrx_word' id='word_1_669' title='bbox 2322 3331 2605 3387; x_wconf 89' lang='lat' dir='ltr'><strong>admodmu</strong></span> <span class='ocrx_word' id='word_1_670' title='bbox 2634 3335 2955 3389; x_wconf 87' lang='lat' dir='ltr'><strong>celebratur.</strong></span> 
     </span>
    </p>
   </div>
   <div class='ocr_carea' id='block_1_93' title="bbox 2149 3419 3649 3499">
    <p class='ocr_par' dir='ltr' id='par_1_93' title="bbox 2149 3419 3649 3499">
     <span class='ocr_line' id='line_1_93' title="bbox 2149 3419 3649 3499; baseline 0.008 -27"><span class='ocrx_word' id='word_1_671' title='bbox 2149 3419 2371 3489; x_wconf 86' lang='lat' dir='ltr'><strong>Quando</strong></span> <span class='ocrx_word' id='word_1_672' title='bbox 2400 3423 2497 3477; x_wconf 87' lang='lat' dir='ltr'><strong>viri</strong></span> <span class='ocrx_word' id='word_1_673' title='bbox 2524 3422 2597 3477; x_wconf 90' lang='lat' dir='ltr'><strong>illi</strong></span> <span class='ocrx_word' id='word_1_674' title='bbox 2630 3434 2738 3479; x_wconf 92' lang='lat' dir='ltr'><strong>tum</strong></span> <span class='ocrx_word' id='word_1_675' title='bbox 2765 3425 3019 3496; x_wconf 81' lang='lat' dir='ltr'><strong>dignitate</strong></span> <span class='ocrx_word' id='word_1_676' title='bbox 3038 3469 3051 3492; x_wconf 96' lang='lat'><strong>,</strong></span> <span class='ocrx_word' id='word_1_677' title='bbox 3082 3436 3190 3482; x_wconf 90' lang='lat' dir='ltr'><strong>tum</strong></span> <span class='ocrx_word' id='word_1_678' title='bbox 3216 3429 3481 3498; x_wconf 86' lang='lat' dir='ltr'><strong>opulentia</strong></span> <span class='ocrx_word' id='word_1_679' title='bbox 3514 3445 3649 3499; x_wconf 71' lang='lat' dir='ltr'><strong>pra:-</strong></span> 
     </span>
    </p>
   </div>
   <div class='ocr_carea' id='block_1_94' title="bbox 2078 3513 3643 3590">
    <p class='ocr_par' dir='ltr' id='par_1_94' title="bbox 2078 3513 3643 3590">
     <span class='ocr_line' id='line_1_94' title="bbox 2078 3513 3643 3590; baseline 0.006 -26"><span class='ocrx_word' id='word_1_680' title='bbox 2078 3521 2295 3575; x_wconf 77' lang='lat' dir='ltr'><strong>stantes,</strong></span> <span class='ocrx_word' id='word_1_681' title='bbox 2327 3513 2437 3567; x_wconf 90' lang='lat' dir='ltr'><strong>sive</strong></span> <span class='ocrx_word' id='word_1_682' title='bbox 2464 3513 2515 3567; x_wconf 90' lang='lat' dir='ltr'><strong>in</strong></span> <span class='ocrx_word' id='word_1_683' title='bbox 2541 3529 2698 3569; x_wconf 88' lang='lat' dir='ltr'><strong>curru</strong></span> <span class='ocrx_word' id='word_1_684' title='bbox 2723 3530 2852 3571; x_wconf 90' lang='lat' dir='ltr'><strong>auro</strong></span> <span class='ocrx_word' id='word_1_685' title='bbox 2879 3516 3111 3585; x_wconf 79' lang='lat' dir='ltr'><strong>fulgente</strong></span> <span class='ocrx_word' id='word_1_686' title='bbox 3129 3560 3142 3581; x_wconf 88' lang='lat'><strong>.</strong></span> <span class='ocrx_word' id='word_1_687' title='bbox 3174 3518 3286 3574; x_wconf 80' lang='lat' dir='ltr'><strong>sive</strong></span> <span class='ocrx_word' id='word_1_688' title='bbox 3308 3534 3446 3590; x_wconf 90' lang='lat' dir='ltr'><strong>equo</strong></span> <span class='ocrx_word' id='word_1_689' title='bbox 3474 3522 3606 3575; x_wconf 84' lang='lat' dir='ltr'><strong>vecti</strong></span> <span class='ocrx_word' id='word_1_690' title='bbox 3632 3564 3643 3583; x_wconf 93' lang='lat'><strong>,</strong></span> 
     </span>
    </p>
   </div>
   <div class='ocr_carea' id='block_1_95' title="bbox 2077 3602 3643 3675">
    <p class='ocr_par' dir='ltr' id='par_1_95' title="bbox 2077 3602 3643 3675">
     <span class='ocr_line' id='line_1_95' title="bbox 2077 3602 3643 3675; baseline 0.007 -21"><span class='ocrx_word' id='word_1_691' title='bbox 2077 3603 2228 3671; x_wconf 79' lang='lat' dir='ltr'><strong>cujus</strong></span> <span class='ocrx_word' id='word_1_692' title='bbox 2259 3602 2465 3657; x_wconf 90' lang='lat' dir='ltr'><strong>frenum</strong></span> <span class='ocrx_word' id='word_1_693' title='bbox 2492 3619 2746 3671; x_wconf 88' lang='lat' dir='ltr'><strong>aureum,</strong></span> <span class='ocrx_word' id='word_1_694' title='bbox 2776 3622 2869 3675; x_wconf 88' lang='lat' dir='ltr'><strong>per</strong></span> <span class='ocrx_word' id='word_1_695' title='bbox 2890 3607 3072 3662; x_wconf 87' lang='lat' dir='ltr'><strong>urbem</strong></span> <span class='ocrx_word' id='word_1_696' title='bbox 3095 3607 3178 3662; x_wconf 90' lang='lat' dir='ltr'><strong>vel</strong></span> <span class='ocrx_word' id='word_1_697' title='bbox 3208 3608 3258 3662; x_wconf 92' lang='lat' dir='ltr'><strong>in</strong></span> <span class='ocrx_word' id='word_1_698' title='bbox 3290 3606 3405 3663; x_wconf 91' lang='lat' dir='ltr'><strong>foro</strong></span> <span class='ocrx_word' id='word_1_699' title='bbox 3435 3608 3643 3665; x_wconf 86' lang='lat' dir='ltr'><strong>incede</strong></span> 
     </span>
    </p>
   </div>
   <div class='ocr_carea' id='block_1_96' title="bbox 2078 3692 3642 3770">
    <p class='ocr_par' dir='ltr' id='par_1_96' title="bbox 2078 3692 3642 3770">
     <span class='ocr_line' id='line_1_96' title="bbox 2078 3692 3642 3770; baseline 0.005 -25"><span class='ocrx_word' id='word_1_700' title='bbox 2078 3692 2236 3758; x_wconf 85' lang='lat' dir='ltr'><strong>bant,</strong></span> <span class='ocrx_word' id='word_1_701' title='bbox 2288 3695 2504 3763; x_wconf 68' lang='lat' dir='ltr'><strong>praeibat</strong></span> <span class='ocrx_word' id='word_1_702' title='bbox 2553 3711 2755 3764; x_wconf 73' lang='lat' dir='ltr'><strong>prteeo,</strong></span> <span class='ocrx_word' id='word_1_703' title='bbox 2809 3698 2951 3751; x_wconf 90' lang='lat' dir='ltr'><strong>cultu</strong></span> <span class='ocrx_word' id='word_1_704' title='bbox 2998 3699 3283 3753; x_wconf 89' lang='lat' dir='ltr'><strong>instructus</strong></span> <span class='ocrx_word' id='word_1_705' title='bbox 3331 3701 3642 3770; x_wconf 80' lang='lat' dir='ltr'><strong>magnifico,</strong></span> 
     </span>
    </p>
   </div>
   <div class='ocr_carea' id='block_1_97' title="bbox 2076 3784 3636 3859">
    <p class='ocr_par' dir='ltr' id='par_1_97' title="bbox 2076 3784 3636 3859">
     <span class='ocr_line' id='line_1_97' title="bbox 2076 3784 3636 3859; baseline 0.006 -24"><span class='ocrx_word' id='word_1_706' title='bbox 2076 3784 2165 3853; x_wconf 83' lang='lat' dir='ltr'><strong>qui</strong></span> <span class='ocrx_word' id='word_1_707' title='bbox 2209 3784 2489 3840; x_wconf 87' lang='lat' dir='ltr'><strong>adventum</strong></span> <span class='ocrx_word' id='word_1_708' title='bbox 2535 3787 2647 3841; x_wconf 91' lang='lat' dir='ltr'><strong>heri</strong></span> <span class='ocrx_word' id='word_1_709' title='bbox 2686 3788 2967 3842; x_wconf 90' lang='lat' dir='ltr'><strong>nuntiaret.</strong></span> <span class='ocrx_word' id='word_1_710' title='bbox 3001 3788 3114 3857; x_wconf 79' lang='lat' dir='ltr'><strong>lpse</strong></span> <span class='ocrx_word' id='word_1_711' title='bbox 3142 3803 3265 3843; x_wconf 83' lang='lat' dir='ltr'><strong>vero</strong></span> <span class='ocrx_word' id='word_1_712' title='bbox 3297 3789 3473 3844; x_wconf 80' lang='lat' dir='ltr'><strong>balteo</strong></span> <span class='ocrx_word' id='word_1_713' title='bbox 3498 3807 3636 3859; x_wconf 85' lang='lat' dir='ltr'><strong>prae-</strong></span> 
     </span>
    </p>
   </div>
   <div class='ocr_carea' id='block_1_98' title="bbox 2076 3876 3636 3947">
    <p class='ocr_par' dir='ltr' id='par_1_98' title="bbox 2076 3876 3636 3947">
     <span class='ocr_line' id='line_1_98' title="bbox 2076 3876 3636 3947; baseline 0.004 -20"><span class='ocrx_word' id='word_1_714' title='bbox 2076 3877 2279 3929; x_wconf 81' lang='lat' dir='ltr'><strong>cinctus</strong></span> <span class='ocrx_word' id='word_1_715' title='bbox 2305 3884 2358 3930; x_wconf 89' lang='lat' dir='ltr'><strong>et</strong></span> <span class='ocrx_word' id='word_1_716' title='bbox 2387 3876 2566 3930; x_wconf 87' lang='lat' dir='ltr'><strong>tuttltis</strong></span> <span class='ocrx_word' id='word_1_717' title='bbox 2588 3878 2811 3946; x_wconf 89' lang='lat' dir='ltr'><strong>stipatus</strong></span> <span class='ocrx_word' id='word_1_718' title='bbox 2837 3878 3127 3943; x_wconf 84' lang='lat' dir='ltr'><strong>lictoribus,</strong></span> <span class='ocrx_word' id='word_1_719' title='bbox 3151 3879 3236 3947; x_wconf 90' lang='lat' dir='ltr'><strong>qui</strong></span> <span class='ocrx_word' id='word_1_720' title='bbox 3266 3879 3470 3947; x_wconf 87' lang='lat' dir='ltr'><strong>plebem</strong></span> <span class='ocrx_word' id='word_1_721' title='bbox 3490 3896 3636 3934; x_wconf 83' lang='lat' dir='ltr'><strong>arce-</strong></span> 
     </span>
    </p>
   </div>
   <div class='ocr_carea' id='block_1_99' title="bbox 2076 3966 3638 4039">
    <p class='ocr_par' dir='ltr' id='par_1_99' title="bbox 2076 3966 3638 4039">
     <span class='ocr_line' id='line_1_99' title="bbox 2076 3966 3638 4039; baseline 0.004 -22"><span class='ocrx_word' id='word_1_722' title='bbox 2076 3973 2226 4028; x_wconf 87' lang='lat' dir='ltr'><strong>rent,</strong></span> <span class='ocrx_word' id='word_1_723' title='bbox 2272 3967 2501 4033; x_wconf 88' lang='lat' dir='ltr'><strong>superbe</strong></span> <span class='ocrx_word' id='word_1_724' title='bbox 2541 3966 2826 4037; x_wconf 87' lang='lat' dir='ltr'><strong>gradietts,</strong></span> <span class='ocrx_word' id='word_1_725' title='bbox 2876 3969 3144 4023; x_wconf 90' lang='lat' dir='ltr'><strong>clientium</strong></span> <span class='ocrx_word' id='word_1_726' title='bbox 3188 3978 3241 4024; x_wconf 92' lang='lat' dir='ltr'><strong>et</strong></span> <span class='ocrx_word' id='word_1_727' title='bbox 3286 3972 3638 4039; x_wconf 66' lang='lat' dir='ltr'><strong>parasitorum</strong></span> 
     </span>
    </p>
   </div>
   <div class='ocr_carea' id='block_1_100' title="bbox 2075 4053 2616 4124">
    <p class='ocr_par' dir='ltr' id='par_1_100' title="bbox 2075 4053 2616 4124">
     <span class='ocr_line' id='line_1_100' title="bbox 2075 4053 2616 4124; baseline 0.006 -18"><span class='ocrx_word' id='word_1_728' title='bbox 2075 4053 2226 4107; x_wconf 81' lang='lat' dir='ltr'><strong>turba</strong></span> <span class='ocrx_word' id='word_1_729' title='bbox 2255 4055 2616 4124; x_wconf 82' lang='lat' dir='ltr'><strong>cingebautur.</strong></span> 
     </span>
    </p>
   </div>
   <div class='ocr_carea' id='block_1_101' title="bbox 2148 4143 3639 4221">
    <p class='ocr_par' dir='ltr' id='par_1_101' title="bbox 2148 4143 3639 4221">
     <span class='ocr_line' id='line_1_101' title="bbox 2148 4143 3639 4221; baseline 0.007 -24"><span class='ocrx_word' id='word_1_730' title='bbox 2148 4143 2221 4198; x_wconf 86' lang='lat' dir='ltr'><strong>De</strong></span> <span class='ocrx_word' id='word_1_731' title='bbox 2253 4145 2530 4199; x_wconf 88' lang='lat' dir='ltr'><strong>mulierum</strong></span> <span class='ocrx_word' id='word_1_732' title='bbox 2560 4156 2779 4209; x_wconf 89' lang='lat' dir='ltr'><strong>ornatu,</strong></span> <span class='ocrx_word' id='word_1_733' title='bbox 2814 4149 2948 4203; x_wconf 89' lang='lat' dir='ltr'><strong>fastu</strong></span> <span class='ocrx_word' id='word_1_734' title='bbox 2975 4158 3030 4205; x_wconf 91' lang='lat' dir='ltr'><strong>et</strong></span> <span class='ocrx_word' id='word_1_735' title='bbox 3058 4150 3187 4205; x_wconf 87' lang='lat' dir='ltr'><strong>luxu</strong></span> <span class='ocrx_word' id='word_1_736' title='bbox 3215 4150 3639 4221; x_wconf 85' lang='lat' dir='ltr'><strong>frequentissime</strong></span> 
     </span>
    </p>
   </div>
   <div class='ocr_carea' id='block_1_102' title="bbox 2072 4236 3635 4310">
    <p class='ocr_par' dir='ltr' id='par_1_102' title="bbox 2072 4236 3635 4310">
     <span class='ocr_line' id='line_1_102' title="bbox 2072 4236 3635 4310; baseline 0.005 -22"><span class='ocrx_word' id='word_1_737' title='bbox 2072 4236 2178 4304; x_wconf 84' lang='lat' dir='ltr'><strong>agit</strong></span> <span class='ocrx_word' id='word_1_738' title='bbox 2212 4236 2642 4307; x_wconf 80' lang='lat' dir='ltr'><strong>Chrysostomus.</strong></span> <span class='ocrx_word' id='word_1_739' title='bbox 2666 4238 2898 4294; x_wconf 88' lang='lat' dir='ltr'><strong>Ornatus</strong></span> <span class='ocrx_word' id='word_1_740' title='bbox 2938 4240 3252 4309; x_wconf 86' lang='lat' dir='ltr'><strong>mulierum,</strong></span> <span class='ocrx_word' id='word_1_741' title='bbox 3303 4242 3472 4310; x_wconf 85' lang='lat' dir='ltr'><strong>inquit</strong></span> <span class='ocrx_word' id='word_1_742' title='bbox 3512 4243 3635 4308; x_wconf 83' lang='lat' dir='ltr'><strong>ille,</strong></span> 
     </span>
    </p>
   </div>
   <div class='ocr_carea' id='block_1_103' title="bbox 2072 4331 3634 4403">
    <p class='ocr_par' dir='ltr' id='par_1_103' title="bbox 2072 4331 3634 4403">
     <span class='ocr_line' id='line_1_103' title="bbox 2072 4331 3634 4403; baseline 0 -18"><span class='ocrx_word' id='word_1_743' title='bbox 2072 4340 2194 4385; x_wconf 89' lang='lat' dir='ltr'><strong>sunt</strong></span> <span class='ocrx_word' id='word_1_744' title='bbox 2221 4331 2341 4384; x_wconf 84' lang='lat' dir='ltr'><strong>torti</strong></span> <span class='ocrx_word' id='word_1_745' title='bbox 2373 4331 2566 4396; x_wconf 85' lang='lat' dir='ltr'><strong>crines,</strong></span> <span class='ocrx_word' id='word_1_746' title='bbox 2601 4332 2813 4386; x_wconf 89' lang='lat' dir='ltr'><strong>inaures</strong></span> <span class='ocrx_word' id='word_1_747' title='bbox 2840 4342 3251 4403; x_wconf 88' lang='lat' dir='ltr'><strong>ornamentaque</strong></span> <span class='ocrx_word' id='word_1_748' title='bbox 3276 4333 3377 4385; x_wconf 87' lang='lat' dir='ltr'><strong>alia</strong></span> <span class='ocrx_word' id='word_1_749' title='bbox 3409 4332 3461 4386; x_wconf 90' lang='lat' dir='ltr'><strong>itt</strong></span> <span class='ocrx_word' id='word_1_750' title='bbox 3483 4336 3634 4402; x_wconf 88' lang='lat' dir='ltr'><strong>gettis</strong></span> 
     </span>
    </p>
   </div>
   <div class='ocr_carea' id='block_1_104' title="bbox 2070 4422 3633 4491">
    <p class='ocr_par' dir='ltr' id='par_1_104' title="bbox 2070 4422 3633 4491">
     <span class='ocr_line' id='line_1_104' title="bbox 2070 4422 3633 4491; baseline 0.001 -15"><span class='ocrx_word' id='word_1_751' title='bbox 2070 4431 2126 4477; x_wconf 87' lang='lat' dir='ltr'><strong>ct</strong></span> <span class='ocrx_word' id='word_1_752' title='bbox 2164 4423 2343 4477; x_wconf 83' lang='lat' dir='ltr'><strong>collo:</strong></span> <span class='ocrx_word' id='word_1_753' title='bbox 2377 4422 2479 4475; x_wconf 90' lang='lat' dir='ltr'><strong>fuci</strong></span> <span class='ocrx_word' id='word_1_754' title='bbox 2522 4429 2577 4476; x_wconf 90' lang='lat' dir='ltr'><strong>et</strong></span> <span class='ocrx_word' id='word_1_755' title='bbox 2616 4423 2879 4491; x_wconf 82' lang='lat' dir='ltr'><strong>pigmenta</strong></span> <span class='ocrx_word' id='word_1_756' title='bbox 2926 4423 3227 4489; x_wconf 88' lang='lat' dir='ltr'><strong>oculorum,</strong></span> <span class='ocrx_word' id='word_1_757' title='bbox 3282 4422 3385 4477; x_wconf 81' lang='lat' dir='ltr'><strong>fuci</strong></span> <span class='ocrx_word' id='word_1_758' title='bbox 3413 4427 3538 4478; x_wconf 87' lang='lat' dir='ltr'><strong>item</strong></span> <span class='ocrx_word' id='word_1_759' title='bbox 3579 4434 3633 4477; x_wconf 89' lang='lat' dir='ltr'><strong>ct</strong></span> 
     </span>
    </p>
   </div>
   <div class='ocr_carea' id='block_1_105' title="bbox 2072 4515 3636 4585">
    <p class='ocr_par' dir='ltr' id='par_1_105' title="bbox 2072 4515 3636 4585">
     <span class='ocr_line' id='line_1_105' title="bbox 2072 4515 3636 4585; baseline 0 -18"><span class='ocrx_word' id='word_1_760' title='bbox 2072 4516 2334 4585; x_wconf 84' lang='lat' dir='ltr'><strong>pigmenta</strong></span> <span class='ocrx_word' id='word_1_761' title='bbox 2362 4529 2635 4583; x_wconf 83' lang='lat' dir='ltr'><strong>genarum,</strong></span> <span class='ocrx_word' id='word_1_762' title='bbox 2668 4524 2841 4569; x_wconf 89' lang='lat' dir='ltr'><strong>vestes</strong></span> <span class='ocrx_word' id='word_1_763' title='bbox 2865 4531 2993 4568; x_wconf 88' lang='lat' dir='ltr'><strong>auro</strong></span> <span class='ocrx_word' id='word_1_764' title='bbox 3018 4516 3330 4578; x_wconf 71' lang='lat' dir='ltr'><strong>intertextte,</strong></span> <span class='ocrx_word' id='word_1_765' title='bbox 3368 4515 3636 4584; x_wconf 88' lang='lat' dir='ltr'><strong>palliolum</strong></span> 
     </span>
    </p>
   </div>
   <div class='ocr_carea' id='block_1_106' title="bbox 2069 4605 3632 4675">
    <p class='ocr_par' dir='ltr' id='par_1_106' title="bbox 2069 4605 3632 4675">
     <span class='ocr_line' id='line_1_106' title="bbox 2069 4605 3632 4675; baseline -0.002 -15"><span class='ocrx_word' id='word_1_766' title='bbox 2069 4607 2225 4675; x_wconf 87' lang='lat' dir='ltr'><strong>capiti</strong></span> <span class='ocrx_word' id='word_1_767' title='bbox 2256 4606 2592 4675; x_wconf 80' lang='lat' dir='ltr'><strong>impositum;</strong></span> <span class='ocrx_word' id='word_1_768' title='bbox 2623 4621 2808 4659; x_wconf 89' lang='lat' dir='ltr'><strong>manus</strong></span> <span class='ocrx_word' id='word_1_769' title='bbox 2839 4607 3164 4661; x_wconf 79' lang='lat' dir='ltr'><strong>extrinsecus</strong></span> <span class='ocrx_word' id='word_1_770' title='bbox 3201 4605 3499 4668; x_wconf 78' lang='lat' dir='ltr'><strong>deaurattc,</strong></span> <span class='ocrx_word' id='word_1_771' title='bbox 3529 4606 3632 4658; x_wconf 75' lang='lat' dir='ltr'><strong>cal-</strong></span> 
     </span>
    </p>
   </div>
   <div class='ocr_carea' id='block_1_107' title="bbox 2071 4695 3631 4767">
    <p class='ocr_par' dir='ltr' id='par_1_107' title="bbox 2071 4695 3631 4767">
     <span class='ocr_line' id='line_1_107' title="bbox 2071 4695 3631 4767; baseline -0.003 -15"><span class='ocrx_word' id='word_1_772' title='bbox 2071 4714 2197 4752; x_wconf 80' lang='lat' dir='ltr'><strong>Ct&#39;llS</strong></span> <span class='ocrx_word' id='word_1_773' title='bbox 2227 4698 2374 4767; x_wconf 86' lang='lat' dir='ltr'><strong>nigro</strong></span> <span class='ocrx_word' id='word_1_774' title='bbox 2403 4699 2581 4751; x_wconf 84' lang='lat' dir='ltr'><strong>colore</strong></span> <span class='ocrx_word' id='word_1_775' title='bbox 2625 4697 2846 4750; x_wconf 90' lang='lat' dir='ltr'><strong>multum</strong></span> <span class='ocrx_word' id='word_1_776' title='bbox 2878 4695 3113 4766; x_wconf 78' lang='lat' dir='ltr'><strong>fulgens,</strong></span> <span class='ocrx_word' id='word_1_777' title='bbox 3148 4696 3198 4749; x_wconf 87' lang='lat' dir='ltr'><strong>itt</strong></span> <span class='ocrx_word' id='word_1_778' title='bbox 3228 4710 3448 4749; x_wconf 89' lang='lat' dir='ltr'><strong>acumen</strong></span> <span class='ocrx_word' id='word_1_779' title='bbox 3489 4696 3631 4749; x_wconf 73' lang='lat' dir='ltr'><strong>lic-il-</strong></span> 
     </span>
    </p>
   </div>
   <div class='ocr_carea' id='block_1_108' title="bbox 2072 4785 3636 4857">
    <p class='ocr_par' dir='ltr' id='par_1_108' title="bbox 2072 4785 3636 4857">
     <span class='ocr_line' id='line_1_108' title="bbox 2072 4785 3636 4857; baseline -0.004 -14"><span class='ocrx_word' id='word_1_780' title='bbox 2072 4804 2203 4843; x_wconf 89' lang='lat' dir='ltr'><strong>neus</strong></span> <span class='ocrx_word' id='word_1_781' title='bbox 2262 4796 2315 4842; x_wconf 93' lang='lat' dir='ltr'><strong>et</strong></span> <span class='ocrx_word' id='word_1_782' title='bbox 2378 4788 2694 4857; x_wconf 90' lang='lat' dir='ltr'><strong>picturarum</strong></span> <span class='ocrx_word' id='word_1_783' title='bbox 2737 4786 2982 4840; x_wconf 89' lang='lat' dir='ltr'><strong>decorem</strong></span> <span class='ocrx_word' id='word_1_784' title='bbox 3050 4786 3281 4839; x_wconf 89' lang='lat' dir='ltr'><strong>imitans.</strong></span> <span class='ocrx_word' id='word_1_785' title='bbox 3326 4785 3466 4839; x_wconf 82' lang='lat' dir='ltr'><strong>Alibi</strong></span> <span class='ocrx_word' id='word_1_786' title='bbox 3510 4800 3636 4839; x_wconf 83' lang='lat' dir='ltr'><strong>vero</strong></span> 
     </span>
    </p>
   </div>
   <div class='ocr_carea' id='block_1_109' title="bbox 2068 4873 3630 4945">
    <p class='ocr_par' dir='ltr' id='par_1_109' title="bbox 2068 4873 3630 4945">
     <span class='ocr_line' id='line_1_109' title="bbox 2068 4873 3630 4945; baseline -0.004 -12"><span class='ocrx_word' id='word_1_787' title='bbox 2068 4880 2228 4934; x_wconf 89' lang='lat' dir='ltr'><strong>dicit:</strong></span> <span class='ocrx_word' id='word_1_788' title='bbox 2250 4879 2492 4932; x_wconf 80' lang='lat' dir='ltr'><strong>Mulieres</strong></span> <span class='ocrx_word' id='word_1_789' title='bbox 2520 4877 2690 4932; x_wconf 91' lang='lat' dir='ltr'><strong>mulos</strong></span> <span class='ocrx_word' id='word_1_790' title='bbox 2711 4877 2858 4931; x_wconf 88' lang='lat' dir='ltr'><strong>albos</strong></span> <span class='ocrx_word' id='word_1_791' title='bbox 2881 4874 3209 4945; x_wconf 66' lang='lat' dir='ltr'><strong>quaerebant,</strong></span> <span class='ocrx_word' id='word_1_792' title='bbox 3227 4881 3282 4929; x_wconf 86' lang='lat' dir='ltr'><strong>et</strong></span> <span class='ocrx_word' id='word_1_793' title='bbox 3303 4873 3449 4929; x_wconf 88' lang='lat' dir='ltr'><strong>frena</strong></span> <span class='ocrx_word' id='word_1_794' title='bbox 3469 4873 3630 4929; x_wconf 85' lang='lat' dir='ltr'><strong>deau-</strong></span> 
     </span>
    </p>
   </div>
   <div class='ocr_carea' id='block_1_110' title="bbox 2068 4964 3633 5039">
    <p class='ocr_par' dir='ltr' id='par_1_110' title="bbox 2068 4964 3633 5039">
     <span class='ocr_line' id='line_1_110' title="bbox 2068 4964 3633 5039; baseline -0.004 -15"><span class='ocrx_word' id='word_1_795' title='bbox 2068 4980 2180 5026; x_wconf 88' lang='lat' dir='ltr'><strong>rata</strong></span> <span class='ocrx_word' id='word_1_796' title='bbox 2205 5012 2219 5034; x_wconf 91' lang='lat'><strong>,</strong></span> <span class='ocrx_word' id='word_1_797' title='bbox 2262 4969 2571 5039; x_wconf 91' lang='lat' dir='ltr'><strong>obsequium</strong></span> <span class='ocrx_word' id='word_1_798' title='bbox 2611 4966 3003 5034; x_wconf 85' lang='lat' dir='ltr'><strong>cunuchorum,</strong></span> <span class='ocrx_word' id='word_1_799' title='bbox 3043 4980 3289 5035; x_wconf 86' lang='lat' dir='ltr'><strong>magnum</strong></span> <span class='ocrx_word' id='word_1_800' title='bbox 3320 4964 3633 5019; x_wconf 87' lang='lat' dir='ltr'><strong>ancillarum</strong></span> 
     </span>
    </p>
   </div>
   <div class='ocr_carea' id='block_1_111' title="bbox 2069 5056 2961 5131">
    <p class='ocr_par' dir='ltr' id='par_1_111' title="bbox 2069 5056 2961 5131">
     <span class='ocr_line' id='line_1_111' title="bbox 2069 5056 2961 5131; baseline -0.007 -18"><span class='ocrx_word' id='word_1_801' title='bbox 2069 5077 2279 5131; x_wconf 84' lang='lat' dir='ltr'><strong>gregettt</strong></span> <span class='ocrx_word' id='word_1_802' title='bbox 2308 5069 2361 5114; x_wconf 91' lang='lat' dir='ltr'><strong>et</strong></span> <span class='ocrx_word' id='word_1_803' title='bbox 2388 5073 2633 5128; x_wconf 87' lang='lat' dir='ltr'><strong>pompam</strong></span> <span class='ocrx_word' id='word_1_804' title='bbox 2664 5056 2961 5111; x_wconf 89' lang='lat' dir='ltr'><strong>ridiculam.</strong></span> 
     </span>
    </p>
   </div>
   <div class='ocr_carea' id='block_1_112' title="bbox 2139 5142 3643 5219">
    <p class='ocr_par' dir='ltr' id='par_1_112' title="bbox 2139 5142 3643 5219">
     <span class='ocr_line' id='line_1_112' title="bbox 2139 5142 3643 5219; baseline -0.009 -13"><span class='ocrx_word' id='word_1_805' title='bbox 2139 5149 2516 5206; x_wconf 85' lang='lat' dir='ltr'><strong>Adolesceutes</strong></span> <span class='ocrx_word' id='word_1_806' title='bbox 2550 5162 2757 5219; x_wconf 91' lang='lat' dir='ltr'><strong>quoque</strong></span> <span class='ocrx_word' id='word_1_807' title='bbox 2795 5146 3025 5215; x_wconf 81' lang='lat' dir='ltr'><strong>exagitat</strong></span> <span class='ocrx_word' id='word_1_808' title='bbox 3066 5143 3293 5213; x_wconf 87' lang='lat' dir='ltr'><strong>superbe</strong></span> <span class='ocrx_word' id='word_1_809' title='bbox 3333 5150 3549 5212; x_wconf 80' lang='lat' dir='ltr'><strong>agentes</strong></span> <span class='ocrx_word' id='word_1_810' title='bbox 3585 5142 3643 5196; x_wconf 89' lang='lat' dir='ltr'><strong>in</strong></span> 
     </span>
    </p>
   </div>
   <div class='ocr_carea' id='block_1_113' title="bbox 2068 5233 3634 5309">
    <p class='ocr_par' dir='ltr' id='par_1_113' title="bbox 2068 5233 3634 5309">
     <span class='ocr_line' id='line_1_113' title="bbox 2068 5233 3634 5309; baseline -0.01 -10"><span class='ocrx_word' id='word_1_811' title='bbox 2068 5244 2203 5308; x_wconf 84' lang='lat' dir='ltr'><strong>foro,</strong></span> <span class='ocrx_word' id='word_1_812' title='bbox 2231 5259 2349 5299; x_wconf 91' lang='lat' dir='ltr'><strong>cum</strong></span> <span class='ocrx_word' id='word_1_813' title='bbox 2379 5242 2698 5303; x_wconf 86' lang='lat' dir='ltr'><strong>hominibus.</strong></span> <span class='ocrx_word' id='word_1_814' title='bbox 2722 5239 2807 5309; x_wconf 87' lang='lat' dir='ltr'><strong>qtti</strong></span> <span class='ocrx_word' id='word_1_815' title='bbox 2834 5237 3153 5309; x_wconf 82' lang='lat' dir='ltr'><strong>sutnptunsis</strong></span> <span class='ocrx_word' id='word_1_816' title='bbox 3170 5243 3223 5290; x_wconf 91' lang='lat' dir='ltr'><strong>et</strong></span> <span class='ocrx_word' id='word_1_817' title='bbox 3238 5233 3528 5304; x_wconf 79' lang='lat' dir='ltr'><strong>magnificis</strong></span> <span class='ocrx_word' id='word_1_818' title='bbox 3546 5249 3634 5283; x_wconf 86' lang='lat' dir='ltr'><strong>ve-</strong></span> 
     </span>
    </p>
   </div>
   <div class='ocr_carea' id='block_1_114' title="bbox 2066 5323 3633 5407">
    <p class='ocr_par' dir='ltr' id='par_1_114' title="bbox 2066 5323 3633 5407">
     <span class='ocr_line' id='line_1_114' title="bbox 2066 5323 3633 5407; baseline -0.01 -14"><span class='ocrx_word' id='word_1_819' title='bbox 2066 5338 2237 5393; x_wconf 89' lang='lat' dir='ltr'><strong>stibus</strong></span> <span class='ocrx_word' id='word_1_820' title='bbox 2276 5335 2443 5407; x_wconf 88' lang='lat' dir='ltr'><strong>operti</strong></span> <span class='ocrx_word' id='word_1_821' title='bbox 2487 5342 2657 5389; x_wconf 88' lang='lat' dir='ltr'><strong>erant.</strong></span> <span class='ocrx_word' id='word_1_822' title='bbox 2694 5331 2856 5386; x_wconf 89' lang='lat' dir='ltr'><strong>Iidem</strong></span> <span class='ocrx_word' id='word_1_823' title='bbox 2883 5346 3010 5384; x_wconf 87' lang='lat' dir='ltr'><strong>vero</strong></span> <span class='ocrx_word' id='word_1_824' title='bbox 3038 5328 3400 5382; x_wconf 82' lang='lat' dir='ltr'><strong>adolescentes</strong></span> <span class='ocrx_word' id='word_1_825' title='bbox 3422 5323 3633 5378; x_wconf 85' lang='lat' dir='ltr'><strong>calceos</strong></span> 
     </span>
    </p>
   </div>
   <div class='ocr_carea' id='block_1_115' title="bbox 2066 5420 3151 5483">
    <p class='ocr_par' dir='ltr' id='par_1_115' title="bbox 2066 5420 3151 5483">
     <span class='ocr_line' id='line_1_115' title="bbox 2066 5420 3151 5483; baseline -0.011 0"><span class='ocrx_word' id='word_1_826' title='bbox 2066 5443 2193 5483; x_wconf 90' lang='lat' dir='ltr'><strong>suos</strong></span> <span class='ocrx_word' id='word_1_827' title='bbox 2222 5426 2323 5481; x_wconf 80' lang='lat' dir='ltr'><strong>illis</strong></span> <span class='ocrx_word' id='word_1_828' title='bbox 2349 5425 2536 5482; x_wconf 90' lang='lat' dir='ltr'><strong>sericis</strong></span> <span class='ocrx_word' id='word_1_829' title='bbox 2567 5432 2620 5479; x_wconf 91' lang='lat' dir='ltr'><strong>et</strong></span> <span class='ocrx_word' id='word_1_830' title='bbox 2647 5437 2777 5477; x_wconf 89' lang='lat' dir='ltr'><strong>auro</strong></span> <span class='ocrx_word' id='word_1_831' title='bbox 2804 5420 3151 5476; x_wconf 78' lang='lat' dir='ltr'><strong>exornabant.</strong></span> 
     </span>
    </p>
   </div>
   <div class='ocr_carea' id='block_1_116' title="bbox 2445 5555 3261 5626">
    <p class='ocr_par' dir='ltr' id='par_1_116' title="bbox 2445 5555 3261 5626">
     <span class='ocr_line' id='line_1_116' title="bbox 2445 5555 3261 5626; baseline -0.017 -10"><span class='ocrx_word' id='word_1_832' title='bbox 2445 5561 2698 5616; x_wconf 86' lang='lat' dir='ltr'><strong>Circenses</strong></span> <span class='ocrx_word' id='word_1_833' title='bbox 2725 5558 2850 5624; x_wconf 84' lang='lat' dir='ltr'><strong>ludi,</strong></span> <span class='ocrx_word' id='word_1_834' title='bbox 2880 5555 3261 5626; x_wconf 82' lang='lat' dir='ltr'><strong>hippodromus.</strong></span> 
     </span>
    </p>
   </div>
   <div class='ocr_carea' id='block_1_117' title="bbox 2139 5678 3641 5761">
    <p class='ocr_par' dir='ltr' id='par_1_117' title="bbox 2139 5678 3641 5761">
     <span class='ocr_line' id='line_1_117' title="bbox 2139 5678 3641 5761; baseline -0.016 -11"><span class='ocrx_word' id='word_1_835' title='bbox 2139 5697 2216 5750; x_wconf 83' lang='lat' dir='ltr'><strong>Ad</strong></span> <span class='ocrx_word' id='word_1_836' title='bbox 2247 5697 2444 5750; x_wconf 90' lang='lat' dir='ltr'><strong>citeum</strong></span> <span class='ocrx_word' id='word_1_837' title='bbox 2474 5702 2527 5748; x_wconf 92' lang='lat' dir='ltr'><strong>et</strong></span> <span class='ocrx_word' id='word_1_838' title='bbox 2571 5689 2974 5761; x_wconf 84' lang='lat' dir='ltr'><strong>hippodromum</strong></span> <span class='ocrx_word' id='word_1_839' title='bbox 3019 5701 3077 5739; x_wconf 89' lang='lat' dir='ltr'><strong>se</strong></span> <span class='ocrx_word' id='word_1_840' title='bbox 3112 5683 3354 5738; x_wconf 87' lang='lat' dir='ltr'><strong>conferre</strong></span> <span class='ocrx_word' id='word_1_841' title='bbox 3398 5678 3641 5734; x_wconf 84' lang='lat' dir='ltr'><strong>solebant</strong></span> 
     </span>
    </p>
   </div>
   <div class='ocr_carea' id='block_1_118' title="bbox 2073 5782 3640 5859">
    <p class='ocr_par' dir='ltr' id='par_1_118' title="bbox 2073 5782 3640 5859">
     <span class='ocr_line' id='line_1_118' title="bbox 2073 5782 3640 5859; baseline -0.015 -14"><span class='ocrx_word' id='word_1_842' title='bbox 2073 5791 2441 5859; x_wconf 83' lang='lat' dir='ltr'><strong>imperatores,</strong></span> <span class='ocrx_word' id='word_1_843' title='bbox 2466 5796 2523 5841; x_wconf 92' lang='lat' dir='ltr'><strong>ut</strong></span> <span class='ocrx_word' id='word_1_844' title='bbox 2551 5785 2789 5841; x_wconf 88' lang='lat' dir='ltr'><strong>ludorum</strong></span> <span class='ocrx_word' id='word_1_845' title='bbox 2812 5792 2861 5837; x_wconf 90' lang='lat' dir='ltr'><strong>et</strong></span> <span class='ocrx_word' id='word_1_846' title='bbox 2892 5792 3184 5850; x_wconf 83' lang='lat' dir='ltr'><strong>pugnarum</strong></span> <span class='ocrx_word' id='word_1_847' title='bbox 3211 5782 3535 5846; x_wconf 86' lang='lat' dir='ltr'><strong>spectatores</strong></span> <span class='ocrx_word' id='word_1_848' title='bbox 3558 5784 3640 5822; x_wconf 82' lang='lat' dir='ltr'><strong>es-</strong></span> 
     </span>
    </p>
   </div>
  </div>
