4054 6216
312 441 378 496 83
1051 440 1214 509 QUAE
1252 439 1316 496 LV
1354 437 1688 496 OPERIBUS
1723 436 2196 493 CI'IRYSOSTOMI
2236 437 2757 499 OBSERVANTUR.
3454 428 3527 485 N

305 560 437 615 sent,
465 556 521 602 et
545 553 667 602 ante
691 560 785 602 eos
809 543 901 615 qui
931 541 1178 598 certaturi
1205 546 1377 602 erant,
1407 549 1653 598 coronas,
1684 533 1863 589 brevia

300 653 351 696 et
392 642 705 697 vestimenta
757 636 951 706 exponi
998 634 1271 689 curabant.
1324 630 1378 683 ln
1430 626 1688 697 gymnicis
1738 640 1864 679 vero

300 731 671 785 certaminibus
698 729 928 783 victores
956 724 1039 779 vel
1067 723 1199 777 olea:
1227 720 1310 775 vel
1352 718 1486 772 lauri
1516 716 1679 771 ramis
1704 728 1862 769 coro-

298 824 575 875 nabantur.

360 913 457 978 Qui
488 913 541 965 in
572 908 886 982 spectaculis
911 902 1237 961 circensibus
1260 904 1565 962 currebant,
1593 906 1646 952 et
1666 910 1858 998 nomen

294 1010 345 1057 ct
384 1016 554 1072 genus
594 1011 649 1056 et
687 998 913 1070 patriam
956 1004 1010 1051 et
1037 992 1403 1049 educationem
1429 1002 1685 1058 equorum
1719 992 1857 1041 scie-

297 1094 432 1155 bant,
462 1100 519 1146 et
544 1105 701 1161 quam
729 1087 1004 1142 victoriam
1029 1081 1439 1153 reportavissent
1464 1077 1644 1150 (Temo
1665 1075 1853 1146 tertio).

291 1180 543 1236 Cursores
588 1190 763 1233 autem
811 1177 887 1231 illi
931 1178 1195 1230 circenses
1241 1171 1308 1225 ad
1345 1170 1517 1224 solum
1563 1168 1854 1238 Imperato-

289 1288 393 1327 rem
424 1270 798 1333 attendebant,
830 1268 1053 1321 aliorum
1077 1278 1208 1318 vero
1238 1262 1450 1332 plausus
1473 1274 1579 1313 non
1606 1259 1676 1312 ita
1700 1272 1854 1311 cura-

288 1362 426 1415 bant.
458 1359 628 1415 Tanta
669 1367 845 1413 autem
891 1364 1006 1413 erat
1050 1353 1229 1425 populi
1279 1350 1606 1420 frequentia,
1643 1358 1700 1403 ut
1747 1364 1850 1401 non

282 1453 454 1507 circus
476 1452 656 1518 modo,
679 1451 773 1505 sed
792 1450 951 1505 etiam
973 1448 1143 1503 vicina
1163 1443 1456 1509 ctenacula,
1478 1442 1686 1505 domus,
1708 1448 1851 1494 tecta

280 1544 667 1614 spectatoribus
710 1543 861 1611 plena
905 1546 1102 1595 essent.
1140 1536 1279 1591 Inter
1313 1542 1639 1605 spectatores
1672 1540 1847 1585 autem

279 1637 589 1690 meretrices
612 1644 762 1689 erant
789 1641 843 1687 et
871 1631 1018 1701 pueri
1045 1629 1251 1682 molles.

344 1727 658 1796 Agonaliam
682 1723 1029 1779 certaminum
1051 1726 1401 1788 spectatores,
1424 1714 1469 1769 si
1489 1712 1700 1784 quando
1720 1720 1849 1767 stre-

275 1832 436 1871 nuum
484 1815 739 1869 athletam
761 1813 871 1881 jam
898 1820 1205 1865 coronatum
1259 1805 1516 1861 accedere
1563 1802 1841 1868 viderent,

273 1922 459 1961 omnes
504 1903 881 1968 accurrebant,
921 1910 978 1954 nt
1006 1900 1119 1967 ejus
1162 1911 1398 1967 pugnas,
1437 1904 1635 1955 artem.
1683 1891 1845 1947 robur

268 2008 511 2067 spectare
552 2004 789 2067 possent.
823 1992 877 2045 ln
923 1989 1273 2060 hippodromo
1311 1993 1585 2041 currentes
1622 1983 1758 2037 inter
1783 1996 1843 2037 se

267 2100 483 2144 Strenue
516 2085 916 2145 concertabant,
954 2091 1007 2135 et
1029 2080 1117 2133 alii
1149 2079 1374 2131 aliorum
1400 2089 1589 2131 currus
1621 2074 1842 2128 subver-

268 2190 372 2235 tere
400 2180 754 2234 conabantur.
784 2175 894 2229 llac
915 2174 983 2228 de
1010 2187 1069 2227 re
1098 2170 1418 2241 singularem
1454 2182 1636 2222 casum
1681 2164 1842 2220 refert

266 2274 673 2343 Chrysostomus
702 2266 881 2337 (Tomo
926 2263 1242 2330 duodecimo)
1268 2278 1281 2314 :
1303 2258 1476 2314 Caedes
1496 2298 1511 2321 ,
1545 2257 1745 2327 inquit,
1786 2258 1838 2309 in

265 2361 595 2431 hippodromo
626 2358 734 2412 heri
762 2365 979 2420 patrata,
1005 2352 1247 2422 tragoedia
1276 2350 1447 2403 urbem
1476 2357 1630 2401 totam
1659 2347 1838 2416 imple-

263 2459 357 2515 rit,
389 2450 660 2505 mulierum
702 2449 878 2502 choros
907 2448 1093 2500 circum
1119 2443 1365 2505 attraxit,
1396 2444 1562 2511 forum
1606 2439 1836 2493 lamentis

264 2544 427 2595 multis
452 2542 658 2611 replevit
677 2582 692 2605 ,
719 2540 839 2592 dum
866 2538 908 2591 is
934 2537 1019 2607 qui
1052 2552 1083 2587 a
1109 2533 1338 2587 curribus
1379 2532 1450 2584 ita
1490 2529 1836 2583 miserabiliter

263 2636 555 2687 concisus’et
583 2632 860 2699 discerptus
885 2632 1072 2697 fuerat.
1105 2641 1193 2694 per
1218 2622 1439 2677 medium
1469 2626 1637 2691 forant
1670 2629 1836 2691 gesta-

262 2737 418 2780 retur.
453 2726 578 2791 ﬂic,
604 2734 656 2777 ut
696 2722 844 2786 novi,
884 2721 968 2790 qui
1009 2717 1249 2787 postridie
1278 2714 1531 2786 nuptiales
1558 2713 1829 2782 lampadas

257 2832 558 2869 accensum
581 2824 710 2879 erat,
736 2828 851 2866 cum
879 2810 1109 2881 apparati
1142 2806 1354 2861 thalami
1384 2814 1564 2872 essent,
1588 2813 1633 2858 et
1662 2804 1831 2857 omnia

258 2910 324 2961 ad
360 2910 559 2975 nuptias
596 2906 920 2964 concinnata,
953 2901 1043 2954 sub
1070 2898 1314 2969 praeconis
1357 2896 1533 2951 ordine
1574 2896 1627 2949 in
1665 2897 1830 2949 stadio

257 3002 419 3055 locum
446 2999 657 3059 habens,
682 3011 796 3048 cum
822 2994 958 3063 infra
986 2992 1235 3061 currer‘et,
1265 2986 1565 3041 instantibus
1599 2986 1791 3055 aurigis
1808 3025 1823 3050 ,

256 3107 305 3150 et
328 3102 497 3145 mutua
521 3086 919 3144 concertantibus
938 3124 953 3149 ,
977 3083 1169 3136 medius
1192 3081 1492 3147 interceptus
1512 3117 1527 3142 ,
1557 3078 1825 3131 violentam

255 3184 398 3235 illam
432 3192 478 3235 et
514 3178 847 3233 miserabilem
889 3183 1095 3230 mortem
1121 3172 1291 3238 subiit,
1320 3171 1484 3240 capite
1510 3177 1558 3224 et
1591 3176 1825 3224 extremis

259 3274 489 3328 membris
515 3272 770 3326 abscissis.

324 3366 422 3433 Qui
465 3373 645 3417 autem
690 3362 741 3414 in
790 3358 961 3413 stadio
1000 3356 1163 3411 multa
1197 3354 1411 3409 vulnera
1440 3360 1746 3423 acceperat,
1776 3352 1820 3408 si

260 3458 529 3511 victoriam
576 3454 878 3518 obtineret,
923 3465 1043 3505 cum
1094 3448 1278 3519 plausu
1324 3445 1540 3502 domum
1592 3444 1820 3502 deduce-

254 3547 405 3603 batur
432 3544 618 3617 (Tomo
645 3542 848 3614 primo).

840 3650 1093 3722 Olympici
1115 3649 1242 3705 ludi.

314 3812 591 3885 Olympico
631 3819 916 3863 certamina
965 3804 1327 3875 Chrysostomi
1376 3816 1491 3857 tero
1532 3801 1817 3857 admodum

244 3906 476 3973 riguisse
502 3901 768 3962 videntur,
798 3908 850 3951 et
870 3911 989 3950 cum
1012 3902 1265 3963 apparatu
1288 3895 1517 3947 maximo
1544 3894 1819 3962 pra-misso

244 3994 511 4048 celebrata
560 3991 722 4044 fuisse
752 3987 953 4057 (Tomo
991 3983 1199 4054 tertio).
1231 3982 1294 4037 In
1350 3982 1625 4054 Olympicis
1686 3984 1817 4036 enim

240 4084 634 4149 certaminibus,
674 4081 843 4150 inquit
887 4079 1011 4143 ille,
1055 4086 1165 4147 post
1210 4076 1413 4146 triginta
1452 4076 1557 4129 dies
1599 4075 1652 4129 in
1696 4075 1817 4129 urbe

240 4183 542 4235 transactos,
571 4173 622 4224 in
649 4168 941 4224 suburbium
968 4168 1082 4220 illos
1111 4165 1311 4220 eductos
1348 4166 1743 4227 circumvehunt,
1770 4174 1816 4218 et

239 4277 343 4318 toto
366 4266 567 4319 sedente
591 4263 785 4315 theatro
811 4259 995 4313 clamat
1024 4273 1188 4326 prteco
1212 4272 1231 4310 :
1261 4255 1401 4309 Num
1437 4257 1546 4326 quis
1572 4257 1704 4310 hunc
1724 4272 1814 4309 ac-

241 4366 382 4408 cusat
395 4356 422 4408 ?
437 4352 521 4407 Ita
537 4364 590 4406 ut
612 4352 747 4406 omni
760 4350 952 4404 servilis
967 4347 1266 4401 conditionis
1281 4347 1563 4415 suspicione
1577 4347 1810 4415 depulsa,

242 4449 291 4498 in
320 4445 594 4499 certamina
620 4442 791 4510 pedem
815 4441 1018 4509 inferat.
1045 4438 1174 4491 Rem
1202 4437 1396 4491 clarius
1420 4436 1544 4491 alibi
1580 4453 1644 4491 ex
1657 4438 1815 4505 plicat

245 4535 333 4602 (Τ.
362 4534 683 4597 duodecimo)
712 4572 724 4584 .
744 4528 809 4583 In
826 4528 1103 4598 Olympicis
1136 4527 1484 4580 certaminibus
1517 4536 1615 4579 stat
1648 4542 1814 4595 praeco

243 4642 425 4697 magna
462 4639 580 4678 socc
617 4623 841 4675 clamans
866 4634 885 4671 :
906 4616 1168 4683 Numquid
1210 4617 1391 4685 aliquis
1431 4632 1542 4670 eum
1571 4625 1808 4682 accusat,

242 4720 369 4771 sitne
392 4732 582 4779 smus,
613 4722 699 4766 aut
729 4713 832 4779 fur,
858 4720 944 4763 aut
965 4710 1112 4762 malis
1137 4707 1396 4761 moribus?

313 4806 705 4878 Olympicorum
739 4800 985 4855 ludorum
1009 4798 1222 4853 athlcttc
1254 4798 1304 4851 in
1334 4797 1539 4852 theatro
1559 4797 1684 4851 nudi
1707 4805 1813 4852 sta-

248 4898 397 4959 bant,
430 4894 591 4949 radiis
616 4891 874 4947 solarihus
903 4889 1125 4957 expositi
1160 4888 1179 4957 (
1204 4887 1358 4941 Temo
1386 4888 1547 4956 primo
1581 4900 1627 4941 et
1654 4887 1811 4942 Tomo

243 4988 445 5058 tertio).
489 4985 829 5056 Spectatores
870 4990 1044 5034 autem
1087 4995 1117 5033 a
1158 4980 1329 5033 ntetlia
1378 4989 1533 5033 nocte
1557 4976 1623 5033 ad
1648 4980 1810 5033 meri-

242 5079 383 5132 diem
425 5074 695 5136 sedebant,
719 5081 773 5125 ut
802 5070 1046 5123 viderent
1072 5068 1155 5123 cui
1176 5083 1368 5122 corona
1395 5082 1608 5122 cessura
1646 5078 1806 5122 esset.

245 5168 434 5221 Nonne
456 5165 629 5219 videtis
655 5204 670 5229 ,
714 5161 886 5230 inquit
914 5158 1095 5229 (Tanto
1121 5156 1325 5228 primo),
1348 5158 1398 5211 in
1425 5158 1702 5228 Olympicis
1729 5173 1833 5210 cer.

244 5260 514 5313 taminibus
532 5297 547 5320 ,
576 5256 697 5309 dum
725 5253 890 5322 capite
916 5267 1150 5305 coronam
1172 5260 1391 5319 gestans,
1424 5250 1636 5303 amictus
1658 5248 1807 5314 stola,

240 5354 432 5420 virgam
447 5366 601 5403 manu
623 5358 794 5402 tenens
813 5344 1110 5415 agonotheta
1132 5359 1220 5410 per
1239 5344 1404 5412 forum
1414 5342 1600 5396 incedit
1608 5350 1811 5407 ,quanta

243 5440 666 5512 siltranquillitas
685 5446 733 5490 et
756 5434 1027 5498 modestia,
1052 5433 1172 5485 dum
1210 5448 1373 5501 prch
1401 5446 1517 5484 voce
1550 5430 1809 5483 denuntiat

240 5542 488 5587 atomnes
516 5533 697 5585 sileant
722 5544 784 5580 ac
813 5526 1043 5580 decenter
1066 5524 1339 5595 quiescant.

301 5625 385 5680 Ει
418 5621 808 5694 spectatoribus
835 5632 961 5671 vero
996 5616 1086 5670 alii
1131 5616 1251 5669 aliis
1293 5614 1505 5669 athletis
1535 5612 1807 5677 favebant,

230 5730 287 5771 nt
314 5718 371 5772 in
401 5716 511 5786 pari
538 5728 666 5769 casu
695 5710 1004 5777 contingere
1027 5707 1160 5761 solet
1187 5707 1207 5773 (
1234 5705 1392 5759 Tomo
1423 5705 1586 5774 primo
1605 5703 1644 5774 ).
1677 5703 1810 5757 Tota

229 5820 411 5863 autem
442 5817 598 5862 nocte
641 5815 822 5873 prteco
847 5798 1128 5854 admodum
1156 5796 1416 5851 sollicitus
1442 5803 1576 5862 erat,
1601 5808 1667 5847 ne
1689 5794 1808 5863 quis

1972 548 2036 588 ex
2067 538 2390 592 certantibus
2418 555 2690 609 egressus,
2732 545 2979 602 indecore
3012 563 3071 603 se
3107 560 3332 620 gereret.
3371 553 3532 625 Magi-

1970 634 2070 679 ster
2105 642 2219 682 vero
2265 630 2408 697 ludi,
2456 633 2623 702 inquit
2649 634 2845 706 (Tomo
2893 641 3169 710 secundo),
3208 644 3333 711 foris
3362 647 3531 698 consi-

1969 717 2111 781 dens,
2138 722 2443 776 sermonibus
2468 723 2615 790 affert
2639 727 2904 795 auxilium,
2937 739 3235 800 eatenusque
3272 733 3534 788 dumtaxat

1968 815 2236 860 certantem
2252 812 2398 879 juvat
2416 854 2429 876 ,
2462 825 2701 880 quatenus
2727 819 3169 874 acclamationibus
3198 825 3533 879 sermonibus-

1964 912 2060 964 que
2078 898 2207 951 valet
2229 914 2248 952 :
2280 917 2436 971 neque
2467 907 2597 958 enim
2624 908 2728 960 ulla
2759 911 2802 961 ei
2836 910 2943 978 lege
2980 914 3283 982 permittitur
3325 918 3530 987 propius

1963 987 2196 1041 assistere
2224 1000 2269 1042 et
2293 994 2730 1065 manibusjuvare.
2758 998 2822 1052 In
2856 1000 3133 1071 Olympicis
3153 1007 3525 1071 certaminibus,

1961 1076 2034 1130 ait
2064 1078 2185 1143 ille,
2212 1079 2442 1147 luctator,
2486 1087 2659 1154 pugil,
2702 1093 3042 1156 pancratiasta
3076 1093 3281 1147 diversis
3326 1097 3525 1165 quidem

1961 1169 2262 1236 temporibus
2278 1181 2525 1226 certamen
2541 1178 2769 1240 subeunt,
2792 1181 2878 1231 sed
2896 1196 2995 1233 uno
3018 1184 3253 1252 temporis
3276 1198 3525 1238 momento

1958 1261 2043 1326 qui
2071 1276 2371 1332 superarunt
2396 1282 2565 1321 omnes
2594 1284 2625 1320 α
2649 1286 2876 1338 praecone
2902 1273 3107 1327 victores
3136 1278 3525 1345 pronuntiantur

1960 1348 2148 1418 (Tanto
2171 1355 2313 1407 tertio
2322 1355 2360 1424 λ

2407 1490 2731 1547 Theatrorum
2758 1498 3059 1565 spectacula.

2028 1613 2090 1668 In
2116 1617 2339 1684 theatro,
2371 1622 2534 1690 inquit
2566 1624 2583 1693 (
2613 1625 2767 1680 Temo
2795 1629 3065 1697 septimo),
3093 1632 3336 1685 velamina
3362 1637 3518 1688 multa

1951 1715 2099 1769 sunt,
2138 1710 2379 1778 multique
2416 1716 2598 1768 scenici
2637 1718 2848 1787 ingressi
2876 1719 3219 1775 histrionicum
3251 1724 3439 1778 larvam
3466 1727 3517 1779 iu

1950 1798 2090 1849 uultu
2134 1799 2336 1868 habent,
2382 1814 2592 1858 veterem
2622 1807 2849 1878 fabulam
2888 1819 3125 1875 tractant,
3153 1830 3327 1884 resque
3353 1828 3517 1886 gestas

1947 1901 2189 1957 narrant,
2236 1903 2284 1947 et
2325 1896 2456 1951 alius
2496 1898 2695 1967 quidem
2741 1901 3095 1972 philosophum
3121 1906 3246 1976 agit,
3275 1908 3406 1962 alius
3431 1925 3512 1963 re-

1946 1996 2078 2049 gem,
2106 1992 2209 2037 etc.

2016 2072 2208 2127 Contra
2238 2074 2512 2132 theatralia
2540 2094 2666 2135 vero
2695 2082 2993 2152 spectacula
3035 2093 3291 2155 perpetuo
3331 2086 3510 2143 decla-

1945 2170 2052 2216 mat
2074 2164 2515 2236 Chrysostomus;
2539 2179 2594 2226 ct
2621 2171 2742 2241 jure
2781 2173 3030 2243 quidem,
3067 2191 3169 2229 non
3193 2176 3350 2231 modo
3388 2180 3509 2247 quia

1944 2252 2231 2309 theatrales
2261 2272 2437 2313 scena:
2465 2274 2559 2341 pqr
2584 2277 2645 2316 se
2662 2261 2995 2330 juventutem
3021 2264 3087 2320 ad
3110 2266 3322 2321 mollem
3349 2269 3507 2323 vitam

1941 2351 1994 2395 et
2021 2344 2305 2402 dissolutos
2332 2364 2506 2405 mores
2534 2353 2803 2408 attrahere
2831 2354 3036 2423 solent,
3067 2356 3162 2411 sed
3199 2360 3356 2413 etiam
3387 2360 3507 2431 quia

1943 2441 2065 2489 tunc
2096 2440 2350 2506 temporis
2376 2441 2519 2496 nulla
2546 2443 2597 2497 in
2625 2443 2846 2501 theatris
2871 2456 2985 2501 erat
3011 2446 3226 2518 pudoris
3254 2463 3381 2505 cura
3403 2491 3417 2515 ,
3450 2460 3509 2505 ut

1939 2539 2059 2577 mox
2094 2527 2374 2584 videbitur.

2007 2615 2150 2670 Atius
2167 2618 2365 2685 juvenis
2407 2639 2517 2675 cum
2564 2626 2656 2688 sit,
2680 2626 2752 2681 ait
2784 2626 2870 2682 ille
2904 2628 2921 2698 (
2945 2628 3099 2683 Tanto
3125 2630 3396 2701 septimo),
3420 2649 3505 2686 co-

1936 2719 2069 2757 mam
2091 2718 2220 2760 retro
2250 2712 2504 2765 reductam
2536 2714 2702 2778 habet,
2728 2726 2774 2769 et
2799 2726 3036 2770 naturam
3060 2719 3223 2787 ipsum
3246 2719 3504 2786 e/I'eminat

1934 2807 2156 2863 aspectu,
2181 2799 2373 2864 habitu,
2404 2803 2724 2870 vestimentis,
2753 2804 2952 2858 demum
2970 2808 3223 2870 omnibus,
3249 2811 3499 2878 formant-

1931 2899 2028 2953 que
2054 2896 2230 2941 (euerte
2256 2891 2436 2959 puellm
2463 2890 2685 2957 affectat.
2718 2895 2860 2947 Alius
2885 2910 2997 2949 vero
3025 2912 3176 2950 senex
3194 2914 3221 2950 e
3246 2901 3500 2951 contrario

1932 2975 2130 3044 Capi/lis
2158 2980 2401 3033 novacula
2429 2981 2641 3047 abrasis,
2669 2985 2870 3037 renibus
2894 2988 3206 3054 succinctus,
3236 3000 3500 3059 postquam

1932 3066 2173 3134 pudorem
2202 3079 2318 3122 ante
2344 3072 2555 3139 capillos
2579 3074 2809 3139 succidit,
2842 3083 2938 3127 stat
2962 3076 3029 3127 ad
3049 3075 3229 3146 alapas
3249 3080 3499 3148 accipien-

1929 3157 2040 3221 das,
2066 3168 2112 3211 et
2132 3160 2197 3211 ad
2217 3162 2384 3214 omnia
2412 3162 2624 3216 dicenda
2644 3165 2973 3235 faciendoque
2998 3176 3225 3236 paratus.
3259 3168 3498 3223 Mulieres

1927 3258 2091 3300 autem
2121 3251 2255 3304 nudo
2283 3253 2446 3321 capite
2465 3296 2480 3320 ,
2509 3256 2643 3308 onmi
2675 3256 2823 3309 misso
2851 3257 3060 3322 rubore,
3089 3268 3224 3311 stant
3254 3262 3496 3329 papulum

1926 3339 2250 3412 altaquentes,
2291 3351 2482 3397 tantum
2522 3345 2748 3399 videlicet
2791 3346 3115 3416 impudentia
3150 3351 3369 3403 studium
3397 3350 3495 3404 Ita-

1924 3427 2112 3496 beutes,
2139 3447 2431 3503 omnemque
2458 3437 2787 3505 petulantiam
2806 3448 2853 3492 et
2870 3440 3125 3493 lasciviam
3141 3441 3191 3494 in
3209 3442 3495 3497 auditorum

1924 3519 2119 3574 animos
2162 3521 2501 3593 infundentes.
2550 3524 2693 3580 Illud
2736 3544 2893 3581 unum
2934 3530 3154 3584 studium
3193 3531 3408 3596 habent,
3438 3544 3493 3587 ut

1924 3610 2199 3664 castitatem
2220 3629 2413 3666 omnem
2434 3616 2673 3671 radicitus
2694 3619 2924 3679 evellant.
2950 3630 3180 3674 naturam
3205 3622 3488 3693 deturpent,

1924 3700 2046 3753 mali
2073 3701 2316 3756 dwmonis
2340 3708 2789 3773 concupiscentiam
2810 3709 3063 3778 expleant.
3089 3709 3226 3765 Nam
3246 3712 3325 3765 hic
3345 3715 3491 3768 verba

1922 3792 2171 3856 obscaena,
2195 3794 2392 3848 habitus
2421 3797 2643 3863 ridiculi,
2668 3809 2874 3853 tonsura
2899 3801 3099 3867 similis,
3132 3804 3370 3868 incessus,
3404 3822 3487 3860 ve-

1921 3883 2086 3945 stitus,
2116 3899 2231 3949 vos,
2260 3887 2590 3940 membrorum
2611 3888 2863 3955 mollities,
2886 3892 3143 3946 oculorum
3167 3894 3485 3959 iuversiones,

1920 3971 2106 4039 ﬁstula:
2123 4014 2139 4037 ,
2167 3974 2328 4040 tibiae,
2357 3976 2587 4030 dramata
2607 4019 2621 4044 ,
2651 3990 2971 4051 argumenta,
3003 3983 3266 4051 omniaque
3291 3984 3489 4038 demum

1921 4072 2153 4117 extrema:
2176 4065 2391 4120 lascivia
2416 4069 2562 4136 plena
2586 4078 2723 4122 sunt.

1992 4155 2049 4208 In
2080 4155 2286 4212 theatro
2321 4158 2457 4214 vides
2482 4160 2736 4213 mulierem
2771 4161 2905 4215 nudo
2952 4163 3114 4231 capite
3158 4178 3272 4217 cum
3320 4165 3486 4233 impu-

1919 4245 2088 4300 dentia
2113 4264 2296 4320 magna
2342 4249 2636 4315 intrantem,
2673 4253 2837 4305 aureis
2883 4254 3109 4306 indutaut
3160 4257 3486 4322 vestimentis,

1918 4339 2133 4392 delicato
2187 4339 2423 4411 mollique
2457 4358 2629 4413 gressu
2673 4354 2887 4398 utentem
2907 4386 2922 4409 ,
2975 4347 3170 4400 cantica
3212 4351 3487 4402 meretricia

1920 4439 2213 4497 canentem,
2239 4434 2464 4487 carmina
2513 4435 2701 4489 lubrica
2719 4477 2734 4501 ,
2772 4438 2940 4508 turpia
2967 4439 3113 4493 verba
3156 4446 3488 4509 proferentcm

1920 4520 2101 4591 (Temo
2127 4523 2311 4595 sexto).

1986 4615 2151 4671 Nuda:
2175 4617 2332 4671 etiam
2364 4619 2611 4674 mulieres
2656 4621 2706 4674 in
2746 4620 2963 4675 theatris
3007 4620 3383 4689 comparebant
3433 4633 3485 4678 et

1917 4707 2201 4776 aliquando
2227 4717 2472 4765 natantes
2515 4711 2533 4781 (
2558 4711 2717 4765 Tomo
2743 4714 2953 4779 septimo
2974 4714 2992 4782 )
3015 4729 3027 4767 :
3055 4714 3346 4785 puellisque
3385 4717 3492 4772 sal-

1920 4810 2093 4855 tantes
2115 4801 2308 4857 ibidem
2341 4803 2643 4858 visebantur
2664 4803 2930 4876 (Ibidem).

2522 4915 2851 4971 Funambuli.

1990 5018 2295 5074 Funambuli
2321 5021 2403 5089 qui
2440 5037 2526 5089 per
2555 5023 2724 5091 funem
2771 5021 2833 5074 ab
2876 5022 2976 5074 imo
3012 5024 3064 5077 in
3091 5024 3249 5078 altum
3296 5038 3486 5079 tensum

1916 5112 2182 5165 ascendere
2204 5127 2263 5163 ac
2292 5112 2587 5165 descendere
2632 5112 2955 5178 meditantur,
2987 5115 3031 5167 si
3079 5116 3345 5184 paululum
3388 5115 3481 5166 de-

1916 5201 2160 5269 ﬂexerunt
2181 5202 2337 5255 oculis
2361 5242 2374 5262 ,
2406 5203 2600 5256 inverso
2626 5218 2834 5272 corpore
2871 5205 3161 5274 deferuntur
3205 5206 3257 5257 in
3308 5204 3482 5256 orche-

1918 5302 2070 5344 stram
2092 5302 2393 5363 pereuntque
2422 5292 2603 5362 (Temo
2626 5296 2807 5364 sexto).

1988 5380 2297 5435 Funambuli
2337 5399 2424 5452 per
2460 5385 2629 5452 funem
2664 5394 2917 5439 extensum
2962 5383 3172 5452 ingressi
3223 5392 3270 5437 et
3309 5382 3483 5435 ambu-

1919 5472 2106 5539 lantes,
2155 5490 2209 5528 se
2252 5473 2522 5527 induebant
2564 5483 2611 5527 et
2650 5476 2921 5539 exuebant,
2969 5483 3224 5541 tamquam
3261 5474 3312 5526 iu
3358 5472 3484 5527 lecto

1917 5566 2159 5631 sedentes,
2191 5575 2293 5620 etc.
2320 5564 2504 5633 (Tanto
2530 5565 2746 5618 secunda
2774 5573 2821 5619 et
2846 5563 3005 5617 Tomo
3033 5561 3374 5634 duodecimo).

2530 5675 2882 5729 Circulatores.

1994 5790 2057 5843 lu
2083 5789 2332 5842 orchestra
2352 5786 2553 5855 quidam
2587 5786 2812 5839 membris
2829 5795 2889 5839 ut
2909 5786 3002 5841 alis
3026 5787 3288 5840 utebantur
3302 5784 3481 5855 (Temo
