4058 6218
466 411 535 465 35
1768 386 2102 445 svuorsxs
2141 390 2374 447 eorum
3529 422 3534 429 .
3644 398 3714 458 εδ

468 522 755 590 secundo):
789 518 994 590 quidam
1040 516 1093 569 in
1136 510 1267 583 facie
1334 516 1532 564 contum
1584 505 1933 576 imponebant,
1991 510 2037 556 et

470 632 593 686 puer
637 625 781 668 conto
817 586 1076 680 impositus
1115 609 1400 660 innumeros
1443 609 1606 655 motus
1654 598 1829 668 agebat
1858 596 2036 668 (Tomo

468 707 685 763 secundo
714 715 757 759 et
798 703 951 756 Tomo
980 699 1272 754 duodecimo
1293 696 1333 765 ).

543 796 759 862 Quidam
783 794 1022 865 perticam
1045 792 1099 843 in
1143 790 1308 857 fronte
1345 792 1592 851 gestantes
1644 782 1772 836 velut
1809 780 2037 834 arborem

469 890 521 941 in
544 898 675 941 terra
705 886 1009 946 radicatam,
1032 881 1106 934 sic
1130 881 1386 931 immotam
1434 881 1743 929 conservant.
1784 870 1958 940 Neque
1986 871 2038 923 id

470 980 633 1030 solum
658 972 885 1028 mirabile
912 980 983 1024 est
1006 1011 1019 1035 ,
1039 968 1126 1022 sed
1154 966 1287 1037 quod
1313 965 1462 1018 etiam
1491 960 1725 1033 puerulos
1770 977 1949 1031 parvos
1986 960 2039 1013 in

469 1084 663 1120 summo
689 1066 825 1134 ligno
851 1064 979 1115 inter
1006 1076 1060 1113 se
1098 1065 1383 1111 concertare
1402 1060 1608 1107 curent:
1628 1068 1688 1104 ac
1731 1066 1885 1119 neque
1926 1066 2038 1101 ma-

470 1172 563 1209 nus
580 1198 592 1218 ,
612 1169 766 1223 neque
804 1153 907 1204 alia
934 1149 1158 1220 corporis
1204 1162 1322 1216 pars
1340 1185 1355 1211 ,
1378 1142 1464 1198 sed
1502 1145 1642 1213 frons
1662 1142 1771 1195 sola
1800 1141 2039 1210 perticam

467 1246 609 1299 illam
636 1245 760 1315 gerit
785 1244 1151 1296 inconcussam.

538 1336 762 1402 Quidam
788 1342 940 1388 erant
967 1331 1054 1400 qui
1086 1330 1269 1383 clavos
1305 1324 1643 1380 acutissimos
1682 1322 2035 1392 deglutirent,

468 1428 558 1496 qui
612 1427 821 1481 calceos
900 1421 1213 1477 manderent
1259 1427 1313 1473 et
1350 1418 1665 1471 devorarent
1710 1413 1905 1482 (Tomo
1953 1429 2038 1468 se-

468 1518 697 1570 eundo).

544 1518 633 1570 mdo
688 1555 697 1569 .

544 1515 709 1661 Erabt
750 1606 836 1675 qui
883 1601 1197 1657 hirundines
1248 1596 1687 1660 circun'il‘errent,
1734 1602 1787 1648 et
1826 1592 2043 1660 fuligine

470 1699 679 1755 obducti
701 1740 715 1764 ,
745 1696 1022 1752 maledicta
1068 1695 1118 1747 in
1167 1705 1353 1746 omnes
1383 1688 1677 1759 proferrent
1709 1685 1902 1755 (Tomo
1929 1698 2047 1752 sep-

471 1793 591 1844 timo
610 1792 649 1860 ).

542 1882 707 1935 Erant
736 1879 948 1950 quidam
971 1876 1242 1931 moriones
1261 1914 1275 1940 ,
1304 1873 1392 1942 qui
1419 1870 1682 1925 Cordaees
1698 1867 2040 1931 vocabantur,

470 1973 665 2041 quique
706 1980 760 2024 ut
794 1971 959 2023 risum
986 1974 1262 2021 moverent
1307 1962 1436 2017 nihil
1462 1977 1565 2015 non
1596 1960 1821 2030 agebant
1853 1957 2043 2025 (Tomo

470 2062 730 2115 undecimo

592 2152 671 2206 De
696 2151 1025 2206 tribunalibus
1049 2159 1096 2205 et
1134 2149 1195 2203 de
1224 2146 1431 2218 judiciis
1450 2154 1600 2215 atque
1625 2143 1906 2213 suppliciis.

540 2241 727 2296 Iudice
759 2243 1041 2312 prodituro,
1073 2250 1127 2293 ut
1158 2240 1209 2292 in
1235 2237 1426 2292 excelso
1450 2235 1689 2321 tﬁbunali
1715 2234 1901 2297 sedeat,
1924 2246 2041 2284 car-

470 2334 597 2387 ceris
626 2336 884 2397 custodes,
915 2334 1134 2385 detentos
1173 2345 1342 2383 omnes
1380 2329 1581 2381 eductos
1607 2325 1860 2379 domicilio
1883 2364 1898 2387 ,
1929 2332 2044 2376 ante

473 2429 721 2484 cancellos
749 2438 793 2482 et
822 2426 1083 2480 tribunalis
1129 2423 1240 2478 vela
1284 2420 1560 2483 collocant,
1601 2417 1859 2485 squalidos
1882 2457 1895 2481 ,
1928 2431 2041 2469 sor-

472 2523 641 2575 dentes
661 2562 674 2587 ,
700 2521 858 2590 passis
884 2518 1082 2588 capillis
1100 2558 1115 2584 ,
1146 2515 1314 2570 scissis
1353 2511 1531 2581 pannis
1566 2511 1793 2575 indutos,
1817 2516 1920 2562 etc.
1953 2505 2035 2576 (Τ.

472 2614 551 2682 pri
556 2629 632 2666 mc
643 2615 659 2681 )
670 2651 682 2663 .

538 2702 836 2758 Sceleribus
858 2700 1069 2755 obnoxii
1116 2707 1169 2753 et
1195 2694 1427 2752 damnati
1482 2692 1548 2747 ad
1599 2700 1823 2745 mortem
1876 2690 2043 2746 duce-

472 2787 685 2852 bantur,
711 2785 837 2840 fune
854 2786 919 2839 ad
948 2799 1006 2838 os
1028 2784 1238 2852 alligato
1255 2780 1301 2849 (ι
1310 2777 1517 2845 bidem).
1544 2775 1642 2847 (De
1661 2773 1942 2830 Theodoro
1958 2777 2041 2843 agi

474 2886 705 2945 putatur,
734 2874 823 2944 qui
864 2873 1194 2944 tyrannidem
1216 2866 1586 2938 alfectavcrat.)

543 2965 854 3020 Testamenta
886 2964 1162 3033 tabulaeque
1204 2962 1266 3015 de
1308 2960 1530 3028 nuptiis,
1559 2957 1621 3012 de
1664 2958 1841 3011 debitis
1887 2956 2045 3025 deque

469 3058 653 3110 relictis
678 3057 1013 3109 contractibus
1031 3096 1044 3119 ,
1076 3055 1172 3107 nisi
1198 3054 1249 3106 in
1276 3050 1590 3120 frontispicio
1630 3049 1903 3103 Consulatu
1944 3064 2041 3100 an-

470 3166 561 3202 nos
591 3150 804 3201 habeant
829 3149 1176 3216 ;irwsci'iptos,
1228 3143 1421 3197 nullam
1465 3159 1528 3196 ea:
1570 3158 1678 3195 sese
1720 3142 1816 3195 vim
1859 3141 2042 3194 habent

470 3237 654 3308 (Tomo
692 3239 873 3307 sexto).

542 3328 708 3383 Usura
748 3327 1036 3382 centesima
1078 3342 1105 3378 a
1158 3325 1536 3396 Chrysostomo
1564 3334 1908 3389 memoratur,
1937 3339 2038 3394 qua

470 3421 521 3473 in
550 3418 721 3473 fmnus
748 3417 1073 3486 accipiebant
1091 3459 1105 3484 ,
1134 3417 1217 3469 illa
1241 3416 1544 3470 conditione
1569 3424 1625 3469 ut
1651 3414 1869 3484 singulis
1891 3429 2040 3469 men-

468 3513 618 3566 sibus
665 3510 1007 3565 centesimam
1049 3517 1255 3579 partem
1293 3507 1595 3573 solverent,
1630 3508 1699 3560 ita
1729 3517 1786 3560 ut
1827 3516 2037 3561 centum

467 3603 667 3656 exactis
698 3601 967 3657 mensibus
992 3615 1111 3656 sors
1137 3608 1435 3669 tequaretur
1458 3598 1643 3670 (Tomo
1664 3598 1915 3669 septimo).

466 3692 547 3748 De
587 3695 807 3764 nuptiis,
839 3696 939 3748 sive
968 3696 1028 3748 de
1057 3696 1231 3747 ritibus
1262 3694 1336 3746 vel
1379 3692 1604 3762 profanis
1641 3692 1715 3744 vel
1756 3690 1942 3744 illicitis
1986 3691 2039 3743 in

1030 3787 1231 3857 nuptias
1251 3785 1472 3838 invectis.

538 3876 740 3930 Nostra:
765 3878 927 3931 aetatis
954 3878 1176 3931 homines
1196 3877 1246 3930 in
1272 3876 1455 3945 nuptiis
1478 3876 1689 3946 hymnos
1718 3875 1768 3927 in
1805 3874 2039 3928 Venerem

464 3968 698 4021 saltando
719 3978 905 4022 canunt
934 3980 980 4023 et
1007 3969 1256 4023 adulteria
1286 3970 1444 4022 multa
1464 4010 1478 4033 ,
1507 3978 1551 4021 et
1586 3969 1878 4036 nuptiarum
1927 3969 2036 4022 vio-

466 4059 705 4121 lationes,
730 4070 776 4111 et
815 4060 1099 4129 illegitimos
1145 4076 1373 4123 amores,
1405 4060 1700 4127 illicitosque
1747 4060 1906 4112 coitus
1929 4100 1942 4123 ,
1992 4068 2038 4112 et

466 4148 571 4201 alia
624 4150 843 4218 plurima
889 4151 1160 4219 impietatis
1212 4160 1257 4204 et
1296 4150 1583 4221 ignominice
1611 4151 1804 4203 cantica
1834 4152 1852 4209 ί
1878 4149 2037 4204 Tento

464 4238 611 4290 tertio
631 4237 671 4307 ).

537 4327 593 4381 In
621 4326 687 4381 iis
715 4341 832 4397 quae
860 4329 1069 4398 nuptias
1088 4329 1472 4385 contrahebant
1498 4330 1673 4384 fucum
1692 4340 1747 4387 et
1776 4334 2036 4403 pigmenta

464 4418 730 4490 superﬂua
784 4420 885 4475 alia
939 4421 1322 4476 adhibebantur
1361 4422 1544 4492 (Tomo
1571 4424 1804 4493 decimo).
1833 4425 2035 4493 Sponsa

464 4529 593 4569 vero
617 4529 647 4567 a
676 4514 801 4569 viris
832 4514 992 4570 ebriis
1033 4530 1127 4584 per
1153 4515 1336 4570 urbem
1378 4527 1430 4572 et
1457 4517 1625 4571 forum
1677 4519 1836 4573 etiam
1879 4529 2033 4572 noctu

466 4604 826 4657 adducebatur
841 4619 958 4657 cum
992 4607 1210 4673 impuris
1227 4608 1444 4661 canticis
1461 4617 1511 4661 et
1528 4609 1836 4677 symphonia
1857 4609 2036 4680 (Tomo

465 4692 728 4747 undecimo
757 4692 799 4763 ).
848 4694 1153 4750 Meretrices
1201 4697 1358 4750 etiam
1394 4698 1783 4753 advocabuntur
1825 4701 1889 4754 ad
1938 4718 2036 4755 nu-

466 4781 634 4848 ptias;
693 4783 921 4852 itemque
979 4786 1149 4851 tibiae,
1197 4788 1433 4857 cymbala
1489 4798 1542 4843 et
1600 4790 2036 4861 ehorca:(Tomo

466 4870 649 4942 primo)
660 4910 672 4923 .

464 4958 779 5032 Prwstigice,
832 4964 1228 5032 incantationes,
1291 4968 1562 5039 ligamina,
1636 4974 2032 5042 superstitiones.

535 5052 617 5108 Ex
661 5053 1097 5123 frequentissimis
1135 5057 1500 5129 Chrysostomi
1544 5062 1696 5117 dictis
1736 5074 1790 5118 et
1824 5066 2037 5120 monitis

465 5145 637 5212 palam
678 5156 759 5199 cst
789 5147 966 5200 omnia
994 5147 1378 5217 prtestigiarum
1424 5167 1616 5220 genera
1667 5153 1950 5208 admodum
1982 5156 2033 5209 in

465 5252 562 5291 usu
591 5236 752 5291 fuisse
778 5253 890 5290 sevo
915 5254 1011 5292 suo
1043 5248 1150 5293 tum
1174 5242 1465 5297 Antiochia:
1507 5253 1619 5296 tum
1668 5246 2037 5301 Constantino-

464 5329 606 5397 poli,
637 5345 755 5399 qua:
788 5329 867 5383 his
897 5331 1071 5385 verbis
1113 5341 1357 5387 recenset
1384 5335 1471 5387 ille
1497 5334 1690 5389 Hornil.
1738 5336 1942 5390 decima
1982 5339 2034 5393 in

464 5422 749 5490 Epistulam
789 5424 838 5476 1.
868 5423 934 5477 ad
961 5424 1324 5479 Timotheum:
1353 5425 1467 5479 Alia
1489 5427 1619 5478 enim
1644 5427 1781 5481 mitto
1802 5429 2036 5499 lacryinis

464 5513 652 5582 digna,
683 5524 735 5566 ut
773 5517 985 5584 auguria
1004 5557 1019 5581 ,
1050 5515 1283 5569 vaticinia
1303 5554 1318 5578 ,
1361 5516 1725 5570 observationes
1744 5559 1759 5580 ,
1798 5535 1997 5587 geneses
2018 5560 2033 5584 ,

463 5603 722 5673 symbolo,
760 5605 1031 5673 ligamina,
1077 5606 1436 5671 divinationes,
1488 5607 1877 5675 incantationes,
1922 5626 2035 5662 nta-

464 5695 600 5763 gicas
632 5703 763 5747 artes
791 5692 969 5761 (Tomo
998 5697 1304 5767 undecimo).

534 5784 975 5843 incantationibus
998 5799 1051 5844 et
1073 5788 1405 5859 ligaminibus
1430 5800 1550 5846 tunc
1579 5793 1725 5848 multi
1754 5794 2034 5852 utebantur

2144 502 2230 555 adt
2256 503 2470 559 morbos
2510 505 2773 561 curandos
2805 507 2823 577 (
2853 505 3008 573 Tanto
3029 508 3190 578 primo
3211 507 3249 577 ).
3275 510 3351 564 De
3398 510 3711 580 quibusdam

2143 603 2300 658 etiam
2329 606 2437 675 agit
2462 605 2871 675 Chrysostomus
2907 606 3086 677 (Tomo
3117 606 3433 676 undecimo),
3461 609 3548 679 qui
3587 625 3707 664 car-

2143 693 2285 747 mina
2311 705 2363 749 et
2382 695 2635 764 ligaturas
2662 697 2983 767 usurpabant
3019 697 3085 751 ad
3115 698 3327 751 tutelam
3349 740 3364 764 ,
3388 701 3583 769 quique
3623 716 3716 755 au-

2144 801 2233 840 rea
2258 787 2544 842 Alexandri
2579 790 2892 843 numismata
2928 790 3085 859 capiti
3118 790 3198 844 vel
3227 790 3448 859 pedibus
3490 792 3714 847 circum-

2144 876 2373 946 ligabant
2387 878 2566 947 (Tomo
2584 877 2847 950 secundo).
2868 878 3033 934 Erant
3052 879 3210 934 etiam
3232 881 3319 950 qui
3341 880 3408 934 ad
3430 897 3712 950 puerorum

2144 968 2361 1023 tutelam
2415 969 2694 1039 ligamina,
2737 969 3056 1038 crepitacula
3101 978 3154 1023 et
3191 970 3420 1024 stamina
3466 972 3713 1026 coccinea

2145 1061 2386 1116 manibus
2423 1062 2656 1130 ipsorum
2684 1062 3044 1131 appenderent
3075 1060 3256 1133 (Tomo
3283 1062 3522 1130 decimo).
3556 1065 3712 1119 Aliud

2145 1151 2338 1206 ibidem
2367 1150 2530 1207 refert
2577 1153 2967 1221 supersntionis
3005 1167 3205 1221 genus:
3234 1151 3419 1205 Lutum
3450 1155 3679 1208 mulieres
3699 1197 3713 1217 ,

2144 1244 2344 1312 inquit,
2377 1244 2429 1297 in
2456 1244 2632 1297 balneo
2684 1244 3009 1313 accipientes,
3055 1244 3273 1297 nutrices
3317 1261 3511 1313 quoque
3550 1254 3596 1297 et
3624 1262 3714 1299 an-

2143 1337 2275 1390 cilla:
2312 1337 2469 1407 digito
2510 1336 2785 1406 tingentes,
2817 1338 2867 1389 in
2904 1335 3047 1406 pueri
3091 1335 3255 1403 fronte
3279 1337 3591 1407 imprimunt.
3648 1338 3714 1391 Et

2143 1426 2188 1479 si
2234 1426 2345 1493 quis
2392 1427 2695 1495 interroget,
2743 1425 2879 1489 Quid
2919 1424 3013 1479 sibi
3055 1425 3158 1477 vult
3202 1425 3396 1490 lutum,
3444 1427 3567 1495 quid
3618 1444 3709 1481 cae-

2145 1518 2305 1569 num?
2330 1516 2526 1570 Malunt
2568 1516 2743 1569 avertit
2771 1516 3005 1582 oculum,
3044 1516 3304 1584 inquiunt,
3332 1517 3629 1587 livoremque
3670 1528 3717 1574 et

2143 1607 2402 1660 invidiam.

2215 1697 2349 1751 Alite
2374 1698 2584 1751 nomina
2609 1697 2888 1751 fluviorum
2908 1696 3169 1765 descripta
3186 1698 3425 1752 manibus
3443 1698 3716 1755 infantium
3758 1742 3766 1751 .

2145 1788 2509 1856 apponebant;
2540 1788 2657 1841 alia:
2687 1787 2921 1842 cinerem
2945 1828 2959 1852 ,
2993 1786 3262 1856 fuliginem
3293 1796 3346 1842 et
3370 1788 3508 1843 sales
3561 1790 3713 1844 adhi-

2148 1877 2346 1932 bebant
2375 1889 2430 1931 ut
2453 1878 2645 1931 malum
2668 1878 2879 1931 oculum
2909 1886 3226 1931 averterent.

2216 1968 2606 2038 Praestigiarum
2634 1983 2830 2038 genera
2850 1968 3027 2021 omnia
3057 1976 3178 2021 tunc
3207 1967 3480 2036 vigebant,
3510 1969 3714 2025 dierum

2144 2060 2539 2115 observationes
2559 2102 2574 2126 ,
2600 2060 2819 2129 auguria
2840 2101 2855 2125 ,
2889 2059 3138 2113 veneﬁcia
3162 2099 3177 2123 ,
3211 2070 3383 2115 sortes
3403 2101 3415 2121 ,
3440 2062 3671 2129 auspicia
3698 2102 3712 2125 ,

2144 2151 2341 2216 omina;
2367 2166 2570 2205 necnon
2600 2149 2691 2204 fati
2715 2151 2990 2219 opiniones
3012 2147 3192 2216 (Tomo
3218 2148 3521 2219 undecimo).
3553 2150 3624 2204 De
3650 2151 3713 2203 iis

2144 2257 2271 2295 vero
2300 2242 2386 2311 qui
2438 2242 2704 2295 ominibus
2756 2250 2810 2294 et
2855 2239 2962 2292 fato
3002 2239 3163 2292 dediti
3207 2247 3359 2292 erant
3395 2238 3509 2293 inec
3553 2239 3717 2293 refert

2144 2332 2555 2403 Chrysostomus
2598 2331 2771 2400 (Ibid.
2815 2329 2856 2402 ).
2902 2329 3080 2383 Multis
3123 2329 3392 2383 terroribus
3440 2331 3587 2399 plena
3643 2342 3715 2384 est

2144 2439 2317 2477 eorum
2360 2423 2640 2487 anima;ut
2692 2431 2849 2491 puta:
2878 2421 2959 2473 hic
2988 2430 3075 2473 aut
3114 2420 3198 2474 ille
3227 2420 3416 2489 primus
3464 2421 3585 2472 mihi
3627 2437 3714 2473 oc-

2144 2514 2301 2567 currit
2329 2514 2476 2567 domo
2504 2513 2735 2579 exeunti,
2775 2511 2976 2565 omnino
3009 2511 3292 2580 contingere
3338 2510 3459 2562 mihi
3510 2519 3706 2579 oportet

2144 2607 2279 2661 mala
2330 2606 2732 2660 innumerabilia.
2785 2604 2937 2657 Nunc
2987 2620 3156 2657 servus
3206 2604 3538 2657 exsecrandus
3586 2604 3714 2656 dans

2148 2698 2272 2750 mihi
2298 2696 2491 2750 calceos
2511 2737 2525 2760 ,
2557 2698 2772 2767 primum
2815 2697 3035 2765 porrexit
3064 2704 3255 2764 partem
3279 2695 3565 2747 sinistram:
3594 2713 3716 2764 gra-

2142 2803 2223 2841 ves
2246 2789 2591 2859 signi/icantur
2615 2787 2922 2840 calantitates
2948 2794 2992 2838 et
3012 2785 3343 2837 contumelite.
3369 2782 3480 2854 Ego
3523 2800 3717 2854 quoque

2143 2881 2311 2934 exiens
2330 2879 2529 2933 sinistro
2555 2879 2710 2947 priori
2756 2877 2969 2946 processi
2999 2876 3121 2945 pede
3148 2890 3165 2927 :
3195 2875 3287 2927 hoc
3326 2890 3515 2944 quoque
3558 2876 3716 2928 estsi-

2142 2988 2294 3039 gnnm
2314 2968 2748 3023 calamitatumet
2765 2968 2869 3021 htvc
2884 2964 3083 3038 quidem
3104 2965 3240 3018 domi
3254 2974 3369 3017 sunt
3389 2966 3523 3016 mala
3540 2980 3556 3016 :
3574 2967 3712 3034 foras

2142 3072 2307 3115 autem
2353 3079 2546 3132 egresso
2571 3062 2741 3115 dexter
2765 3058 2938 3113 oculus
2978 3057 3099 3110 mihi
3126 3058 3317 3126 inferne
3346 3057 3459 3109 salit
3485 3074 3501 3109 :
3526 3057 3617 3109 hoc
3645 3067 3715 3109 est

2141 3151 2381 3203 indicium
2406 3152 2762 3219 lacrymarum.
2798 3147 3034 3201 Mulieres
3062 3149 3261 3216 quando
3308 3156 3487 3198 sonant
3528 3146 3712 3199 calami

2141 3240 2209 3291 ad
2233 3250 2439 3293 textura:
2464 3248 2595 3292 recta
2625 3240 2759 3309 ligna
2809 3238 2943 3291 allisi
2962 3280 2977 3304 ,
3002 3239 3075 3291 vel
3104 3254 3216 3290 cum
3243 3237 3366 3307 ipsa:
3388 3238 3577 3305 pectine
3607 3238 3714 3289 dis-

2142 3329 2439 3395 criminant,
2471 3329 2564 3380 hoc
2586 3345 2676 3398 pro
2700 3329 2845 3398 signo
2875 3328 3073 3381 habent.
3122 3326 3318 3379 Rursus
3346 3326 3547 3396 quando
3594 3326 3713 3378 sub-

2143 3430 2336 3491 tegmen
2365 3422 2553 3487 pectine
2576 3422 2897 3484 concutiunt,
2921 3428 2967 3472 et
3015 3419 3067 3472 id
3106 3419 3297 3488 faciunt
3346 3418 3716 3482 vehementius;

2142 3513 2322 3567 deinde
2339 3514 2423 3583 qui
2449 3522 2562 3567 sunt
2582 3529 2795 3583 superne
2819 3512 3003 3564 calami
3023 3510 3081 3562 ob
3108 3511 3353 3565 intensum
3383 3510 3534 3562 ictum
3559 3509 3716 3562 edunt

2140 3608 2398 3676 strepitum
2422 3647 2436 3670 ,
2460 3604 2595 3658 allisi
2615 3605 2682 3657 ad
2704 3614 2888 3658 rectum
2918 3613 3126 3656 textura:
3154 3603 3342 3672 lignum
3364 3643 3378 3666 ,
3411 3604 3504 3654 hoc
3524 3602 3707 3655 habent

2144 3714 2233 3766 pro
2259 3698 2419 3766 signo.
2448 3695 2511 3748 Et
2541 3697 2643 3749 alia
2678 3693 3063 3748 innumerabilia
3089 3693 3241 3761 digna
3282 3706 3393 3757 qua:
3430 3691 3713 3744 videantur.

2141 3787 2206 3840 Et
2238 3789 2280 3841 si
2310 3787 2483 3841 asinus
2509 3787 2888 3849 exclamauerit,
2918 3795 2963 3839 et
2984 3786 3027 3839 si
3052 3785 3245 3854 gallus,
3276 3782 3384 3836 etsi
3429 3784 3537 3851 quis
3581 3793 3711 3836 ster-

2141 3881 2420 3943 nutaverit,
2452 3887 2496 3933 et
2520 3880 2727 3948 quodvis
2747 3879 2918 3941 aliud,
2947 3888 3200 3946 tamquam
3224 3876 3382 3930 decies
3424 3876 3561 3928 mille
3598 3876 3707 3928 vin-

2141 3971 2208 4023 cti
2244 3971 2452 4024 vinculis
2471 4011 2485 4034 ,
2511 3980 2760 4040 tamquam
2788 3970 2871 4039 qui
2897 3976 3158 4021 teneantur
3189 3967 3241 4019 in
3267 3967 3478 4019 tenebris
3494 4008 3508 4029 ,
3542 3968 3712 4018 omnia

2141 4061 2321 4116 habent
2344 4072 2573 4132 suspecta
2592 4103 2607 4129 ,
2640 4073 2684 4115 et
2708 4071 2823 4115 sunt
2852 4060 3012 4130 magis
3048 4058 3249 4112 serviles
3274 4073 3424 4126 quam
3449 4057 3713 4110 innumera

2142 4153 2412 4223 mancipia.

2211 4243 2301 4295 Ait
2350 4257 2475 4297 vero
2530 4241 2937 4311 Chrysostomus
2983 4236 3396 4308 prmstigiatores
3452 4236 3710 4306 quosdam

2142 4348 2239 4389 suo
2267 4343 2502 4404 tempore
2527 4333 2690 4387 fuisse
2720 4331 2809 4401 qui
2833 4331 2979 4401 signa
3009 4326 3343 4397 facerent(T.
3368 4325 3710 4397 duodecimo).

2815 4421 3041 4475 Funera.

2216 4517 2489 4577 Parentes,
2513 4514 2703 4569 fratres
2726 4510 3168 4581 etconsanguinei
3185 4507 3563 4564 decedentibus
3588 4523 3716 4561 ocu-

2143 4610 2221 4663 los
2272 4608 2585 4663 claudebant
2628 4616 2677 4661 et
2722 4620 2784 4660 os
2812 4603 3201 4672 eomp0uebant
3242 4600 3423 4671 (Tomo
3447 4600 3712 4669 secundo).

2142 4701 2307 4755 Nemo
2372 4702 2421 4753 in
2492 4698 2622 4752 urbe
2681 4696 2979 4765 sepulcrum
3049 4691 3424 4752 construebat,
3483 4691 3706 4758 ideoque

2141 4793 2507 4847 defunctorum
2532 4804 2755 4859 corpora
2785 4796 2933 4841 extra
2955 4786 3139 4840 urbem
3165 4781 3471 4852 sepelienda
3518 4797 3711 4848 expor-

2142 4885 2405 4943 tabantur,
2435 4883 2522 4951 qui
2551 4895 2665 4935 mos
2704 4879 2953 4947 antiquus
2981 4884 3129 4940 erat,
3160 4872 3256 4927 sed
3302 4886 3445 4941 sirpe
3492 4870 3716 4924 violatus

2144 4974 2312 5028 fuerat
2344 4972 2523 5044 (Tomo
2549 4970 2809 5041 septimo).

2214 5066 2432 5119 Pullata:
2456 5078 2550 5116 seu
2579 5062 2740 5129 nigra:
2766 5066 2942 5112 vestes
2964 5056 3017 5110 in
3068 5053 3339 5108 funeribus
3384 5050 3680 5106 adhibeban
3698 5079 3715 5090 -

2144 5168 2227 5211 tur
2274 5156 2475 5225 ('l‘omo
2520 5163 2660 5206 sexto
2687 5150 2737 5220 );
2788 5165 2944 5218 quam
3011 5162 3122 5201 rem
3167 5143 3468 5213 improbare
3506 5141 3715 5195 videtur

2142 5249 2551 5318 Chrysostomus
2573 5244 2588 5312 (
2607 5242 2764 5295 Tanto
2788 5240 3051 5293 undecimo
3069 5238 3106 5307 ).
3123 5236 3248 5290 Cum
3273 5248 3452 5301 corpus
3480 5230 3715 5296 effertur,
3776 5258 3781 5259 ν

2144 5342 2313 5411 inquit
2339 5340 2424 5393 ille
2443 5379 2457 5402 ,
2482 5337 2779 5390 adhibentur
2802 5332 3033 5402 planctus
3051 5372 3065 5396 ,
3089 5330 3306 5399 ejulatus
3325 5324 3519 5387 insani,
3552 5321 3714 5375 stulta

2143 5434 2193 5486 in
2224 5432 2492 5502 sepulturis
2523 5428 2771 5489 admissa,
2797 5426 2932 5478 circa
2960 5428 3277 5477 monumenta
3293 5416 3513 5471 studium
3540 5416 3719 5468 intem-

2143 5525 2384 5593 pestivum
2403 5562 2418 5588 ,
2450 5531 2496 5575 et
2524 5519 2791 5573 ridiculum
2821 5515 3139 5586 prie/iearum
3167 5525 3346 5580 agmen
3365 5548 3380 5573 ,
3409 5506 3604 5560 dierum
3630 5504 3721 5556 ob-

2143 5614 2356 5668 servatio
2376 5652 2390 5680 ,
2412 5627 2603 5665 necnon
2631 5611 2882 5679 ingressus
2926 5614 2971 5658 et
3001 5618 3225 5673 egressus
3265 5599 3451 5671 (Tomo
3477 5592 3713 5661 decimo).

2214 5708 2288 5762 De
2312 5704 2640 5776 praeficarum
2684 5698 3144 5765 choris,quarum
3193 5692 3434 5763 qumdam
3489 5686 3721 5759 gentiles

2143 5806 2330 5860 erant.
2377 5792 2673 5864 sarpissime
2718 5790 2824 5861 agit
2871 5789 3321 5859 Chrysostomus,
3350 5782 3564 5849 vultque
3602 5777 3725 5830 illas
