4054 6216
289 246 353 297 37
1281 229 1440 295 QUAE
1483 230 1550 282 IN
1590 228 1740 283 ()Pl’.
1780 226 1867 280 Cll

1978 228 2028 283 s.
2071 224 2610 286 onsaavasrun.
3486 247 3553 301 83

294 366 509 419 omnino
538 358 865 415 aluneribus
914 370 1120 421 arceri,
1170 362 1224 409 et
1270 352 1595 409 moderatius
1631 347 1870 418 lugubria

295 460 476 510 luncra
506 451 736 525 persolvi
757 450 939 521 (Temo
965 446 1304 516 duodecimo).
1326 445 1631 513 Lugeamus,
1657 443 1731 494 ait
1762 440 1869 504 ille,

294 548 379 605 sed
411 563 513 601 non
542 545 776 598 vellentes
818 540 1033 609 capillos
1053 582 1066 601 ,
1096 555 1195 592 non
1224 537 1430 590 brachia
1477 533 1744 597 nudantes,
1774 546 1872 583 non

295 642 566 694 lacerantes
598 637 794 705 faciem,
824 651 923 686 non
947 634 1113 703 pullas
1140 641 1292 684 vestes
1317 628 1602 682 induentes.

362 728 590 795 Quidam
609 727 765 780 etiam
794 735 944 778 erant
964 766 978 788 ,
1008 724 1096 792 qui
1123 724 1172 777 in
1206 722 1478 775 funeribus
1506 726 1665 787 caput
1690 717 1873 771 cinere

292 827 721 889 conspergerirut.

671 946 877 1000 Viarum
905 944 1219 1015 publicarum
1249 940 1497 995 custodia.

365 1084 557 1139 Eadem
578 1081 819 1134 distantia
843 1080 1097 1141 locorum,
1124 1091 1237 1145 qua:
1263 1075 1383 1128 olim
1416 1083 1533 1126 tunc
1567 1082 1670 1126 erat
1692 1112 1706 1135 ,
1738 1086 1872 1123 nunc

293 1181 439 1233 etiam
495 1188 597 1240 est;
628 1174 819 1227 itineris
858 1188 971 1226 vero
1023 1170 1242 1223 conditio
1291 1185 1389 1221 non
1424 1167 1597 1221 eadem
1632 1176 1731 1231 est,
1762 1180 1875 1235 qua:

290 1272 406 1324 olim
430 1268 591 1339 [uisse
608 1266 847 1319 creditur.
890 1262 1043 1315 Nunc
1072 1262 1203 1314 enim
1233 1257 1574 1312 mansionibus
1622 1256 1873 1325 perpetuis

290 1360 581 1413 distinctum
597 1364 667 1410 est
696 1356 810 1417 iter,
838 1363 885 1406 et
907 1351 1108 1405 urbibus
1130 1366 1187 1403 ac
1204 1350 1336 1402 villis
1363 1348 1702 1419 frequentibus
1723 1362 1872 1399 orna-

291 1461 429 1513 tum,
464 1450 777 1511 viatoresque
810 1443 1055 1515 plurimos
1077 1440 1339 1508 offendunt
1360 1479 1377 1505 ,
1409 1439 1496 1509 qui
1542 1438 1663 1492 illuc
1712 1438 1872 1507 profi-

288 1543 567 1604 ciscuntur,
620 1537 754 1606 quod
793 1553 893 1589 non
959 1535 1124 1587 minus
1168 1531 1235 1585 ad
1280 1529 1561 1584 securitatis
1628 1530 1872 1582 rationem

289 1634 421 1686 volet
446 1673 462 1697 ,
494 1646 643 1700 quam
698 1628 1017 1691 mansiones,
1050 1626 1196 1679 urbes
1236 1635 1383 1694 atque
1436 1621 1588 1675 villae.
1619 1619 1872 1674 Prwterea

288 1746 350 1783 ex
376 1725 638 1798 provincia
658 1724 915 1776 civitatum
940 1719 1190 1789 principes
1231 1717 1458 1787 deligunt
1500 1715 1660 1779 viros,
1693 1729 1875 1779 corpo-

287 1820 359 1872 ris
389 1817 736 1887 magnitudine
763 1823 810 1866 et
840 1812 1016 1866 robore
1041 1809 1232 1863 cunctis
1276 1808 1635 1876 pra'cellentes,
1660 1804 1871 1876 jaculo-

286 1926 384 1978 que
411 1923 459 1963 et
487 1907 647 1979 [unda
682 1916 878 1959 tantum
926 1902 1175 1967 valentes,
1207 1908 1449 1969 quantum
1502 1897 1578 1950 vel
1625 1894 1874 1966 sagittarii

286 2002 484 2072 sagittis
503 2040 518 2065 ,
544 2016 628 2052 rer
657 1997 840 2050 armati
878 1994 996 2066 pilis
1025 2009 1044 2046 :
1078 1992 1371 2060 statutisque
1410 1989 1618 2042 ducibus
1637 2030 1650 2053 ,
1695 1988 1873 2057 quibus

285 2094 362 2147 illi
407 2092 781 2159 obtemperent,
828 2087 923 2140 hoc
968 2086 1041 2140 eis
1088 2084 1291 2137 unicum
1336 2082 1606 2150 injunyttttt
1657 2094 1868 2141 m'ums,

285 2185 548 2254 solamque
589 2182 779 2234 itineris
833 2178 1002 2232 tuendi
1033 2192 1206 2229 curam
1235 2175 1614 2242 custodiamque
1668 2171 1872 2241 permit-

287 2288 417 2331 tunt.
446 2277 526 2330 Ad
553 2278 660 2328 lucc
680 2274 833 2327 aliam
858 2272 1002 2341 longe
1025 2270 1103 2323 Itis
1131 2270 1359 2322 omnibus
1389 2267 1753 2337 diligentiorem
1782 2282 1869 2317 cu-

287 2387 398 2423 ram
451 2368 821 2435 excogitaritnt.
851 2361 1162 2416 Habitacula
1201 2360 1333 2413 enim
1367 2358 1505 2411 mille
1535 2357 1764 2429 passibus
1807 2356 1868 2409 ab

286 2463 501 2515 invicem
533 2458 775 2511 distantia
798 2457 849 2509 in
870 2456 1048 2508 itinere
1092 2462 1194 2506 tete
1226 2452 1556 2523 fabricantes,
1604 2458 1872 2504 nocturnes

287 2554 390 2605 illic
421 2561 641 2605 statuere
686 2547 948 2612 custodes,
980 2562 1069 2616 per
1093 2544 1298 2597 illorum
1345 2541 1541 2595 labores
1589 2550 1634 2594 et
1675 2540 1870 2611 vigilias

286 2647 562 2699 maximum
589 2653 766 2697 contra
793 2643 1050 2695 latronum
1076 2640 1292 2710 impetus
1318 2637 1574 2691 munimen
1599 2638 1872 2690 uiatoribus

287 2738 639 2791 constituentes
661 2732 844 2806 (Temo
866 2731 1073 2803 primo).

910 2888 1256 2943 Miscellanea.

363 3051 644 3115 Kalendae,
687 3065 781 3104 seu
824 3048 1030 3103 initium
1076 3048 1236 3113 anni,
1292 3047 1369 3103 sic
1422 3046 1679 3102 celebrari
1727 3047 1869 3101 sole-

287 3145 415 3199 bant
435 3143 680 3215 (Ibidem)
702 3160 715 3196 :
740 3141 1188 3212 pernoctationes,
1216 3140 1598 3207 cavillationes,
1628 3139 1867 3194 convicia

292 3246 347 3291 et
398 3236 714 3290 saltationes
775 3242 1083 3297 nocturntn,
1132 3232 1303 3285 forum
1353 3231 1729 3295 coronabatur,
1760 3239 1863 3285 etc.

355 3325 678 3382 Antiocheni
735 3333 1018 3394 postquam
1068 3322 1428 3378 Theodosium
1487 3322 1865 3391 Imperatorem

284 3419 664 3488 placaverant,
693 3416 745 3470 in
776 3416 972 3470 laetitia:
1013 3417 1222 3485 signum
1277 3414 1452 3468 forum
1504 3424 1863 3481 coronarunt,

282 3512 529 3567 lucernas
557 3510 919 3564 accenderunt
952 3516 1042 3571 ,‘et
1067 3508 1237 3562 lectos
1263 3522 1355 3562 seu
1388 3507 1716 3561 lectisternia
1745 3516 1868 3561 ante

282 3604 527 3661 ofﬁcinas
560 3610 852 3673 posuerunt
889 3600 1069 3674 (Temo
1090 3601 1356 3672 secundo).

353 3697 580 3764 Quidam
626 3705 967 3750 externorum
1006 3701 1282 3749 oratorum
1331 3708 1396 3747 ex
1441 3692 1668 3760 quadam
1708 3692 1865 3747 stulta

278 3786 671 3842 consuetudine
726 3784 1004 3839 dexterum
1068 3784 1243 3838 eundo
1302 3783 1583 3839 humerum
1655 3783 1868 3839 assidue

278 3880 530 3935 movebat
557 3876 849 3949 (Ibidem);
882 3876 978 3932 sed
1004 3875 1439 3931 consuetudinem
1480 3877 1638 3944 vicit,
1671 3888 1725 3931 et
1752 3877 1868 3947 gla-

277 3973 400 4026 dios
418 3980 606 4025 acutos
633 3970 901 4039 utrimque
958 3967 1193 4024 humeris
1240 3968 1527 4038 imposuit,
1552 3978 1610 4022 ut
1635 3969 1868 4025 vulneris

280 4064 478 4119 timore
524 4063 826 4118 membrqu
871 4064 1050 4133 inepte
1100 4078 1157 4117 se
1203 4076 1423 4116 movens
1452 4064 1762 4132 corrigeret.

354 4157 564 4215 Leones
581 4158 769 4213 ovibus
792 4156 1179 4212 mansuetiores
1202 4170 1295 4226 per
1313 4154 1483 4211 lorum
1514 4156 1861 4225 ducebantur,

1980 359 2035 405 et
2080 352 2228 405 multi
2265 352 2316 407 in
2344 352 2571 408 ofﬁcinis
2596 338 2872 424 pecuniam
2900 370 3084 410 eorum
3114 358 3318 413 custodi
3364 377 3546 416 nume-

1979 441 2186 508 rabant,
2220 444 2305 511 qui
2337 445 2586 499 custodes
2612 445 2835 499 multum
2860 444 2984 501 hinc
3011 447 3350 504 lucrabantur
3372 450 3551 511 (Temo

1978 545 2157 604 quarto
2184 545 2227 587 et
2253 533 2410 588 Temo
2436 533 2613 607 nono).

2050 623 2105 680 lu
2132 626 2272 694 agris
2301 627 2507 680 termini
2542 627 2907 698 columnasque
2933 641 3040 682 non
3075 628 3253 684 sinunt
3276 645 3405 684 arva
3428 646 3555 685 con-

1980 718 2124 771 fundi
2156 719 2335 788 (Tento
2361 718 2545 789 sexto).

2049 810 2163 865 Ursi
2190 812 2345 865 etiam
2374 820 2425 865 et
2461 827 2597 866 ursa:
2627 812 2693 866 ab
2722 813 3065 867 AllllOCllClllS
3102 814 3242 869 domi
3272 818 3554 870 servabam

1980 909 2064 956 tur
2100 900 2287 971 (Temo
2313 902 2575 973 spiam).
2611 903 2670 958 Si
2709 921 2827 958 ursa
2880 906 3010 958 clam
3056 908 3334 976 aufugerit,
3382 908 3556 962 demes

1978 993 2278 1058 clattdimus,
2322 1010 2409 1060 per
2430 994 2560 1047 vicos
2600 996 2867 1060 currimus,
2904 1012 2964 1049 ne
3004 997 3054 1047 in
3098 1014 3206 1049 eam
3254 998 3556 1053 incidamus.

2048 1084 2225 1140 Studia
2253 1085 2561 1155 quindecim
2586 1096 2710 1139 sunt
2733 1087 2972 1141 milliaria
3005 1087 3306 1159 duo(Tomo
3335 1092 3554 1159 octavo).

2050 1178 2318 1246 Pauperes
2344 1178 2555 1248 quidam
2586 1178 2719 1232 lilios
2745 1193 2868 1232 suos
2899 1181 3259 1245 cxca‘cubant,
3282 1191 3338 1235 ut
3362 1183 3557 1252 largio-

1978 1284 2091 1323 rem
2121 1269 2309 1337 stipem
2360 1278 2633 1338 eogerent.
2682 1269 2784 1322 Alii
2825 1284 2943 1323 cum
2978 1272 3107 1324 nihil
3139 1273 3365 1341 petendo
3389 1275 3555 1342 impe-

1981 1369 2185 1414 trarcnt
2207 1402 2222 1427 ,
2263 1361 2440 1414 missis
2486 1360 2979 1430 supplicationibus,
3010 1362 3323 1417 detritorum
3351 1366 3561 1420 calceo-

1978 1467 2096 1506 rum
2127 1454 2268 1506 coria
2306 1452 2626 1507 mandebant
2653 1468 2667 1517 ;
2699 1453 2787 1506 alii
2828 1461 3010 1507 acutos
3044 1452 3222 1507 clavos
3247 1456 3404 1526 capiti
3435 1456 3559 1510 iuli-

1978 1545 2204 1614 gebant;
2255 1546 2344 1599 alii
2391 1546 2442 1599 iu
2493 1544 2642 1614 aquis
2697 1545 2817 1613 gelu
2873 1544 3137 1600 concretis
3186 1545 3325 1600 nudo
3376 1558 3559 1604 ventre

1982 1637 2421 1701 numerabantur,
2461 1646 2515 1692 et
2545 1637 2646 1692 illis
2672 1636 2990 1707 Spectaculis
3017 1637 3273 1707 majorem
3302 1639 3561 1709 cogebant

1978 1732 2166 1799 stipem
2197 1730 2385 1791 (Temo
2420 1729 2611 1783 decimo
2627 1731 2667 1799 ).

2048 1821 2185 1888 Quid
2219 1821 2430 1891 gravius
2459 1831 2513 1874 et
2540 1821 2806 1876 difﬁcilius
2838 1837 2994 1891 quam
3037 1823 3088 1877 in
3117 1823 3333 1877 ensibus
3368 1823 3559 1894 Spliera

1978 1915 2159 1970 ludere
2187 1914 2375 1985 (Temo
2405 1915 2744 1984 duodecimo).

2048 2009 2318 2075 Meretrix,
2339 2018 2521 2062 πέταλα
2548 2015 2755 2078 βάψασα,
2782 2006 2835 2061 id
2860 2016 2940 2062 est
2960 2023 3077 2076 qure
3100 2007 3309 2063 laminis
3333 2016 3385 2061 et
3406 2023 3555 2063 amu-

1980 2100 2102 2155 letis
2132 2100 2362 2154 virorum
2393 2100 2616 2153 salutem
2640 2097 2980 2168 prosequitur
3007 2096 3186 2166 (Temo
3209 2098 3395 2167 tertio).

2048 2190 2194 2246 Libri
2236 2193 2408 2247 aureis
2451 2191 2618 2244 literis
2661 2199 3024 2244 memorantur
3062 2205 3089 2241 a
3130 2189 3512 2259 Clirysostomo
3540 2231 3555 2256 ,

1976 2284 2163 2357 quales
2200 2283 2349 2338 multi
2379 2290 2529 2338 erant
2578 2282 2720 2336 illius
2761 2297 2905 2346 aevo,
2952 2290 3008 2335 ut
3035 2280 3164 2337 dicit
3205 2282 3561 2353 Hieronymus

1977 2379 1996 2451 (
2020 2379 2180 2434 Temo
2199 2378 2418 2447 octavo).

2048 2472 2113 2527 In
2150 2472 2391 2544 pugillari
2438 2469 2616 2533 deleto,
2643 2468 2693 2521 in
2723 2467 3067 2536 palimp~eslo
3093 2464 3276 2535 (Temo
3296 2463 3559 2537 septimo).

1978 2567 2053 2621 De
2076 2566 2421 2637 palimpsesto
2450 2571 2570 2633 post
2603 2563 2916 2618 Ciceronem
2969 2559 3128 2615 locuti
3155 2575 3341 2614 sumus
3366 2559 3419 2614 in
3461 2559 3560 2613 Pa-

1977 2658 2296 2731 laeographia
2326 2657 2532 2713 Graeca.

2048 2752 2490 2822 PliilOSOphorum
2508 2764 2679 2814 coma,
2700 2748 2939 2808 baculus.
2958 2746 3128 2801 abolla
3151 2744 3331 2814 (Temo
3349 2742 3558 2811 primo).

1976 2845 2281 2914 Philosophi
2314 2841 2571 2913 profunda
2602 2839 2840 2893 instructi
2875 2837 3057 2899 barba,
3082 2835 3238 2903 pallia
3269 2842 3556 2903 gestantes,

1974 2951 2029 2997 et
2072 2939 2312 3004 baculos,
2342 2935 2526 3007 eyniea
2555 2930 2757 3002 piacula
2789 2928 2970 3001 (Temo
2994 2926 3257 2994 secundo).

2046 3036 2280 3091 Duorum
2318 3025 2755 3100 pllllOSOpllOl'llm
2797 3020 2992 3089 scripta
3019 3026 3203 3072 contra
3228 3013 3558 3071 Christianos

1975 3140 2215 3198 tempore
2238 3118 2600 3195 Chrysostomi
2628 3116 2807 3186 (Temo
2834 3108 3050 3181 octavo).

2048 3223 2225 3277 Persae
2262 3232 2382 3272 cum
2435 3210 2694 3267 matribus
2724 3205 2834 3259 suis
2861 3203 3173 3265 miscentur,
3225 3210 3397 3267 neque
3421 3210 3559 3251 unus

1974 3323 2064 3370 aut
2093 3314 2217 3376 duo,
2249 3309 2343 3365 sed
2376 3319 2505 3378 gens
2533 3302 2779 3357 universa
2808 3296 2987 3367 (Temo
3013 3292 3251 3361 decimo).

2046 3410 2239 3464 Persas
2271 3403 2359 3473 qui
2385 3409 2584 3455 matres
2604 3409 2729 3451 suas
2759 3404 2949 3447 uxores
2974 3401 3081 3441 non
3112 3385 3308 3439 ducunt
3332 3380 3561 3435 admira-

1973 3518 2093 3558 mur
2123 3499 2302 3574 (Temo
2332 3495 2537 3567 primo).

2045 3559 2197 3664 Apin]
2226 3559 2415 3646 Persas
2436 3559 2570 3655 ignis
2590 3582 2729 3636 Deus
2759 3591 2878 3631 esse
2896 3580 3107 3644 putatur
3125 3567 3188 3642 (T
3193 3582 3305 3621 ante
3322 3559 3560 3632 secunde)

1974 3697 2161 3747 contra
2186 3699 2279 3740 eos
2304 3682 2390 3752 qui
2424 3681 2598 3748 ignem
2627 3674 2869 3727 adorant.

2045 3782 2157 3835 Rex
2184 3779 2463 3834 Persarum
2480 3769 2695 3827 barbam
2714 3766 2872 3820 habet
2896 3773 3133 3822 auream,
3166 3755 3229 3809 iis
3256 3754 3343 3824 qui
3374 3752 3560 3805 barum

1974 3892 2153 3935 rerum
2186 3880 2307 3929 sunt
2335 3867 2488 3939 periti
2524 3862 2686 3918 veluti
2710 3859 2808 3912 sub
2849 3855 3077 3925 tegmine
3107 3849 3247 3903 illius
3275 3845 3395 3916 pilis
3422 3843 3561 3897 intra

1974 3971 2088 4027 auri
2116 3966 2337 4023 laminas
2365 3954 2750 4015 involventibus
2775 3948 2954 4021 (Tento
2980 3938 3287 4008 undecimo).

2048 4024 2383 4117 llamaxobii,
2414 4047 2627 4121 Scythae
2672 4052 2725 4098 et
2749 4036 3015 4097 Nomades
3061 4031 3262 4089 nullum
3292 4024 3567 4082 struebant

1976 4150 2256 4212 tedilicium
2283 4144 2479 4219 (Temo
2500 4138 2711 4211 septimo
2730 4133 2775 4207 ).
