4058 6218
453 265 517 321 9i
1703 252 2109 309 TESTIMONIA
2156 251 2482 308 VETERUM
3646 242 3716 303 92

456 398 623 444 totum
651 382 832 438 orbem
858 387 1030 433 sonat.
1060 376 1206 432 Illam
1239 373 1392 429 nobis
1419 372 1768 444 immortalem
1794 370 2027 444 linguam

459 439 692 514 concede
723 469 736 505 :
768 451 878 506 sola
919 448 1058 504 enim
1088 449 1262 516 lingua
1290 456 1376 499 tua
1405 459 1506 516 par
1537 451 1617 496 est
1644 441 1707 516 a_d
1736 439 2031 496 enarranda

458 511 708 596 prmclara
739 533 882 596 gesta
926 530 1046 596 ιιι-ι.⁸
1071 511 1354 596 Propterea
1393 511 1626 596 Joannes
1665 511 1920 596 Joannem
1951 526 2035 564 re-

457 582 610 669 iiquit
629 613 642 656 ;
661 582 842 669 ordior
859 582 1556 669 intrepidus,':crnulat‘orem
1585 582 1714 669 Equi
1743 591 2033 669 postquam

459 650 565 722 tein
613 650 970 735 reprehendit,
1001 650 1139 735 eum
1163 650 1278 735 qui_
1300 665 1429 735 post.
1465 663 1686 735 mortem
1735 650 1986 735 pra-dicat
2015 666 2030 714 ;

452 721 686 794 desirrti'
713 733 903 793 incola,
939 721 1195 793 cujusvis
1234 721 1462 780 civitatis
1519 723 1812 776 doetorcm.
1862 721 2034 794 llalies

458 791 616 863 aliam
659 821 776 859 cmn
824 791 1080 865 apostolis
1107 796 1494 866 cognationem.
1532 795 1739 866 I’rimus
1763 791 1902 866 apud
1935 791 2035 866 lla-

459 861 732 933 niaxobios
769 861 993 941 Scythas
1023 885 1142 941 aras
1176 861 1399 941 ct'exisli
1431 882 1443 916 :
1474 874 1525 918 et
1553 863 1732 941 vix_ab
1761 863 1914 941 equis
1941 861 2034 914 de-

463 951 645 1003 siliens
675 935 925 998 barbarus
948 938 1124 992 didicit
1155 952 1289 1006 genu
1319 935 1551 998 ﬂectere,
1573 943 1626 988 et
1651 935 2032 1006 in_pavit_nento

463 1018 676 1072 extendi
693 1033 717 1069 .1
741 1024 794 1069 et
818 1013 904 1080 qui
935 1003 1260 1080 captivorum
1285 1006 1542 1080 lacrymis
1564 1019 1667 1058 non
1701 1003 2033 1080 flectebatur,

463 1090 644 1142 didicit
692 1099 786 1153 pro
829 1073 1054 1153 peccatis
1113 1073 1412 1153 lacrymari.‘
1447 1076 1581 1153 Quin
1625 1085 1685 1153 c_t_
1708 1073 2035 1153 sagittarium

469 1145 1089 1221 Persam'pra-dicatione
1127 1145 1236 1201 ceu'
1271 1145 2036 1221 sagittaitnpetiistiietlerro

462 1229 648 1282 armati
680 1214 985 1277 cruciﬁxum
1013 1220 1253 1294 adurant.
1286 1214 1425 1271 Vicit
1446 1217 1618 1294 lingua
1652 1226 1734 1294 tua
1763 1214 2037 1294 Chalde-

460 1313 575 1352 rum
607 1303 661 1350 et
689 1305 963 1363 magorum
993 1288 1244 1363 veneﬁcia
1269 1328 1281 1349 ,
1309 1297 1365 1363 et
1395 1286 1540 1363 arida
1575 1286 1750 1363 Persis
1779 1286 2036 1363 orationis

460 1369 647 1423 domos
677 1354 994 1433 germinavit
1020 1377 1034 1415 :
1057 1375 1085 1412 a
1131 1360 1230 1433 pio
1258 1358 1408 1433 cultu
1431 1357 1667 1428 Babylon
1695 1358 1813 1433 iam
1862 1354 2036 1433 aliena

462 1453 567 1492 non
608 1425 707 1490 est".
752 1435 875 1488 llmc
918 1442 970 1484 te
1009 1425 1262 1498 apostolis
1290 1425 1632 1496 conjttnxc'rc.
1681 1427 1868 1498 Adhuc
1897 1425 2035 1493 apud

463 1524 561 1562 nos
604 1507 794 1574 lingua:
837 1513 938 1556 tute
979 1495 1180 1576 semina
1218 1495 1407 1555 ﬂorent
1433 1516 1445 1561 ;
1473 1507 1534 1576 et
1564 1495 2035 1576 siquisioannem

463 1567 722 1634 nominet.
755 1587 974 1640 magnus
1001 1572 1256 1625 excitatur
1278 1582 1462 1640 sonus.
1496 1567 1866 1640 Ecclesiastiea
1894 1567 2035 1640 enim

465 1651 574 1713 lyra
603 1635 874 1713 antiquum
904 1643 1160 1713 plectrum
1189 1639 1480 1713 cognoscit,
1522 1646 1696 1713 ct_pro
1721 1636 1900 1713 digitis
1923 1635 2038 1689 suf-

466 1707 648 1772 liciunt
676 1707 892 1786 syllaba:
905 1707 1151 1786 ’nominis
1176 1707 1277 1786 tui,
1308 1708 1448 1786 Vidit
1487 1709 1665 1786 regina
1699 1707 1823 1786 urbs
1847 1707 2036 1786 Serum

463 1789 599 1852 vela,
641 1776 1076 1850 et'contempsit;
1105 1780 1234 1852 vidit
1263 1779 1469 1852 Indicos
1507 1776 1816 1852 l_aj_iidcs,_et
1839 1776 2037 1852 deSpe-

466 1861 541 1912 xit
561 1847 700 1922 {nec
715 1855 890 1925 Tyria:
912 1847 1159 1925 purpura:
1179 1850 1278 1904 ﬂos
1304 1849 1470 1925 ipsam
1499 1848 1776 1925 delectavit
1801 1863 1814 1899 :
1839 1847 2038 1902 luteam

467 1918 1043 1995 concupivitlinguam,
1075 1918 1668 1995 immortaliadoctrinze
1695 1918 1887 1995 llue_nta
1918 1931 2040 1986 pro-

466 1988 791 2052 fundentem.
853 1988 993 2046 Vidit
1035 2002 1084 2046 te
1129 1991 1341 2059 antiqua
1386 1989 1646 2058 Ephesus,
1678 1997 1732 2042 et
1781 1988 2040 2059 Joannem

466 2083 658 2122 novum
688 2065 1012 2135 appellavit:
1045 2061 1174 2135 vidit
1193 2057 1294 2135 ,__et
1322 2059 1611 2135 evangelici
1658 2057 1933 2114 recordata
1960 2069 2040 2135 est

467 2138 678 2194 tonitrui
708 2129 896 2204 (Marc.
919 2131 1012 2204 III,
1047 2133 1155 2204 I7).
1184 2131 1337 2204 Allinc,
1357 2129 1556 2204 dilecti,
1580 2129 1752 2183 (luxus
1779 2129 2042 2182 sermonis

466 2200 969 2277 exasperatur.Sed
1002 2217 1068 2257 ne
1093 2201 1356 2277 fugiamus
1369 2200 1738 2277 asperitatem,
1772 2214 1898 2268 pace
1927 2208 2043 2252 tan-

463 2269 778 2332 dcm'ﬁuxni
808 2276 947 2328 viam
989 2269 1282 2327 sternente.
1325 2269 1381 2325 Si
1423 2270 1547 2339 quid
1579 2272 1720 2323 enim
1745 2310 1760 2335 ,
1793 2283 1826 2322 ο
1854 2279 2001 2337 pater
2022 2310 2037 2334 ,

465 2357 649 2403 contra
683 2355 867 2400 nautas
893 2353 1012 2397 tuos
1038 2341 1327 2411 indignaris
1347 2381 1363 2407 ,
1395 2340 1438 2411 si
1469 2339 1592 2408 quid
1625 2350 1810 2392 contra
1840 2354 2040 2392 comta-

468 2420 702 2486 vigantes
733 2415 958 2470 moleste
987 2413 1092 2467 fers
1119 2453 1132 2486 ,
1157 2410 1337 2486 cogita
1365 2410 1553 2486 hiemis
1600 2418 1964 2486 tempestatem
1990 2418 2046 2486 et

468 2479 783 2542 litictuosnm
815 2500 962 2538 mare
989 2483 1225 2552 coegisse
1239 2479 1401 2552 illos,
1421 2479 1502 2534 vel
1531 2480 1744 2545 invitos,
1769 2479 1958 2552 {unam
1989 2481 2041 2552 in

469 2559 658 2612 [luctus
685 2556 944 2626 projicere
973 2549 1118 2623 (.Ion'.
1147 2552 1188 2616 Ι,
1218 2551 1328 2626 15).
1357 2550 1473 2626 Non
1505 2564 1688 2626 corum
1719 2549 1921 2613 odium,
1949 2551 2044 2626 sed

468 2639 554 2682 tua
583 2619 925 2683 exercitatio:
949 2619 1051 2677 non
1077 2638 1262 2677 eoruut
1287 2619 1505 2684 bellum,
1529 2619 1620 2674 sed
1646 2631 1730 2673 tua
1751 2621 2040 2674 certamina

467 2709 591 2752 sunt
639 2714 699 2753 ea
743 2712 861 2766 qua:
907 2693 1043 2766 facta
1091 2692 1277 2766 fuere:
1309 2707 1413 2745 non
1438 2691 1536 2766 __illi
1569 2691 1803 2744 fraterno
1832 2690 2041 2745 calculo

468 2768 676 2838 expulsi
705 2761 847 2833 sunt,
878 2765 970 2820 sed
999 2763 1231 2838 oportuit
1258 2761 1562 2838 te_sta(_lium
1593 2769 1884 2838 martyrum
1916 2776 2043 2814 eur-

468 2832 610 2894 rere.
640 2832 843 2893 Arcana
871 2834 1114 2905 quaedam
1146 2833 1478 2905 providentia
1510 2832 1678 2905 stadia
1711 2832 1800 2886 tibi
1831 2841 1883 2884 et
1903 2845 2041 2905 _cer-

469 2910 681 2964 taminis
726 2909 836 2963 loca
883 2901 1240 2976 praeparavit:
1270 2903 1491 2976 omnino
1531 2901 1728 2976 dictum
1774 2912 1855 2976 est
1883 2901 1950 2976 de
1995 2912 2045 2957 te

469 2991 654 3036 contra
687 2970 957 3034 hominum
985 2970 1327 3030 eonnnunem
1359 2973 1568 3026 hostem
1600 2989 1613 3026 :
1645 2970 1891 3040 Nunquid
1926 2988 2046 3025 con-

465 3051 700 3105 siderasti
751 3063 943 3103 seruum
993 3062 1155 3100 meum
1207 3043 1613 3105 Joannem,etc.
1653 3041 1790 3108 (Job
1855 3040 1905 3103 l,
1937 3041 2045 3112 8)?

465 3122 636 3176 Clara:
674 3121 793 3173 vita?
841 3133 982 3171 mors
1029 3117 1186 3170 etiam
1233 3115 1371 3167 clara
1417 3112 1726 3166 debebatur.
1773 3112 2047 3179 Pugnabat

467 3199 651 3244 contra
701 3189 891 3243 .Iobum
945 3185 1220 3248 diabolus,
1267 3182 1422 3236 amici
1469 3196 1684 3250 quoque
1730 3182 2045 3236 videbantur

465 3260 734 3313 adversari
767 3275 780 3310 :
812 3257 931 3310 ideo
975 3255 1187 3309 tandem
1237 3255 1376 3306 Deus
1403 3253 1604 3305 amicos
1647 3251 1761 3320 ejus
1789 3262 1960 3316 sanat,
1991 3262 2046 3307 et

466 3330 653 3383 amicis
677 3327 905 3382 amicum
950 3325 1140 3379 Jobum
1184 3323 1374 3378 reddit.
1411 3321 1519 3375 Hoc
1550 3337 1687 3375 nunc
1725 3337 1935 3391 quoque
1961 3323 2043 3377 fa-

467 3410 610 3452 ctum
649 3399 839 3467 opinor
860 3438 873 3460 ,
905 3411 938 3448 ο
968 3404 1120 3467 pater
1142 3434 1155 3456 ,
1186 3403 1239 3446 et
1279 3403 1489 3467 pati-um
1525 3391 1777 3467 dexteras
1810 3395 2042 3467 invicem

467 3461 738 3537 coimlatas
768 3482 852 3520 me
896 3461 1073 3537 videre
1107 3475 1250 3531 puto.
1298 3461 1518 3532 Accepit
1544 3461 1645 3537 Job
1672 3463 2044 3537 multiplicatas

470 3531 835 3608 possessiones
864 3555 876 3590 :
905 3536 1150 3608 recepisti
1183 3546 1236 3587 tu
1263 3531 1476 3603 quoque
1503 3531 1756 3602 majorem
1776 3533 2040 3608 abomni-

469 3604 567 3663 bus
614 3608 890 3662 honorem.
930 3625 948 3658 ι
985 3606 1133 3659 Iltmc
1164 3615 1488 3673 postremum
1521 3617 1822 3657 sermonem
1856 3604 2043 3658 inscri-

469 3681 579 3749 ptio
623 3680 675 3732 in
715 3677 1081 3749 apostolorum
1127 3676 1324 3749 templo
1348 3673 1547 3749 dictum
1595 3673 1758 3728 fuisse
1804 3674 2040 3749 indeatﬂ;

471 3745 783 3816 protendunt
818 3762 944 3803 vero
968 3745 1264 3800 subindicat
1290 3746 1626 3814 scriptorem,
1650 3752 1927 3813 postquam
1956 3746 2044 3799 alii

471 3815 629 3874 locuti
683 3819 928 3882 fuerant,
978 3818 1346 3872 concinnatum
1395 3829 1515 3868 esse
1559 3832 1571 3868 :
1610 3815 1687 3867 sic
1737 3817 1879 3869 enim
1922 3817 2042 3869 ait:

473 3910 490 3940 ι
529 3891 789 3956 Quoniam
812 3903 898 3943 me
917 3902 1128 3957 quoque
1148 3895 1318 3941 cretus
1338 3885 1402 3939 ad
1429 3885 1746 3957 loquendum
1775 3888 2004 3957 concitat
2026 3927 2041 3950 ,

467 3955 717 4030 quoniam
739 3961 891 4029 signo
916 3955 1129 4013 dato’ad
1151 3971 1484 4030 communem
1508 3955 1761 4030 choream
1791 3955 2042 4030 advocor,

468 4025 588 4110 quia
617 4025 830 4110 oportet
859 4045 945 4084 me
973 4043 1184 4110 quoque
1209 4028 1274 4108 ad
1307 4037 1551 4110 paternas
1571 4025 1765 4110 Iaudes
1807 4026 2047 4110 modula-

471 4094 670 4154 tionem
695 4101 936 4166 pulsare;
965 4094 1016 4153 οἰ
1038 4094 1185 4152 multi
1210 4095 1533 4151 inexorabile
1552 4094 1785 4166 debitum
1805 4097 2043 4164 exigunt,

469 4186 588 4223 cum
611 4164 740 4222 nihil
765 4169 902 4238 apud
927 4183 1022 4222 nos
1049 4170 1114 4221 sit
1136 4164 1568 4238 paternzevirtuti
1589 4175 1690 4238 tua:
1715 4166 2045 4234 aaquiparan-

470 4239 627 4303 dum;
658 4234 935 4293 commoda
959 4234 1180 4300 nobis,’o
1201 4245 1346 4304 pater
1366 4234 1617 4299 Joannes,
1644 4234 1810 4304 lyram
1842 4247 2039 4289 tuam.»

543 4309 664 4378 Legi
693 4309 911 4363 Joannis
927 4307 1290 4376 Chrysostomi
1310 4304 1514 4360 laudent
1542 4305 1888 4378 quadraginta
1911 4321 2046 4378 mar-

470 4375 643 4450 tyrum
665 4381 791 4448 ((1).:
821 4378 1172 4450 celebrantur
1197 4386 1478 4450 martyres,
1504 4391 1606 4430 non
1627 4384 1682 4428 ut
1711 4375 1808 4444 ipsi
1835 4376 2044 4450 laudem

470 4445 750 4519 accipiant,
785 4448 880 4503 sed
925 4458 1106 4519 ut_nos
1146 4460 1240 4519 per
1270 4445 1475 4519 laudem
1517 4459 1721 4519 eorum
1748 4447 2045 4519 excitemur

469 4521 533 4574 ad
574 4513 941 4574 imitationem.
979 4513 1246 4571 Molestius
1296 4513 1437 4582 passi
1467 4523 1590 4568 sunt
1627 4526 1678 4570 et
1703 4516 1829 4585 justi
1855 4526 1911 4570 et
1936 4517 2040 4570 ini-

467 4593 596 4660 qui;
641 4590 735 4645 scd
782 4590 854 4643 illi
905 4588 1117 4660 quidem
1143 4585 1209 4660 ad
1234 4586 1667 4660 exercitationem
1709 4587 1950 4655 justitite,
1985 4586 2042 4642 hi

468 4655 594 4716 vero
623 4662 686 4714 ad
718 4655 1364 4730 peccati'castigationem.
1389 4655 1513 4710 Ideo
1538 4655 1804 4724 justorum
1830 4663 2042 4711 crucia-

470 4742 553 4785 tus
596 4727 962 4784 tribulationes
1008 4737 1161 4782 vocat
1185 4727 1494 4795 Scriptura;
1527 4737 1861 4794 peccatorum
1893 4742 2041 4795 vero,

468 4801 697 4865 flagella.
731 4801 869 4854 Beati
913 4801 1046 4853 oculi
1076 4799 1225 4852 vestri
1245 4839 1258 4862 ,
1287 4799 1405 4868 quia
1431 4797 1595 4868 vident
1625 4797 1643 4868 (
1667 4796 1851 4868 Matth.
1885 4797 2001 4851 XIII
2025 4839 2041 4864 ,

469 4875 580 4935 to),
615 4872 665 4925 id
687 4882 769 4926 est
797 4872 918 4940 quia
945 4872 1173 4925 discunt.
1203 4869 1256 4923 Si
1281 4867 1419 4922 enim
1443 4883 1508 4922 ex
1531 4867 1643 4921 visu
1671 4867 1798 4940 solo
1822 4869 2045 4940 felicitas

468 4951 646 5007 esset,
679 4942 774 5009 ipsi
801 4938 966 4994 Juda-i
989 4981 1004 5003 ,
1035 4941 1122 5008 qui
1172 4940 1512 4994 Servatorem
1543 4939 1711 4992 oculis
1751 4938 1998 4992 videbant
2025 4979 2039 5002 ,

470 5013 608 5066 beati
661 5012 902 5065 fuissent.
935 5011 1038 5064 Sed
1067 5009 1264 5075 videre,
1310 5010 1360 5062 itt
1409 5010 1702 5077 Scriptura,
1745 5019 1826 5062 est
1875 5009 2045 5063 oculis

469 5081 663 5136 mentis
695 5079 1182 5150 comprehendere,
1216 5091 1268 5134 ct
1299 5079 1555 5148 profunda
1589 5080 1826 5133 veritatis
1851 5080 2046 5134 intelli-

466 5168 594 5220 gere
622 5170 634 5204 :
667 5152 785 5206 ideo
827 5151 1028 5217 antiqui
1075 5150 1360 5218 prophetas
1417 5150 1643 5220 _videntes
1688 5151 1946 5204 vocabant
1983 5150 2043 5219 (l

473 5217 600 5292 Reg.
635 5223 726 5289 IX,
765 5222 841 5290 9).
888 5220 1044 5292 Beata
1079 5217 1248 5288 igitur
1287 5217 1826 5292 prgcdieatAServator
1847 5217 2044 5292 organa

470 5288 939 5359 virtutis,etiamsi
972 5291 1022 5343 in
1049 5304 1274 5358 corpore
1319 5288 1426 5341 sint
1451 5289 1590 5342 oculi
1620 5289 1753 5342 bene
1783 5288 2040 5354 videntes,

469 5372 524 5415 et
551 5378 707 5418 aures
730 5380 849 5418 cum
877 5361 1196 5416 discretione
1221 5359 1514 5412 audientes.
1538 5359 1757 5427 Oportet
1783 5361 1924 5412 enim
1952 5375 2043 5412 att-

469 5432 702 5487 dientcm
761 5435 1084 5503 intelligere,
1136 5439 1189 5503 et
1241 5428 1934 5503 intelligentem‘obscqui,
1988 5439 2046 5483 ut

471 5504 723 5570 scriptunt
769 5516 845 5559 est
878 5523 889 5556 :
925 5497 1095 5568 Findi,
1126 5500 1233 5570 {ilia
1257 5540 1270 5566 ,
1305 5509 1348 5553 et
1378 5499 1520 5570 vide,
1567 5508 1611 5550 et
1641 5497 1841 5552 inclina
1873 5516 2046 5554 aurem

471 5569 608 5624 tuum
634 5572 804 5628 (Psal.
840 5574 996 5628 XLIV
1023 5616 1035 5640 ,
1068 5569 1158 5643 II)
1186 5589 1199 5638 ;
1231 5571 1281 5626 id
1308 5577 1411 5638 est,
1443 5569 1755 5638 obsequere,
1787 5571 2038 5641 intelligo.

531 5727 597 5788 (ul
638 5727 763 5777 Edit.
791 5728 996 5778 Bekkeri
1019 5729 1132 5780 Cod.
1159 5729 1267 5791 ιω,
1295 5742 1343 5791 p.
1367 5725 1475 5790 509,
1501 5724 1550 5773 b-

2143 368 2288 424 Sicut
2319 383 2411 424 vas
2432 367 2600 423 canali
2627 365 2807 422 ﬁucnti
2834 366 3142 438 acclinatur,
3170 365 3246 438 sic
3269 369 3480 423 auditus
3500 367 3629 438 justi
3659 375 3723 428 ad

2143 439 2338 492 divina:
2385 439 2514 506 legis
2554 438 2747 492 fluenta
2797 454 2854 492 se
2900 437 3115 492 inclinat
3145 453 3159 493 :
3191 435 3460 491 lnulinabo
3501 435 3643 496 cnim
3674 460 3724 498 ιη

2143 508 2436 574 parabolam
2460 525 2632 561 aurem
2661 525 2821 562 meam
2854 507 3024 577 (Psal.
3058 506 3288 571 XLVIII,
3315 507 3392 577 5).
3429 511 3603 575 Quare
3629 511 3726 565 In-

2143 578 2388 632 clinabo?
2424 579 2554 646 Quia
2579 582 2754 631 omnis
2782 595 2913 632 urna
2941 593 3131 647 aquam
3161 580 3395 645 capiens,
3427 579 3728 638 inclinantis

2142 663 2204 703 se
2233 648 2452 702 formam
2498 648 2726 717 accipit;
2760 650 2877 702 ideo
2908 650 3080 703 omnis
3120 650 3330 702 auditus
3361 650 3524 704 divini
3575 655 3725 708 verbi

2142 719 2344 773 fluenta
2368 719 2634 787 accipiens
2660 759 2672 780 ,
2703 720 2766 771 ad
2802 719 2889 772 illa
2920 734 2978 774 se
3004 719 3262 774 inclinare
3291 720 3505 775 dicitur.
3534 721 3724 778 Beatus

2143 789 2376 859 praedico
2403 798 2691 859 martyrum
2723 798 2899 843 costas
2923 830 2938 853 ,
2968 805 3084 859 qua:
3116 789 3326 856 pictatis
3351 799 3552 845 costam
3581 792 3726 847 insu-

2141 857 2455 928 perabilem,
2489 857 2613 912 dum
2662 857 3041 922 lacerarentur,
3069 858 3442 923 exhibuerunt,
3473 862 3724 929 pietatem

2143 945 2246 983 non
2279 930 2606 996 abjicicntes.
2641 929 2850 983 Etenim
2884 930 2933 982 in
2963 931 3144 994 costis,
3180 940 3234 983 ttt
3264 930 3571 1000 plttrimum,
3602 948 3724 986 ver-

2143 1000 2465 1054 berabantur
2489 1040 2504 1065 ,
2531 1001 2652 1069 quia
2678 1015 2741 1053 ex
2773 1009 2916 1054 costa
2948 1009 3221 1070 peccatum
3263 1012 3435 1054 ortum
3464 1013 3564 1056 cst.
3593 1003 3723 1058 Pec-

2141 1081 2316 1124 catum
2340 1085 2466 1124 vero
2490 1085 2591 1123 non
2613 1079 2727 1123 erat
2749 1070 2937 1125 femina
2963 1088 2975 1133 ;
3010 1086 3129 1124 nam
3160 1081 3212 1125 ct
3237 1071 3350 1140 ipsa
3375 1072 3464 1126 Dei
3482 1083 3725 1129 creatura

2142 1149 2225 1194 est
2257 1158 2270 1194 :
2301 1141 2394 1194 sed
2425 1140 2545 1210 quia
2577 1140 2716 1194 illam
2765 1141 3127 1210 praevaricatio
3170 1143 3308 1195 viam
3339 1143 3554 1196 invenit.
3585 1143 3725 1197 Mar-

2147 1221 2290 1281 tyrcs
2315 1225 2442 1281 ergo
2474 1211 2820 1266 verberantur
2843 1211 2894 1264 in
2925 1212 3108 1276 costis,
3143 1211 3282 1265 unde
3311 1224 3584 1278 peccatum
3609 1229 3727 1269 sca—
3773 1211 3784 1218 ’

2144 1282 2344 1336 tnrivit.
2375 1284 2624 1336 Scrvator
2651 1297 2860 1350 quoque
2889 1281 3006 1336 ideo
3036 1283 3084 1334 in
3109 1283 3271 1335 costis
3301 1282 3533 1338 lanceam
3564 1300 3725 1340 cxce-

2147 1353 2240 1420 pit,
2270 1351 2339 1404 Et
2367 1351 2516 1406 mittit
2543 1353 2824 1424 sanguiset
2850 1369 2982 1421 aqua
3010 1350 3188 1424 (Jonn.
3224 1352 3363 1415 XIX,
3401 1353 3511 1424 5i),
3541 1356 3726 1410 muudt

2146 1425 2408 1492 purgatio,
2439 1434 2493 1477 et
2537 1423 2728 1492 veteris
2758 1423 2896 1476 illius
2939 1424 3106 1491 plaga:
3133 1423 3491 1491 pharmacum.
3522 1424 3725 1492 Quem-

2144 1491 2430 1546 adniodnm
2462 1493 2601 1546 enim
2624 1491 2886 1561 justorum
2918 1494 3157 1546 membra
3185 1494 3450 1561 sigillatim
3482 1491 3725 1551 laudibus

2146 1564 2499 1627 celebrantur,
2531 1563 2607 1616 sic
2636 1563 2872 1617 membra
2905 1564 3184 1632 impiorum
3214 1564 3479 1632 sigillatim
3507 1565 3723 1621 infantia

2148 1643 2395 1687 notantur
2423 1643 2476 1687 et
2507 1633 2733 1686 infelicia
2788 1633 3141 1702 pra~dicautur
3171 1651 3184 1686 :
3221 1634 3337 1687 Non
3395 1635 3559 1688 veniat
3600 1638 3726 1690 milii

2148 1721 2236 1777 pes
2250 1703 2536 1777 superbire,
2549 1713 2594 1757 et
2623 1720 2803 1777 manus
2825 1704 3096 1777 peccatoris
3118 1721 3214 1756 non
3239 1715 3427 1777 moveat
3453 1721 3528 1758 me
3550 1705 3724 1777 (I’sal.

2145 1773 2476 1845 XXXVJQ).
2510 1774 2608 1828 Pes
2631 1774 3076 1845 superbi-.cestvia
3094 1775 3376 1842 superbiae,
3397 1773 3584 1829 manus
3599 1792 3727 1833 vero

2147 1845 2382 1899 estactio
2415 1843 2514 1899 :id
2545 1855 2646 1908 est,
2683 1843 2862 1912 Neque
2889 1845 3088 1912 peccati
3116 1846 3276 1907 actio,
3301 1859 3471 1912 neque
3492 1849 3681 1900 semita
3707 1887 3722 1911 ,

2150 1930 2320 1983 neque
2338 1915 2591 1984 profectio
2605 1914 2806 1968 accidat
2828 1916 2978 1968 mihi.
2993 1913 3115 1968 Ideo
3132 1914 3338 1984 Moyses
3351 1931 3532 1970 aurem
3551 1917 3730 1972 dexte-

2148 2000 2258 2038 ram
2304 1985 2596 2040 sacerdotis
2623 1987 2740 2054 agni
2769 1985 3023 2054 sanguine
3052 1987 3197 2052 nngit
3220 2026 3233 2048 ,
3268 1995 3323 2039 et
3364 1988 3724 2042 summitatem

2148 2055 2384 2110 dextcrm
2400 2071 2584 2109 manus
2596 2055 2906 2124 dexterique
2923 2055 3066 2126 pedis
3080 2055 3262 2124 (Leuit.
3277 2055 3524 2126 Vlll,23):
3543 2071 3727 2112 aurem

2147 2127 2383 2194 quidem,
2401 2127 2520 2195 quia
2546 2138 2601 2179 ut
2625 2127 3013 2195 receptaculum
3031 2125 3191 2179 divini
3215 2127 3365 2180 verbi
3393 2126 3564 2181 futura
3587 2139 3726 2192 erat;

2149 2212 2387 2269 manum,
2414 2206 2479 2269 ut_
2497 2211 2656 2269 opera
2685 2195 3103 2269 signiﬁcantem;
3129 2196 3321 2269 pedem
3340 2213 3486 2269 vero,
3505 2209 3731 2269 utsynt-

2149 2265 2327 2320 bolum
2360 2265 2626 2335 profectus
2647 2267 2696 2319 itt
2725 2267 2916 2320 virtute
2945 2277 2995 2320 et
3025 2266 3365 2335 perfectione.
3398 2267 3537 2322 Fons
3559 2265 3733 2323 Evan-

2147 2336 2269 2409 gelii
2326 2337 2432 2409 duo
2483 2337 2645 2391 efficit
2678 2353 2690 2388 :
2724 2336 2944 2389 mundat
2988 2348 3274 2409 etpotum
3331 2339 3550 2406 prtebet,
3602 2350 3729 2409 potu

2144 2408 2296 2476 juvat
2325 2407 2567 2461 sitientes
2591 2417 2642 2460 et
2671 2416 2858 2476 purgat
2894 2407 3134 2461 sordidas
3161 2408 3383 2461 animas.
3426 2407 3618 2462 Mei-cei
3647 2425 3730 2463 ve-

2148 2485 2252 2530 stra
2280 2478 2484 2549 capiam
2513 2487 2584 2530 est
2610 2478 2663 2530 in
2698 2478 2837 2549 caelis
2871 2476 3080 2549 (Matth.
3110 2477 3177 2535 ν,
3209 2476 3312 2549 l2),
3344 2478 3394 2531 in
3423 2478 3730 2549 Evangeliis

2149 2547 2314 2602 semel
2347 2548 2545 2602 dictum
2589 2557 2688 2602 est.
2741 2547 2850 2600 Vox
2883 2547 2986 2601 illa
3013 2589 3028 2612 ,
3061 2547 3300 2616 copiosa,
3332 2549 3382 2601 in
3414 2550 3529 2616 lege
3559 2547 3727 2604 veteri

2149 2618 2315 2672 semel
2342 2617 2645 2672 Abrahamo
2669 2618 2808 2672 dicta
2839 2616 2937 2670 fuit
2971 2628 3243 2688 postquam
3271 2633 3420 2688 reges
3449 2621 3650 2674 vicerat
3672 2628 3728 2674 et

2149 2689 2388 2758 captivos
2415 2689 2678 2754 solverat,
2710 2703 2829 2742 cum
2861 2688 3024 2742 nollet
3052 2689 3348 2742 mercedem
3378 2690 3618 2758 recipere
3644 2689 3727 2743 la-

2150 2756 2364 2824 borum,
2395 2760 2735 2827 victornuqne
2759 2773 2915 2828 quam
2942 2759 3009 2813 de
3033 2759 3255 2828 captivis
3281 2756 3552 2814 retulerat.
3575 2759 3728 2814 Tunc

2149 2828 2292 2882 enim
2321 2829 2454 2883 dixit
2485 2829 2556 2883 illi
2602 2830 2739 2884 Deus
2773 2847 2785 2882 :
2817 2828 2940 2882 Noli
2980 2830 3182 2895 timere,
3223 2829 3474 2883 Abraham
3500 2847 3518 2894 ,'
3545 2847 3732 2885 nterea

2151 2907 2239 2951 tua
2261 2900 2466 2972 copiosa
2491 2901 2582 2972 erit
2609 2900 2754 2972 valde
2773 2898 2924 2972 (Gen.
2948 2899 3066 2967 XV,
3095 2900 3170 2972 i).
3205 2901 3285 2955 Ad
3313 2903 3531 2972 verbum
3561 2902 3727 2972 semel

2149 2978 2206 3022 et
2231 2971 2398 3042 semel
2431 2971 2556 3026 illud
2586 2971 2790 3039 copiosa
2819 2970 3033 3042 dictum
3059 2970 3146 3042 est
3165 3013 3178 3036 ,
3207 2971 3497 3042 secundum
3525 2970 3731 3042 signiti-

2149 3040 2413 3110 cationem
2455 3057 2582 3095 vero
2609 3055 2768 3110 saepe.
2817 3041 3023 3110 Etenim
3055 3041 3215 3095 David
3245 3042 3416 3109 dixit,
3447 3040 3730 3096 Retributio

2150 3110 2308 3182 multa
2333 3109 2352 3181 (
2374 3109 2516 3164 Psat.
2544 3109 2745 3178 XVIII,
2782 3109 2889 3182 l2)
2915 3152 2928 3174 ,
2962 3111 3013 3164 id
3041 3120 3156 3182 est,
3198 3127 3400 3166 merces
3447 3114 3647 3178 multa;
3677 3123 3733 3168 et

2150 3179 2274 3233 alibi
2305 3197 2318 3234 :
2344 3179 2466 3234 cum
2515 3191 2689 3234 autem
2735 3179 2878 3236 dieit‘
2895 3183 3032 3237 Deus
3054 3223 3068 3248 ,
3099 3181 3314 3249 Capiosa
3352 3199 3537 3236 merces
3561 3225 3575 3249 ,
3605 3197 3727 3237 cum

2151 3249 2416 3322 intelligas
2457 3250 2508 3305 id
2555 3253 2694 3319 quod
2739 3255 3102 3321 promittitur,
3135 3253 3369 3322 intellige
3413 3256 3570 3308 etiam
3600 3254 3730 3308 illud

2151 3320 2415 3375 ineffabile
2462 3324 2704 3388 verbum,
2741 3320 2978 3391 copiosa.
3030 3323 3186 3377 Aliud
3233 3320 3373 3377 enim
3425 3333 3506 3378 est
3553 3325 3732 3379 dicere

2150 3392 2394 3463 agricola:
2449 3393 2747 3463 copiosum,
2799 3393 2938 3447 aliud
2989 3394 3038 3448 id
3091 3393 3269 3448 dicere
3313 3395 3455 3458 civi;
3504 3404 3733 3463 utroque

2151 3460 2325 3530 majus
2367 3471 2449 3516 est
2492 3462 2671 3516 dicere
2726 3464 2844 3516 duci
2900 3465 3166 3518 exercitus
3207 3466 3464 3532 copiosum
3511 3460 3728 3532 :quodr

2150 3545 2254 3604 que
2301 3547 2330 3586 a
2371 3547 2495 3601 rege
2538 3532 2888 3602 proﬁciscitur
2934 3537 3220 3603 copiosum,
3265 3537 3442 3588 multis
3492 3537 3729 3604 partibus

2151 3601 2324 3674 majus
2349 3615 2428 3657 est
2452 3645 2467 3668 ,
2495 3601 2652 3672 quam
2680 3605 2819 3673 quod
2845 3605 2912 3656 ab
2939 3601 3056 3658 aliis
3093 3606 3250 3658 datur
3282 3623 3295 3657 :
3325 3607 3465 3674 quod
3493 3601 3669 3659 autem
3697 3621 3730 3658 a

2153 3671 2263 3725 Deo
2288 3676 2460 3744 datur,
2488 3671 2735 3728 amnibus
2757 3685 2838 3729 est
2859 3675 3014 3744 longe
3034 3676 3322 3743 coliiOsitts,
3343 3671 3450 3730 nec
3475 3677 3727 3743 explicari

2153 3751 2344 3810 potest.
2372 3742 2597 3812 Copiosa
2630 3754 2708 3798 est
2735 3760 2862 3814 ergo
2901 3742 3191 3817 martyrum
3221 3761 3445 3812 merces,
3473 3742 3560 3817 qui
3589 3746 3731 3814 inju-

2149 3821 2232 3866 ste
2261 3823 2580 3868 accusantur
2607 3823 2663 3868 et
2691 3818 2992 3869 cruciantur
3021 3816 3233 3884 propter
3263 3817 3450 3879 Deum,
3478 3816 3565 3884 qui
3591 3817 3728 3870 mala

2152 3885 2441 3956 patiuntur,
2463 3893 2518 3938 et
2543 3887 2822 3938 humanam
2842 3886 3084 3956 gloriam,
3111 3897 3164 3938 ut
3182 3886 3471 3950 Abraham,
3498 3887 3726 3940 calcant.

2151 3951 2280 4006 Nam
2324 3955 2414 4009 ille
2455 3956 2666 4025 regibus
2697 3951 3008 4011 Gomorrha:
3053 3951 3106 4010 et
3137 3958 3490 4010 Sodomorum
3519 3958 3731 4026 equita-

2153 4031 2262 4076 tum
2290 4039 2500 4096 omnem
2533 4026 2779 4080 dantibus
2800 4037 2852 4080 et
2880 4026 3134 4080 honorem
3166 4026 3557 4093 exhibcntibus,
3586 4027 3730 4096 quod

2152 4108 2344 4165 uxores
2373 4105 2427 4150 et
2469 4094 2608 4149 ﬁlios
2636 4112 2761 4152 suos
2788 4111 2818 4150 a
2848 4097 3150 4164 captivitate
3180 4098 3456 4152 liberasset
3481 4139 3496 4163 ,
3524 4094 3731 4165 respuit

2150 4164 2408 4219 honorem
2438 4166 2694 4235 ipsorum,
2722 4169 2906 4222 nolens
2931 4167 3168 4222 laborum
3202 4168 3504 4222 mercedem
3529 4167 3598 4221 ab
3619 4164 3730 4221 ho-

2152 4236 2688 4307 minibusaccipere.
2742 4237 2866 4292 Ideo
2915 4237 3107 4307 dignus
3171 4237 3382 4291 habitus
3422 4248 3504 4291 est
3561 4239 3651 4307 qui
3698 4253 3732 4292 a

2152 4303 2262 4359 Deo
2287 4305 2516 4369 audiret,
2545 4303 2742 4379 Mercea
2771 4318 2856 4379 tua
2885 4303 3090 4379 copiosa
3127 4307 3277 4379 (Gen.
3308 4307 3446 4379 XIV,
3476 4303 3593 4379 2|).
3633 4326 3653 4359 ι

2227 4393 2245 4426 ‹
2283 4384 2576 4447 Σφαιρωτήρ,
2604 4377 2772 4445 inquit
2815 4378 2866 4432 in
2885 4378 3088 4444 Graeco,
3119 4377 3168 4430 id
3198 4388 3278 4431 est
3307 4378 3446 4447 quod
3477 4392 3504 4429 a
3550 4377 3733 4433 multis

2153 4453 2333 4516 λὼριον,
2362 4448 2516 4516 ligula
2558 4459 2808 4519 vocatur;
2855 4464 3159 4519 σφαιρωτῆρα
3211 4457 3388 4502 autem
3439 4448 3728 4519 nominari,

2149 4519 2271 4584 quia
2312 4531 2454 4584 saepe
2494 4517 2683 4571 artifex
2712 4517 2915 4572 corium
2962 4517 3245 4573 rotundum
3282 4518 3512 4574 secando
3541 4517 3726 4572 efﬁcit.

2149 4585 2398 4658 lVonnulli
2428 4588 2613 4642 dicunt
2643 4602 2835 4642 nomen
2857 4589 2904 4643 ei
2926 4588 3145 4643 inditum
3169 4604 3288 4643 esse
3314 4589 3452 4658 quod
3481 4589 3627 4657 pedis
3651 4599 3730 4641 ta-

2150 4657 2231 4711 los
2251 4669 2480 4711 servent.
2497 4676 2515 4710 ι

2227 4747 2245 4778 ι
2281 4727 2567 4782 Duodecim
2614 4728 2689 4782 illi
2718 4726 3044 4782 JJtdicabunt
3085 4729 3345 4782 duodecim
3374 4729 3534 4782 trians
3563 4726 3729 4780 Israel

2153 4797 2516 4869 (Matt/tax“
2539 4840 2552 4862 ,
2583 4799 2652 4854 28
2677 4797 2730 4869 ).‘
2762 4797 2969 4853 Judicat
2997 4810 3050 4854 et
3080 4801 3274 4854 Paulus
3322 4799 3506 4854 orbem
3535 4839 3548 4861 ,
3581 4799 3730 4852 orbis

2151 4869 2478 4949 prmcancc
2507 4869 2700 4949 Paulus
2712 4870 2896 4949 modo,
2920 4871 3011 4949 sed
3033 4871 3190 4949 etiam
3219 4872 3252 4922 ii
3280 4871 3369 4940 qui
3393 4871 3577 4949 eadem
3606 4882 3728 4948 cum

2152 4939 2266 5009 ipso
2296 4939 2528 4993 simium
2556 4958 2569 4992 :
2601 4939 2722 4993 audi
2748 4942 2888 4993 enim
2919 4940 3066 4994 illam
3096 4939 3359 4994 dicentem
3387 4940 3502 4992 :An
3529 4940 3730 4991 nescitis

2149 5010 2282 5078 quod
2319 5011 2477 5062 sancti
2507 5011 2570 5064 de
2601 5009 2694 5062 hoc
2720 5011 2906 5063 mundo
2944 5009 3287 5079 judicabant?
3325 5009 3390 5064 Et
3425 5011 3469 5063 si
3512 5011 3562 5061 in
3591 5010 3730 5079 vobis

2141 5080 2458 5151 judicabitur
2483 5080 2698 5151 mundus
2717 5121 2732 5147 ,
2753 5078 2952 5151 indigni
2992 5081 3107 5135 estis
3131 5083 3216 5150 qui
3245 5081 3308 5135 de
3329 5081 3546 5134 minimis
3574 5078 3730 5148 judi-

2151 5151 2269 5202 celis
2295 5149 2342 5221 (I7
2366 5149 2485 5206 Cor.
2517 5150 2602 5215 Vl,
2634 5151 2711 5221 2).
2750 5169 2767 5204 ι

2228 5237 2247 5270 ι
2283 5219 2400 5275 Alia
2427 5231 2507 5275 est
2531 5219 2766 5290 gentium
2795 5222 2958 5284 ultio,
2988 5230 3038 5276 et
3067 5221 3167 5275 alia
3194 5221 3372 5290 populi
3401 5219 3727 5287 redargutio.

2152 5290 2283 5346 Nam
2310 5291 2440 5346 ultio
2467 5291 2532 5344 ad
2573 5291 2812 5346 inﬁdeles
2856 5295 3074 5347 omnino
3107 5294 3335 5361 pertinet
3367 5307 3382 5356 ;
3409 5291 3472 5361 ad
3502 5290 3730 5359 pOpqus

2152 5377 2280 5416 vero
2306 5363 2397 5432 qui
2426 5363 2612 5417 nolunt
2638 5365 2689 5416 in
2711 5365 3065 5432 cognitionem
3093 5360 3296 5428 venire,
3325 5360 3730 5429 redargtttiones

2153 5435 2437 5501 pertinent,
2467 5447 2571 5486 non
2603 5435 2730 5488 ultio
2754 5450 2768 5499 ;
2800 5448 2920 5487 nam
2949 5434 3076 5488 ultio
3105 5434 3170 5486 ad
3213 5433 3454 5486 inimicos
3481 5439 3687 5500 spectat
3711 5444 3726 5492 ;
3755 5475 3762 5482 .

2151 5505 2244 5558 sed
2275 5505 2539 5572 redarguit
2569 5503 2658 5557 ille
2697 5516 2751 5558 ut
2783 5504 3037 5558 Dominus
3061 5544 3074 5568 ,
3102 5516 3318 5574 peccata
3348 5502 3724 5574 dijudican's._:

2135 5585 2162 5644 ρ
2229 5592 2248 5625 ι
2286 5569 2471 5627 Anima
2494 5576 2642 5642 justi,
2670 5589 2788 5628 cum
2819 5574 2941 5630 hinc
2966 5569 3196 5640 excedit,
3223 5569 3528 5644 angelorum
3557 5569 3728 5624 matti-

2151 5643 2252 5716 bus
2283 5653 2538 5716 portatur;
2569 5648 2656 5713 qui
2686 5645 2828 5698 illaut
2857 5646 2911 5701 in
2937 5646 3067 5702 urbe
3095 5647 3238 5716 regia
3265 5643 3478 5711 sistunt,
3507 5657 3624 5712 qua:
3651 5648 3730 5695 est

2155 5715 2389 5772 cmlestis
2417 5714 2728 5771 Jerusalem.
2761 5737 2782 5768 τ
