4054 6216
298 325 365 378 97
1501 316 1585 372 DE
1623 315 1679 371 S.
1718 315 1979 371 JOANNE
2016 316 2386 373 CIIRYSOST.
3513 328 3581 383 οδ

300 435 515 507 quando
544 432 799 507 seductor
831 438 887 486 et
912 428 1280 507 Samaritanus
1328 427 1655 507 vocabatur,
1684 437 1893 484 creatu-

304 499 419 561 r'am
449 506 517 558 ab
543 504 629 558 his
662 503 929 564 tantisque
954 512 1008 556 et
1036 510 1140 555 tam
1169 499 1436 555 diuturnis
1467 500 1668 552 morbis
1695 510 1750 553 et
1778 515 1895 553 ma-

302 578 443 631 culis
486 576 796 629 muodavit:
855 572 1069 642 quando
1113 572 1291 625 veniet
1343 578 1401 623 ut
1435 569 1596 637 judex
1645 569 1896 642 _vivorum

305 660 360 702 et
384 658 749 707 mortuorum,
795 640 1009 712 quando
1054 644 1365 712 angelorum
1394 640 1687 712 innumeris
1727 640 1897 712 stipa-

308 731 390 771 tus
407 717 706 778 ordinibus,
730 710 945 784 quando
968 714 1208 784 omnium
1229 711 1530 764 dominator
1550 720 1599 764 et
1624 710 1894 776 dominus,

307 788 525 855 quando
550 787 728 838 omnia
751 783 983 838 horrore
1004 783 1372 855 concutiuntur
1392 791 1444 834 et
1466 789 1731 855 tremore;
1765 796 1893 850 quo.

309 852 474 912 modo
517 859 737 909 mutatio
762 870 789 906 a
820 854 1159 923 corruptione
1190 853 1240 923 in
1272 852 1757 923 incorruptionem,
1789 866 1895 905 non

313 930 558 982 tidealur
588 936 871 979 consecuta
922 921 996 977 ea
1032 939 1150 991 qtne
1195 922 1301 975 Deo
1340 922 1493 989 digna
1523 921 1690 975 sunt?
1727 939 1746 972 ι

389 1017 408 1049 ι
444 999 601 1053 Venit
628 997 900 1056 Servatur,
930 993 1335 1063 przcdicentibus
1356 991 1625 1063 [treplietis
1651 1012 1662 1043 :
1686 1007 1750 1046 ue
1776 992 1894 1061 quis

312 1079 485 1137 putet,
515 1069 704 1121 eodem
731 1061 1045 1137 modo.'quo
1073 1066 1249 1137 homo,
1289 1078 1315 1115 a
1347 1061 1517 1137 primo
1547 1062 1816 1137 propositg
1841 1071 1895 1116 et

315 1133 514 1193 auxilio
544 1141 799 1191 ahrrrans
822 1180 835 1200 ,
863 1136 929 1188 ad
958 1133 1244 1188 secundum
1280 1134 1421 1186 venit
1448 1149 1460 1195 ;
1496 1133 1564 1184 ita
1592 1135 1751 1185 etiam
1786 1133 1894 1187 Deo

315 1222 631 1265 eventurum
661 1222 800 1262 esse.
831 1206 908 1261 Ne
932 1208 1050 1275 quis
1076 1206 1234 1273 igitur
1262 1204 1309 1255 id
1339 1204 1653 1275 suspicetur,
1685 1202 1772 1255 ditt
1798 1218 1894 1255 an-

316 1292 398 1334 tea
427 1284 704 1350 prophetze
734 1278 874 1331 illius
900 1272 1599 1350 adventum_prmtl_ixo-runt,
1634 1281 1691 1350 ut
1715 1281 1895 1326 osten-

314 1343 716 1415 deretit,'l)ettttt
745 1363 848 1401 non
874 1345 1176 1400 meditando
1200 1343 1436 1396 invenire
1465 1343 1679 1415 ltIAquOtI
1702 1357 1898 1415 oppor-

317 1413 635 1485 [unum-sit,
666 1419 758 1471 sed
800 1435 827 1472 a
860 1417 1117 1486 principio
1158 1417 1332 1467 omnia
1378 1413 1706 1486 prtevidisse.
1761 1413 1893 1466 Nam

317 1508 417 1546 nos
444 1483 660 1561 quidem
684 1483 926 1561 homines
953 1483 1286 1561 meditantur,
1318 1492 1371 1561 et
1397 1483 1439 1535 si
1463 1498 1489 1535 a
1514 1484 1677 1552 priori
1703 1492 1898 1561 conatu

316 1553 654 1623 aberremus,
686 1560 751 1611 ad
782 1559 941 1612 alium
972 1556 1254 1609 transimus
1288 1572 1301 1609 :
1333 1553 1470 1607 Deus
1497 1568 1623 1606 vero
1652 1568 1753 1607 non
1783 1554 1894 1618 sic;

316 1635 411 1687 sed
443 1634 592 1687 dedit
634 1632 802 1700 legem
823 1672 838 1695 ,
869 1628 1196 1700 prephetas,
1218 1633 1271 1679 et
1301 1633 1481 1700 postea
1511 1624 1894 1700 Evangeliutir;

319 1722 423 1757 non
458 1694 718 1769 temporis
746 1694 1125 1767 dectirstiquid
1156 1697 1225 1769 sit
1255 1695 1382 1749 utile
1414 1695 1627 1748 discens
1652 1734 1669 1760 ,
1710 1694 1802 1769 sed
1832 1694 1900 1749 al)

323 1777 475 1829 initio
506 1767 692 1827 videns
711 1815 726 1839 ,
760 1786 865 1824 non
895 1770 1050 1823 aliter
1078 1767 1313 1837 potuisse
1340 1775 1637 1839 creaturam
1660 1774 1731 1839 _et
1751 1767 1808 1839 in
1836 1779 1898 1839 ea

323 1847 594 1899 hominem
628 1834 739 1896 tieri
758 1884 773 1909 ,
806 1842 886 1895 ve!
915 1834 1114 1893 institui
1140 1880 1155 1903 ,
1185 1851 1357 1909 neque
1384 1834 1793 1909 incorruptiouis
1819 1834 1903 1888 di-

318 1918 576 1985 guitatem
610 1904 890 1985 accipere,
924 1910 1118 1985 nisieo
1144 1904 1304 1985 modo
1334 1921 1440 1976 quo
1468 1904 1746 1960 inelTahitis
1774 1920 1899 1976 pro-

322 1979 553 2039 iidentia
585 1996 636 2039 et
669 1979 970 2037 humanitas
996 1979 1339 2049 dispensavit.
1380 1996 1399 2029 ι

389 2059 483 2123 Si,
519 2052 970 2125 inquiunt,Deus
1000 2048 1241 2125 praevidit
1259 2048 1526 2125 itdamum
1553 2060 1672 2101 esse
1714 2059 1902 2125 pecca-

322 2116 497 2203 turmii
525 2170 541 2190 ,
570 2116 735 2203 quare
764 2116 1191 2203 illunrproduitit
1211 2119 1233 2171 ?
1256 2118 1325 2172 Et
1349 2118 1672 2203 ttiultesunt
1702 2116 1899 2203 cipul-

319 2187 605 2253 chcrriniai
636 2195 793 2264 hujus
818 2187 963 2264 dubii
1001 2190 1328 2264 solutiones;
1370 2188 1498 2243 dicit
1523 2188 1698 2264 itaque
1724 2187 1901 2242 divina

321 2271 579 2337 sapientia
606 2257 854 2336 przevditus
873 2262 1105 2337 Joannes
1120 2259 1532 2337 Chrysostomus
1556 2275 1567 2308 ε
1595 2275 1614 2307 ι
1644 2257 1757 2337 ῌρη
1781 2267 1900 2311 tan-

322 2328 430 2393 tum
455 2340 576 2392 dico
601 2328 741 2406 quod
763 2337 861 2389 hoc
876 2332 1218 2403 prtesciverit,
1234 2328 1330 2384 sed
1352 2328 1509 2384 etiam
1533 2328 1671 2406 quod
1695 2328 1898 2406 lapsum

323 2412 596 2464 hominem
619 2398 720 2476 'per
740 2398 1090 2476 (economiam
1113 2408 1575 2476 erecturusesset.
1602 2398 1709 2452 Nec
1730 2400 1903 2476 primo

320 2483 565 2537 st'itisset
598 2470 825 2547 lapsum,
856 2476 955 2547 nisi
984 2474 1142 2527 etiam
1171 2470 1527 2547 pnescivisset
1553 2471 1903 2547 resurrectio-

325 2570 465 2606 nem.
502 2539 717 2605 Sciebat
743 2539 865 2602 eum
894 2539 1311 2612 lapsurum'esse
1330 2583 1344 2605 ,
1372 2539 1467 2612 sed
1496 2542 1901 2612 resurrectionis

326 2624 621 2677 remedium
653 2610 989 2688 przeparavii,
1021 2624 1073 2688 et
1102 2612 1343 2688 permisit
1368 2610 1637 2688 hominem
1657 2610 1730 2688 ad
1762 2626 1904 2663 mor-

326 2696 394 2745 tis
419 2681 800 2757 experientiam
847 2681 1125 2757 pervenire
1147 2725 1161 2748 ,
1195 2693 1259 2757 ut
1288 2682 1517 2757 disceret
1544 2681 1812 2757 quidper
1843 2695 1902 2735 se

325 2752 763 2831 consequeretur,
780 2752 902 2829 quid
917 2770 1010 2831 per
1026 2753 1293 2831 (greatoris
1309 2753 1549 2831 gratiam.
1562 2752 1772 2831 §cichat
1790 2752 1902 2807 fore

329 2846 385 2887 ut
414 2822 577 2886 Adam
604 2822 858 2889 caderet;
887 2822 980 2880 sed
1008 2825 1220 2879 videbat
1248 2838 1315 2878 ex
1335 2823 1426 2877 illo
1452 2822 1757 2891 prodituros
1783 2836 1903 2877 esse

327 2912 365 2957 Α
378 2905 484 2969 bel,
515 2903 677 2965 Enos,
707 2899 910 2969 Enoclt,
934 2895 1064 2969 Noe,
1095 2895 1279 2960 Eliam,
1310 2894 1611 2969 prophetas,
1639 2892 1905 2948 admiran-

327 2976 424 3028 dos
464 2966 759 3043 apostolos.
808 2966 1577 3043 nobilitatettrnatura:;__vidit
1612 2973 1901 3043 tnarlxrum

332 3033 536 3109 nubes',
569 3042 822 3097 divinitus
867 3046 1037 3091 motas
1061 3077 1076 3102 ,
1111 3035 1726 3109 pietatemdistillantes.
1766 3033 1907 3109 Vidit

332 3118 464 3179 lure,
493 3104 545 3168 ei
576 3116 665 3167 ubi
695 3120 812 3168 erat
841 3104 1121 3171 honestas,
1149 3106 1236 3160 ubi
1257 3106 1483 3175 justitia,
1512 3107 1599 3161 ubi
1629 3118 1761 3173 opus
1794 3104 1905 3179 Deo

332 3175 544 3255 dignum
564 3188 589 3237 ?
613 3202 681 3238 an
709 3184 830 3255 quia
858 3192 997 3234 unus
1036 3178 1194 3255 homo
1219 3187 1532 3255 peccaturus
1559 3186 1695 3255 erat,
1725 3191 1792 3254 ex
1826 3175 1907 3228 ni-

333 3245 438 3311 mio
480 3258 627 3309 illum
671 3245 963 3322 producere
1004 3263 1107 3322 non
1148 3247 1368 3321 debuit‘,
1400 3256 1454 3302 et
1497 3259 1575 3322 tot
1605 3245 1900 3322 hominum,

330 3346 555 3397 quorum
590 3344 655 3379 ne
672 3315 791 3377 'uno
815 3320 1029 3397 quidem
1052 3319 1248 3397 dignus
1271 3315 1381 3372 erat
1411 3319 1657 3379 mundus,
1678 3315 1903 3397 fruct-um

331 3386 607 3467 amputare
646 3412 709 3450 ac
746 3386 998 3447 radicitus
1034 3386 1299 3443 demetere
1328 3399 1528 3443 tantum
1567 3388 1777 3467 generis
1803 3386 1905 3467 μιν

333 3456 470 3522 main
500 3483 720 3535 germen
748 3473 802 3519 et
825 3469 1218 3535 ornamentum,
1250 3469 1409 3529 atqtte
1435 3456 1617 3513 contra
1652 3456 1777 3511 illttd
1803 3458 1904 3509 im-

333 3531 543 3595 mittere
576 3538 763 3591 falcem
790 3544 842 3588 et
870 3535 999 3586 iratn
1023 3549 1033 3582 :
1062 3531 1217 3600 idque
1242 3545 1361 3584 cum
1383 3540 1564 3599 postea
1596 3536 1908 3600 peccaturus

333 3622 492 3673 esset,
515 3624 580 3661 ac
601 3607 833 3661 nondum
856 3599 1150 3673 peceasset,
1166 3616 1335 3668 neque
1352 3616 1571 3673 peccare
1592 3599 1902 3673 cogitasset,

333 3669 527 3750 quippe
562 3678 800 3750 nondum
828 3669 1107 3730 existens?
1227 3674 1367 3724 enim
1400 3669 1735 3750 prudentium
1769 3669 1908 3750 viro-

334 3738 554 3807 r'uni'est
576 3765 681 3803 non
710 3749 778 3801 ab
801 3762 867 3801 eo
890 3758 1073 3815 pugnas
1098 3741 1311 3811 exigere
1335 3738 1421 3815 qui
1452 3756 1669 3810 peccare
1695 3738 1907 3815 quidem

333 3823 624 3893 cogitavit,
675 3808 907 3893 nondum
955 3828 1131 3893 tamen
1180 3808 1417 3893 peccavit
1440 3808 1464 3875 ς’
1503 3812 1771 3893 quomodo
1816 3808 1909 3863 Dei

334 3881 451 3948 esse
482 3881 674 3961 possit,
706 3890 775 3944 ab
805 3904 892 3955 eo,
913 3890 1001 3959 qui
1030 3900 1096 3939 ne
1118 3881 1403 3961 meditatus
1431 3882 1648 3952 quidem
1673 3881 1743 3961 sit
1782 3895 1908 3950 pec-

334 3952 498 4028 care;
540 3952 729 4033 prett'as
768 3952 1104 4029 peccaiorum
1145 3954 1400 4033 exigere?
1449 3952 1741 4033 pra:sertim
1785 3965 1909 4005 cum

336 4024 673 4102 tunc'g'rave
709 4024 986 4101 peccatum
1041 4036 1225 4081 esset:
1281 4024 1756 4102 (quomodoenim
1802 4037 1908 4102 non

334 4121 490 4174 grave
508 4094 680 4159 inerit
706 4094 914 4156 Domini
945 4106 1269 4174 praeceptum
1303 4094 1616 4164 despicere?
1639 4094 1663 4173 λ
1688 4108 1793 4174 noun
1818 4094 1909 4174 in:

336 4162 568 4230 curabile
610 4189 740 4229 vero
789 4162 1063 4241 peccatum
1106 4162 1339 4241 futurum
1386 4162 1501 4241 erat
1546 4182 1612 4241 es
1653 4162 1909 4241 inetiabili

336 4246 637 4300 Conditoris
666 4234 969 4306 clementia,
1000 4242 1227 4310 primum
1257 4238 1523 4292 hominem
1545 4237 1610 4310 ad
1633 4234 1909 4310 pristinam

333 4318 643 4387 dignitatem
675 4307 1210 4387 revoaituriIltaque
1236 4312 1278 4363 si
1312 4324 1416 4367 non
1444 4307 1691 4387 conditus
1720 4307 1911 4387 luisset

337 4378 535 4456 primus
567 4387 750 4450 homo,
778 4384 897 4453 quia
930 4391 1243 4456 peccaturus
1264 4390 1415 4443 erat;
1448 4378 1570 4433 hinc
1596 4385 1910 4445 sequeretur

336 4451 502 4513 Deum
536 4458 725 4527 punire
749 4451 869 4510 eum
906 4451 995 4523 qui
1034 4451 1268 4527 nondum
1299 4459 1602 4519 peccasset,
1630 4458 1685 4501 et
1728 4456 1907 4527 postee

330 4533 472 4584 riore
501 4523 780 4582 vocatione
800 4537 959 4594 atque
987 4525 1157 4577 salute
1184 4523 1410 4589 privare,
1434 4529 1490 4575 et
1509 4527 1806 4573 creaturam
1832 4526 1907 4571 tot

330 4604 598 4670 tantisque
626 4599 753 4652 viris
782 4600 966 4670 orbam
992 4594 1295 4670 ostendere.
1335 4611 1354 4670 ξ

405 4690 424 4722 t
462 4660 596 4726 cum
627 4670 847 4724 divinus
889 4667 1084 4721 Paulus
1113 4665 1291 4727 dicat,
1337 4662 1714 4731 Primogeuitus
1744 4660 1906 4713 omnis

326 4753 577 4796 creatura
601 4740 735 4811 (Col.
756 4739 797 4802 Ι,
833 4741 942 4805 15),
973 4734 1263 4811 Ιιιιπειὶοἱμ
1293 4736 1479 4811 inquit,
1515 4730 1533 4784 ι
1568 4750 1670 4785 noti
1701 4730 1906 4811 intelli-

326 4825 513 4883 gentrs
537 4796 730 4883 de‘qua
750 4796 991 4865 creatura
1016 4796 1276 4883 loquatur,
1302 4796 1683 4857 ad'ereaturam
1710 4796 1903 4855 Filium

331 4878 663 4954 insipientes
687 4882 1012 4954 deprimunt.
1056 4878 1254 4945 Duplex
1287 4887 1462 4954 autem
1500 4886 1582 4928 cst
1619 4883 1899 4954 creatura:

329 4943 676 5025 una'quidetn
704 4943 859 5025 facta,
882 4951 1047 5025 altera
1067 4943 1347 5025 renovata.
1378 4946 1517 4999 Ideni
1545 4945 1685 4999 enim
1709 4943 1905 5025 I’lattt‘lus

329 5012 518 5080 iterati:
538 5027 733 5079 clamat
755 5044 767 5078 :
793 5012 967 5090 Siqua
984 5021 1036 5072 in
1057 5019 1276 5090 Christo,
1302 5033 1428 5070 nova
1448 5028 1676 5090 creatura
1703 5012 1900 5090 (IICor.

338 5098 396 5159 Υ.
428 5100 557 5167 17).
599 5095 770 5164 thue
819 5086 1017 5167 clarius
1064 5089 1313 5167 OSIendat
1343 5102 1400 5141 se
1426 5088 1696 5167 (ξιιμ-ἰδρείῃ
1726 5086 1904 5166 dicere

329 5156 596 5224 renovata:
619 5156 875 5221 creatura:
910 5161 1341 5231 primogenitum,
1393 5158 1567 5231 addit,
1590 5156 1905 5223 Primogeni-

330 5250 403 5292 tus
432 5257 495 5293 ea:
524 5239 731 5292 mortuis
755 5230 975 5307 (Coloss.
1012 5233 1049 5293 I,
1085 5232 1198 5300 l8),
1235 5241 1292 5282 ιιι
1324 5231 1375 5282 in
1409 5230 1671 5307 omnibus
1706 5230 1904 5307 primas

331 5322 521 5365 teneat.
554 5296 773 5363 Primus
804 5316 889 5360 est
930 5296 1338 5367 renovatorum,
1370 5315 1554 5353 eorum
1585 5298 1673 5367 qui
1715 5296 1780 5350 ad
1816 5300 1895 5348 in-

331 5384 722 5450 corruptionem
753 5386 1034 5439 vocantur,
1067 5387 1250 5450 eorum
1282 5371 1439 5450 qui_a_
1469 5370 1692 5423 mortuis
1734 5368 1902 5421 susci-

333 5442 503 5505 tantur
537 5469 550 5503 :
594 5453 795 5520 primus
821 5488 835 5512 ,
877 5461 981 5520 non
1025 5443 1337 5520 secundum
1359 5442 1609 5495 deitatem
1635 5481 1653 5520 ,ν
1692 5454 1855 5507 apage
1885 5456 1897 5490 :

329 5513 643 5579 contumelia
660 5524 800 5573 enim
825 5529 907 5571 est
936 5518 1044 5571 Deo
1063 5514 1239 5568 vocnri
1261 5513 1487 5582 pritutttn
1515 5519 1898 5582 creaturarum,

329 5596 407 5661 qui
430 5590 680 5648 ineﬂabili
704 5592 932 5651 ratione,
957 5597 1013 5642 et
1042 5581 1566 5661 incomprehensibili
1589 5582 1899 5661 excellentia

325 5652 479 5735 super
499 5679 688 5717 omnes
710 5671 987 5735 creaturas
1013 5652 1245 5735 ascendti
1270 5657 1556 5735 sedetque;
1580 5653 1671 5706 sed
1703 5652 1902 5735 priutus

326 5723 398 5788 esi
420 5736 714 5789 secundum
739 5731 1145 5791 humanitatem,
1169 5728 1415 5794 princeps
1443 5728 1609 5777 lactus
1638 5723 1789 5776 nobis
1818 5738 1901 5775 re-

325 5806 684 5870 surrectionis,
708 5815 761 5861 et
785 5800 1098 5857 mutationis
1120 5814 1185 5855 cx
1204 5797 1541 5867 corruptione
1563 5795 1614 5850 in
1634 5795 1900 5862 incorrup-

2007 430 2226 504 tionem.
2264 429 2334 504 “Si
2379 430 2520 504 enim
2574 427 3151 504 Eliashllliumvidum
3193 436 3475 504 excitavit,
3527 455 3579 495 et

2004 502 2222 575 Elisaaus
2256 501 2420 575 lilium
2453 500 2801 575 Sunamitidis
2825 543 2837 561 ,
2870 512 2923 556 ct
2954 503 3066 573 ipse
3096 504 3347 573 Seryator
3374 500 3579 575 quatriv

2000 571 2231 624 duanuut
2276 571 2530 624 Lazarum
2573 571 2815 624 excitavit
2848 587 2861 634 ;
2897 583 2949 626 at
2980 571 3144 627 nemo
3186 571 3368 630 eorum
3395 571 3465 632 ad
3500 581 3578 633 in-

2000 641 2394 709 corruptionem
2416 651 2468 695 et
2490 642 2939 696 immortalitatem
2964 645 3220 698 excitatus
3243 658 3359 711 est;
3386 648 3573 703 iterum

2000 713 2140 765 enim
2165 728 2307 765 mons
2336 713 2385 764 itt
2416 713 2532 766 illos
2553 712 2843 765 dominium
2870 717 3109 768 exercuit
3135 731 3151 768 :
3176 715 3420 771 Christus
3450 734 3575 773 vero

1998 797 2285 850 resurgens
2325 798 2388 836 ex
2420 783 2644 836 mortuis
2669 823 2683 847 ,
2723 798 2827 835 non
2871 785 3005 836 ultra
3044 788 3288 848 moritttr,
3324 804 3466 842 mors
3499 789 3572 843 illi

1997 866 2102 904 non
2122 852 2364 924 amplius
2386 853 2720 916 dominatur;
2761 854 2856 924 sed
2890 871 3059 923 neque
3103 857 3206 910 illis
3250 873 3381 924 quOs
3410 860 3460 913 in
3488 875 3573 914 se-

1995 922 2170 976 eundo
2192 938 2288 976 suo
2308 923 2534 997 adventu
2560 923 2860 997 suscitabit.
2879 924 2923 977 Ο
2944 922 3133 997 malam
3161 935 3213 979 et
3236 922 3571 997 insipientem

1994 1000 2229 1046 mentem
2261 994 2522 1047 vestram!
2560 992 2712 1045 Venit
2737 993 2978 1047 Christus
3005 996 3068 1048 ad
3098 1012 3215 1060 nos,
3243 992 3387 1052 dedit
3420 999 3574 1053 nobis

1994 1064 2235 1131 Spiritum
2262 1080 2437 1125 suum,
2460 1074 2513 1117 et
2538 1064 2824 1131 aSsumpsit
2850 1079 3042 1133 corpus
3075 1079 3336 1132 nostrum,
3366 1079 3420 1123 et
3442 1084 3573 1123 con-

1996 1143 2192 1186 tractus
2226 1134 2512 1201 praecessit,
2543 1146 2593 1185 et
2615 1144 2882 1201 assumpta
2908 1151 3078 1188 massa
3107 1148 3287 1190 nostra
3313 1139 3574 1193 exultavit

1996 1204 2245 1277 illam,_et
2274 1204 2546 1277 constituit
2568 1202 2619 1255 in
2647 1202 2868 1277 dextera
2896 1205 3088 1277 Patris,
3115 1215 3167 1259 et
3199 1208 3433 1277 ingratus
3458 1209 3576 1262 ani-

1996 1287 2116 1344 mus
2165 1273 2477 1327 beneﬁcium
2520 1274 2853 1344 contumelia
2874 1275 3058 1330 allicit.
3098 1273 3318 1344 Accepit
3350 1295 3378 1332 a
3424 1279 3573 1333 nobis

1996 1342 2326 1418 ﬁgmentum,
2354 1354 2409 1397 et
2432 1344 2707 1418 constituit
2732 1344 2806 1418 ad
2827 1343 3098 1418 dexteram
3129 1342 3297 1401 Patris
3327 1365 3339 1400 :
3367 1350 3572 1418 accepi-

1998 1428 2117 1467 mus
2146 1416 2211 1467 ab
2240 1415 2329 1469 illo
2356 1414 2624 1482 spiritum,
2654 1424 2705 1467 et
2737 1415 2984 1476 iniuriam
3016 1414 3257 1483 faciams,
3287 1418 3338 1472 in
3365 1414 3573 1474 creatu-

1997 1499 2175 1538 rarum
2206 1494 2255 1538 et
2284 1500 2555 1555 seniorum
2583 1484 2824 1555 ordinem
2852 1484 2997 1538 illum
3032 1487 3349 1555 redigenles.
3389 1508 3409 1542 ι

2076 1574 2094 1605 ι
2134 1555 2323 1627 Petitio
2357 1554 2569 1623 quidem
2601 1554 2811 1619 dicitur,
2853 1574 2870 1606 ι
2907 1557 3104 1625 inquit,
3151 1554 3169 1608 ι
3206 1559 3417 1627 quando
3462 1561 3578 1625 quis

2002 1625 2164 1697 Deum
2189 1625 2453 1695 quidpiam
2476 1634 2655 1694 rogat;
2690 1626 2926 1695 precatio
2954 1637 3151 1691 autem,
3172 1625 3381 1697 quando
3413 1629 3573 1683 Deum

2000 1695 2209 1767 laudat;
2234 1697 2520 1765 gratiarum
2544 1698 2707 1767 actio,
2738 1710 2857 1767 cum
2884 1700 2999 1765 quis
3030 1712 3125 1767 pro
3154 1695 3385 1766 aeceptis
3414 1698 3574 1752 bene-

2002 1766 2135 1837 ﬁciis
2168 1766 2365 1835 gratias
2398 1767 2506 1835 agit
2539 1766 2685 1837 Deo;
2712 1766 3062 1837 supplicatio,
3092 1783 3211 1822 cum
3242 1770 3362 1837 quis
3389 1777 3575 1824 contra

2002 1836 2180 1905 inique
2209 1844 2430 1906 agentes
2456 1836 2659 1889 accedit
2684 1836 2748 1890 ad
2780 1838 2964 1902 Deum,
2994 1854 3191 1892 vocans
3221 1836 3366 1893 illum
3395 1839 3460 1893 ad
3493 1838 3575 1893 ul-

2003 1907 2222 1978 tionem.
2259 1925 2277 1957 ι
2315 1926 2333 1958 ι
2363 1908 2674 1975 Supplicare
2696 1922 2820 1960 vero
2843 1922 2949 1961 non
2976 1919 3057 1962 est
3082 1911 3309 1978 precari,
3343 1929 3361 1961 ι
3387 1910 3579 1977 inquit,

2008 1995 2027 2027 t
2057 1976 2151 2031 sed
2196 1978 2525 2045 interrogare
2554 1985 2608 2030 et
2635 1991 2946 2044 responsum
2975 1976 3237 2041 accipere.
3274 1980 3412 2033 Dicit
3444 1976 3581 2035 Deus

2002 2045 2138 2119 Elia;
2164 2066 2175 2099 ε
2206 2047 2341 2114 Quid
2366 2057 2420 2119 tu
2448 2047 2549 2112 hic,
2580 2046 2701 2100 Elia
2730 2046 2827 2117 (ιιι
2854 2046 2991 2119 Reg.
3012 2048 3153 2115 XIX,
3182 2049 3237 2113 9,
3278 2050 3426 2119 10)?
3452 2051 3582 2105 Res-

2001 2117 2200 2240 ῧοηόρι
2228 2116 2483 2198 propheta
2520 2116 2875 2199 interrogatus
2905 2116 3071 2199 {Zeto
3125 2122 3316 2172 zelatus
3345 2116 3456 2174 sum
3489 2137 3582 2187 pro

2056 2204 2224 2240 omtno
2263 2196 2632 2240 omnipotenti.
2676 2204 2794 2240 auia
2841 2189 3213 2240 dereltauerunt
3266 2199 3311 2240 te
3356 2191 3447 2240 lilii
3494 2190 3581 2240 Is-

2056 2188 2224 2241 omino
2263 2189 2632 2258 omnipotenti,
2676 2189 2794 2258 quia
2841 2189 3213 2258 dereliquerunt
3266 2199 3311 2244 te
3354 2191 3447 2258 ﬁlii
3494 2190 3581 2243 Is-

2001 2259 2109 2312 rael
2131 2300 2145 2323 ,
2178 2269 2285 2331 etc.
2330 2257 2445 2311 Non
2490 2269 2571 2311 est
2609 2257 2695 2312 hic
2732 2257 3124 2331 precatio,sed
3160 2257 3505 2331 interregatio
3532 2270 3585 2314 et

2000 2329 2303 2399 responsio,
2330 2339 2401 2399 et
2438 2344 2502 2382 ex
2535 2338 2760 2398 utroque
2803 2330 2862 2382 lit
2890 2330 3232 2397 colloquium.
3266 2330 3329 2384 Et
3368 2329 3505 2383 unde
3535 2332 3585 2384 id

2004 2398 2299 2467 probatur?
2326 2398 2547 2453 Paulum
2569 2399 2833 2454 dicentem
2862 2400 2986 2454 audi
3014 2418 3026 2452 :
3056 2400 3135 2454 An
3164 2401 3361 2455 nescitis
3386 2403 3435 2454 in
3469 2399 3587 2453 Elia

2000 2470 2125 2538 quid
2143 2470 2273 2541 dicit
2305 2470 2615 2541 Scriptura?
2639 2471 3061 2541 quemadmodum
3090 2471 3373 2541 interpellat
3402 2472 3587 2525 adver-

2002 2556 2111 2593 sum
2138 2538 2299 2593 Israel
2324 2541 2495 2610 (Rom.
2520 2539 2736 2611 X52)?
2786 2541 2946 2610 Igitur
2975 2538 3313 2611 interpellatio
3356 2560 3459 2596 non
3504 2552 3588 2596 est

2002 2612 2281 2682 peccatio.)
2304 2611 2406 2665 Sed
2436 2610 3007 2682 hzecCltrysostomus.
3028 2610 3250 2681 Opertet
3281 2613 3439 2682 igitur
3461 2613 3588 2667 sub-

2004 2679 2148 2754 tilius
2171 2679 2496 2754 dill‘erentias
2534 2679 2797 2754 dictoi'utn
2827 2679 3119 2754 nominum
3158 2679 3494 2754 perpendere
3534 2692 3590 2738 ct

2003 2750 2375 2811 considerare;
2407 2760 2463 2823 ut
2488 2751 2792 2823 nonsolutn
2824 2752 3011 2806 idonea
3054 2750 3303 2823 sint'qufe
3329 2755 3467 2822 plebi
3499 2754 3587 2807 di-

2002 2832 2209 2883 cantur,
2254 2823 2346 2874 sed
2389 2822 2547 2873 etiaut
2599 2820 2665 2875 iis
2698 2822 2788 2890 Qui
2837 2837 2928 2876 eas
2981 2837 3141 2878 voces
3192 2820 3368 2878 volent
3409 2826 3584 2878 acrius

2002 2892 2303 2961 explorare,
2334 2890 2719 2959 insuperabiles
2747 2900 2801 2946 et
2826 2890 3096 2947 inoll‘ensa:
3117 2903 3448 2948 remaneant.

2008 3003 2090 3057 Ex
2117 3004 2343 3058 oratione
2367 3044 2382 3069 ,
2414 3003 2564 3071 Quod
2589 3005 2766 3058 veteris
2796 3013 2843 3058 et
2882 3005 2998 3058 novi
3027 3004 3332 3059 Testameuti
3366 3021 3494 3059 unus
3523 3005 3587 3059 sit

2076 3075 2353 3215 legislatoz,
2376 3084 2426 3217 )et
2451 3076 2504 3127 in
2528 3076 2844 3129 sacerdotum
2880 3075 3225 3131 indumentum
3250 3117 3264 3142 ,
3298 3086 3345 3129 et
3371 3076 3433 3130 de
3468 3075 3583 3131 Pw-

2077 3155 2287 3199 mtentm
2339 3163 2368 3199 a
2402 3185 2415 3199 .

2085 3280 2103 3312 ι
2141 3262 2224 3315 Ait
2254 3260 2444 3315 Paulus
2474 3280 2486 3316 :
2517 3261 2639 3315 Non
2669 3263 2800 3316 enim
2830 3262 3063 3316 erubesco
3079 3257 3404 3331 Evangelium
3434 3277 3452 3315 :
3467 3263 3584 3330 jus-

2009 3336 2118 3399 titia
2155 3334 2282 3404 enim
2313 3332 2408 3385 Dei
2435 3334 2485 3386 in
2512 3350 2569 3385 eo
2598 3335 2844 3387 revelatur
2870 3333 3045 3404 (Rom.
3077 3332 3119 3397 I,
3155 3334 3265 3401 16).
3307 3335 3584 3399 Quomodo

2011 3404 2169 3473 igitur
2203 3403 2403 3472 justitia
2436 3404 2526 3457 Dei
2566 3406 2618 3456 in
2646 3419 2710 3458 eo
2741 3403 3047 3458 revel'atur?
3088 3404 3411 3469 Quomodo?
3450 3404 3584 3469 Quia

2011 3475 2177 3543 prima
2221 3476 2303 3526 lex
2330 3474 2530 3527 Judmis
2561 3475 2731 3527 solum
2759 3475 2877 3527 data
2920 3474 3108 3540 fuerat,
3143 3475 3267 3528 licet
3292 3476 3379 3528 alii
3413 3476 3588 3527 horni-

2009 3560 2106 3599 nes
2147 3543 2385 3612 ejusdem
2414 3553 2595 3598 essent
2624 3544 2942 3598 conditionis
2980 3554 3034 3598 et
3065 3557 3265 3599 natura:
3296 3561 3309 3609 ;
3338 3545 3584 3611 Evange-

2010 3616 2137 3669 lium
2170 3628 2298 3668 vero
2337 3616 2583 3667 omnibus
2616 3616 2889 3681 aequaliter
2914 3616 3159 3683 gentilms
3192 3631 3204 3667 :
3233 3616 3354 3682 jure
3392 3616 3583 3667 nterito

2017 3686 2072 3740 in
2103 3686 2194 3739 illo
2213 3684 2417 3754 justitia
2450 3684 2541 3737 Dei
2570 3686 2855 3749 revelatnr,
2903 3694 2959 3739 et
2987 3697 3207 3739 vocatur
3245 3686 3587 3749 Evangelitun

2005 3753 2247 3825 justitia).
2278 3757 2330 3810 ιιι
2362 3753 2525 3808 veteri
2546 3755 2711 3825 igitur
2734 3755 3075 3810 Testamento
3104 3772 3205 3809 non
3236 3768 3350 3810 erat
3379 3757 3587 3809 vocitio

2007 3824 2147 3891 iusta
2172 3844 2185 3879 :
2213 3840 2317 3877 non
2342 3826 2483 3879 enim
2513 3824 2757 3877 similiter
2782 3841 2970 3879 omnes
2998 3827 3218 3880 vocabat
3240 3838 3293 3880 et
3319 3826 3587 3879 illumina-

2010 3897 2120 3959 bat,
2148 3896 2242 3950 scd
2268 3897 2410 3950 solos
2430 3893 2663 3950 Iudaeos.
2686 3894 2798 3948 Non
2822 3907 2935 3949 erat
2965 3896 3299 3965 igiturjusta,
3328 3896 3419 3949 sed
3444 3910 3589 3949 mro-

2010 3968 2219 4023 nomica
2248 4006 2262 4029 ,
2299 3981 2599 4035 prteparans
2642 3965 2782 4018 viam
2824 3965 3080 4034 justitia}?
3124 3966 3239 4019 Non
3283 3966 3403 4019 dico
3450 3965 3586 4019 hanc

2007 4038 2225 4109 justam,
2260 4038 2402 4091 illam
2429 4051 2557 4109 vero
2584 4036 2861 4109 injustam,
2896 4037 2989 4109 sed
3021 4035 3323 4109 illamviam
3356 4036 3508 4103 hujus
3535 4047 3590 4090 t-t

2011 4106 2473 4233 prmparationem.
2503 4106 2867 4187 Qpiuabautur
2886 4106 3053 4161 Judazi
3075 4107 3173 4160 sibi
3203 4108 3331 4161 solis
3358 4122 3588 4189 evange-

2032 4196 2137 4233 tutu
2167 4179 2347 4233 datum
2374 4194 2457 4233 tri.
2489 4186 2627 4231 Sicut
2653 4186 2707 4231 et
2738 4178 2906 4233 legem
2938 4195 2951 4231 :
2985 4178 3077 4233 sed
3107 4188 3435 4233 exsoectatto
3461 4195 3588 4230 cott-

2032 4176 2141 4233 iuui
2167 4179 2347 4233 datum
2374 4179 2457 4241 iri,
2489 4176 2627 4231 sicut
2653 4186 2707 4231 et
2738 4178 2906 4246 legem
2938 4195 2951 4231 :
2985 4178 3077 4233 sed
3107 4180 3435 4247 exspectatio
3461 4195 3589 4230 cott-

2013 4259 2092 4305 tra
2122 4264 2269 4317 spem
2299 4249 2493 4304 evenit.
2515 4248 2638 4302 Ideo
2666 4249 2791 4303 dicit
2820 4249 2979 4303 David
3009 4267 3022 4302 :
3054 4249 3401 4317 Suscepimus,
3430 4248 3589 4313 Deus,

2010 4320 2405 4375 misericordiam
2436 4328 2572 4371 tuam
2598 4320 2651 4372 in
2680 4319 2845 4372 medio
2873 4322 3047 4390 populi
3076 4324 3145 4373 tui
3177 4319 3349 4390 (l’sal.
3382 4319 3588 4381 XLVII,

2013 4393 2101 4454 10.
2134 4390 2220 4460 ll)
2251 4406 2264 4445 :
2297 4391 2489 4444 deinde
2529 4407 2544 4447 :
2573 4390 2865 4444 Secundum
2896 4408 3073 4444 nomen
3102 4403 3279 4455 tuum,
3310 4390 3446 4444 Deus
3468 4431 3480 4451 ,
3515 4391 3589 4441 ita

2010 4473 2057 4517 et
2087 4464 2198 4516 laus
2226 4472 2329 4525 tua,
2362 4478 2465 4515 non
2491 4462 2661 4513 solum
2696 4464 2744 4513 iti
2777 4461 2951 4514 medio
2985 4462 3156 4529 populi
3188 4462 3283 4524 ttti,
3313 4461 3404 4513 sed
3427 4460 3587 4513 etiam

2009 4534 2062 4586 in
2106 4534 2229 4597 ﬁnes
2275 4542 2440 4586 terrm.
2484 4532 2552 4585 Et
2591 4542 2644 4584 ut
2670 4531 2916 4585 ostendat
2941 4532 3080 4599 quod
3125 4531 3361 4583 misereri
3404 4530 3589 4580 linintn

2013 4613 2169 4657 terrae
2208 4602 2425 4672 justitia:
2463 4602 2555 4668 sit,
2587 4602 2734 4656 addit
2767 4621 2779 4654 :
2821 4598 3031 4653 Jttstitia
3076 4600 3227 4670 plena
3264 4608 3331 4652 est
3382 4598 3589 4651 dextera

2009 4683 2117 4726 tua.
2153 4692 2172 4725 ι

2086 4762 2105 4795 ι
2134 4743 2380 4797 Dominus
2396 4742 2616 4811 regnavit
2634 4739 2805 4809 (Psal.
2824 4740 2975 4799 XCII.
2999 4742 3072 4807 I),
3097 4740 3284 4807 inquit.
3309 4739 3592 4807 Quomodo

2009 4816 2250 4884 regnavit
2294 4813 2580 4866 Dominus?
2606 4827 2684 4884 an
2698 4813 2850 4884 quasi
2881 4827 3075 4884 novam
3102 4811 3373 4878 accipiens
3413 4811 3587 4880 digni-

2010 4882 2170 4939 tatem
2203 4885 2389 4951 regni?
2411 4884 2463 4936 Si
2487 4884 2629 4935 enim
2656 4882 2898 4942 dixisset,
2932 4882 3186 4935 Dominus
3211 4891 3413 4950 regnat,
3443 4892 3589 4935 :rter-

2010 4972 2130 5009 nam
2167 4954 2371 5007 Domini
2404 4960 2719 5023 potestatem
2748 4952 3103 5015 Ostendisset;
3134 4967 3254 5006 cum
3284 4955 3409 5006 dicit
3439 4968 3591 5016 vero,

2011 5027 2276 5097 Regnavit,
2308 5026 2422 5093 cjus
2443 5023 2920 5097 (nconotniamper
2937 5040 3158 5097 carnem
3188 5024 3469 5097 signiﬁcat,
3498 5038 3593 5090 per

2007 5093 2164 5167 quam
2196 5108 2377 5167 natura
2409 5102 2590 5147 nostra
2618 5094 2746 5163 jugo
2772 5093 2992 5159 diaboli,
3017 5095 3235 5167 peccati,
3263 5095 3466 5167 mortis,
3493 5108 3589 5167 er-

2008 5164 2189 5231 cusso,
2215 5166 2525 5220 Creatorem
2556 5167 2826 5234 cognovit,
2858 5175 2914 5218 ut
2944 5180 3125 5219 verum
3158 5165 3351 5232 [legem
3376 5204 3390 5225 ,
3428 5164 3589 5234 largi-

2009 5248 2177 5293 torem
2209 5233 2644 5304 iucorruptionis,
2678 5236 3103 5291 resurrectionis.
3136 5235 3386 5289 Nuntium
3430 5233 3589 5301 igitur

2008 5310 2188 5363 Izetum
2213 5310 2367 5362 alfert
2394 5306 2559 5362 David
2589 5308 2673 5370 iis,
2707 5308 2796 5375 qui
2827 5323 2856 5360 a
2889 5315 3124 5374 peccato,
3158 5315 3350 5369 morte,
3380 5304 3593 5375 diabolo

2008 5382 2132 5434 olim
2164 5379 2506 5449 regebantur,
2534 5376 2676 5447 quod
2699 5374 2884 5446 jngum
2917 5376 3040 5430 illud
3066 5376 3353 5449 contritum
3376 5414 3392 5438 ,
3424 5374 3597 5442 impc-

2008 5453 2143 5505 rimn
2190 5444 2455 5505 sublatum
2493 5444 2586 5509 'sit.
2617 5458 2670 5501 et
2702 5444 2959 5501 Dominus
2988 5446 3235 5499 omnibus
3262 5444 3593 5508 dominetur,

2009 5533 2063 5575 Ill
2091 5523 2202 5589 ipse
2232 5536 2442 5590 quoque
2489 5529 2607 5586 post
2648 5518 3088 5590 resurrectionem
3120 5515 3255 5590 dixit
3283 5533 3296 5590 ς
3340 5514 3591 5590 ραιᾳηςςι

2006 5586 2129 5645 mihi
2161 5586 2323 5645 omnis
2346 5586 2565 5660 potestas
2593 5590 2644 5660 in
2668 5590 2791 5641 malo
2817 5598 2862 5640 et
2884 5588 3088 5660 interra
3113 5587 3326 5657 (Matth.
3356 5586 3589 5652 XXVIII,

2008 5666 2116 5732 l8).
2140 5664 2293 5717 Prius
2319 5657 2444 5717 vero
2468 5659 2741 5714 dominata
2771 5667 2851 5712 est
2869 5657 3021 5711 nobis
3043 5671 3188 5713 mors
3210 5668 3261 5711 et
3289 5667 3587 5728 peccatum:

2070 5800 2140 5862 (tt)
2161 5799 2296 5848 I’hot.
2325 5796 2495 5853 Βοιὼ,
2522 5810 2567 5857 p.
2596 5793 2766 5853 320,1).
2794 5792 2883 5855 Op.
2912 5792 3133 5857 Cltrysos.
3182 5802 3216 5845 t.
3242 5800 3304 5841 t’t.
