4058 6218
455 326 519 383 99
1707 318 2014 375 TESTIMO:

2156 321 2473 378 \lﬁTl‘lliUM

458 438 696 510 Regnavit
714 452 855 492 enim
874 452 1006 510 mers
1021 437 1083 510 eli
1100 436 1259 489 Adam
1279 432 1511 510 usquead
1531 432 1752 510 .lloyseut
1766 432 2010 504 (RomN,

456 502 580 578 Il},
611 519 663 562 et
691 516 891 576 pestea.
922 507 987 578 Et
1017 507 1275 578 Servator
1299 502 1364 559 de
1390 502 1601 578 diabolo
1624 502 1652 578 ς
1777 502 2013 578 sutorium

454 572 657 633 satanas
692 572 893 646 ejiciat,
926 575 1139 629 divisum
1164 585 1234 629 est
1259 590 1469 646 regnum
1500 576 1608 646 eius
1677 573 1864 646 Matth.
1899 572 2011 636 Xll,

455 650 564 719 2(5).
591 643 769 716 Itaque
798 646 1034 719 regnavit
1056 654 1188 719 ante
1208 644 1490 697 adventum
1519 643 1713 697 Christi
1739 658 1899 719 super
1928 660 2018 719 ge-

455 714 556 773 nus
580 714 1153 775 humanum'diabolus,
1178 715 1284 767 imo
1306 724 1359 767 et
1381 721 1649 781 peceatum
1681 730 1692 766 :
1720 714 1846 767 dicit
1875 715 2014 767 enim

455 789 645 843 iterum
686 786 919 840 Paulus:
957 784 1391 852 Quemadmodum
1415 782 1636 853 regnavit
1662 795 1917 851 peccatum
1964 784 2015 834 in

458 857 658 911 mortali
689 865 856 909 nostra
890 854 1217 923 corporetsic
1243 864 1287 906 et
1316 853 1481 923 gratia
1507 853 1732 923 regnabit
1759 870 1846 919 per
1870 853 2017 906 Citri-

456 940 589 982 stum
634 924 809 993 (Rom.
856 924 921 991 V,
963 923 1075 993 21).
1108 922 1357 993 Dominus
1394 922 1653 991 regnauit;
1686 924 1887 976 liuitum
1936 931 2018 977 est

457 997 732 1066 imperium
780 992 1041 1066 peccati,
1068 994 1289 1066 mortis,
1331 992 1526 1048 diaboli
1560 1009 1575 1056 ;
1613 994 1807 1046 exultet
1859 994 2015 1062 igitur

461 1063 618 1131 terra,
651 1063 835 1117 natura
868 1064 1156 1132 terrigena,
1186 1063 1312 1116 olim
1337 1077 1543 1126 errans,
1573 1077 1711 1116 nunc
1737 1079 1861 1117 vero
1898 1066 2013 1133 εξο-

456 1138 593 1189 riosa
620 1152 634 1195 ;
664 1135 786 1188 olim
818 1134 867 1186 in
894 1134 1173 1201 sepulcris,
1203 1148 1342 1186 nunc
1369 1134 1419 1186 in
1451 1132 1672 1186 thronis.
1708 1152 1726 1182 ι

531 1223 550 1255 ι
582 1204 940 1264 (lEeonomire,
979 1220 997 1254 ›
1043 1203 1228 1269 inquit,
1282 1220 1301 1254 t
1324 1212 1474 1258 erant
1501 1202 1723 1270 plurima
1769 1202 1818 1255 in
1851 1203 2014 1256 veteri

456 1276 818 1338 Testamento,
867 1274 959 1327 sed
1004 1288 1110 1326 non
1152 1274 1369 1326 omnino
1410 1282 1557 1340 grata
1597 1282 1649 1324 et
1690 1272 2013 1341 beneplacita

460 1346 567 1398 Deo
591 1354 737 1398 erant
783 1361 796 1399 :
832 1359 1005 1397 rerum
1041 1343 1333 1396 futurarum
1363 1344 1540 1409 figura:
1566 1352 1619 1395 et
1650 1342 1849 1395 umbra:
1873 1383 1888 1406 ,
1920 1342 2013 1396 sed

457 1430 560 1467 non
590 1429 674 1467 res
700 1413 825 1482 ipsa:
849 1430 861 1465 :
892 1422 945 1467 et
974 1413 1154 1466 videre
1178 1413 1334 1482 estin
1363 1412 1464 1464 illis
1489 1411 1619 1465 alias
1643 1412 1852 1480 quidem
1886 1412 2017 1479 ﬁgit-

456 1500 542 1536 ras
568 1524 581 1547 ,
608 1480 739 1536 alias
775 1499 901 1536 vero
938 1484 1200 1537 notiones.
1232 1480 1388 1535 Verbi
1414 1482 1580 1550 gratia
1606 1523 1619 1543 .
1665 1498 1769 1535 non
1798 1484 2016 1536 omnino

456 1554 664 1676 [uacent
697 1554 814 1633 .Deo
846 1552 1177 1632 hyacinthus,
1210 1567 1460 1632 purpura,
1492 1566 1681 1633 coceus
1706 1562 1761 1606 et
1789 1552 2014 1622 byssus;

502 1637 596 1676 eus
625 1639 764 1675 enim
791 1637 1083 1675 animarum
1113 1630 1390 1676 puritatem
1420 1631 1659 1676 reuutrtt.
1689 1637 1794 1675 tton
1822 1637 2014 1676 corno-

502 1637 596 1677 eus
625 1624 764 1675 enim
791 1621 1083 1675 animarum
1113 1621 1390 1690 puritatem
1420 1621 1659 1691 requirit,
1689 1637 1794 1675 non
1822 1637 2015 1690 corpo-

457 1710 572 1746 rum
604 1692 761 1746 llores
799 1701 852 1745 et
877 1692 1187 1759 splendores
1212 1732 1225 1751 .
1268 1692 1362 1746 sed
1394 1692 1443 1744 in
1473 1707 1727 1760 corporea
1759 1693 2015 1761 elegantia

455 1763 735 1830 imaginem
764 1761 1012 1816 virtutum
1038 1761 1292 1831 depingit.
1319 1762 1373 1815 Si
1400 1765 1540 1815 enim
1572 1776 1692 1815 vere
1719 1762 1869 1816 stolis
1913 1762 2017 1816 illis

453 1832 841 1901 acquieseebat,
868 1833 1134 1900 quomodo
1171 1832 1402 1902 Moysem
1444 1834 1765 1902 anteAaron
1804 1847 1907 1885 non
1939 1835 2017 1885 in-

454 1900 603 1967 duit;
637 1902 729 1955 sed
758 1918 859 1969 qua
892 1902 979 1955 ille
1008 1917 1109 1955 uon
1142 1900 1481 1963 vestiebatur,
1529 1900 1617 1955 illa
1646 1901 1816 1955 induit
1842 1916 2016 1956 sacer-

454 1972 648 2027 dotes?
672 1970 737 2042 Eﬁt
762 1972 966 2042 Moyses
986 1972 1196 2041 quidem
1218 1987 1351 2041 aqua
1379 1988 1480 2025 non
1509 1973 1644 2026 lotus
1664 1982 1766 2036 est,
1789 1982 1844 2026 et
1870 1972 2013 2025 lavit:

455 2042 656 2111 quare?
679 2041 744 2096 Ut
769 2041 943 2095 discas
964 2057 1067 2094 non
1089 2043 1199 2095 ha:c
1228 2043 1335 2096 Deo
1359 2042 1560 2111 potiora
1586 2056 1743 2107 esse;
1766 2043 2014 2111 quoniam

458 2115 691 2181 perfecto
723 2114 834 2166 viro
862 2112 928 2165 ad
968 2112 1047 2164 διιί
1076 2121 1318 2165 ornatum
1357 2110 1553 2165 Sufficit
1583 2112 1781 2178 virtus,
1812 2121 1867 2167 et
1894 2118 2016 2182 quia

459 2182 571 2237 lucc
602 2191 756 2251 typus
780 2191 926 2236 erant
957 2183 1182 2247 virtutis,
1216 2198 1318 2236 non
1351 2183 1460 2251 ipsa
1490 2183 1673 2236 virtus.
1710 2199 1730 2232 ι

483 2276 487 2282 -
534 2271 552 2303 ι
607 2251 662 2304 In
688 2254 904 2321 capite,
950 2270 968 2302 ι
1000 2253 1204 2321 inquit,
1252 2270 1270 2302 ι
1315 2251 1515 2305 ferebat
1552 2251 1782 2319 pontifex
1828 2252 2015 2307 tiaram

462 2321 656 2391 (Exod.
684 2320 921 2385 XXVIII,
954 2322 1043 2391 59)
1069 2320 1082 2387 ;
1113 2323 1232 2390 quia
1277 2323 1555 2389 oportebat
1588 2337 1707 2375 eum
1730 2323 1817 2390 qui
1860 2330 2019 2392 caput

459 2396 692 2446 omnium
713 2394 1029 2446 constitutus
1048 2401 1181 2455 erat,
1203 2394 1251 2444 in
1275 2392 1444 2460 capite
1462 2391 1656 2445 habere
1677 2391 2013 2460 potestatem,

459 2473 511 2516 et
555 2461 693 2516 scire
722 2476 778 2515 se
802 2501 817 2524 ,
844 2479 963 2515 eum
989 2471 1147 2530 caput
1170 2462 1392 2515 aliorum
1422 2462 1489 2515 sit
1513 2503 1526 2527 ,
1562 2464 1798 2516 omnittm
1841 2472 2016 2517 tamen

464 2533 685 2585 Domino
707 2532 927 2601 principi
953 2547 1072 2586 esse
1092 2533 1409 2601 subjectum.
1438 2531 1689 2585 Absoluta
1719 2534 1861 2586 enim
1888 2548 2015 2587 aue-

463 2603 669 2672 toritas,
691 2616 799 2672 nec
823 2603 1131 2672 cujusquam
1165 2602 1386 2671 imperio
1412 2601 1825 2672 subjecta,idura
1852 2614 1934 2657 est
1964 2611 2019 2656 et

462 2670 823 2741 intolerabilis.
843 2670 1050 2737 ldeo,in
1067 2674 1179 2741 lege
1194 2672 1395 2741 gratize,
1410 2673 1496 2740 qui
1516 2671 1790 2738 pontifices
1804 2674 2015 2727 maximi

466 2752 609 2808 sunt,
639 2739 978 2810 Evangeliutn
1011 2742 1061 2796 in
1089 2739 1260 2813 capite
1292 2739 1549 2813 recipiunt
1574 2783 1587 2808 ,
1617 2752 1671 2795 ut
1695 2744 1827 2796 sciat
1856 2744 1899 2797 is
1930 2744 2017 2811 qui

464 2814 707 2882 cligitur,
761 2829 818 2867 se
863 2828 1040 2866 veram
1080 2812 1349 2881 Evangelii
1404 2814 1591 2865 tiaram
1639 2813 1919 2881 accipere,
1965 2821 2020 2867 et

466 2885 671 2939 etiamsi
703 2884 926 2936 aliorum
957 2897 1163 2936 sacrum
1210 2892 1367 2950 caput
1408 2883 1761 2935 constituatur
1784 2924 1799 2948 ,
1831 2884 2016 2938 iisdem

470 2962 643 3008 tamen
670 2956 868 3023 legibus
893 2967 1011 3007 esse
1035 2954 1330 3023 subjectum
1357 2969 1370 3016 ;
1403 2962 1457 3007 et
1485 2953 1605 3006 licet
1632 2953 1746 3006 aliis
1773 2954 2016 3021 imperet,

462 3026 559 3095 sub
586 3026 713 3095 legis
730 3022 960 3093 imperio
980 3038 1116 3077 esse.
1144 3022 1299 3095 Tiara
1331 3037 1556 3095 namque
1580 3033 1890 3090 potestatem
1917 3024 2017 3077 de-

463 3093 740 3161 signabat,
771 3106 825 3148 et
849 3109 1004 3163 quam
1037 3095 1147 3161 ipse
1184 3093 1235 3146 in
1266 3094 1513 3161 p0pulum
1543 3095 1801 3159 habebat,
1837 3106 1890 3147 et
1915 3109 2017 3163 qua

464 3163 551 3216 ille
581 3165 687 3219 Deo
710 3162 950 3218 subditus
980 3162 1264 3217 ferebatur.
1304 3179 1323 3212 ι

538 3252 557 3283 ι
593 3237 767 3289 Aurea
798 3247 923 3286 vero
963 3232 1192 3294 lamina,
1236 3233 1287 3286 in
1318 3247 1418 3299 qua
1466 3232 1553 3285 Dei
1585 3247 1778 3286 nomen
1820 3232 2020 3288 inseulo

466 3313 611 3375 ptum
638 3315 747 3358 erat
774 3302 1316 3375 (Exod.XXXll,56).
1348 3302 1400 3355 in
1433 3312 1645 3371 pectore
1670 3311 1806 3375 erat,
1838 3312 2020 3373 typum

465 3371 637 3426 ferens
657 3371 908 3428 custodite
928 3375 1103 3427 cordis
1129 3383 1386 3436 motuum,
1414 3382 1465 3426 et
1491 3373 1754 3440 quomodo
1779 3371 2022 3441 oporteat

462 3457 553 3496 cos
584 3442 695 3498 haec
719 3444 783 3497 ad
815 3443 903 3497 Dei
935 3452 1119 3497 nutum
1155 3452 1335 3510 aptare
1363 3457 1425 3495 ac
1451 3442 1670 3497 referre.
1705 3444 1759 3495 In
1787 3443 2022 3498 humeris

460 3523 611 3582 erant
631 3513 891 3582 smaragdi
912 3511 1037 3580 duo,
1063 3528 1283 3582 quormn
1310 3514 1444 3566 alter
1468 3528 1560 3566 sex
1588 3514 1774 3576 tribus,
1804 3513 2021 3568 totidem

459 3581 594 3653 alter
614 3581 894 3637 exhibebat
925 3600 936 3633 :
967 3581 1310 3653 eraiitautem
1337 3583 1630 3653 symbolum
1667 3583 1858 3637 summi
1891 3599 2020 3652 pon-

462 3651 616 3724 tilicis
630 3654 922 3721 timentis.
942 3652 1112 3707 liabet
1135 3654 1272 3706 enim
1295 3651 1604 3724 stuaragdus
1629 3662 1682 3708 et
1702 3651 2021 3708 viriditatem

460 3721 737 3777 decentem
764 3735 815 3777 et
846 3725 1124 3792 puritatem
1155 3721 1542 3792 splendentem,
1572 3724 1772 3793 speculi
1801 3724 1906 3777 vim
1934 3740 2021 3779 rc-

461 3793 654 3864 fercus.
685 3794 902 3864 Oportet
928 3795 1071 3849 enim
1109 3792 1438 3848 sacerdotem
1467 3803 1517 3848 et
1562 3792 1619 3847 in
1644 3794 2021 3849 exercitatione

460 3863 667 3931 vigilem
686 3863 1030 3934 sobriumque
1055 3878 1195 3927 esse,
1230 3875 1283 3917 et
1304 3863 1463 3918 vitam
1494 3864 1718 3919 subditis
1739 3867 1848 3919 suis
1871 3866 2020 3933 quasi

460 3936 732 4000 speculum
765 3934 978 3990 offerre.
1020 3935 1146 3988 Erat
1187 3950 1313 3987 κει-ο
1339 3934 1648 4003 smaragdus
1677 3935 1729 3987 in
1762 3936 2018 3999 humeris,

458 4004 580 4076 quia
610 4020 828 4073 Operam
869 4007 1076 4076 signum
1111 4016 1196 4076 est
1227 4021 1243 4076 :7
1272 4004 1468 4076 agendi
1499 4006 1641 4076 enim
1675 4005 1911 4076 potentia
1940 4005 2022 4076 ab

459 4072 694 4143 humeris
735 4072 1016 4143 dependet.
1068 4074 1189 4129 Ideo
1232 4075 1368 4129 Deus
1407 4074 1474 4127 ad
1511 4072 1806 4129 Jerusalem
1847 4075 2015 4129 dicit:

462 4141 602 4215 (forte
621 4159 707 4196 cor
732 4141 871 4197 tuum
897 4162 1045 4214 super
1064 4147 1296 4197 humeros
1325 4145 1597 4215 tuost/ilia
1625 4145 1875 4213 despecta,
1901 4146 2021 4215 quia

460 4211 706 4266 Dominus
729 4224 861 4266 creat
888 4225 933 4266 te
958 4211 1024 4266 ad
1051 4215 1261 4267 salutent
1293 4213 1423 4283 (Jer.
1452 4214 1637 4278 XXXI,
1669 4211 1779 4284 21).
1809 4211 2019 4271 Etenim

460 4296 646 4334 manus
685 4292 737 4354 et
766 4284 1012 4354 humeros
1040 4299 1133 4351 pro
1169 4284 1464 4354 actionibus
1493 4287 1761 4354 Scriptura
1803 4286 2015 4354 accipit,

459 4360 514 4402 ut
538 4365 657 4404 cum
684 4353 750 4406 de
782 4353 974 4406 Davide
999 4354 1144 4418 dicit,
1176 4351 1243 4404 Et
1271 4354 1320 4403 in
1352 4351 1868 4407 intellectu‘manuum
1895 4351 2017 4409 sua;

465 4437 575 4493 rum
602 4424 809 4493 deduxit
838 4423 951 4475 illos
971 4422 1137 4493 (Paul.
1167 4422 1422 4486 LXXVII,
1450 4424 1546 4490 72;
1580 4424 1746 4479 Exod.
1778 4424 2010 4491 XXVIII,

460 4491 571 4563 l7).
599 4491 811 4547 Inerant
836 4491 993 4547 etiam
1019 4495 1068 4546 in
1095 4493 1355 4546 Rationali
1383 4497 1431 4547 in
1458 4506 1668 4562 pectore
1691 4497 1863 4563 posito
1887 4496 2017 4549 duo—

456 4561 625 4634 decim
639 4564 841 4633 lapides
852 4566 1036 4634 aptati,
1053 4564 1140 4630 qui
1156 4564 1431 4617 duodecim
1448 4561 1615 4619 tribus
1627 4561 2009 4634 significabant.

456 4631 520 4704 Et
543 4633 658 4704 vide
690 4631 706 4689 Ξ
729 4631 1195 4704 supra—quidemet
1220 4635 1271 4687 iii
1305 4633 1540 4688 humeris
1571 4631 1806 4689 ona'erat
1826 4649 2014 4690 natura

455 4703 707 4769 lapidum,
730 4705 1071 4773 smaragdos;
1098 4704 1233 4760 infra
1260 4720 1385 4758 vero
1403 4705 1527 4760 etin
1557 4717 1788 4774 pectore,
1815 4707 2018 4762 duode-

454 4773 595 4826 cim:
630 4788 734 4842 quo
760 4775 1091 4843 zeuigmatice
1115 4775 1524 4845 significabatur,
1554 4773 1648 4830 nos
1679 4778 1923 4844 primitus
1947 4779 2015 4832 ab

454 4858 555 4917 una
576 4844 1051 4917 omnesprodiisse
1069 4858 1276 4909 natura,
1299 4861 1578 4915 progressu
1606 4862 1734 4902 vero
1762 4850 2013 4917 temporis

454 4913 677 4986 diversis
697 4913 1032 4982 opinionibus
1055 4917 1218 4971 fuisse
1245 4913 1441 4971 divisos
1461 4938 1473 4969 :
1493 4927 1547 4971 et
1569 4920 1667 4971 hoc
1685 4913 1894 4986 quidem
1921 4922 2012 4973 tri-

451 4982 563 5036 buit
590 4985 823 5053 opinioni
850 5025 865 5049 ,
900 4986 1025 5041 illud
1050 5001 1177 5042 vero
1205 4998 1426 5041 naturae.
1460 4989 1568 5044 Sub
1600 4982 1803 5042 Iimbria
1830 5002 2010 5044 sacer-

450 5053 590 5109 dotis
616 5094 631 5120 ,
680 5071 796 5125 qua:
822 5056 1015 5110 dicitur
1041 5071 1163 5121 ora,
1202 5058 1394 5121 flores,
1433 5073 1593 5111 aurea
1622 5060 1755 5111 mala
1799 5061 2006 5125 punica,

447 5126 684 5194 corymbi
706 5136 759 5197 et
784 5126 1109 5197 campanulat
1137 5127 1451 5192 pendebant.
1480 5129 1546 5181 Et
1571 5130 1836 5197 quomodo
1873 5129 2006 5193 huic,

449 5203 503 5244 ut
533 5197 678 5261 prius
707 5196 968 5261 diximus,
1010 5196 1232 5251 Domino
1265 5198 1575 5264 placebant?
1601 5198 1706 5252 Sed
1735 5199 1784 5249 iu
1819 5202 2006 5253 vestitu

449 5266 739 5321 sacerdotis
778 5268 1000 5321 virtutes
1025 5264 1201 5335 effingi
1227 5268 1413 5334 jussit;
1442 5268 1576 5321 infra
1605 5268 1763 5321 ﬂores
1788 5277 1842 5321 et
1870 5272 2007 5323 fruc-

447 5340 553 5408 tus,
599 5339 849 5391 virtutum
879 5351 1037 5406 opera
1067 5354 1079 5389 :
1109 5352 1225 5406 qua:
1249 5345 1382 5408 sunt
1410 5340 1743 5408 eleemosyna
1765 5378 1778 5399 ,
1806 5338 2003 5403 justitia

444 5412 497 5453 et
530 5405 848 5476 humanitas,
886 5405 939 5463 et
965 5405 1159 5462 chorus
1183 5407 1501 5475 reliquormu
1530 5405 1657 5476 ipsis
1686 5406 1940 5463 aflinium.
1980 5429 1999 5462 ι

519 5490 539 5548 ε
573 5468 653 5528 Ne
680 5468 868 5548 mutes,
899 5480 1105 5548 inquit,
1146 5468 1419 5531 varba'Dci
1454 5468 1564 5531 vivi:
1611 5478 1666 5530 In
1705 5478 1911 5531 l’atreiu
1952 5492 2005 5534 et

446 5540 635 5617 Filium
661 5556 721 5617 ct
734 5540 987 5615 Spiritum
1014 5540 1253 5603 sanctum
1279 5547 1573 5617 baptizatus
1602 5564 1661 5602 cs
1694 5565 1706 5600 :
1738 5563 1833 5601 cur
1865 5551 2003 5606 tollis

442 5615 890 5689 nominaviva,et
915 5618 1118 5673 inducis
1142 5615 1747 5687 nominacogitationum
1772 5628 1998 5688 tuarunt,

439 5686 620 5737 dicens
659 5686 969 5754 ingenitum,
993 5689 1226 5756 genitura
1250 5705 1263 5744 :
1297 5686 1505 5758 semper
1528 5690 1785 5753 existens,
1814 5698 1868 5743 ct
1896 5686 1996 5745 non

440 5768 647 5824 semper
677 5758 944 5813 existens?
974 5759 1178 5815 Deusne
1209 5759 1320 5815 llch
1351 5759 1526 5815 inania
1557 5762 1715 5815 verba
1760 5759 1946 5815 tolerat
1973 5764 1996 5816 ?

3611 334 3709 389 100

2130 434 2302 514 fluunt
2336 437 2550 514 verbum
2574 447 2629 514 ut
2654 448 2881 514 uiolaret
2905 438 3182 514 propheta,
3201 442 3328 514 olim
3350 441 3416 497 de
3442 444 3547 498 vita
3573 450 3711 514 peri-

2126 506 2338 578 clitatus
2360 517 2462 578 est.
2496 506 2560 560 Et
2585 507 2704 560 vide
2735 506 3093 578 uniuscxigui
3118 512 3265 565 verbi
3291 506 3705 572 acettrationem.

2127 574 2691 651 Vcrba_priq_thetarum
2714 574 3316 651 yocaruntquidam,per
3337 582 3707 651 ignorantiam,

2127 661 2253 698 onus
2284 645 2511 699 Domini.
2546 647 2680 702 Dicit
2711 649 2966 704 Dominus
2995 645 3095 718 per
3117 645 3400 705 Jeremiaui
3432 672 3446 707 :
3475 654 3535 708 Si
3556 645 3710 709 inter;

2128 719 2373 791 rogaverit
2398 726 2444 791 te
2456 718 2692 785 populus,
2711 720 2785 791 vel
2807 721 3059 791 sacerdos,
3079 723 3156 774 vel
3177 723 3442 791 prapheta,
3462 735 3507 777 et
3524 725 3707 779 dixerit

2127 786 2214 837 tibi
2241 801 2260 838 :
2292 786 2442 853 Quod
2464 799 2535 840 est
2579 789 2746 843 onus?
2772 790 2852 843 dic
2878 790 2980 843 illis
3003 832 3016 854 ,
3050 786 3189 844 Unus
3222 786 3435 845 Domini
3456 810 3540 847 vos
3566 798 3707 849 estis:

2126 872 2381 947 assu’umiu
2409 858 2540 911 enim
2568 869 2753 947 voshet
2778 860 3064 947 dirumpunt
3091 877 3176 915 vos
3205 862 3338 931 (Jer.
3376 863 3565 929 XXIII,
3590 865 3704 947 55).

2127 942 2193 999 ne
2220 928 2402 981 dicatis
2424 969 2438 989 ,
2465 944 2612 982 onus.
2653 928 2827 985 Unum
2860 932 3077 985 verbum
3123 948 3189 985 ne
3214 928 3453 988 mutetur
3477 928 3702 990 commi-

2126 1005 2279 1050 natur
2329 999 2503 1063 Deus,
2552 1008 2604 1052 et
2652 1009 2704 1053 tu
2747 1009 2910 1054 totam
2955 1001 3259 1069 dogmatum
3304 1006 3704 1061 accurationem

2102 1068 2477 1133 commutant,
2509 1081 2661 1137 putas
2689 1078 2739 1125 te
2770 1086 2957 1126 manus
2987 1068 3079 1127 Dei
3109 1071 3343 1143 effugere
3370 1077 3558 1143 posse?
3593 1096 3613 1129 ι

2128 1196 2377 1277 Ejusdem
2410 1200 2461 1251 in
2485 1200 2614 1277 illud
2644 1200 2717 1269 (Il
2743 1200 2862 1277 Cor_.
2893 1202 2988 1277 XII
3009 1245 3025 1270 ,
3051 1203 3122 1277 9)
3152 1203 3393 1277 :Sullieit
3415 1206 3506 1258 tibi
3531 1210 3700 1277 gratia

2160 1286 2275 1322 mea
2297 1287 2310 1334 ;
2335 1270 2498 1324 virtus
2521 1270 2661 1325 enim
2693 1288 2807 1327 mea
2841 1273 2891 1328 in
2919 1270 3228 1329 infirmitate
3258 1270 3657 1348 perficitur'(a).

2201 1427 2219 1460 ι
2261 1407 2446 1473 Venit,
2479 1429 2497 1461 ι
2527 1410 2728 1481 inquit,
2781 1430 2799 1463 t
2830 1426 2858 1466 a
2901 1412 3055 1468 Patre
3080 1411 3324 1467 Christus
3353 1414 3417 1466 ad
3452 1413 3700 1468 homines

2126 1478 2368 1553 legatus;
2416 1478 2620 1553 occisus
2656 1481 2756 1553 fuit
2785 1482 2987 1553 legatus
3008 1524 3024 1548 ,
3057 1493 3111 1536 et
3154 1493 3277 1537 tunc
3304 1500 3401 1552 pax
3447 1484 3561 1537 fuit.
3594 1486 3701 1540 Sed

2126 1548 2281 1623 legati
2312 1550 2617 1623 venientes,
2644 1559 2699 1607 et
2725 1548 2862 1607 dona
2894 1552 3102 1615 ferunt,
3132 1562 3187 1607 et
3226 1548 3363 1607 dona
3392 1555 3656 1623 accipiunt
3685 1574 3699 1609 :

2124 1619 2266 1694 quod
2313 1620 2469 1689 igitur
2509 1621 2710 1694 donum,
2754 1624 2902 1686 tulit,
2942 1623 3180 1694 etquod
3223 1624 3422 1678 donum
3459 1619 3701 1694 accepit?

2126 1689 2545 1765 lnexsiiectatum
2576 1701 2655 1745 est
2681 1692 2989 1765 donum,_ut
3018 1689 3412 1761 inexspectatus
3440 1705 3523 1748 est
3560 1689 3702 1765 lega-

2127 1768 2208 1833 tus
2239 1777 2251 1811 :
2281 1761 2590 1833 sanguinem
2618 1776 2771 1817 suum
2811 1765 2861 1816 in
2890 1763 3086 1817 donum
3107 1803 3122 1828 ,
3149 1775 3200 1818 et
3226 1780 3422 1833 corpus
3448 1761 3699 1820 suum'in

2125 1828 2324 1904 donum
2354 1832 2826 1904 feretisivenithlt
2857 1834 2996 1902 quod
3037 1849 3065 1885 a
3105 1849 3190 1887 me
3215 1828 3413 1888 donum
3456 1837 3701 1904 accepit?

2126 1898 2332 1953 Fidem.
2381 1900 2446 1953 Et
2473 1902 2596 1970 quid
2627 1918 2721 1969 pro
2747 1903 2833 1956 illa
2869 1898 2996 1957 mihi
3037 1904 3167 1958 dat?
3196 1904 3454 1958 Gratiam.
3487 1898 3698 1960 Credidi

2126 1984 2244 2037 ego,
2277 1971 2500 2039 gratiam
2533 1971 2678 2025 dedit
2718 1975 2807 2028 ille
2841 1990 2853 2026 :
2901 1974 3070 2027 soluta
3113 1985 3195 2028 est
3242 1975 3533 2028 inimicitia.
3565 1975 3698 2030 Cum

2128 2041 2271 2113 venit
2301 2043 2502 2113 legatus
2529 2042 2592 2094 ad
2624 2043 2852 2111 aliquam
2882 2055 3097 2113 gentem
3121 2086 3135 2108 ,
3170 2060 3272 2098 non
3304 2045 3550 2112 dignatur
3575 2062 3695 2099 cum

2125 2109 2525 2195 aliquo-forensi
2556 2112 2636 2165 vel
2665 2109 2906 2195 paupere
2925 2115 3088 2195 loqui,
3108 2114 3203 2168 sed
3230 2109 3405 2195 stutim
3431 2116 3495 2169 ad
3518 2131 3697 2185 regem

2124 2181 2363 2253 accedit:
2397 2180 2482 2235 hic
2512 2197 2637 2235 vero
2663 2180 2862 2252 legatus
2895 2180 3059 2250 venit,
3090 2195 3149 2253 et
3175 2186 3352 2238 statim
3372 2201 3490 2238 cum
3522 2180 3699 2240 niére-

2126 2251 2276 2323 trice,
2299 2251 2525 2323 latrone,
2555 2251 2833 2320 publicano
2858 2265 2911 2308 ct
2937 2255 3101 2323 magis
3128 2251 3333 2309 lecutus
3376 2265 3475 2309 est.
3516 2256 3701 2311 Viden‘

2124 2319 2280 2384 legati
2313 2319 2729 2391 benignitatem?
2758 2339 2859 2378 non
2888 2319 3049 2379 eninf
3066 2324 3132 2378 ad
3160 2341 3323 2378 unum
3353 2334 3444 2379 aut
3471 2327 3699 2381 alterum

2123 2390 2287 2454 venit,
2321 2391 2413 2445 sed
2446 2390 2524 2445 ad
2564 2408 2898 2448 communem
2942 2405 3182 2449 naturam
3223 2413 3237 2451 :
3286 2404 3341 2449 et
3388 2398 3531 2450 venit
3584 2414 3699 2449 mea

2126 2469 2272 2514 veste
2304 2461 2543 2524 indutus,
2582 2478 2649 2518 ne
2682 2466 2820 2519 nuda
2867 2464 3139 2519 divinitate
3163 2467 3423 2521 accedens
3464 2468 3699 2536 praedam

2126 2537 2367 2588 terreret.
2408 2550 2425 2583 ι

2125 2666 2367 2746 Ejusdem
2406 2670 2459 2722 in
2485 2670 2672 2724 dictum
2697 2672 2926 2741 Apostoli
2952 2674 2993 2743 (Ι
3017 2676 3132 2728 Cor.
3167 2675 3229 2741 V,
3262 2672 3349 2746 I7)
3383 2693 3397 2729 :
3424 2676 3478 2730 Si
3511 2693 3612 2746 qua
3648 2680 3698 2732 in

2194 2737 2440 2812 Christo,
2476 2756 2608 2794 nova
2638 2737 2877 2796 creatura
2910 2765 2921 2798 :
2959 2737 3144 2800 vetera
3177 2737 3540 2812 transierunt,
3575 2763 3702 2804 cccc

2197 2822 2329 2861 nova
2360 2808 2497 2864 facta
2529 2822 2651 2867 sunt
2683 2815 2859 2867 omnia
2896 2814 2988 2885 (b);

2202 2960 2221 2993 ι
2255 2941 2451 3019 Gentes
2472 2960 2532 2998 ac
2558 2946 2722 3001 Judaei
2747 2947 2926 3004 dicunt
2950 2991 2965 3015 ,
2998 2949 3134 3015 Quid
3164 2949 3425 3019 gloriatur
3453 2950 3654 3006 Paulus
3677 2955 3698 3007 ἲ

2125 3010 2352 3090 dicens;
2392 3012 2569 3090 Vetera
2586 3019 2922 3090 transierunt,
2952 3010 3077 3073 ecce
3106 3010 3232 3073 noua
3272 3022 3410 3090 facta
3450 3032 3566 3074 sunt
3592 3038 3700 3075 om-

2126 3083 2232 3160 nia.
2274 3084 2461 3160 Siqua
2491 3088 2543 3139 in
2574 3086 2806 3160 Christo,
2835 3104 2966 3160 noue
2991 3098 3243 3143 creatura.
3272 3083 3387 3159 Ego
3415 3092 3579 3156 enim,
3621 3094 3703 3146 in-

2127 3154 2238 3229 quit
2262 3195 2275 3215 ,
2310 3154 2440 3229 nihil
2486 3172 2679 3211 novum
2712 3158 2884 3214 video.
2915 3158 3099 3229 Neque
3133 3162 3275 3214 enim
3311 3154 3472 3214 habes
3517 3154 3704 3217 oculos

2129 3232 2185 3299 ut
2200 3222 2325 3299 huic
2357 3224 2535 3299 videas
2569 3244 2594 3299 :_
2626 3230 2820 3283 accede
2840 3270 2856 3295 ,
2885 3240 2939 3283 et
2972 3222 3157 3285 faciam
3188 3230 3277 3283 tibi
3322 3231 3521 3285 oculos.
3564 3233 3700 3299 Quid

2127 3293 2313 3347 vides?
2341 3304 2393 3348 et
2418 3303 2470 3348 tit
2499 3294 2627 3351 facis
2656 3293 2881 3353 oculos?
2912 3301 3106 3355 Etiam.
3131 3301 3196 3355 Et
3217 3312 3428 3355 creator
3453 3302 3551 3355 es?
3574 3293 3701 3356 Din-

2129 3363 2274 3416 nino.
2319 3365 2399 3441 ᾼη
2420 3364 2651 3441 demens
2676 3370 2775 3422 es?
2805 3370 3167 3441 Nequaquam.
3198 3371 3363 3441 Igitur
3390 3370 3473 3426 fac
3516 3376 3701 3427 oculos

2129 3385 2274 3416 IIIIIU.
2319 3385 2399 3418 An
2429 3385 2651 3421 uomens
2676 3385 2734 3422 es
2756 3385 2775 3421 '.'
2805 3385 2845 3423 Ν
2874 3413 2881 3421 ,
2921 3387 3167 3441 uaquam.
3198 3385 3363 3441 tguur
3390 3385 3473 3426 Iac
3516 3385 3701 3427 oculos

2128 3434 2405 3513 corporis;
2418 3435 2790 3513 Nequaquam;
2822 3385 2939 3513 δῇ,
2970 3441 3114 3513 quod
3154 3442 3326 3513 majus
3367 3451 3482 3513 est,
3514 3444 3701 3497 oculos

2129 3505 2338 3557 mentis.
2367 3505 2430 3558 Et
2455 3505 2771 3563 facies’mihi
2803 3505 3031 3564 oculos?
3060 3512 3153 3565 Ita.
3187 3505 3301 3566 Non
3329 3505 3701 3567 enituliaheo?

2127 3572 2489 3647 Nequaquam.
2518 3577 2619 3647 rTu
2664 3594 2791 3633 vero
2839 3579 3050 3635 habes?
3098 3581 3192 3636 Ita.
3244 3582 3561 3647 Quomodo?
3614 3583 3701 3638 die

2130 3644 2281 3697 mihi.
2313 3645 2441 3720 Cum
2471 3646 2676 3720 abieris
2705 3650 2767 3720 in
2813 3652 3089 3720 templum,
3131 3644 3308 3720 ibique
3352 3653 3543 3706 nudam
3583 3665 3698 3706 sta-

2131 3723 2273 3790 t_uam
2319 3716 2531 3777 videris,
2577 3716 2938 3790 lapidemque'
2957 3716 3157 3775 mutum
3178 3763 3192 3787 ,
3222 3716 3290 3776 'et
3317 3723 3517 3777 dixeris
3540 3763 3556 3788 ,
3605 3724 3701 3779 llic

2128 3783 2262 3838 deus
2309 3796 2390 3862 est
2433 3803 2447 3849 ;
2499 3783 2865 3862 num—“oculos
2921 3791 3129 3846 habes?
3180 3783 3247 3845 an
3309 3793 3509 3862 aliquid
3542 3783 3701 3850 vutile

2129 3857 2483 3927 provetiit‘cx,
2537 3858 2704 3913 oculis
2752 3862 3145 3927 exterioribus,
3192 3863 3236 3917 si
3287 3857 3414 3917 creci
3463 3864 3568 3917 sint
3614 3864 3697 3918 in-

2129 3924 2401 3997 teriores?
2432 3926 2627 3997 iViden’
2672 3944 2805 3997 Opus
2830 3947 2949 3986 esse
2995 3940 3054 3985 ut
3098 3924 3188 3987 tibi
3239 3932 3430 3986 faciam
3478 3935 3695 3997 oculos.

2128 4003 2183 4048 ut
2209 3995 2388 4072 videas
2430 3996 2659 4072 lapidem
2700 3995 2830 4072 esse
2874 4002 3118 4071 lapidem,
3145 4013 3198 4057 et
3243 4004 3438 4072 lignum
3474 4018 3594 4058 esse
3631 3995 3699 4059 li;

2128 4065 2324 4142 guunt?
2342 4066 2614 4142 _(_)_cu_losne
2632 4069 2816 4136 habes,
2842 4065 2960 4126 cum
2987 4065 3131 4128 vides
3163 4065 3360 4142 lignum
3383 4084 3439 4129 et
3465 4074 3655 4127 adoras
3675 4078 3701 4129 ?

2126 4134 2183 4188 Si
2200 4150 2312 4216 egu
2341 4136 2468 4216 illud
2498 4140 2761 4216 accipiens
2788 4134 3119 4216 comburam,
3149 4134 3273 4197 num
3302 4146 3484 4216 oculos
3511 4144 3697 4212 habes,

2124 4206 2212 4281 qui
2246 4206 2295 4259 id
2324 4206 2841 4281 quodcombustum
2874 4224 2974 4277 est,
3002 4206 3159 4268 deum
3191 4214 3391 4268 vocas?
3418 4214 3548 4267 Cum
3580 4206 3700 4281 pas;

2124 4276 2301 4345 siones
2320 4288 2373 4331 et
2402 4278 2528 4331 vitia
2548 4279 2676 4333 deos
2698 4279 2842 4345 facis,
2859 4297 2927 4335 an
2951 4276 3134 4338 Oculos
3154 4283 3357 4337 habes?
3397 4276 3590 4337 Ebrius
3616 4282 3701 4339 est

2125 4344 2305 4424 homo,
2336 4356 2389 4424 et
2412 4349 2805 4424 circumagitur,
2824 4363 2877 4424 et
2900 4353 3168 4419 irridetur,
3196 4364 3248 4407 et
3276 4370 3367 4422 pro
3392 4353 3604 4408 homine
3640 4357 3701 4410 lit

2124 4417 2495 4487 inrationabilis
2526 4436 2538 4471 :
2573 4428 2626 4473 tu
2655 4417 2796 4473 'vcro
2845 4422 3003 4487 dicis,
3037 4417 3429 4478 Ebrietas-deus
3456 4424 3699 4480 Bacchus

2122 4498 2203 4538 est
2229 4485 2485 4565 ;‘furtum,
2517 4491 2648 4565 deus
2678 4485 3199 4565 Mercurius.Videu’
3244 4495 3341 4565 tibi
3368 4494 3535 4548 oculis
3560 4510 3697 4565 Opus

2121 4556 2281 4631 esse?
2325 4557 2432 4611 Lex
2485 4562 2757 4631 passiones
2795 4572 2847 4615 et
2876 4564 2999 4616 vitia
3045 4565 3223 4631 punit;
3252 4573 3307 4618 et
3334 4564 3448 4617 haic
3488 4575 3538 4618 te
3565 4556 3698 4622 deos

2123 4623 2426 4703 facerenon
2454 4623 2721 4703 advenis?
2749 4632 2801 4685 Si
2831 4634 2908 4685 vis
2935 4623 3132 4695 autem,
3173 4623 3386 4688 attende
3427 4638 3696 4703 qu0uioilo

2122 4693 2252 4748 facta
2282 4697 2387 4772 sint
2415 4700 2611 4772 omnia
2637 4717 2789 4755 nova.
2844 4707 3035 4757 tlt'eare
3079 4693 3261 4758 dicitur
3319 4706 3372 4758 in
3422 4693 3693 4772 Scriptura

2121 4780 2223 4843 non
2254 4768 2423 4843 solum
2450 4785 2514 4843 ex
2542 4771 2710 4843 nihilo
2739 4774 3028 4840 producere
3054 4790 3171 4843 qua:
3197 4784 3320 4830 ante
3346 4790 3451 4829 non
3501 4768 3693 4830 eiuste-

2117 4836 2264 4899 bant,
2304 4838 2397 4892 sed
2441 4841 2600 4894 etiam
2644 4842 2697 4895 in
2733 4836 2921 4896 melius
2963 4836 3262 4899 immutare.
3314 4844 3524 4899 Creavit
3556 4845 3695 4899 Deus

2116 4906 2305 4982 caelum
2339 4922 2356 4982 :_
2384 4908 2483 4982 hoe
2507 4921 2605 4974 est,
2630 4926 2661 4967 e
2682 4911 2844 4965 nihilo
2869 4928 3055 4968 creare
3084 4932 3096 4968 :
3130 4924 3275 4969 creat
3295 4916 3453 4969 etiam
3481 4920 3694 4982 quando

2116 4980 2312 5030 malum
2345 4978 2612 5035 hominem
2659 4983 2850 5036 bonum
2898 4982 3024 5038 facit
3055 4999 3068 5037 :
3100 4985 3185 5038 hic
3231 5000 3360 5038 vero
3388 4978 3585 5037 creatio
3611 4997 3693 5039 Cal

2116 5060 2293 5099 rerum
2323 5049 2373 5101 in
2400 5051 2592 5104 melius
2622 5053 2859 5106 mutatio.
2895 5055 2958 5107 Et
2979 5056 3100 5108 audi
3134 5054 3379 5107 Davidem
3404 5056 3686 5109 dicentem.

2114 5118 2244 5169 Cum
2272 5119 2411 5172 enim
2445 5130 2497 5173 et
2526 5121 2639 5190 ipse
2672 5132 2724 5177 et
2739 5138 2830 5177 cor
2856 5124 2972 5193 ejus
2994 5132 3231 5179 creatum
3254 5125 3691 5188 esset,adulterio

2111 5195 2287 5263 autem
2315 5198 2367 5243 et
2395 5192 2540 5263 eaade
2565 5192 3108 5260 maculatumfuisset,
3127 5206 3178 5249 et
3206 5194 3269 5247 ad
3296 5197 3688 5263 cori-optimum

2113 5255 2360 5329 ferretur,
2400 5260 2563 5313 Deum
2599 5272 2840 5329 precatur
2864 5274 2917 5317 et
2945 5264 3073 5319 dicit
3094 5255 3115 5315 ἐ
3147 5264 3246 5319 Cor
3284 5255 3527 5318 mundum
3576 5282 3692 5319 crea

2111 5327 2163 5406 in
2185 5343 2291 5406 ¹ηερε,
2315 5328 2452 5406 ρεαδ
2481 5327 2649 5406 (Ρφάι.
2695 5333 2755 5406 l_.,
2787 5334 2906 5400 II):
2937 5351 3039 5388 non
3067 5335 3208 5404 quod
3252 5336 3398 5406 prius
3444 5352 3537 5388 cor
3583 5352 3689 5389 non

2112 5395 2372 5477 habuerit,
2397 5395 2499 5477 uec
2538 5402 2605 5454 de
2642 5395 2933 5477 substantia
2984 5395 3161 5459 cordis
3211 5395 3468 5477 loquitur,
3496 5406 3592 5460 sed
3623 5408 3691 5460 ilo

2111 5467 2313 5547 meliori
2363 5471 2483 5547 vita:
2526 5472 2829 5547 conditione
2876 5474 3045 5542 ipsum
3074 5467 3319 5547 ornante.
3358 5467 3491 5547 Ecce
3533 5478 3690 5547 igitur

2098 5539 2307 5592 croatio
2355 5539 2549 5594 dicitur
2589 5557 2693 5597 non
2724 5539 2907 5597 solum
2940 5559 3005 5600 ex
3050 5546 3216 5603 nihilo
3266 5539 3577 5617 producuo:
3594 5550 3686 5603 sed

2166 5713 2238 5779 (ᾳ)
2274 5714 2431 5779 ΙῘΙιριη
2461 5731 2505 5777 ν.
2532 5717 2641 5779 521,
2670 5734 2712 5768 a.

2169 5770 2238 5836 (l1)
2273 5770 2477 5828 Ibidem:
