4054 6216
422 325 522 382 103

418 440 505 491 dat
533 437 832 500 artificium,
865 436 954 491 sed
975 436 1192 488 artiﬁcis
1232 433 1452 502 gloriam
1490 433 1561 486 illi
1594 447 1696 486 non
1727 431 1985 485 attribuit.

416 507 614 576 Impius
657 522 780 560 vero
819 508 952 560 bene
979 507 1190 574 qnidetn
1237 505 1384 568 vidit,
1412 504 1502 557 sed
1550 502 1687 556 male
1731 503 1987 569 adoravit,

413 589 468 632 et
497 593 704 629 omnem
733 577 970 628 ordinem
1001 577 1274 628 subvertit.
1309 593 1327 625 ι

494 665 512 697 ι
557 647 707 712 Saepe
731 646 996 714 Scriptura
1028 645 1292 714 diabolum
1317 650 1467 695 vocat
1493 641 1774 714 draconem
1791 649 1860 696 .et
1879 655 1992 714 ser:

417 711 985 784 pentetn’tortuosum.
1036 715 1156 767 Ideo
1199 713 1450 766 Servatur
1498 714 1665 764 dicit:
1701 711 1830 764 Ecce
1857 712 1991 784 _dedi

417 781 552 855 vobis
579 796 866 855 potestatem
904 785 1131 836 calcantfi
1157 799 1310 855 supra
1349 791 1598 855 serpentes
1627 791 1670 855 et
1703 781 1990 855 scorpiones

417 850 588 926 (Ιιιιεί
607 854 677 919 ‘X,
705 854 794 921 19)
831 875 842 908 :
874 865 1028 926 etne
1045 853 1246 926 reptilia
1261 852 1550 926 intelligas,
1579 851 1787 919 adjecit.
1814 850 1878 903 Et
1899 866 1985 926 su-

375 953 378 956 ~
421 919 512 989 pro
541 941 736 978 omnem
764 919 991 976 uirtutem
1013 919 1223 974 inimici.
1259 923 1424 973 Draco
1450 933 1497 974 et
1529 935 1747 989 serpens
1770 929 1851 974 est
1879 919 1990 989 dia:

457 996 593 1057 olus,
621 1011 722 1046 ttott
754 1005 807 1046 ut
833 995 1041 1046 malitia:
1069 991 1237 1054 radix,
1267 1001 1322 1043 ut
1368 987 1638 1043 Manicha-i
1667 991 1867 1055 dicunt,
1897 987 1988 1042 sed

419 1076 474 1116 ut
526 1065 768 1131 princeps
809 1063 1130 1124 daemonum,
1179 1069 1233 1115 et
1278 1070 1458 1114 auctor
1497 1061 1671 1130 lapsus
1715 1059 1820 1114 illis
1864 1059 1991 1115 ell'e-

414 1143 550 1187 ctus.
583 1152 604 1184 ι

628 1221 709 1276 Ea:
737 1222 1010 1275 ltortatorio
1035 1237 1257 1274 sermone
1285 1221 1346 1274 de
1374 1218 1672 1273 Pwnitentia
1693 1220 1792 1290 (α).

493 1331 512 1363 ι
562 1311 635 1366 De
662 1327 727 1366 eo
757 1312 842 1380 qui
874 1311 1005 1364 dixit
1034 1325 1047 1359 :
1083 1309 1349 1363 Destruam
1381 1314 1556 1362 horrea
1578 1326 1706 1370 utea,
1727 1319 1770 1361 et
1793 1309 1989 1380 majora

415 1383 603 1450 [nciam
625 1379 782 1449 (Luc.
830 1381 944 1445 XII,
978 1380 1081 1448 l8),
1114 1381 1427 1433 sententiam
1447 1395 1474 1431 a
1497 1380 1602 1432 Deo
1617 1379 1774 1432 lataut
1800 1379 1850 1432 itt
1878 1394 1991 1450 nte-

419 1449 642 1506 tnortam
675 1463 1008 1513 revocantes,
1030 1453 1230 1518 aperite
1251 1451 1526 1503 thesauros
1551 1459 1772 1510 vestros,
1803 1459 1854 1502 et
1869 1449 1990 1502 date

418 1523 833 1591 eleenmsynam.
867 1521 1044 1591 Facite
1075 1521 1221 1572 vobis
1250 1520 1525 1591 thesauros
1553 1518 1913 1591 indeficientes
1937 1519 1986 1570 itt

417 1592 576 1656 coelo,
603 1588 669 1644 ut
690 1591 940 1643 Uttlltitltts
963 1590 1243 1659 jubethui
1271 1588 1443 1642 futiles
1459 1589 1667 1642 divitias
1695 1605 1760 1641 ex
1789 1588 1990 1642 fmuore

417 1672 473 1715 et
495 1662 742 1728 injustitia
765 1658 1077 1730 collegiStis:
1099 1658 1272 1712 Facite
1295 1659 1430 1712 vobis
1452 1660 1636 1711 amicos
1663 1660 1723 1710 de
1749 1675 1990 1730 mammo-

419 1747 507 1796 na,
538 1739 591 1782 tit
621 1732 872 1784 Dominus
902 1729 1152 1797 imperat;
1183 1739 1234 1798 at
1271 1744 1384 1781 cum
1427 1731 1726 1797 defeceritis,
1747 1729 1988 1798 recipiant

416 1817 501 1854 vos
521 1801 572 1852 in
599 1810 783 1853 wterna
810 1799 1130 1852 tabernacula
1154 1797 1302 1860 (Luc.
1322 1798 1461 1863 XVI,
1492 1799 1568 1868 9).
1585 1818 1602 1849 ι
1623 1836 1654 1856 ,

421 1891 504 1943 Ea:
524 1891 730 1943 Itomilt'a
752 1891 1194 1952 interminatam,
1225 1898 1272 1941 et
1295 1887 1545 1940 Lazarum
1565 1929 1578 1952 ,
1604 1898 1648 1941 et
1668 1887 1866 1940 divitem
1893 1886 1987 1959 (ὑ).

496 2000 515 2032 ι
551 1981 664 2035 Νοιι
691 1996 844 2036 cesso
873 1983 1072 2046 dicere,
1099 1984 1306 2038 etiamsi
1333 1997 1489 2037 nemo
1529 1983 1724 2036 audiat.
1760 1983 1992 2036 Medicus

417 2066 557 2123 sum,
591 2052 977 2123 medicamenta
1014 2069 1222 2123 appono
1251 2071 1264 2107 :
1297 2064 1588 2123 pra-ceptor
1617 2069 1754 2123 sum,
1777 2067 1991 2105 monere

415 2122 594 2191 jussus
637 2138 777 2175 sum.
826 2122 1101 2193 Neminem
1133 2122 1377 2193 corrigo?
1406 2135 1457 2177 et
1497 2123 1618 2191 quid
1650 2122 1747 2174 hoc
1778 2124 1896 2175 est?
1925 2125 1992 2174 At

419 2207 518 2258 ego
548 2193 845 2246 mercedem
877 2192 1066 2246 habeo.
1098 2192 1292 2248 Verum
1331 2193 1488 2247 etiam
1538 2209 1628 2260 prr
1667 2192 1988 2262 hyperbolen

422 2263 528 2315 dixi
559 2277 571 2312 :
618 2265 727 2314 fieri
756 2263 896 2314 enim
927 2264 1107 2331 nequit
1139 2274 1191 2316 ιιι
1224 2265 1273 2316 itt
1303 2273 1445 2315 tanta
1473 2262 1806 2315 multitudine
1837 2277 1991 2314 nemo

416 2345 476 2384 se
501 2332 765 2402 emendet.
819 2333 1010 2394 Audio,
1044 2334 1231 2401 inquit,
1281 2332 1548 2402 quotidie,
1588 2341 1642 2384 et
1685 2331 1988 2402 nonl'acm.

417 2401 576 2464 Audi,
606 2402 809 2454 etiamsi
857 2417 958 2454 non
989 2402 1150 2455 facias
1176 2423 1188 2456 ;
1213 2418 1278 2456 ex
1300 2401 1483 2456 auditu
1517 2403 1655 2455 enim
1684 2401 1911 2454 efficitur
1939 2411 1994 2455 ut

418 2482 622 2540 agatur.
657 2471 874 2524 Etiamsi
903 2487 1007 2542 non
1029 2471 1206 2537 facias,
1239 2488 1301 2526 ex
1331 2481 1548 2542 peccato
1574 2472 1774 2540 pudore
1799 2470 1992 2542 afficiej

421 2542 754 2602 ris;etiantsi
784 2558 885 2594 non
921 2541 1100 2605 facias,
1131 2540 1362 2596 mutatur
1411 2542 1500 2595 tibi
1527 2543 1761 2606 anitnus;
1788 2540 1992 2594 etiamsi

421 2625 526 2662 non
559 2609 737 2673 facias,
771 2612 992 2678 teipsmu
1017 2613 1342 2666 condemnas
1363 2612 1501 2680 quod
1529 2627 1631 2664 non
1664 2610 1822 2664 facias
1853 2612 1995 2664 :sei-

423 2695 574 2747 psum
605 2692 780 2735 autem
832 2682 1096 2744 incusare,
1129 2683 1437 2750 principium
1479 2691 1558 2735 est
1587 2681 1991 2750 ernendationis.

419 2749 642 2816 Quando
665 2751 886 2815 dixeris,
915 2751 1010 2804 llei
1038 2749 1169 2804 mihi
1199 2752 1211 2804 ἓ
1241 2749 1414 2805 audivi
1456 2761 1510 2805 et
1539 2766 1644 2805 non
1671 2750 1839 2815 facio;
1868 2749 1995 2804 illud

421 2819 515 2873 ltci
545 2820 695 2886 mihi,
730 2821 931 2874 initimtt
964 2832 1042 2875 est
1070 2822 1374 2876 mutatioms
1397 2823 1449 2876 in
1476 2821 1682 2875 melius.
1725 2839 1744 2872 ι

731 2933 797 2988 In
822 2935 972 3002 illud,
1001 2935 1146 2990 Mitte
1173 2935 1449 3002 Lazarum,
1474 2944 1565 2989 etc.
1601 2937 1695 3005 (ε).

395 3091 401 3096 .
497 3068 516 3100 ι
565 3049 628 3103 Et
656 3051 741 3103 ubi
772 3064 910 3102 mine
939 3059 1061 3102 sunt
1092 3049 1354 3114 pincerna:
1384 3049 1456 3100 ιιιί
1482 3087 1495 3110 ,
1527 3055 1746 3114 tapetes,
1782 3046 1995 3115 parasiti

420 3131 473 3172 ct
499 3121 800 3172 adulatores
822 3118 972 3188 (an.
996 3119 1132 3181 XVI,
1149 3117 1281 3188 ειη-ι
1301 3120 1385 3170 ubi
1419 3120 1580 3188 fastus
1598 3126 1651 3168 et
1672 3116 1998 3188 phantasiar‘?

423 3189 570 3242 Folia
601 3198 773 3254 erant,
805 3199 857 3240 et
900 3188 1071 3242 hiems
1117 3187 1350 3250 abstulit,
1376 3187 1658 3254 Omniaque
1699 3187 1997 3255 perierunt,

423 3260 687 3312 Somnium
705 3267 926 3312 erantet
952 3269 1098 3311 ortus
1119 3267 1201 3311 est
1225 3257 1355 3320 dies,
1380 3257 1749 3324 sontniumque
1771 3257 1996 3323 dissipa-

429 3339 536 3382 tum
561 3338 658 3381 est.
679 3327 786 3381 Cur
809 3339 981 3381 autem
1031 3343 1134 3380 non
1157 3328 1286 3390 Noe,
1320 3328 1400 3380 vel
1429 3325 1702 3386 Jacobunt,
1735 3327 1827 3379 sed
1857 3327 1998 3377 Isaa-

419 3414 560 3460 cum,
577 3399 656 3451 vel
683 3398 1035 3451 Abrahatnunt
1065 3398 1212 3452 dives
1237 3397 1400 3450 vidit?
1427 3395 1638 3462 Quare?
1665 3397 1784 3465 quia
1817 3395 1998 3464 hOSpi-

426 3469 546 3521 talis
569 3477 686 3522 erat
699 3469 987 3533 Abraham,
1021 3477 1076 3522 et
1100 3467 1214 3536 ejus
1233 3466 1562 3536 hospitalitas
1580 3466 1732 3521 istius
1758 3465 2002 3521 inhuma-

421 3538 600 3592 tutatis
621 3541 789 3607 major
813 3549 894 3593 est
922 3543 1208 3592 accusatio.
1225 3557 1243 3590 ι

423 3647 508 3703 Ex
550 3649 758 3704 Itomilia
795 3651 1046 3721 quadam,
1073 3649 1194 3773 [fon
1225 3650 1372 3793 (adeo
1421 3648 1678 3720 deﬂendo:
1721 3664 1827 3703 esse
1867 3664 2002 3702 mor-

1116 3737 1204 3774 uos
1312 3760 1326 3772 .

1116 3737 1204 3774 ιιοδ
1225 3737 1326 3774 (αι.

497 3850 515 3882 ι
563 3830 702 3885 Mors
735 3833 927 3885 solutio
953 3842 1034 3886 est
1059 3831 1494 3886 sollicitudinum.
1524 3831 1634 3886 Nisi
1663 3844 1806 3884 mors
1836 3840 1996 3895 esset,

422 3917 519 3956 nos
563 3904 704 3972 ipsos
733 3904 1110 3957 devoraremns
1135 3919 1149 3967 ;
1179 3904 1276 3956 nisi
1307 3905 1630 3972 punitionent
1659 3911 2002 3972 exspectare:

422 3989 560 4034 Inus,
588 3971 932 4042 itteqanuatn
965 3991 991 4024 ιι
1024 3974 1180 4028 malis
1226 3971 1572 4027 cessaremus.
1611 3972 1766 4025 Vides
1797 3971 2003 4024 Domini

425 4043 850 4110 benignitatem?
892 4058 1077 4112 pteuas
1123 4060 1185 4097 ex
1214 4045 1647 4112 praevaricatione
1670 4049 2003 4112 eXSpeCIatas

423 4113 608 4166 salutis
634 4111 968 4167 occasionem
995 4113 1185 4167 effecit.
1204 4111 1256 4167 Si
1273 4113 1584 4182 ergojustus
1611 4119 1725 4164 erat
1744 4111 1832 4178 qui
1861 4126 2004 4164 mor-

423 4192 544 4235 tuus
568 4192 668 4244 est,
691 4183 882 4250 gaude,
911 4185 1030 4251 quia
1052 4199 1172 4236 cum
1219 4181 1419 4236 fiduCia
1440 4181 1524 4235 adv
1553 4182 1828 4235 Dominum
1885 4195 2004 4248 pro-

422 4253 591 4304 fectus
616 4263 696 4304 est
725 4267 738 4302 :
763 4253 806 4304 si
843 4266 970 4306 vero
1022 4262 1263 4320 peccator
1303 4262 1436 4315 erat,
1468 4266 1534 4305 ne
1583 4252 1802 4320 lugeas;
1837 4252 1886 4304 id
1919 4251 2003 4304 Iu-

423 4331 602 4375 cratus
649 4329 748 4386 est,
776 4323 918 4391 quod
960 4331 1170 4390 peccata
1219 4325 1448 4392 peccatis
1497 4335 1600 4376 nou
1644 4321 1841 4376 addere
1886 4337 2005 4392 pos-

421 4393 508 4445 sit.
542 4408 562 4442 ι

497 4457 556 4514 lu
584 4461 806 4530 epistola
846 4463 909 4516 ad
936 4463 1216 4533 Cyriacum
1233 4462 1537 4531 episcopum
1562 4459 1654 4531 (e),
1684 4477 1839 4529 quam
1863 4460 2006 4533 misit

427 4549 476 4603 ut
495 4535 728 4586 secundo
753 4535 960 4598 exsrlio,
983 4532 1263 4587 ’Arsacium
1289 4534 1612 4603 perstringit,
1639 4547 1832 4586 vocans
1857 4532 2002 4584 ilhun

425 4602 648 4656 delirnnt
676 4612 731 4658 et
753 4605 1050 4658 adulterum
1075 4620 1086 4654 :
1114 4605 1394 4674 laudatque
1437 4602 1557 4657 illos
1586 4603 1674 4672 qtti
1705 4605 1820 4671 ejus
1860 4618 1992 4656 com-

427 4676 730 4727 tnuniOnetlt
760 4687 1088 4738 aversantur,
1119 4687 1174 4728 ιιι
1201 4676 1288 4744 qui
1335 4684 1547 4744 propter
1586 4674 1749 4744 Deum
1783 4683 1836 4727 ct
1866 4674 2004 4740 inju-

427 4746 620 4796 stitiam
647 4744 1046 4815 archiepiscopo
1091 4760 1189 4800 suo
1219 4743 1416 4799 illatam
1439 4743 1442 4744 ⁷
1465 4747 1531 4798 ab
1562 4745 1650 4798 illo
1694 4743 1962 4798 declinent
1989 4760 2002 4794 :

426 4826 729 4882 quanquam
749 4811 800 4865 in
826 4811 944 4869 aliis
980 4811 1228 4870 'vitfeatnr
1253 4817 1446 4869 hortari
1475 4832 1542 4870 ne
1563 4817 1629 4868 ab
1659 4815 1888 4868 Ecclesia
1920 4831 2005 4867 re-

427 4886 636 4939 cedant.
667 4885 1072 4950 l’osteaautem,
1094 4897 1150 4939 ut
1171 4888 1394 4948 videtur,
1425 4887 1738 4940 sententiam
1765 4887 2004 4948 mutavit,

429 4955 676 5024 quoniam
703 4955 737 5008 ii
768 4955 856 5023 qui
889 4959 1058 5022 ipsum
1084 4961 1277 5021 injuste
1305 4958 1602 5025 ejeeerant,
1648 4957 1872 5024 peractis
1903 4972 2006 5008 non

431 5027 689 5095 contenti,
722 5027 879 5078 etiam
903 5028 952 5078 ιιι
974 5041 1066 5079 eos
1092 5029 1177 5094 qtti
1208 5029 1304 5095 ipsi
1324 5030 1734 5089 addtctiessent,
1757 5026 2010 5079 incursio-

431 5111 526 5150 nes
543 5094 862 5166 inSidiasque
885 5096 1156 5166 parabant,
1175 5094 1531 5166 enrabantquc
1553 5098 1669 5151 illos
1697 5113 1745 5148 ιιι
1765 5097 2007 5151 exsriium

449 5167 572 5220 telli.

431 5181 747 5308 11ιὲὶῖἒίεὶιιιιιε
768 5238 838 5310 (Ῑ)
855 5237 1216 5308 Chrysostomi
1237 5237 1287 5289 in
1307 5236 1552 5291 Genesim
1573 5236 1828 5292 llotnilias
1851 5251 2008 5290 ttttattt

500 5391 564 5459 [al
603 5395 744 5459 l‘ltot.
768 5395 944 5457 Bekk,
972 5410 1020 5459 p.
1037 5395 1146 5446 53L

519 5457 568 5517 ι’)
604 5458 754 5517 Oper.
780 5456 946 5517 Chrys.
971 5456 1006 5506 ι.
1035 5466 1067 5515 I,
1095 5458 1187 5506 col.
1217 5456 1349 5506 1029.

519 5464 546 5500 ιι
604 5464 754 5517 Oper.
780 5464 946 5511 [λιιι-ε.
971 5465 1006 5506 ι.
1035 5466 1067 5532 I,
1095 5464 1187 5506 col.
1217 5464 1349 5506 tuzu.
1820 5519 1844 5530 _

517 5464 573 5627 cf]
966 5536 1013 5584 p.
1030 5521 1141 5570 5235.
1167 5523 1314 5582 Oper.
1339 5517 1504 5581 Chrys.
1525 5524 1559 5566 t.
1582 5523 1615 5576 t,
1638 5515 1730 5565 col.
1759 5515 1894 5566 ιοοε).

519 5457 546 5500 ιι
604 5458 754 5517 Oper.
780 5456 946 5511 Chrvs.
971 5456 1006 5506 ι.
1035 5466 1067 5515 I,
1095 5458 1187 5506 col.
1217 5456 1349 5506 1029.

517 5464 568 5627 εἰ
599 5516 739 5584 Pltot.
769 5510 939 5579 ΒΑΚ,
966 5536 1013 5584 p.
1030 5521 1141 5570 5235.
1167 5523 1314 5582 Oper.
1339 5517 1504 5581 Chrys.
1525 5524 1559 5566 t.
1582 5523 1615 5576 l,
1638 5515 1730 5565 col.
1759 5515 1894 5566 1059.

894 5643 956 5691 de
991 5642 1081 5690 hac
1113 5641 1315 5705 epistola
1349 5641 1556 5690 diximus
1581 5641 1628 5688 itt
1656 5640 1852 5698 Monito,
1879 5646 1912 5690 t.
1941 5646 2006 5699 Itt,

437 5704 549 5827 eoi}
562 5702 759 5826 iiii...
787 5761 908 5811 Binl.
931 5753 1295 5815 ed-Bckkxod.
1330 5763 1544 5823 172-174,
1569 5780 1611 5829 ιι.
1647 5765 1750 5824 tta,
1773 5765 1820 5815 D.

1607 317 2006 374 TESTNONIA
2048 317 2375 373 VETEBUM

3552 325 3652 381 104

2095 441 2480 515 ειεθκηςίιιιι,
2510 441 2560 515 in
2612 442 2708 495 tria
2750 442 3058 515 distributas
3099 443 3383 504 volumina.
3431 462 3652 515 quorum

2095 509 2321 587 primum
2369 511 2882 587 viginti,_sec1_mdum
2917 515 3204 576 sexdecim,
3235 509 3654 587 tertium'viginti

2095 579 2325 647 quinque
2353 582 2673 653 continebat.
2697 583 2960 636 Iudicatur
2983 594 3154 638 autem
3188 587 3236 638 in
3266 587 3434 653 primo
3461 579 3652 653 ipsum,

2095 663 2211 700 cum
2243 664 2270 700 a
2304 650 2993 724 principioQuadt-agesima:
3013 655 3123 708 hate
3142 650 3439 709 conc—ionari
3461 650 3654 724 ccipis;

2094 729 2194 794 set,
2224 727 2501 794 antequam
2543 721 2628 773 illa
2651 721 2908 794 finiretur,
2932 725 3026 776 hos
3065 725 3242 794 viginti
3285 721 3576 791 Serumnes,
3605 739 3657 782 et

2094 787 2224 840 alios
2253 787 2456 843 tresve]
2483 803 2706 858 quatuor
2735 793 2870 846 inter
2895 787 3167 848 Sermonés
3190 794 3241 847 in
3272 795 3540 854 Genesim.
3563 787 3656 851 ne-

2094 858 2342 932 cessitate
2369 869 2421 912 ut
2448 860 2655 932 videtur
2694 863 2760 915 ita
2792 862 3119 926 postulante,
3155 865 3345 932 pepulo
3372 869 3657 919 Conciona-

2097 934 2205 980 tum
2250 929 2430 1002 fuisse.
2474 928 2869 1002 Observandum
2917 942 3091 987 autem
3137 928 3238 999 est,
3271 935 3407 1002 qttod
3453 938 3657 990 etiamsi

2095 1012 2346 1074 sermones
2377 999 2446 1074 in
2501 999 2620 1074 hoc_
2646 999 3332 1074 voluminediuscribantniﬁ
3357 1002 3376 1072 (
3399 1005 3473 1056 sic
3519 1007 3656 1060 enim

2096 1068 2347 1140 inveniin
2377 1068 2438 1140 iis
2466 1084 2582 1138 quia
2607 1071 2704 1140 legi
2733 1072 2772 1140 ),
2805 1072 3024 1125 humilia:
3048 1081 3221 1125 tamen
3252 1068 3493 1125 videntur
3518 1091 3656 1138 esse,

2097 1143 2204 1188 tum
2232 1137 2354 1210 aliis
2395 1138 2462 1192 de
2487 1137 2696 1202 'causis',
2727 1137 2833 1194 tum
2879 1143 3034 1210 etiam
3077 1141 3195 1210 quia
3225 1141 3400 1194 multis
3432 1145 3482 1196 iit
3509 1137 3657 1208 locis,

2094 1207 2243 1280 quasi
2278 1218 2562 1274 praesentes
2593 1210 2774 1263 videns
2796 1207 3182 1280 auditores.‘sic
3209 1212 3326 1264 illos
3351 1207 3655 1280 alloquitur,
3729 1239 3738 1242 -

2095 1276 2383 1348 interrogat
2411 1289 2462 1331 et
2485 1281 2767 1342 reSpoudet
2789 1289 2842 1333 et
2869 1279 3326 1348 pollicitationibus
3353 1276 3532 1336 utitur.
3562 1276 3660 1337 Po-

2097 1355 2230 1399 terat
2258 1347 2491 1415 quidem,
2523 1350 2564 1400 si
2593 1349 2698 1402 alio
2726 1347 2880 1418 quam
2910 1348 3240 1403 homiliarum
3271 1365 3418 1404 more
3443 1355 3659 1407 concin-

2097 1425 2216 1488 nata
2243 1427 2380 1470 esSet
2406 1420 2593 1481 oratio,
2639 1419 2823 1473 iisdem
2858 1419 3035 1488 ﬁguris
3071 1429 3124 1474 et
3151 1421 3317 1488 tropis
3358 1435 3660 1477 sermonem

2093 1485 2370 1557 adornare,
2405 1503 2506 1557 non
2541 1498 2714 1542 tamen
2761 1499 2864 1542 tam
2895 1485 3199 1557 frequenter
3238 1485 3295 1544 et
3325 1492 3534 1545 assidue
3561 1492 3663 1549 hoc

2096 1554 2270 1628 facere
2295 1597 2308 1618 ,
2342 1555 2434 1628 sed
2479 1573 2596 1610 cum
2639 1554 3076 1628 attemperatione
3120 1561 3366 1628 quadam.
3424 1561 3664 1618 Declarat

2095 1639 2222 1691 ergo
2253 1625 2364 1693 ipse
2396 1626 2490 1681 bas
2522 1643 2644 1682 vere
2675 1625 2916 1682 homilias
2942 1643 3081 1682 esse.
3125 1625 3316 1683 Habuit
3343 1641 3516 1684 autem
3546 1633 3664 1688 illas

2095 1696 2450 1772 a_d__populum,
2471 1706 2528 1772 ut
2548 1713 2610 1772 ext
2634 1698 2760 1766 ipsis
2785 1699 3014 1772 ltomili‘is
3031 1698 3280 1772 discimus
3303 1718 3315 1753 :
3341 1715 3500 1772 sgcpe,
3527 1718 3662 1772 quo-

2096 1765 2250 1828 lidie;
2272 1767 2571 1840 aliquando,
2596 1765 2916 1836 interpositis
2943 1768 3148 1840 diebus.
3171 1768 3245 1822 [ta
3275 1784 3335 1824 se
3365 1765 3524 1825 habet
3545 1765 3662 1840 'pri-

2095 1850 2237 1908 munt
2261 1836 2528 1900 volumen,
2558 1839 2606 1889 in
2635 1853 2739 1907 quo
2767 1847 2890 1891 sunt
2917 1839 3095 1908 viginti
3122 1839 3370 1894 hotnilia'.
3420 1836 3660 1896 Alterum

2095 1905 2341 1958 volumen
2381 1905 2665 1980 sexdecim
2693 1905 2989 1980 seruienes:
3011 1909 3405 1977 complectitur,
3437 1925 3662 1980 quorum

2096 1986 2295 2048 septem
2324 1977 2527 2048 priores
2555 1979 2726 2032 adhuc
2765 1979 2815 2031 in
2847 1978 3242 2048 quadragesima
3270 1977 3477 2034 habitos
3504 1981 3664 2036 fuisse

2096 2045 2354 2113 significat
2377 2047 2491 2118 ;_ita
2515 2056 2572 2100 ut
2597 2063 2689 2117 per
2711 2045 2874 2102 totam
2905 2045 3356 2116 quadragesimam
3405 2065 3568 2118 usque
3595 2053 3662 2105 ad

2097 2131 2336 2178 magnam
2383 2115 2564 2187 feriam
2598 2115 2848 2186 'qnartam
2877 2117 3056 2186 viginti
3097 2115 3299 2187 septem
3333 2121 3383 2172 in
3414 2115 3665 2174 Gc’ttesim

2095 2199 2369 2237 sermones
2398 2186 2657 2241 habuerit.
2690 2187 2895 2256 Reliqui
2926 2202 3052 2242 vero
3077 2186 3264 2242 novem
3293 2191 3506 2243 secundi
3536 2193 3663 2245 tomi

2096 2268 2386 2318 sermones,
2417 2265 2468 2309 et
2496 2258 2673 2324 viginti
2701 2257 2931 2326 quinque
2959 2258 3120 2318 tertii,
3141 2275 3242 2312 non
3275 2261 3448 2312 statim
3470 2268 3523 2313 ct
3544 2275 3668 2314 con-

2097 2326 2326 2377 tinenter
2355 2336 2470 2391 post
2500 2327 2692 2395 pascha
2721 2325 2880 2382 habiti
2909 2325 3074 2380 fuere.
3105 2328 3230 2382 Post
3254 2328 3483 2383 habitam
3521 2331 3664 2384 enim

2097 2395 2149 2448 in
2179 2409 2363 2461 magna
2395 2397 2518 2448 feria
2536 2408 2718 2464 quarta
2737 2396 2986 2466 (majoris
3003 2397 3369 2465 hebdomade)
3393 2400 3664 2453 homiliam

2096 2480 2215 2531 quae
2244 2475 2327 2517 est
2356 2466 2600 2534 vigesima
2631 2465 2852 2535 septima
2881 2467 2931 2520 in
2962 2465 3230 2533 Genesim,
3251 2477 3429 2537 postea
3453 2471 3668 2523 concio-

2097 2546 2258 2608 natus
2280 2545 2357 2593 est
2387 2537 2451 2588 de
2487 2546 2662 2608 sancta
2693 2551 2870 2602 cruce,
2915 2537 3034 2590 hinc
3061 2538 3128 2592 de
3155 2539 3450 2608 proditione
3489 2539 3666 2605 ludat,

2096 2620 2158 2658 ac
2179 2605 2425 2672 deinceps
2448 2606 2735 2658 secundum
2755 2617 3092 2661 occurrentes
3121 2605 3235 2662 dies
3266 2608 3424 2661 festos
3447 2618 3502 2662 et
3530 2610 3668 2664 inci-

2097 2674 2272 2728 dentia
2305 2687 2605 2743 argumenta
2632 2677 2859 2730 hemiliae
2882 2676 3035 2730 dicta:
3063 2676 3291 2731 fuerunt.
3342 2679 3406 2732 Et
3434 2688 3548 2744 post
3573 2681 3670 2733 ho-

2099 2746 2270 2798 milias
2291 2745 2355 2797 de
2385 2748 2792 2816 resurrectione,
2827 2747 2874 2799 in
2901 2749 3029 2799 Acta
3058 2747 3361 2816 frequenter
3381 2750 3669 2804 concione-

2099 2824 2184 2868 tus
2212 2824 2311 2873 est.
2342 2823 2402 2867 ut
2429 2815 2538 2882 ipse
2560 2817 2708 2870 initio
2737 2817 2973 2885 vigesimi
2994 2815 3168 2870 octavi
3201 2819 3260 2870 ,ιιι
3284 2817 3526 2872 Genesim
3551 2834 3667 2873 ser-

2099 2885 2273 2938 monis
2315 2886 2602 2953 significat;
2630 2902 2782 2954 quem
2828 2901 3153 2950 sermonem,
3187 2897 3243 2940 ιιι
3270 2889 3438 2956 palam
3467 2899 3567 2953 est,
3613 2901 3670 2942 et

2003 2999 2012 3004 -
2099 2967 2405 3022 sequentes,
2433 2956 2588 3024 longo
2619 2967 2734 3024 post
2773 2966 3010 3025 tempore
3042 2957 3239 3011 habuit.
3267 2957 3503 3012 l-lomilite
3526 2959 3670 3013 enim

2101 3025 2150 3078 in
2180 3027 2309 3078 Acta
2336 3026 2729 3094 quinquaginta
2760 3042 2980 3080 numero
3003 3036 3159 3080 sunt:
3187 3029 3239 3081 iit
3286 3028 3389 3080 illis
3431 3029 3675 3084 dicendis

2100 3108 2295 3166 annum
2324 3093 2434 3166 fere
2462 3093 2721 3164 integrum
2769 3097 3066 3163 insumpsit.
3099 3097 3212 3150 Non
3253 3099 3392 3150 enim
3435 3099 3674 3166 quotidie

2101 3163 2238 3237 illas,
2269 3164 2364 3237 sed
2393 3163 2641 3232 quinque,
2667 3166 2747 3237 vel
2770 3175 2996 3233 septem,
3019 3167 3100 3220 vel
3128 3163 3675 3237 pluribusiuterjectis

2100 3233 2283 3287 diebus
2316 3234 2816 3303 illas-pronuntiavit
2846 3256 2855 3286 :
2887 3252 3017 3304 quas
3061 3233 3138 3290 se,
3165 3237 3412 3291 habuisse
3437 3233 3676 3292 declarat

2101 3317 2241 3356 anno
2263 3305 2418 3356 tertio
2445 3305 2924 3374 archiepiscopatus
2944 3307 3044 3360 sui.
3070 3306 3324 3361 llomilias
3341 3323 3466 3360 vero
3487 3308 3536 3360 in
3563 3307 3679 3362 Ge—

2104 3374 2269 3445 nesim
2296 3373 2628 3445 quandonam
2662 3373 3032 3443 pronuntiarit,
3063 3377 3201 3431 scire
3231 3391 3336 3430 non
3366 3393 3671 3445 possumus.

2101 3444 2362 3512 Caeterum
2389 3459 2453 3496 an
2481 3445 2532 3497 in
2558 3443 2811 3513 vigesimo
2839 3454 3026 3500 octavo
3050 3461 3298 3501 sermone
3337 3443 3543 3500 illarum
3573 3449 3677 3500 lio-

2103 3513 2364 3586 miliarum
2405 3515 2706 3586 meminerit
2743 3530 2873 3583 quas
2908 3518 3060 3570 tertio
3089 3516 3566 3586 archiepiscopatus
3589 3518 3677 3572 sui

2103 3597 2242 3636 anno
2267 3584 2461 3648 emisit,
2488 3600 2553 3637 an
2589 3583 2808 3638 aliarum
2835 3587 3018 3639 eadem
3069 3585 3138 3642 de
3178 3583 3505 3650 re,hondum
3536 3588 3681 3642 scire

2104 3655 2271 3722 potui.
2325 3653 2516 3724 Utique
2545 3669 2664 3708 cum
2691 3654 3118 3724 archiepiscopus
3148 3665 3310 3720 esset,
3348 3657 3441 3710 has
3468 3655 3632 3711 edidit
3657 3675 3677 3722 ;

2105 3737 2297 3791 nempe
2319 3723 2500 3792 Viginti
2521 3735 2722 3796 septem
2753 3725 2803 3778 in
2847 3723 3246 3796 quadragesima
3271 3726 3486 3782 secundi
3525 3729 3678 3794 anni,

2104 3803 2324 3866 caeteras
2351 3809 2474 3848 vero
2503 3795 2712 3860 triginta
2742 3806 2967 3866 quatuor
2991 3795 3132 3850 anno
3159 3807 3368 3866 quarto.
3397 3797 3562 3850 Dictio
3581 3813 3680 3850 au—

2108 3874 2212 3916 tem
2227 3864 2377 3917 illius
2400 3879 2494 3932 pro
2516 3880 2663 3936 more
2691 3865 2966 3935 perspicua
2989 3876 3043 3922 et
3073 3864 3220 3935 pura,
3248 3867 3520 3936 splendida
3546 3883 3686 3935 quo-

2105 3949 2207 4002 que
2234 3945 2285 3986 et
2314 3944 2501 4002 Sponte
2526 3935 2692 3990 fluens
2717 3944 2816 3999 est,
2848 3937 3064 3990 multam
3089 3935 3340 3990 sensuum
3366 3940 3678 3991 varietatem

2106 4013 2159 4056 et
2177 4005 2546 4074 exemplorum
2577 4006 2780 4073 cepiam
2802 4014 2926 4074 apte
2963 4017 3276 4061 centexens.
3305 4007 3473 4061 Tanto
3501 4017 3682 4062 tamen

2108 4073 2322 4147 inferior
2341 4083 2436 4147 est
2448 4073 2630 4147 dictio,
2664 4076 2714 4147 in
2745 4073 2942 4130 humile
2971 4076 3214 4146 loquendi
3245 4093 3409 4147 genus
3439 4077 3676 4145 delapsa,

2107 4145 2246 4216 style
2288 4143 2630 4216 Ailtltlliii'dl'tllll
2673 4145 2724 4198 in
2779 4147 2906 4200 Acta
2939 4187 2953 4211 ,
2992 4143 3190 4216 quanto
3219 4143 3332 4202 ista:
3357 4163 3386 4198 a
3409 4143 3686 4201 commen-

2066 4254 2070 4258 .
2108 4214 2254 4266 tariis
2287 4214 2336 4266 in
2359 4214 2668 4286 Apostolum
2691 4223 2744 4286 et
2770 4216 2818 4268 in
2846 4214 3082 4270 Psalnios
3103 4227 3438 4284 superantur.
3473 4217 3684 4286 Ubique

2109 4287 2246 4336 enim
2282 4285 2329 4336 in
2358 4283 2604 4357 cperibns
2631 4285 2742 4357 suis
2770 4286 2996 4355 puritate
3019 4327 3034 4350 ,
3057 4283 3355 4357 splendore,
3395 4283 3685 4356 sagacitate

2107 4369 2225 4425 eum
2271 4356 2526 4407 suavitate
2565 4356 2844 4425 conjuncta
2873 4369 3031 4424 atque
3077 4356 3300 4412 artificio
3331 4372 3456 4411 usus
3480 4367 3592 4421 est;
3625 4358 3684 4410 in

2108 4423 2191 4476 his
2220 4425 2445 4478 maxime
2489 4423 2882 4496 commentariis
2928 4423 3223 4494 liujusmodi
3255 4429 3496 4496 splendet
3523 4442 3685 4480 orna-

2110 4497 2321 4558 mentis,
2351 4494 2710 4566 exemplorum
2742 4497 2998 4562 ubertate,
3028 4494 3478 4566 enthymematum
3507 4497 3683 4565 copia,

2109 4574 2182 4627 et,
2207 4565 2383 4636 sicubi
2425 4580 2558 4634 opus
2605 4577 2706 4630 est,
2739 4569 2895 4620 etiam
2941 4565 3234 4635 gravitate:
3267 4579 3444 4636 atque,
3474 4577 3532 4620 ut
3576 4582 3686 4621 uno

2111 4634 2271 4686 verbo
2305 4636 2504 4703 loquar,
2529 4637 2774 4699 dictione,
2808 4634 3230 4698 constructione.
3260 4634 3529 4698 tne’tltodo,
3562 4653 3686 4690 sen-

2115 4705 2308 4764 tentiis,
2340 4721 2401 4758 ae
2431 4705 2632 4774 reliquo
2657 4717 2908 4776 apparatu
2929 4747 2943 4771 ,
2972 4707 3065 4760 has
3090 4707 3448 4777 expositiOnes
3490 4709 3684 4762 eximie

2111 4785 2332 4826 OI‘llaVli.

2184 4845 2259 4897 Ex
2294 4845 2421 4912 ipsis
2451 4861 2606 4914 porro
2647 4848 3041 4901 commentariis
3070 4847 3122 4901 itt
3166 4847 3473 4915 Apostolum
3516 4849 3683 4902 inter-

2113 4917 2256 4968 nosci
2283 4926 2470 4984 putest.
2487 4921 2698 4984 quinam
2717 4917 2783 4970 ab
2801 4932 2864 4970 eo
2885 4919 3176 4972 Antiochiae
3192 4920 3445 4972 elaborati
3467 4918 3678 4982 fuerint,

2113 4987 2232 5054 quia
2261 4995 2382 5056 sunt
2411 4987 2712 5054 diligentius
2755 4998 2807 5040 et
2845 4989 3142 5040 accuratius
3185 4989 3455 5051 adornati;
3485 4998 3537 5042 et
3563 4991 3679 5056 qui-

2115 5073 2256 5120 nam,
2287 5054 2410 5108 dum
2456 5057 2882 5125 archiepiscopus
2911 5067 3072 5122 esset,
3097 5059 3395 5112 concinnati
3444 5054 3638 5112 fuerint
3667 5076 3680 5110 :

2114 5126 2525 5180 commentarios
2549 5138 2722 5180 autem
2754 5128 2802 5179 itt
2837 5127 3073 5181 l’saltnos
3110 5129 3444 5194 quandonam
3478 5130 3680 5192 fecerit,

2115 5199 2249 5249 scitu
2293 5196 2505 5249 difficile
2546 5206 2661 5250 est:
2690 5197 2788 5250 nisi
2819 5201 2936 5265 quis
2979 5197 3206 5252 fortasse
3243 5198 3455 5262 dixerit,
3498 5200 3598 5252 vim
3632 5208 3684 5250 et

2119 5269 2472 5338 praestantiam
2516 5269 2778 5321 sermonis
2806 5269 3045 5329 miratus,
3083 5269 3254 5336 ipsum
3283 5271 3456 5338 potius
3485 5271 3532 5322 in
3577 5273 3686 5322 otio

2115 5337 2412 5404 degentem,
2439 5351 2594 5405 quam
2639 5338 2689 5391 in
2723 5338 2941 5407 publicis
2971 5351 3265 5392 versantem
3288 5337 3541 5404 negotiis,
3574 5339 3686 5391 lta-c

2117 5407 2376 5460 emisisse.
2411 5407 2465 5461 Si
2497 5422 2596 5475 qua
2626 5417 2802 5462 autem
2824 5407 2983 5472 dicta,
3004 5425 3121 5478 quae
3143 5411 3221 5463 vel
3253 5411 3684 5478 interpretatione

2119 5478 2197 5548 vel
2225 5478 2504 5548 attentiore
2531 5480 2887 5546 speculatione
2907 5488 3143 5548 egerent,
3175 5496 3278 5533 non
3309 5482 3377 5532 ita
3409 5483 3687 5548 diligenter

2117 5547 2184 5598 ah
2213 5561 2276 5598 eo
2297 5547 2579 5618 explanata
2608 5549 2818 5612 fuerint,
2840 5547 2967 5602 nihil
2999 5551 3207 5603 mirum.
3235 5551 3360 5604 Nam
3388 5567 3448 5604 ea
3474 5547 3680 5618 quidem

2117 5632 2234 5686 qua:
2262 5617 2558 5670 auditormn
2593 5621 2778 5686 capttti
2820 5621 3216 5673 accommodata
3255 5631 3426 5684 erant,
3459 5617 3538 5674 vel
3568 5632 3682 5686 qua:

2119 5685 2184 5738 ad
2204 5702 2386 5758 eorum
2409 5687 2632 5758 salutem
2655 5685 2708 5740 et
2729 5689 3005 5742 utilitatem
3044 5691 3392 5757 pertinebant,
3419 5685 3683 5758 nunquam

2121 5757 2474 5824 praetermisit.
2506 5758 2862 5824 Quamobrem
2907 5759 3088 5814 mirari
3138 5765 3278 5816 subit
3325 5757 3696 5817 beatissimum
