  <div class='ocr_page' id='page_1' title='image "/cluster/home/n/w/nwhite01/storage/ocr_20150623/64/hvd.32044073501959/089.png"; bbox 0 0 4058 6218; ppageno 0'>
   <div class='ocr_carea' id='block_1_1' title="bbox 353 200 448 253">
    <p class='ocr_par' dir='ltr' id='par_1_1' title="bbox 353 200 448 253">
     <span class='ocr_line' id='line_1_1' title="bbox 353 200 448 253; baseline -0.021 0"><span class='ocrx_word' id='word_1_1' title='bbox 353 200 448 253; x_wconf 81' lang='grc'><strong>107</strong></span> 
     </span>
    </p>
   </div>
   <div class='ocr_carea' id='block_1_2' title="bbox 355 297 1916 381">
    <p class='ocr_par' dir='ltr' id='par_1_2' title="bbox 355 297 1916 381">
     <span class='ocr_line' id='line_1_2' title="bbox 355 297 1916 381; baseline -0.01 -14"><span class='ocrx_word' id='word_1_2' title='bbox 355 313 494 381; x_wconf 71' lang='lat' dir='ltr'><strong>quod</strong></span> <span class='ocrx_word' id='word_1_3' title='bbox 539 311 591 365; x_wconf 92' lang='lat' dir='ltr'><strong>in</strong></span> <span class='ocrx_word' id='word_1_4' title='bbox 633 304 854 363; x_wconf 79' lang='lat' dir='ltr'><strong>ecclesia</strong></span> <span class='ocrx_word' id='word_1_5' title='bbox 894 303 961 381; x_wconf 71' lang='lat' dir='ltr'><strong>ita</strong></span> <span class='ocrx_word' id='word_1_6' title='bbox 1002 316 1060 357; x_wconf 88' lang='lat' dir='ltr'><strong>se</strong></span> <span class='ocrx_word' id='word_1_7' title='bbox 1098 297 1676 381; x_wconf 35' lang='lat' dir='ltr'><strong>jaClel,.dl‘CCnS.‘Qttid</strong></span> <span class='ocrx_word' id='word_1_8' title='bbox 1703 299 1916 352; x_wconf 82' lang='lat' dir='ltr'><strong>dicam?</strong></span> 
     </span>
    </p>
   </div>
   <div class='ocr_carea' id='block_1_3' title="bbox 355 370 1916 443">
    <p class='ocr_par' dir='ltr' id='par_1_3' title="bbox 355 370 1916 443">
     <span class='ocr_line' id='line_1_3' title="bbox 355 370 1916 443; baseline -0.013 -4"><span class='ocrx_word' id='word_1_9' title='bbox 355 370 554 439; x_wconf 51' lang='lat' dir='ltr'><strong>insanio</strong></span> <span class='ocrx_word' id='word_1_10' title='bbox 583 396 599 435; x_wconf 90' lang='lat'><strong><em>:</em></strong></span> <span class='ocrx_word' id='word_1_11' title='bbox 627 388 712 441; x_wconf 91' lang='lat' dir='ltr'><strong>et,</strong></span> <span class='ocrx_word' id='word_1_12' title='bbox 757 375 1054 443; x_wconf 78' lang='lat' dir='ltr'><strong>oportuisse</strong></span> <span class='ocrx_word' id='word_1_13' title='bbox 1078 372 1245 443; x_wconf 76' lang='lat' dir='ltr'><strong>illum</strong></span> <span class='ocrx_word' id='word_1_14' title='bbox 1295 370 1916 443; x_wconf 58' lang='lat' dir='ltr'><strong>i_t_iter_preta_ri._qngenarn</strong></span> 
     </span>
    </p>
   </div>
   <div class='ocr_carea' id='block_1_4' title="bbox 358 437 1920 509">
    <p class='ocr_par' dir='ltr' id='par_1_4' title="bbox 358 437 1920 509">
     <span class='ocr_line' id='line_1_4' title="bbox 358 437 1920 509; baseline -0.012 -1"><span class='ocrx_word' id='word_1_15' title='bbox 358 437 537 509; x_wconf 75' lang='lat' dir='ltr'><strong>essent</strong></span> <span class='ocrx_word' id='word_1_16' title='bbox 565 450 666 503; x_wconf 68' lang='lat' dir='ltr'><strong>illae</strong></span> <span class='ocrx_word' id='word_1_17' title='bbox 693 437 861 507; x_wconf 56' lang='lat' dir='ltr'><strong>furiat,</strong></span> <span class='ocrx_word' id='word_1_18' title='bbox 892 452 947 497; x_wconf 89' lang='lat' dir='ltr'><strong>et</strong></span> <span class='ocrx_word' id='word_1_19' title='bbox 969 442 1091 509; x_wconf 91' lang='lat' dir='ltr'><strong>quid</strong></span> <span class='ocrx_word' id='word_1_20' title='bbox 1119 441 1215 493; x_wconf 91' lang='lat' dir='ltr'><strong>sibi</strong></span> <span class='ocrx_word' id='word_1_21' title='bbox 1240 440 1367 492; x_wconf 90' lang='lat' dir='ltr'><strong>velit</strong></span> <span class='ocrx_word' id='word_1_22' title='bbox 1393 439 1536 495; x_wconf 89' lang='lat' dir='ltr'><strong>illud.</strong></span> <span class='ocrx_word' id='word_1_23' title='bbox 1568 437 1700 501; x_wconf 76' lang='lat' dir='ltr'><strong>Quid</strong></span> <span class='ocrx_word' id='word_1_24' title='bbox 1724 437 1920 509; x_wconf 65' lang='lat' dir='ltr'><strong>dicam?</strong></span> 
     </span>
    </p>
   </div>
   <div class='ocr_carea' id='block_1_5' title="bbox 359 507 1916 578">
    <p class='ocr_par' dir='ltr' id='par_1_5' title="bbox 359 507 1916 578">
     <span class='ocr_line' id='line_1_5' title="bbox 359 507 1916 578; baseline -0.012 -2"><span class='ocrx_word' id='word_1_25' title='bbox 359 507 576 578; x_wconf 68' lang='lat' dir='ltr'><strong>insanio.</strong></span> <span class='ocrx_word' id='word_1_26' title='bbox 620 518 723 571; x_wconf 83' lang='lat' dir='ltr'><strong>llas</strong></span> <span class='ocrx_word' id='word_1_27' title='bbox 770 514 909 568; x_wconf 90' lang='lat' dir='ltr'><strong>enim</strong></span> <span class='ocrx_word' id='word_1_28' title='bbox 948 507 1104 564; x_wconf 85' lang='lat' dir='ltr'><strong>voces</strong></span> <span class='ocrx_word' id='word_1_29' title='bbox 1160 508 1392 562; x_wconf 82' lang='lat' dir='ltr'><strong>Ecclesia</strong></span> <span class='ocrx_word' id='word_1_30' title='bbox 1448 509 1669 578; x_wconf 78' lang='lat' dir='ltr'><strong>ignorat.</strong></span> <span class='ocrx_word' id='word_1_31' title='bbox 1716 507 1916 578; x_wconf 68' lang='lat' dir='ltr'><strong>Sexto,</strong></span> 
     </span>
    </p>
   </div>
   <div class='ocr_carea' id='block_1_6' title="bbox 362 575 1920 657">
    <p class='ocr_par' dir='ltr' id='par_1_6' title="bbox 362 575 1920 657">
     <span class='ocr_line' id='line_1_6' title="bbox 362 575 1920 657; baseline -0.016 -7"><span class='ocrx_word' id='word_1_32' title='bbox 362 575 498 657; x_wconf 71' lang='lat' dir='ltr'><strong>quod</strong></span> <span class='ocrx_word' id='word_1_33' title='bbox 545 586 817 657; x_wconf 83' lang='lat' dir='ltr'><strong>licentiam</strong></span> <span class='ocrx_word' id='word_1_34' title='bbox 854 580 1191 657; x_wconf 79' lang='lat' dir='ltr'><strong>peccantibus</strong></span> <span class='ocrx_word' id='word_1_35' title='bbox 1219 579 1295 631; x_wconf 88' lang='lat' dir='ltr'><strong>sic</strong></span> <span class='ocrx_word' id='word_1_36' title='bbox 1309 575 1574 657; x_wconf 72' lang='lat' dir='ltr'><strong>praebeat,</strong></span> <span class='ocrx_word' id='word_1_37' title='bbox 1605 575 1787 656; x_wconf 74' lang='lat' dir='ltr'><strong>dicens</strong></span> <span class='ocrx_word' id='word_1_38' title='bbox 1821 576 1920 631; x_wconf 82' lang='lat' dir='ltr'><strong>:Si</strong></span> 
     </span>
    </p>
   </div>
   <div class='ocr_carea' id='block_1_7' title="bbox 360 648 1896 727">
    <p class='ocr_par' dir='ltr' id='par_1_7' title="bbox 360 648 1896 727">
     <span class='ocr_line' id='line_1_7' title="bbox 360 648 1896 727; baseline -0.01 -16"><span class='ocrx_word' id='word_1_39' title='bbox 360 648 539 717; x_wconf 70' lang='lat' dir='ltr'><strong>ilerum</strong></span> <span class='ocrx_word' id='word_1_40' title='bbox 566 648 879 727; x_wconf 69' lang='lat' dir='ltr'><strong>peccaveris,</strong></span> <span class='ocrx_word' id='word_1_41' title='bbox 910 650 1089 702; x_wconf 77' lang='lat' dir='ltr'><strong>iterum</strong></span> <span class='ocrx_word' id='word_1_42' title='bbox 1115 658 1162 701; x_wconf 85' lang='lat' dir='ltr'><strong>te</strong></span> <span class='ocrx_word' id='word_1_43' title='bbox 1188 648 1442 727; x_wconf 67' lang='lat' dir='ltr'><strong>paeniteat,</strong></span> <span class='ocrx_word' id='word_1_44' title='bbox 1468 648 1720 727; x_wconf 29' lang='lat' dir='ltr'><strong>et‘quoties</strong></span> <span class='ocrx_word' id='word_1_45' title='bbox 1748 662 1896 727; x_wconf 71' lang='lat' dir='ltr'><strong>pech</strong></span> 
     </span>
    </p>
   </div>
   <div class='ocr_carea' id='block_1_8' title="bbox 362 715 1919 791">
    <p class='ocr_par' dir='ltr' id='par_1_8' title="bbox 362 715 1919 791">
     <span class='ocr_line' id='line_1_8' title="bbox 362 715 1919 791; baseline -0.011 -6"><span class='ocrx_word' id='word_1_46' title='bbox 362 715 487 785; x_wconf 60' lang='lat' dir='ltr'><strong>veris</strong></span> <span class='ocrx_word' id='word_1_47' title='bbox 510 771 525 791; x_wconf 91' lang='lat'><strong>,</strong></span> <span class='ocrx_word' id='word_1_48' title='bbox 556 715 665 781; x_wconf 64' lang='lat' dir='ltr'><strong>ueni</strong></span> <span class='ocrx_word' id='word_1_49' title='bbox 691 724 757 776; x_wconf 86' lang='lat' dir='ltr'><strong>ad</strong></span> <span class='ocrx_word' id='word_1_50' title='bbox 784 715 879 785; x_wconf 85' lang='lat' dir='ltr'><strong>me,</strong></span> <span class='ocrx_word' id='word_1_51' title='bbox 907 729 952 773; x_wconf 84' lang='lat' dir='ltr'><strong>et</strong></span> <span class='ocrx_word' id='word_1_52' title='bbox 974 735 1063 791; x_wconf 74' lang='lat' dir='ltr'><strong>ego</strong></span> <span class='ocrx_word' id='word_1_53' title='bbox 1084 726 1132 771; x_wconf 83' lang='lat' dir='ltr'><strong>te</strong></span> <span class='ocrx_word' id='word_1_54' title='bbox 1158 715 1344 791; x_wconf 63' lang='lat' dir='ltr'><strong>sonabo</strong></span> <span class='ocrx_word' id='word_1_55' title='bbox 1374 731 1392 769; x_wconf 87' lang='lat'><strong><em>:</em></strong></span> <span class='ocrx_word' id='word_1_56' title='bbox 1418 717 1663 783; x_wconf 86' lang='lat' dir='ltr'><strong>septimo,</strong></span> <span class='ocrx_word' id='word_1_57' title='bbox 1704 715 1846 791; x_wconf 75' lang='lat' dir='ltr'><strong>quod</strong></span> <span class='ocrx_word' id='word_1_58' title='bbox 1870 716 1919 768; x_wconf 87' lang='lat' dir='ltr'><strong>in</strong></span> 
     </span>
    </p>
   </div>
   <div class='ocr_carea' id='block_1_9' title="bbox 362 784 1919 861">
    <p class='ocr_par' dir='ltr' id='par_1_9' title="bbox 362 784 1919 861">
     <span class='ocr_line' id='line_1_9' title="bbox 362 784 1919 861; baseline -0.009 -10"><span class='ocrx_word' id='word_1_59' title='bbox 362 784 583 853; x_wconf 64' lang='lat' dir='ltr'><strong>ecclesia</strong></span> <span class='ocrx_word' id='word_1_60' title='bbox 624 784 957 861; x_wconf 78' lang='lat' dir='ltr'><strong>blasphemet</strong></span> <span class='ocrx_word' id='word_1_61' title='bbox 980 784 1183 861; x_wconf 79' lang='lat' dir='ltr'><strong>dicens,</strong></span> <span class='ocrx_word' id='word_1_62' title='bbox 1212 785 1481 839; x_wconf 74' lang='lat' dir='ltr'><strong>Christum</strong></span> <span class='ocrx_word' id='word_1_63' title='bbox 1504 792 1763 861; x_wconf 81' lang='lat' dir='ltr'><strong>orantem,</strong></span> <span class='ocrx_word' id='word_1_64' title='bbox 1799 784 1919 838; x_wconf 88' lang='lat' dir='ltr'><strong>ideo</strong></span> 
     </span>
    </p>
   </div>
   <div class='ocr_carea' id='block_1_10' title="bbox 365 854 1918 926">
    <p class='ocr_par' dir='ltr' id='par_1_10' title="bbox 365 854 1918 926">
     <span class='ocr_line' id='line_1_10' title="bbox 365 854 1918 926; baseline -0.01 -3"><span class='ocrx_word' id='word_1_65' title='bbox 365 854 784 923; x_wconf 62' lang='lat' dir='ltr'><strong>exaudituntno&#39;n</strong></span> <span class='ocrx_word' id='word_1_66' title='bbox 810 859 990 915; x_wconf 83' lang='lat' dir='ltr'><strong>fuisse.</strong></span> <span class='ocrx_word' id='word_1_67' title='bbox 1010 856 1148 926; x_wconf 89' lang='lat' dir='ltr'><strong>quod</strong></span> <span class='ocrx_word' id='word_1_68' title='bbox 1172 869 1274 908; x_wconf 91' lang='lat' dir='ltr'><strong>non</strong></span> <span class='ocrx_word' id='word_1_69' title='bbox 1304 866 1358 926; x_wconf 86' lang='lat' dir='ltr'><strong>ut</strong></span> <span class='ocrx_word' id='word_1_70' title='bbox 1383 854 1658 926; x_wconf 87' lang='lat' dir='ltr'><strong>oportebat</strong></span> <span class='ocrx_word' id='word_1_71' title='bbox 1679 864 1879 926; x_wconf 78' lang='lat' dir='ltr'><strong>orasset</strong></span> <span class='ocrx_word' id='word_1_72' title='bbox 1903 868 1918 908; x_wconf 86' lang='lat'>:</span> 
     </span>
    </p>
   </div>
   <div class='ocr_carea' id='block_1_11' title="bbox 368 924 1920 1003">
    <p class='ocr_par' dir='ltr' id='par_1_11' title="bbox 368 924 1920 1003">
     <span class='ocr_line' id='line_1_11' title="bbox 368 924 1920 1003; baseline -0.012 -11"><span class='ocrx_word' id='word_1_73' title='bbox 368 948 574 998; x_wconf 81' lang='lat' dir='ltr'><strong>Octavo,</strong></span> <span class='ocrx_word' id='word_1_74' title='bbox 599 931 739 1003; x_wconf 82' lang='lat' dir='ltr'><strong>quod</strong></span> <span class='ocrx_word' id='word_1_75' title='bbox 753 930 817 1003; x_wconf 85' lang='lat' dir='ltr'><strong>ad</strong></span> <span class='ocrx_word' id='word_1_76' title='bbox 834 924 1145 983; x_wconf 88' lang='lat' dir='ltr'><strong>seditionem</strong></span> <span class='ocrx_word' id='word_1_77' title='bbox 1171 924 1741 1003; x_wconf 77' lang='lat' dir='ltr'><strong>populumconeitaret,</strong></span> <span class='ocrx_word' id='word_1_78' title='bbox 1763 924 1920 1003; x_wconf 76' lang='lat' dir='ltr'><strong>etiam</strong></span> 
     </span>
    </p>
   </div>
   <div class='ocr_carea' id='block_1_12' title="bbox 366 992 1918 1071">
    <p class='ocr_par' dir='ltr' id='par_1_12' title="bbox 366 992 1918 1071">
     <span class='ocr_line' id='line_1_12' title="bbox 366 992 1918 1071; baseline -0.01 -10"><span class='ocrx_word' id='word_1_79' title='bbox 366 992 1259 1071; x_wconf 58' lang='lat' dir='ltr'><strong>adversus&#39;synndum_:nono,quod</strong></span> <span class='ocrx_word' id='word_1_80' title='bbox 1284 1009 1348 1071; x_wconf 77' lang='lat' dir='ltr'><strong>ex</strong></span> <span class='ocrx_word' id='word_1_81' title='bbox 1375 995 1617 1062; x_wconf 79' lang='lat' dir='ltr'><strong>gentibus</strong></span> <span class='ocrx_word' id='word_1_82' title='bbox 1643 992 1918 1071; x_wconf 79' lang='lat' dir='ltr'><strong>quosdam,</strong></span> 
     </span>
    </p>
   </div>
   <div class='ocr_carea' id='block_1_13' title="bbox 369 1062 1924 1145">
    <p class='ocr_par' dir='ltr' id='par_1_13' title="bbox 369 1062 1924 1145">
     <span class='ocr_line' id='line_1_13' title="bbox 369 1062 1924 1145; baseline -0.009 -16"><span class='ocrx_word' id='word_1_83' title='bbox 369 1078 455 1145; x_wconf 85' lang='lat' dir='ltr'><strong>qui</strong></span> <span class='ocrx_word' id='word_1_84' title='bbox 478 1062 791 1145; x_wconf 72' lang='lat' dir='ltr'><strong>Christianis</strong></span> <span class='ocrx_word' id='word_1_85' title='bbox 821 1066 958 1121; x_wconf 88' lang='lat' dir='ltr'><strong>mala</strong></span> <span class='ocrx_word' id='word_1_86' title='bbox 987 1062 1151 1145; x_wconf 85' lang='lat' dir='ltr'><strong>multa</strong></span> <span class='ocrx_word' id='word_1_87' title='bbox 1169 1063 1475 1145; x_wconf 64' lang='lat' dir='ltr'><strong>intulerant,</strong></span> <span class='ocrx_word' id='word_1_88' title='bbox 1506 1062 1846 1145; x_wconf 79' lang='lat' dir='ltr'><strong>suscepisset,</strong></span> <span class='ocrx_word' id='word_1_89' title='bbox 1871 1070 1924 1145; x_wconf 65' lang='lat' dir='ltr'><strong>et</strong></span> 
     </span>
    </p>
   </div>
   <div class='ocr_carea' id='block_1_14' title="bbox 373 1130 1923 1203">
    <p class='ocr_par' dir='ltr' id='par_1_14' title="bbox 373 1130 1923 1203">
     <span class='ocr_line' id='line_1_14' title="bbox 373 1130 1923 1203; baseline -0.011 -3"><span class='ocrx_word' id='word_1_90' title='bbox 373 1130 422 1199; x_wconf 68' lang='lat' dir='ltr'><strong>iit</strong></span> <span class='ocrx_word' id='word_1_91' title='bbox 450 1130 669 1200; x_wconf 79' lang='lat' dir='ltr'><strong>ecclesia</strong></span> <span class='ocrx_word' id='word_1_92' title='bbox 712 1140 926 1192; x_wconf 85' lang='lat' dir='ltr'><strong>haberet</strong></span> <span class='ocrx_word' id='word_1_93' title='bbox 968 1144 1122 1203; x_wconf 87' lang='lat' dir='ltr'><strong>atque</strong></span> <span class='ocrx_word' id='word_1_94' title='bbox 1152 1132 1502 1203; x_wconf 70' lang='lat' dir='ltr'><strong>defenderet;</strong></span> <span class='ocrx_word' id='word_1_95' title='bbox 1531 1131 1757 1203; x_wconf 85' lang='lat' dir='ltr'><strong>decimo,</strong></span> <span class='ocrx_word' id='word_1_96' title='bbox 1783 1130 1923 1200; x_wconf 84' lang='lat' dir='ltr'><strong>quod</strong></span> 
     </span>
    </p>
   </div>
   <div class='ocr_carea' id='block_1_15' title="bbox 369 1200 1919 1277">
    <p class='ocr_par' dir='ltr' id='par_1_15' title="bbox 369 1200 1919 1277">
     <span class='ocr_line' id='line_1_15' title="bbox 369 1200 1919 1277; baseline -0.01 -9"><span class='ocrx_word' id='word_1_97' title='bbox 369 1218 588 1271; x_wconf 87' lang='lat' dir='ltr'><strong>aliorum</strong></span> <span class='ocrx_word' id='word_1_98' title='bbox 613 1209 908 1277; x_wconf 78' lang='lat' dir='ltr'><strong>provincias</strong></span> <span class='ocrx_word' id='word_1_99' title='bbox 928 1200 1159 1277; x_wconf 81' lang='lat' dir='ltr'><strong>invadat,</strong></span> <span class='ocrx_word' id='word_1_100' title='bbox 1185 1202 1358 1277; x_wconf 74' lang='lat' dir='ltr'><strong>ibique</strong></span> <span class='ocrx_word' id='word_1_101' title='bbox 1383 1200 1590 1277; x_wconf 68' lang='lat' dir='ltr'><strong>ordinet</strong></span> <span class='ocrx_word' id='word_1_102' title='bbox 1610 1200 1919 1277; x_wconf 80' lang='lat' dir='ltr'><strong>episcopos:</strong></span> 
     </span>
    </p>
   </div>
   <div class='ocr_carea' id='block_1_16' title="bbox 369 1269 1924 1345">
    <p class='ocr_par' dir='ltr' id='par_1_16' title="bbox 369 1269 1924 1345">
     <span class='ocr_line' id='line_1_16' title="bbox 369 1269 1924 1345; baseline -0.005 -18"><span class='ocrx_word' id='word_1_103' title='bbox 369 1269 664 1339; x_wconf 56' lang='lat' dir='ltr'><strong>&quot;pdocim&#39;o,</strong></span> <span class='ocrx_word' id='word_1_104' title='bbox 698 1277 834 1345; x_wconf 87' lang='lat' dir='ltr'><strong>quod</strong></span> <span class='ocrx_word' id='word_1_105' title='bbox 874 1276 1149 1345; x_wconf 78' lang='lat' dir='ltr'><strong>episcopos</strong></span> <span class='ocrx_word' id='word_1_106' title='bbox 1193 1271 1380 1345; x_wconf 79' lang='lat' dir='ltr'><strong>injuria</strong></span> <span class='ocrx_word' id='word_1_107' title='bbox 1420 1269 1635 1345; x_wconf 64' lang='lat' dir='ltr'><strong>alliciat,</strong></span> <span class='ocrx_word' id='word_1_108' title='bbox 1664 1271 1924 1345; x_wconf 56' lang='lat' dir='ltr'><strong>etapiu-</strong></span> 
     </span>
    </p>
   </div>
   <div class='ocr_carea' id='block_1_17' title="bbox 367 1339 1918 1419">
    <p class='ocr_par' dir='ltr' id='par_1_17' title="bbox 367 1339 1918 1419">
     <span class='ocr_line' id='line_1_17' title="bbox 367 1339 1918 1419; baseline -0.006 -20"><span class='ocrx_word' id='word_1_109' title='bbox 367 1366 507 1419; x_wconf 68' lang='grc' dir='ltr'><em>ραιυε</em></span> <span class='ocrx_word' id='word_1_110' title='bbox 527 1354 685 1412; x_wconf 77' lang='lat' dir='ltr'><strong>domo</strong></span> <span class='ocrx_word' id='word_1_111' title='bbox 712 1339 803 1401; x_wconf 80' lang='lat' dir='ltr'><strong>sua</strong></span> <span class='ocrx_word' id='word_1_112' title='bbox 835 1339 954 1414; x_wconf 89' lang='lat' dir='ltr'><strong>pelli</strong></span> <span class='ocrx_word' id='word_1_113' title='bbox 984 1343 1162 1419; x_wconf 69' lang='lat' dir='ltr'><strong>jubeat</strong></span> <span class='ocrx_word' id='word_1_114' title='bbox 1194 1339 1566 1419; x_wconf 62' lang='lat' dir='ltr'><strong>:duodecimo,</strong></span> <span class='ocrx_word' id='word_1_115' title='bbox 1592 1340 1918 1419; x_wconf 79' lang='lat' dir='ltr'><strong>quodcleri-</strong></span> 
     </span>
    </p>
   </div>
   <div class='ocr_carea' id='block_1_18' title="bbox 367 1408 1921 1477">
    <p class='ocr_par' dir='ltr' id='par_1_18' title="bbox 367 1408 1921 1477">
     <span class='ocr_line' id='line_1_18' title="bbox 367 1408 1921 1477; baseline -0.01 -2"><span class='ocrx_word' id='word_1_116' title='bbox 367 1408 460 1477; x_wconf 67' lang='grc' dir='ltr'><strong>ἵϊε</strong></span> <span class='ocrx_word' id='word_1_117' title='bbox 512 1408 773 1474; x_wconf 78' lang='lat' dir='ltr'><strong>inusitatis</strong></span> <span class='ocrx_word' id='word_1_118' title='bbox 806 1408 1139 1468; x_wconf 77' lang='lat' dir='ltr'><strong>contumeliis</strong></span> <span class='ocrx_word' id='word_1_119' title='bbox 1189 1411 1383 1463; x_wconf 81' lang='lat' dir='ltr'><strong>alﬁciat</strong></span> <span class='ocrx_word' id='word_1_120' title='bbox 1427 1426 1439 1461; x_wconf 93' lang='lat'>:</span> <span class='ocrx_word' id='word_1_121' title='bbox 1491 1408 1697 1461; x_wconf 86' lang='lat' dir='ltr'><strong>decimo</strong></span> <span class='ocrx_word' id='word_1_122' title='bbox 1745 1410 1921 1474; x_wconf 88' lang='lat' dir='ltr'><strong>tertio,</strong></span> 
     </span>
    </p>
   </div>
   <div class='ocr_carea' id='block_1_19' title="bbox 369 1477 1922 1560">
    <p class='ocr_par' dir='ltr' id='par_1_19' title="bbox 369 1477 1922 1560">
     <span class='ocr_line' id='line_1_19' title="bbox 369 1477 1922 1560; baseline -0.011 -15"><span class='ocrx_word' id='word_1_123' title='bbox 369 1494 504 1560; x_wconf 87' lang='lat' dir='ltr'><strong>quod</strong></span> <span class='ocrx_word' id='word_1_124' title='bbox 535 1492 755 1542; x_wconf 89' lang='lat' dir='ltr'><strong>aliorum</strong></span> <span class='ocrx_word' id='word_1_125' title='bbox 799 1482 1033 1549; x_wconf 85' lang='lat' dir='ltr'><strong>deposita</strong></span> <span class='ocrx_word' id='word_1_126' title='bbox 1066 1481 1112 1533; x_wconf 90' lang='lat' dir='ltr'><strong>vi</strong></span> <span class='ocrx_word' id='word_1_127' title='bbox 1144 1479 1416 1560; x_wconf 68' lang='lat' dir='ltr'><strong>rapuerit:</strong></span> <span class='ocrx_word' id='word_1_128' title='bbox 1447 1477 1657 1560; x_wconf 77' lang='lat' dir='ltr'><strong>decimo</strong></span> <span class='ocrx_word' id='word_1_129' title='bbox 1698 1487 1922 1560; x_wconf 67' lang='lat' dir='ltr'><strong>quarto,</strong></span> 
     </span>
    </p>
   </div>
   <div class='ocr_carea' id='block_1_20' title="bbox 368 1547 1923 1625">
    <p class='ocr_par' dir='ltr' id='par_1_20' title="bbox 368 1547 1923 1625">
     <span class='ocr_line' id='line_1_20' title="bbox 368 1547 1923 1625; baseline -0.006 -18"><span class='ocrx_word' id='word_1_130' title='bbox 368 1547 504 1625; x_wconf 51' lang='lat' dir='ltr'><strong>dum:</strong></span> <span class='ocrx_word' id='word_1_131' title='bbox 538 1562 651 1611; x_wconf 58' lang='lat' dir='ltr'><strong>sine</strong></span> <span class='ocrx_word' id='word_1_132' title='bbox 674 1547 1386 1625; x_wconf 74' lang='lat' dir='ltr'><strong>conventuet_prmter_cleri</strong></span> <span class='ocrx_word' id='word_1_133' title='bbox 1426 1547 1739 1625; x_wconf 73' lang='lat' dir='ltr'><strong>sententiam</strong></span> <span class='ocrx_word' id='word_1_134' title='bbox 1779 1548 1923 1625; x_wconf 82' lang='lat' dir='ltr'><strong>ordi-</strong></span> 
     </span>
    </p>
   </div>
   <div class='ocr_carea' id='block_1_21' title="bbox 370 1617 1927 1687">
    <p class='ocr_par' dir='ltr' id='par_1_21' title="bbox 370 1617 1927 1687">
     <span class='ocr_line' id='line_1_21' title="bbox 370 1617 1927 1687; baseline -0.007 -6"><span class='ocrx_word' id='word_1_135' title='bbox 370 1617 610 1682; x_wconf 80' lang='lat' dir='ltr'><strong>nationes</strong></span> <span class='ocrx_word' id='word_1_136' title='bbox 658 1626 811 1678; x_wconf 78' lang='lat' dir='ltr'><strong>faciat</strong></span> <span class='ocrx_word' id='word_1_137' title='bbox 859 1640 871 1674; x_wconf 92' lang='lat'><strong>:</strong></span> <span class='ocrx_word' id='word_1_138' title='bbox 923 1621 1128 1673; x_wconf 87' lang='lat' dir='ltr'><strong>decimo</strong></span> <span class='ocrx_word' id='word_1_139' title='bbox 1173 1620 1375 1687; x_wconf 86' lang='lat' dir='ltr'><strong>quinto,</strong></span> <span class='ocrx_word' id='word_1_140' title='bbox 1423 1617 1561 1683; x_wconf 86' lang='lat' dir='ltr'><strong>quod</strong></span> <span class='ocrx_word' id='word_1_141' title='bbox 1615 1617 1927 1684; x_wconf 81' lang='lat' dir='ltr'><strong>origcnistas</strong></span> 
     </span>
    </p>
   </div>
   <div class='ocr_carea' id='block_1_22' title="bbox 375 1687 1923 1765">
    <p class='ocr_par' dir='ltr' id='par_1_22' title="bbox 375 1687 1923 1765">
     <span class='ocr_line' id='line_1_22' title="bbox 375 1687 1923 1765; baseline -0.008 -14"><span class='ocrx_word' id='word_1_142' title='bbox 375 1698 651 1765; x_wconf 80' lang='lat' dir='ltr'><strong>receperit,</strong></span> <span class='ocrx_word' id='word_1_143' title='bbox 682 1709 773 1746; x_wconf 82' lang='lat' dir='ltr'><strong>eos</strong></span> <span class='ocrx_word' id='word_1_144' title='bbox 798 1701 973 1765; x_wconf 85' lang='lat' dir='ltr'><strong>autem</strong></span> <span class='ocrx_word' id='word_1_145' title='bbox 998 1688 1127 1765; x_wconf 64' lang='lat' dir='ltr'><strong>,qui</strong></span> <span class='ocrx_word' id='word_1_146' title='bbox 1157 1702 1274 1765; x_wconf 78' lang='lat' dir='ltr'><strong>cum</strong></span> <span class='ocrx_word' id='word_1_147' title='bbox 1307 1687 1541 1765; x_wconf 74' lang='lat' dir='ltr'><strong>Ecclesia</strong></span> <span class='ocrx_word' id='word_1_148' title='bbox 1570 1687 1923 1765; x_wconf 78' lang='lat' dir='ltr'><strong>communica-</strong></span> 
     </span>
    </p>
   </div>
   <div class='ocr_carea' id='block_1_23' title="bbox 373 1756 1926 1826">
    <p class='ocr_par' dir='ltr' id='par_1_23' title="bbox 373 1756 1926 1826">
     <span class='ocr_line' id='line_1_23' title="bbox 373 1756 1926 1826; baseline -0.01 -5"><span class='ocrx_word' id='word_1_149' title='bbox 373 1756 510 1826; x_wconf 65' lang='lat' dir='ltr'><strong>rent,</strong></span> <span class='ocrx_word' id='word_1_150' title='bbox 530 1756 648 1819; x_wconf 89' lang='lat' dir='ltr'><strong>cum</strong></span> <span class='ocrx_word' id='word_1_151' title='bbox 674 1756 1122 1816; x_wconf 67' lang='lat' dir='ltr'><strong>commenda&#39;itiis</strong></span> <span class='ocrx_word' id='word_1_152' title='bbox 1149 1757 1417 1811; x_wconf 76' lang='lat' dir='ltr'><strong>venientes</strong></span> <span class='ocrx_word' id='word_1_153' title='bbox 1449 1756 1636 1808; x_wconf 89' lang='lat' dir='ltr'><strong>litteris</strong></span> <span class='ocrx_word' id='word_1_154' title='bbox 1655 1765 1703 1807; x_wconf 86' lang='lat' dir='ltr'><strong>et</strong></span> <span class='ocrx_word' id='word_1_155' title='bbox 1729 1756 1778 1807; x_wconf 91' lang='lat' dir='ltr'><strong>in</strong></span> <span class='ocrx_word' id='word_1_156' title='bbox 1810 1770 1926 1807; x_wconf 83' lang='lat' dir='ltr'><strong>car-</strong></span> 
     </span>
    </p>
   </div>
   <div class='ocr_carea' id='block_1_24' title="bbox 373 1826 1927 1901">
    <p class='ocr_par' dir='ltr' id='par_1_24' title="bbox 373 1826 1927 1901">
     <span class='ocr_line' id='line_1_24' title="bbox 373 1826 1927 1901; baseline -0.008 -11"><span class='ocrx_word' id='word_1_157' title='bbox 373 1852 546 1890; x_wconf 89' lang='lat' dir='ltr'><strong>cerem</strong></span> <span class='ocrx_word' id='word_1_158' title='bbox 577 1833 866 1901; x_wconf 73' lang='lat' dir='ltr'><strong>eonjeetos.</strong></span> <span class='ocrx_word' id='word_1_159' title='bbox 903 1827 1330 1901; x_wconf 87' lang='lat' dir='ltr'><strong>nonliberaverit</strong></span> <span class='ocrx_word' id='word_1_160' title='bbox 1354 1868 1368 1889; x_wconf 97' lang='lat'><strong>,</strong></span> <span class='ocrx_word' id='word_1_161' title='bbox 1417 1829 1521 1901; x_wconf 84' lang='lat' dir='ltr'><strong>imo</strong></span> <span class='ocrx_word' id='word_1_162' title='bbox 1569 1840 1667 1878; x_wconf 90' lang='lat' dir='ltr'><strong>nec</strong></span> <span class='ocrx_word' id='word_1_163' title='bbox 1706 1826 1772 1901; x_wconf 79' lang='lat' dir='ltr'><strong>ibi</strong></span> <span class='ocrx_word' id='word_1_164' title='bbox 1813 1840 1927 1878; x_wconf 82' lang='lat' dir='ltr'><strong>tuo-</strong></span> 
     </span>
    </p>
   </div>
   <div class='ocr_carea' id='block_1_25' title="bbox 373 1896 1922 1961">
    <p class='ocr_par' dir='ltr' id='par_1_25' title="bbox 373 1896 1922 1961">
     <span class='ocr_line' id='line_1_25' title="bbox 373 1896 1922 1961; baseline -0.008 -3"><span class='ocrx_word' id='word_1_165' title='bbox 373 1908 571 1959; x_wconf 80' lang='lat' dir='ltr'><strong>rientcs</strong></span> <span class='ocrx_word' id='word_1_166' title='bbox 595 1896 833 1955; x_wconf 80' lang='lat' dir='ltr'><strong>iuviserit</strong></span> <span class='ocrx_word' id='word_1_167' title='bbox 861 1917 872 1951; x_wconf 75' lang='grc' dir='ltr'><strong>ε</strong></span> <span class='ocrx_word' id='word_1_168' title='bbox 898 1898 1104 1950; x_wconf 89' lang='lat' dir='ltr'><strong>decimo</strong></span> <span class='ocrx_word' id='word_1_169' title='bbox 1124 1905 1296 1959; x_wconf 84' lang='lat' dir='ltr'><strong>sexto,</strong></span> <span class='ocrx_word' id='word_1_170' title='bbox 1329 1896 1467 1961; x_wconf 87' lang='lat' dir='ltr'><strong>quod</strong></span> <span class='ocrx_word' id='word_1_171' title='bbox 1497 1909 1681 1948; x_wconf 87' lang='lat' dir='ltr'><strong>servos</strong></span> <span class='ocrx_word' id='word_1_172' title='bbox 1704 1896 1922 1954; x_wconf 84' lang='lat' dir='ltr'><strong>alienos,</strong></span> 
     </span>
    </p>
   </div>
   <div class='ocr_carea' id='block_1_26' title="bbox 377 1964 1930 2029">
    <p class='ocr_par' dir='ltr' id='par_1_26' title="bbox 377 1964 1930 2029">
     <span class='ocr_line' id='line_1_26' title="bbox 377 1964 1930 2029; baseline -0.007 -1"><span class='ocrx_word' id='word_1_173' title='bbox 377 1975 605 2028; x_wconf 91' lang='lat' dir='ltr'><strong>nondum</strong></span> <span class='ocrx_word' id='word_1_174' title='bbox 640 1970 1010 2029; x_wconf 78' lang='lat' dir='ltr'><strong>manumissos,</strong></span> <span class='ocrx_word' id='word_1_175' title='bbox 1042 1968 1146 2018; x_wconf 88' lang='lat' dir='ltr'><strong>imo</strong></span> <span class='ocrx_word' id='word_1_176' title='bbox 1168 1966 1324 2019; x_wconf 90' lang='lat' dir='ltr'><strong>etiam</strong></span> <span class='ocrx_word' id='word_1_177' title='bbox 1350 1974 1645 2027; x_wconf 86' lang='lat' dir='ltr'><strong>accusatos,</strong></span> <span class='ocrx_word' id='word_1_178' title='bbox 1673 1964 1930 2017; x_wconf 84' lang='lat' dir='ltr'><strong>ordinarit</strong></span> 
     </span>
    </p>
   </div>
   <div class='ocr_carea' id='block_1_27' title="bbox 372 2033 1927 2110">
    <p class='ocr_par' dir='ltr' id='par_1_27' title="bbox 372 2033 1927 2110">
     <span class='ocr_line' id='line_1_27' title="bbox 372 2033 1927 2110; baseline -0.008 -13"><span class='ocrx_word' id='word_1_179' title='bbox 372 2047 649 2110; x_wconf 80' lang='lat' dir='ltr'><strong>episcopos</strong></span> <span class='ocrx_word' id='word_1_180' title='bbox 682 2058 694 2091; x_wconf 86' lang='lat'>:</span> <span class='ocrx_word' id='word_1_181' title='bbox 721 2039 927 2093; x_wconf 90' lang='lat' dir='ltr'><strong>decimo</strong></span> <span class='ocrx_word' id='word_1_182' title='bbox 956 2034 1371 2110; x_wconf 82' lang='lat' dir='ltr'><strong>septimo,__quod</strong></span> <span class='ocrx_word' id='word_1_183' title='bbox 1402 2035 1541 2110; x_wconf 84' lang='lat' dir='ltr'><strong>hunc</strong></span> <span class='ocrx_word' id='word_1_184' title='bbox 1585 2034 1751 2101; x_wconf 90' lang='lat' dir='ltr'><strong>ipsum</strong></span> <span class='ocrx_word' id='word_1_185' title='bbox 1793 2033 1927 2110; x_wconf 78' lang='lat' dir='ltr'><strong>l~aa-</strong></span> 
     </span>
    </p>
   </div>
   <div class='ocr_carea' id='block_1_28' title="bbox 371 2104 1927 2176">
    <p class='ocr_par' dir='ltr' id='par_1_28' title="bbox 371 2104 1927 2176">
     <span class='ocr_line' id='line_1_28' title="bbox 371 2104 1927 2176; baseline -0.008 -10"><span class='ocrx_word' id='word_1_186' title='bbox 371 2104 508 2166; x_wconf 83' lang='lat' dir='ltr'><strong>cium</strong></span> <span class='ocrx_word' id='word_1_187' title='bbox 542 2104 679 2164; x_wconf 84' lang='lat' dir='ltr'><strong>male</strong></span> <span class='ocrx_word' id='word_1_188' title='bbox 708 2122 847 2176; x_wconf 68' lang='lat' dir='ltr'><strong>saepe</strong></span> <span class='ocrx_word' id='word_1_189' title='bbox 875 2104 1388 2176; x_wconf 65' lang='lat' dir='ltr'><strong>nmlctarit..llarum</strong></span> <span class='ocrx_word' id='word_1_190' title='bbox 1420 2104 1596 2171; x_wconf 78' lang='lat' dir='ltr'><strong>itaque</strong></span> <span class='ocrx_word' id='word_1_191' title='bbox 1641 2104 1927 2176; x_wconf 80' lang='lat' dir='ltr'><strong>accusatio-</strong></span> 
     </span>
    </p>
   </div>
   <div class='ocr_carea' id='block_1_29' title="bbox 376 2173 1926 2250">
    <p class='ocr_par' dir='ltr' id='par_1_29' title="bbox 376 2173 1926 2250">
     <span class='ocr_line' id='line_1_29' title="bbox 376 2173 1926 2250; baseline -0.009 -15"><span class='ocrx_word' id='word_1_192' title='bbox 376 2199 498 2235; x_wconf 93' lang='lat' dir='ltr'><strong>num</strong></span> <span class='ocrx_word' id='word_1_193' title='bbox 527 2173 1131 2250; x_wconf 43' lang='lat' dir='ltr'><strong>primamfutpotejam,</strong></span> <span class='ocrx_word' id='word_1_194' title='bbox 1163 2185 1219 2226; x_wconf 92' lang='lat' dir='ltr'><strong>ut</strong></span> <span class='ocrx_word' id='word_1_195' title='bbox 1249 2173 1926 2250; x_wconf 62' lang='lat' dir='ltr'><strong>putabant,examinatum,</strong></span> 
     </span>
    </p>
   </div>
   <div class='ocr_carea' id='block_1_30' title="bbox 375 2242 1930 2320">
    <p class='ocr_par' dir='ltr' id='par_1_30' title="bbox 375 2242 1930 2320">
     <span class='ocr_line' id='line_1_30' title="bbox 375 2242 1930 2320; baseline -0.007 -17"><span class='ocrx_word' id='word_1_196' title='bbox 375 2242 678 2320; x_wconf 74' lang='lat' dir='ltr'><strong>perquirere</strong></span> <span class='ocrx_word' id='word_1_197' title='bbox 735 2242 1017 2320; x_wconf 75' lang='lat' dir='ltr'><strong>noluer_un_t</strong></span> <span class='ocrx_word' id='word_1_198' title='bbox 1056 2261 1082 2320; x_wconf 87' lang='lat'><strong>_:</strong></span> <span class='ocrx_word' id='word_1_199' title='bbox 1147 2242 1377 2320; x_wconf 78' lang='lat' dir='ltr'><strong>secunda</strong></span> <span class='ocrx_word' id='word_1_200' title='bbox 1429 2257 1554 2296; x_wconf 87' lang='lat' dir='ltr'><strong>vero</strong></span> <span class='ocrx_word' id='word_1_201' title='bbox 1605 2252 1681 2320; x_wconf 32' lang='lat' dir='ltr'><strong>et“</strong></span> <span class='ocrx_word' id='word_1_202' title='bbox 1702 2245 1930 2320; x_wconf 79' lang='lat' dir='ltr'><strong>septima</strong></span> 
     </span>
    </p>
   </div>
   <div class='ocr_carea' id='block_1_31' title="bbox 372 2310 1929 2375">
    <p class='ocr_par' dir='ltr' id='par_1_31' title="bbox 372 2310 1929 2375">
     <span class='ocr_line' id='line_1_31' title="bbox 372 2310 1929 2375; baseline -0.008 0"><span class='ocrx_word' id='word_1_203' title='bbox 372 2310 609 2375; x_wconf 65' lang='lat' dir='ltr'><strong>excussae</strong></span> <span class='ocrx_word' id='word_1_204' title='bbox 638 2317 866 2371; x_wconf 80' lang='lat' dir='ltr'><strong>fuerunt.</strong></span> <span class='ocrx_word' id='word_1_205' title='bbox 905 2313 1103 2367; x_wconf 85' lang='lat' dir='ltr'><strong>Deinde</strong></span> <span class='ocrx_word' id='word_1_206' title='bbox 1126 2313 1422 2366; x_wconf 82' lang='lat' dir='ltr'><strong>examinata</strong></span> <span class='ocrx_word' id='word_1_207' title='bbox 1450 2327 1629 2364; x_wconf 72' lang='lat' dir='ltr'><strong>rursus</strong></span> <span class='ocrx_word' id='word_1_208' title='bbox 1658 2310 1752 2364; x_wconf 81' lang='lat' dir='ltr'><strong>fuit</strong></span> <span class='ocrx_word' id='word_1_209' title='bbox 1772 2326 1929 2364; x_wconf 83' lang='lat' dir='ltr'><strong>accu-</strong></span> 
     </span>
    </p>
   </div>
   <div class='ocr_carea' id='block_1_32' title="bbox 372 2381 1931 2447">
    <p class='ocr_par' dir='ltr' id='par_1_32' title="bbox 372 2381 1931 2447">
     <span class='ocr_line' id='line_1_32' title="bbox 372 2381 1931 2447; baseline -0.005 -4"><span class='ocrx_word' id='word_1_210' title='bbox 372 2393 506 2444; x_wconf 86' lang='lat' dir='ltr'><strong>satio</strong></span> <span class='ocrx_word' id='word_1_211' title='bbox 537 2405 564 2442; x_wconf 88' lang='lat' dir='ltr'><strong>a</strong></span> <span class='ocrx_word' id='word_1_212' title='bbox 615 2389 817 2443; x_wconf 92' lang='lat' dir='ltr'><strong>Joanne</strong></span> <span class='ocrx_word' id='word_1_213' title='bbox 870 2384 1100 2436; x_wconf 86' lang='lat' dir='ltr'><strong>Diaeouo</strong></span> <span class='ocrx_word' id='word_1_214' title='bbox 1152 2382 1306 2435; x_wconf 82' lang='lat' dir='ltr'><strong>facta.</strong></span> <span class='ocrx_word' id='word_1_215' title='bbox 1353 2382 1411 2437; x_wconf 88' lang='lat' dir='ltr'><strong>ln</strong></span> <span class='ocrx_word' id='word_1_216' title='bbox 1456 2381 1556 2434; x_wconf 92' lang='lat' dir='ltr'><strong>hoc</strong></span> <span class='ocrx_word' id='word_1_217' title='bbox 1600 2395 1729 2434; x_wconf 87' lang='lat' dir='ltr'><strong>vero</strong></span> <span class='ocrx_word' id='word_1_218' title='bbox 1758 2382 1931 2447; x_wconf 80' lang='lat' dir='ltr'><strong>capite</strong></span> 
     </span>
    </p>
   </div>
   <div class='ocr_carea' id='block_1_33' title="bbox 374 2448 1927 2523">
    <p class='ocr_par' dir='ltr' id='par_1_33' title="bbox 374 2448 1927 2523">
     <span class='ocr_line' id='line_1_33' title="bbox 374 2448 1927 2523; baseline -0.007 -9"><span class='ocrx_word' id='word_1_219' title='bbox 374 2461 626 2513; x_wconf 83' lang='lat' dir='ltr'><strong>Arsacius</strong></span> <span class='ocrx_word' id='word_1_220' title='bbox 672 2453 1115 2523; x_wconf 72' lang='lat' dir='ltr'><strong>archipresbyter,</strong></span> <span class='ocrx_word' id='word_1_221' title='bbox 1157 2452 1245 2520; x_wconf 91' lang='lat' dir='ltr'><strong>qui</strong></span> <span class='ocrx_word' id='word_1_222' title='bbox 1277 2451 1385 2523; x_wconf 84' lang='lat' dir='ltr'><strong>ipsi</strong></span> <span class='ocrx_word' id='word_1_223' title='bbox 1404 2448 1781 2523; x_wconf 73' lang='lat' dir='ltr'><strong>Chrysastomo</strong></span> <span class='ocrx_word' id='word_1_224' title='bbox 1806 2465 1927 2503; x_wconf 55' lang='lat' dir='ltr'><strong>suco</strong></span> 
     </span>
    </p>
   </div>
   <div class='ocr_carea' id='block_1_34' title="bbox 374 2520 1932 2592">
    <p class='ocr_par' dir='ltr' id='par_1_34' title="bbox 374 2520 1932 2592">
     <span class='ocr_line' id='line_1_34' title="bbox 374 2520 1932 2592; baseline -0.005 -11"><span class='ocrx_word' id='word_1_225' title='bbox 374 2532 537 2583; x_wconf 85' lang='lat' dir='ltr'><strong>cessit</strong></span> <span class='ocrx_word' id='word_1_226' title='bbox 561 2568 574 2588; x_wconf 85' lang='lat'><strong>,</strong></span> <span class='ocrx_word' id='word_1_227' title='bbox 604 2537 659 2581; x_wconf 89' lang='lat' dir='ltr'><strong>et</strong></span> <span class='ocrx_word' id='word_1_228' title='bbox 688 2520 889 2579; x_wconf 80' lang='lat' dir='ltr'><strong>Atticus</strong></span> <span class='ocrx_word' id='word_1_229' title='bbox 920 2520 1213 2592; x_wconf 73' lang='lat' dir='ltr'><strong>presbyter,</strong></span> <span class='ocrx_word' id='word_1_230' title='bbox 1249 2521 1429 2592; x_wconf 81' lang='lat' dir='ltr'><strong>nescio</strong></span> <span class='ocrx_word' id='word_1_231' title='bbox 1450 2520 1726 2592; x_wconf 74' lang='lat' dir='ltr'><strong>quomodo</strong></span> <span class='ocrx_word' id='word_1_232' title='bbox 1772 2528 1932 2573; x_wconf 88' lang='lat' dir='ltr'><strong>testes</strong></span> 
     </span>
    </p>
   </div>
   <div class='ocr_carea' id='block_1_35' title="bbox 378 2590 1933 2660">
    <p class='ocr_par' dir='ltr' id='par_1_35' title="bbox 378 2590 1933 2660">
     <span class='ocr_line' id='line_1_35' title="bbox 378 2590 1933 2660; baseline -0.006 -8"><span class='ocrx_word' id='word_1_233' title='bbox 378 2600 626 2660; x_wconf 80' lang='lat' dir='ltr'><strong>fuerunt,</strong></span> <span class='ocrx_word' id='word_1_234' title='bbox 682 2606 733 2648; x_wconf 90' lang='lat' dir='ltr'><strong>et</strong></span> <span class='ocrx_word' id='word_1_235' title='bbox 779 2604 960 2647; x_wconf 86' lang='lat' dir='ltr'><strong>eontra</strong></span> <span class='ocrx_word' id='word_1_236' title='bbox 1020 2590 1262 2645; x_wconf 84' lang='lat' dir='ltr'><strong>sanctum</strong></span> <span class='ocrx_word' id='word_1_237' title='bbox 1316 2590 1581 2644; x_wconf 83' lang='lat' dir='ltr'><strong>testiﬁcati</strong></span> <span class='ocrx_word' id='word_1_238' title='bbox 1627 2599 1767 2649; x_wconf 86' lang='lat' dir='ltr'><strong>sunt.</strong></span> <span class='ocrx_word' id='word_1_239' title='bbox 1800 2597 1933 2642; x_wconf 87' lang='lat' dir='ltr'><strong>utet</strong></span> 
     </span>
    </p>
   </div>
   <div class='ocr_carea' id='block_1_36' title="bbox 378 2660 1932 2734">
    <p class='ocr_par' dir='ltr' id='par_1_36' title="bbox 378 2660 1932 2734">
     <span class='ocr_line' id='line_1_36' title="bbox 378 2660 1932 2734; baseline -0.005 -13"><span class='ocrx_word' id='word_1_240' title='bbox 378 2668 615 2733; x_wconf 84' lang='lat' dir='ltr'><strong>Elpidius</strong></span> <span class='ocrx_word' id='word_1_241' title='bbox 646 2664 936 2734; x_wconf 77' lang='lat' dir='ltr'><strong>presbyter.</strong></span> <span class='ocrx_word' id='word_1_242' title='bbox 956 2660 1133 2734; x_wconf 60' lang='lat' dir='ltr'><strong>Iidem</strong></span> <span class='ocrx_word' id='word_1_243' title='bbox 1161 2670 1352 2715; x_wconf 89' lang='lat' dir='ltr'><strong>etcum</strong></span> <span class='ocrx_word' id='word_1_244' title='bbox 1382 2660 1753 2734; x_wconf 8' lang='lat' dir='ltr'><strong>ipsisjAcacius</strong></span> <span class='ocrx_word' id='word_1_245' title='bbox 1781 2673 1932 2734; x_wconf 85' lang='lat' dir='ltr'><strong>pres-</strong></span> 
     </span>
    </p>
   </div>
   <div class='ocr_carea' id='block_1_37' title="bbox 377 2730 1930 2807">
    <p class='ocr_par' dir='ltr' id='par_1_37' title="bbox 377 2730 1930 2807">
     <span class='ocr_line' id='line_1_37' title="bbox 377 2730 1930 2807; baseline -0.006 -17"><span class='ocrx_word' id='word_1_246' title='bbox 377 2730 525 2807; x_wconf 80' lang='lat' dir='ltr'><strong>byter</strong></span> <span class='ocrx_word' id='word_1_247' title='bbox 551 2737 600 2788; x_wconf 92' lang='lat' dir='ltr'><strong>in</strong></span> <span class='ocrx_word' id='word_1_248' title='bbox 639 2730 825 2807; x_wconf 83' lang='lat' dir='ltr'><strong>quarto</strong></span> <span class='ocrx_word' id='word_1_249' title='bbox 854 2733 1381 2807; x_wconf 30' lang='lat' dir='ltr'><strong>capitecontra‘eum</strong></span> <span class='ocrx_word' id='word_1_250' title='bbox 1413 2732 1766 2807; x_wconf 77' lang='lat' dir='ltr'><strong>teStimonium</strong></span> <span class='ocrx_word' id='word_1_251' title='bbox 1798 2730 1930 2807; x_wconf 83' lang='lat' dir='ltr'><strong>tule-</strong></span> 
     </span>
    </p>
   </div>
   <div class='ocr_carea' id='block_1_38' title="bbox 376 2800 1919 2871">
    <p class='ocr_par' dir='ltr' id='par_1_38' title="bbox 376 2800 1919 2871">
     <span class='ocr_line' id='line_1_38' title="bbox 376 2800 1919 2871; baseline -0.005 -11"><span class='ocrx_word' id='word_1_252' title='bbox 376 2800 512 2860; x_wconf 77' lang='lat' dir='ltr'><strong>runt.</strong></span> <span class='ocrx_word' id='word_1_253' title='bbox 547 2806 638 2858; x_wconf 84' lang='lat' dir='ltr'><strong>llis</strong></span> <span class='ocrx_word' id='word_1_254' title='bbox 660 2800 841 2871; x_wconf 84' lang='lat' dir='ltr'><strong>itaque</strong></span> <span class='ocrx_word' id='word_1_255' title='bbox 867 2800 1215 2871; x_wconf 70' lang='lat' dir='ltr'><strong>examinatis,</strong></span> <span class='ocrx_word' id='word_1_256' title='bbox 1240 2800 1396 2871; x_wconf 88' lang='lat' dir='ltr'><strong>iidem</strong></span> <span class='ocrx_word' id='word_1_257' title='bbox 1424 2800 1658 2868; x_wconf 74' lang='lat' dir='ltr'><strong>przedicti</strong></span> <span class='ocrx_word' id='word_1_258' title='bbox 1712 2800 1919 2870; x_wconf 82' lang='lat' dir='ltr'><strong>presby-</strong></span> 
     </span>
    </p>
   </div>
   <div class='ocr_carea' id='block_1_39' title="bbox 376 2870 1926 2940">
    <p class='ocr_par' dir='ltr' id='par_1_39' title="bbox 376 2870 1926 2940">
     <span class='ocr_line' id='line_1_39' title="bbox 376 2870 1926 2940; baseline -0.005 -10"><span class='ocrx_word' id='word_1_259' title='bbox 376 2878 508 2940; x_wconf 90' lang='lat' dir='ltr'><strong>teri,</strong></span> <span class='ocrx_word' id='word_1_260' title='bbox 555 2884 608 2930; x_wconf 91' lang='lat' dir='ltr'><strong>et</strong></span> <span class='ocrx_word' id='word_1_261' title='bbox 655 2870 773 2927; x_wconf 90' lang='lat' dir='ltr'><strong>cum</strong></span> <span class='ocrx_word' id='word_1_262' title='bbox 832 2871 931 2924; x_wconf 91' lang='lat' dir='ltr'><strong>illis</strong></span> <span class='ocrx_word' id='word_1_263' title='bbox 982 2871 1139 2924; x_wconf 90' lang='lat' dir='ltr'><strong>etiam</strong></span> <span class='ocrx_word' id='word_1_264' title='bbox 1180 2870 1469 2924; x_wconf 71' lang='lat' dir='ltr'><strong>Eudtemon</strong></span> <span class='ocrx_word' id='word_1_265' title='bbox 1516 2882 1569 2924; x_wconf 90' lang='lat' dir='ltr'><strong>ct</strong></span> <span class='ocrx_word' id='word_1_266' title='bbox 1609 2871 1926 2935; x_wconf 86' lang='lat' dir='ltr'><strong>Onesimus,</strong></span> 
     </span>
    </p>
   </div>
   <div class='ocr_carea' id='block_1_40' title="bbox 374 2940 1930 3009">
    <p class='ocr_par' dir='ltr' id='par_1_40' title="bbox 374 2940 1930 3009">
     <span class='ocr_line' id='line_1_40' title="bbox 374 2940 1930 3009; baseline -0.005 -10"><span class='ocrx_word' id='word_1_267' title='bbox 374 2948 689 2999; x_wconf 88' lang='lat' dir='ltr'><strong>sententiam</strong></span> <span class='ocrx_word' id='word_1_268' title='bbox 725 2941 1009 2995; x_wconf 86' lang='lat' dir='ltr'><strong>accelerari</strong></span> <span class='ocrx_word' id='word_1_269' title='bbox 1041 2940 1388 3009; x_wconf 86' lang='lat' dir='ltr'><strong>postularunt.</strong></span> <span class='ocrx_word' id='word_1_270' title='bbox 1420 2942 1497 2993; x_wconf 80' lang='lat' dir='ltr'><strong>Ac</strong></span> <span class='ocrx_word' id='word_1_271' title='bbox 1527 2941 1725 3007; x_wconf 90' lang='lat' dir='ltr'><strong>primus</strong></span> <span class='ocrx_word' id='word_1_272' title='bbox 1749 2941 1798 2992; x_wconf 92' lang='lat' dir='ltr'><strong>in</strong></span> <span class='ocrx_word' id='word_1_273' title='bbox 1838 2954 1930 3009; x_wconf 82' lang='lat' dir='ltr'><strong>sy-</strong></span> 
     </span>
    </p>
   </div>
   <div class='ocr_carea' id='block_1_41' title="bbox 378 3009 1931 3080">
    <p class='ocr_par' dir='ltr' id='par_1_41' title="bbox 378 3009 1931 3080">
     <span class='ocr_line' id='line_1_41' title="bbox 378 3009 1931 3080; baseline -0.005 -12"><span class='ocrx_word' id='word_1_274' title='bbox 378 3016 516 3069; x_wconf 87' lang='lat' dir='ltr'><strong>nodo</strong></span> <span class='ocrx_word' id='word_1_275' title='bbox 548 3014 761 3077; x_wconf 82' lang='lat' dir='ltr'><strong>Paulus,</strong></span> <span class='ocrx_word' id='word_1_276' title='bbox 792 3011 1059 3063; x_wconf 67' lang='lat' dir='ltr'><strong>Heracleaa</strong></span> <span class='ocrx_word' id='word_1_277' title='bbox 1085 3010 1382 3080; x_wconf 73' lang='lat' dir='ltr'><strong>episcopus,</strong></span> <span class='ocrx_word' id='word_1_278' title='bbox 1410 3023 1593 3080; x_wconf 83' lang='lat' dir='ltr'><strong>omnes</strong></span> <span class='ocrx_word' id='word_1_279' title='bbox 1618 3009 1931 3061; x_wconf 83' lang='lat' dir='ltr'><strong>sententiam</strong></span> 
     </span>
    </p>
   </div>
   <div class='ocr_carea' id='block_1_42' title="bbox 378 3079 1933 3150">
    <p class='ocr_par' dir='ltr' id='par_1_42' title="bbox 378 3079 1933 3150">
     <span class='ocr_line' id='line_1_42' title="bbox 378 3079 1933 3150; baseline -0.005 -13"><span class='ocrx_word' id='word_1_280' title='bbox 378 3086 515 3137; x_wconf 78' lang='lat' dir='ltr'><strong>ferre</strong></span> <span class='ocrx_word' id='word_1_281' title='bbox 546 3083 764 3150; x_wconf 76' lang='lat' dir='ltr'><strong>rogavit.</strong></span> <span class='ocrx_word' id='word_1_282' title='bbox 795 3083 985 3150; x_wconf 79' lang='lat' dir='ltr'><strong>Atque,</strong></span> <span class='ocrx_word' id='word_1_283' title='bbox 1014 3088 1070 3132; x_wconf 87' lang='lat' dir='ltr'><strong>ut.</strong></span> <span class='ocrx_word' id='word_1_284' title='bbox 1092 3080 1196 3131; x_wconf 89' lang='lat' dir='ltr'><strong>illis</strong></span> <span class='ocrx_word' id='word_1_285' title='bbox 1212 3079 1392 3150; x_wconf 73' lang='lat' dir='ltr'><strong>visum</strong></span> <span class='ocrx_word' id='word_1_286' title='bbox 1418 3079 1530 3150; x_wconf 83' lang='lat' dir='ltr'><strong>fuit,</strong></span> <span class='ocrx_word' id='word_1_287' title='bbox 1560 3086 1811 3150; x_wconf 70' lang='lat' dir='ltr'><strong>statutum</strong></span> <span class='ocrx_word' id='word_1_288' title='bbox 1851 3087 1933 3150; x_wconf 83' lang='lat' dir='ltr'><strong>est</strong></span> 
     </span>
    </p>
   </div>
   <div class='ocr_carea' id='block_1_43' title="bbox 376 3146 1934 3217">
    <p class='ocr_par' dir='ltr' id='par_1_43' title="bbox 376 3146 1934 3217">
     <span class='ocr_line' id='line_1_43' title="bbox 376 3146 1934 3217; baseline -0.005 -11"><span class='ocrx_word' id='word_1_289' title='bbox 376 3146 933 3206; x_wconf 52' lang='lat' dir='ltr'><strong>sanciunt&#39;virumcsse</strong></span> <span class='ocrx_word' id='word_1_290' title='bbox 950 3147 1339 3213; x_wconf 86' lang='lat' dir='ltr'><strong>deponendum,</strong></span> <span class='ocrx_word' id='word_1_291' title='bbox 1356 3146 1934 3217; x_wconf 82' lang='lat' dir='ltr'><strong>incipienteGymnasio</strong></span> 
     </span>
    </p>
   </div>
   <div class='ocr_carea' id='block_1_44' title="bbox 377 3216 1933 3290">
    <p class='ocr_par' dir='ltr' id='par_1_44' title="bbox 377 3216 1933 3290">
     <span class='ocr_line' id='line_1_44' title="bbox 377 3216 1933 3290; baseline -0.003 -17"><span class='ocrx_word' id='word_1_292' title='bbox 377 3224 659 3290; x_wconf 87' lang='lat' dir='ltr'><strong>episeopo,</strong></span> <span class='ocrx_word' id='word_1_293' title='bbox 711 3228 765 3290; x_wconf 79' lang='lat' dir='ltr'><strong>et</strong></span> <span class='ocrx_word' id='word_1_294' title='bbox 810 3218 1024 3290; x_wconf 86' lang='lat' dir='ltr'><strong>liniente</strong></span> <span class='ocrx_word' id='word_1_295' title='bbox 1065 3217 1366 3290; x_wconf 24' lang='lat' dir='ltr'><strong>A’l‘heophilo</strong></span> <span class='ocrx_word' id='word_1_296' title='bbox 1415 3216 1768 3290; x_wconf 84' lang='lat' dir='ltr'><strong>Alexandrino</strong></span> <span class='ocrx_word' id='word_1_297' title='bbox 1800 3217 1933 3290; x_wconf 43' lang='lat' dir='ltr'><strong>{qui</strong></span> 
     </span>
    </p>
   </div>
   <div class='ocr_carea' id='block_1_45' title="bbox 376 3286 1933 3357">
    <p class='ocr_par' dir='ltr' id='par_1_45' title="bbox 376 3286 1933 3357">
     <span class='ocr_line' id='line_1_45' title="bbox 376 3286 1933 3357; baseline -0.003 -13"><span class='ocrx_word' id='word_1_298' title='bbox 376 3286 574 3345; x_wconf 74' lang='lat' dir='ltr'><strong>omnes</strong></span> <span class='ocrx_word' id='word_1_299' title='bbox 608 3287 948 3357; x_wconf 82' lang='lat' dir='ltr'><strong>quadraginta</strong></span> <span class='ocrx_word' id='word_1_300' title='bbox 992 3286 1222 3357; x_wconf 74' lang='lat' dir='ltr'><strong>quinque</strong></span> <span class='ocrx_word' id='word_1_301' title='bbox 1266 3300 1490 3357; x_wconf 84' lang='lat' dir='ltr'><strong>numero</strong></span> <span class='ocrx_word' id='word_1_302' title='bbox 1517 3295 1685 3339; x_wconf 87' lang='lat' dir='ltr'><strong>erant.</strong></span> <span class='ocrx_word' id='word_1_303' title='bbox 1737 3287 1933 3339; x_wconf 88' lang='lat' dir='ltr'><strong>Deinde</strong></span> 
     </span>
    </p>
   </div>
   <div class='ocr_carea' id='block_1_46' title="bbox 380 3354 1933 3425">
    <p class='ocr_par' dir='ltr' id='par_1_46' title="bbox 380 3354 1933 3425">
     <span class='ocr_line' id='line_1_46' title="bbox 380 3354 1933 3425; baseline -0.002 -13"><span class='ocrx_word' id='word_1_304' title='bbox 380 3363 538 3414; x_wconf 87' lang='lat' dir='ltr'><strong>missa</strong></span> <span class='ocrx_word' id='word_1_305' title='bbox 575 3354 656 3413; x_wconf 78' lang='lat' dir='ltr'><strong>est</strong></span> <span class='ocrx_word' id='word_1_306' title='bbox 707 3356 772 3410; x_wconf 93' lang='lat' dir='ltr'><strong>ad</strong></span> <span class='ocrx_word' id='word_1_307' title='bbox 821 3357 1018 3409; x_wconf 86' lang='lat' dir='ltr'><strong>clerum</strong></span> <span class='ocrx_word' id='word_1_308' title='bbox 1062 3354 1695 3425; x_wconf 84' lang='lat' dir='ltr'><strong>ConstantinOpolitauum</strong></span> <span class='ocrx_word' id='word_1_309' title='bbox 1735 3357 1933 3425; x_wconf 84' lang='lat' dir='ltr'><strong>Synodi</strong></span> 
     </span>
    </p>
   </div>
   <div class='ocr_carea' id='block_1_47' title="bbox 379 3424 1936 3496">
    <p class='ocr_par' dir='ltr' id='par_1_47' title="bbox 379 3424 1936 3496">
     <span class='ocr_line' id='line_1_47' title="bbox 379 3424 1936 3496; baseline -0.002 -14"><span class='ocrx_word' id='word_1_310' title='bbox 379 3430 592 3483; x_wconf 88' lang='lat' dir='ltr'><strong>nomine</strong></span> <span class='ocrx_word' id='word_1_311' title='bbox 622 3426 844 3496; x_wconf 87' lang='lat' dir='ltr'><strong>cpistola</strong></span> <span class='ocrx_word' id='word_1_312' title='bbox 871 3425 939 3479; x_wconf 89' lang='lat' dir='ltr'><strong>de</strong></span> <span class='ocrx_word' id='word_1_313' title='bbox 967 3425 1132 3496; x_wconf 78' lang='lat' dir='ltr'><strong>sancti</strong></span> <span class='ocrx_word' id='word_1_314' title='bbox 1152 3424 1594 3496; x_wconf 78' lang='lat' dir='ltr'><strong>viridepositione</strong></span> <span class='ocrx_word' id='word_1_315' title='bbox 1628 3443 1639 3478; x_wconf 92' lang='lat'><strong>:</strong></span> <span class='ocrx_word' id='word_1_316' title='bbox 1670 3424 1936 3494; x_wconf 85' lang='lat' dir='ltr'><strong>etiamque</strong></span> 
     </span>
    </p>
   </div>
   <div class='ocr_carea' id='block_1_48' title="bbox 377 3494 1937 3567">
    <p class='ocr_par' dir='ltr' id='par_1_48' title="bbox 377 3494 1937 3567">
     <span class='ocr_line' id='line_1_48' title="bbox 377 3494 1937 3567; baseline -0.001 -15"><span class='ocrx_word' id='word_1_317' title='bbox 377 3494 786 3567; x_wconf 62' lang='lat' dir='ltr'><strong>litijierattirihus</strong></span> <span class='ocrx_word' id='word_1_318' title='bbox 816 3495 1191 3567; x_wconf 29' lang='lat' dir='ltr'><strong>Anuntiata_rcs</strong></span> <span class='ocrx_word' id='word_1_319' title='bbox 1230 3494 1345 3567; x_wconf 81' lang='lat' dir='ltr'><strong>fuit.</strong></span> <span class='ocrx_word' id='word_1_320' title='bbox 1394 3494 1653 3567; x_wconf 73' lang='lat' dir='ltr'><strong>Ad_ha2c</strong></span> <span class='ocrx_word' id='word_1_321' title='bbox 1677 3511 1801 3549; x_wconf 87' lang='lat' dir='ltr'><strong>vero</strong></span> <span class='ocrx_word' id='word_1_322' title='bbox 1830 3505 1937 3567; x_wconf 82' lang='lat' dir='ltr'><strong>tres</strong></span> 
     </span>
    </p>
   </div>
   <div class='ocr_carea' id='block_1_49' title="bbox 379 3563 1937 3625">
    <p class='ocr_par' dir='ltr' id='par_1_49' title="bbox 379 3563 1937 3625">
     <span class='ocr_line' id='line_1_49' title="bbox 379 3563 1937 3625; baseline -0.001 -3"><span class='ocrx_word' id='word_1_323' title='bbox 379 3563 538 3622; x_wconf 83' lang='lat' dir='ltr'><strong>oblati</strong></span> <span class='ocrx_word' id='word_1_324' title='bbox 595 3566 759 3619; x_wconf 89' lang='lat' dir='ltr'><strong>libelli</strong></span> <span class='ocrx_word' id='word_1_325' title='bbox 808 3564 954 3618; x_wconf 80' lang='lat' dir='ltr'><strong>fuere</strong></span> <span class='ocrx_word' id='word_1_326' title='bbox 994 3579 1022 3617; x_wconf 92' lang='lat' dir='ltr'><strong>a</strong></span> <span class='ocrx_word' id='word_1_327' title='bbox 1060 3563 1348 3625; x_wconf 78' lang='lat' dir='ltr'><strong>Gerontio,</strong></span> <span class='ocrx_word' id='word_1_328' title='bbox 1398 3578 1427 3616; x_wconf 88' lang='lat' dir='ltr'><strong>a</strong></span> <span class='ocrx_word' id='word_1_329' title='bbox 1483 3563 1731 3617; x_wconf 84' lang='lat' dir='ltr'><strong>Faustino</strong></span> <span class='ocrx_word' id='word_1_330' title='bbox 1770 3577 1820 3619; x_wconf 89' lang='lat' dir='ltr'><strong>et</strong></span> <span class='ocrx_word' id='word_1_331' title='bbox 1870 3566 1937 3620; x_wconf 90' lang='lat' dir='ltr'><strong>ab</strong></span> 
     </span>
    </p>
   </div>
   <div class='ocr_carea' id='block_1_50' title="bbox 382 3632 1938 3706">
    <p class='ocr_par' dir='ltr' id='par_1_50' title="bbox 382 3632 1938 3706">
     <span class='ocr_line' id='line_1_50' title="bbox 382 3632 1938 3706; baseline -0.001 -15"><span class='ocrx_word' id='word_1_332' title='bbox 382 3636 764 3706; x_wconf 77' lang='lat' dir='ltr'><strong>Eugnomonio,</strong></span> <span class='ocrx_word' id='word_1_333' title='bbox 793 3635 879 3706; x_wconf 89' lang='lat' dir='ltr'><strong>qui</strong></span> <span class='ocrx_word' id='word_1_334' title='bbox 911 3650 968 3687; x_wconf 80' lang='lat' dir='ltr'><strong>se</strong></span> <span class='ocrx_word' id='word_1_335' title='bbox 994 3634 1186 3706; x_wconf 86' lang='lat' dir='ltr'><strong>injuste</strong></span> <span class='ocrx_word' id='word_1_336' title='bbox 1211 3648 1239 3685; x_wconf 93' lang='lat' dir='ltr'><strong>a</strong></span> <span class='ocrx_word' id='word_1_337' title='bbox 1266 3632 1465 3706; x_wconf 69' lang='lat' dir='ltr'><strong>Joanne</strong></span> <span class='ocrx_word' id='word_1_338' title='bbox 1487 3634 1755 3706; x_wconf 77' lang='lat' dir='ltr'><strong>depositos</strong></span> <span class='ocrx_word' id='word_1_339' title='bbox 1779 3636 1938 3690; x_wconf 82' lang='lat' dir='ltr'><strong>fuisse</strong></span> 
     </span>
    </p>
   </div>
   <div class='ocr_carea' id='block_1_51' title="bbox 379 3703 1936 3773">
    <p class='ocr_par' dir='ltr' id='par_1_51' title="bbox 379 3703 1936 3773">
     <span class='ocr_line' id='line_1_51' title="bbox 379 3703 1936 3773; baseline 0 -15"><span class='ocrx_word' id='word_1_340' title='bbox 379 3703 756 3773; x_wconf 71' lang='lat' dir='ltr'><strong>quierebantur.</strong></span> <span class='ocrx_word' id='word_1_341' title='bbox 808 3705 989 3756; x_wconf 84' lang='lat' dir='ltr'><strong>Datum</strong></span> <span class='ocrx_word' id='word_1_342' title='bbox 1016 3712 1099 3757; x_wconf 89' lang='lat' dir='ltr'><strong>est</strong></span> <span class='ocrx_word' id='word_1_343' title='bbox 1119 3704 1277 3773; x_wconf 88' lang='lat' dir='ltr'><strong>etiam</strong></span> <span class='ocrx_word' id='word_1_344' title='bbox 1308 3704 1616 3771; x_wconf 67' lang='lat' dir='ltr'><strong>rescriptum</strong></span> <span class='ocrx_word' id='word_1_345' title='bbox 1648 3703 1936 3771; x_wconf 87' lang='lat' dir='ltr'><strong>Imperato-</strong></span> 
     </span>
    </p>
   </div>
   <div class='ocr_carea' id='block_1_52' title="bbox 380 3772 1945 3844">
    <p class='ocr_par' dir='ltr' id='par_1_52' title="bbox 380 3772 1945 3844">
     <span class='ocr_line' id='line_1_52' title="bbox 380 3772 1945 3844; baseline -0.001 -14"><span class='ocrx_word' id='word_1_346' title='bbox 380 3792 496 3830; x_wconf 87' lang='lat' dir='ltr'><strong>rum</strong></span> <span class='ocrx_word' id='word_1_347' title='bbox 539 3776 602 3829; x_wconf 89' lang='lat' dir='ltr'><strong>ad</strong></span> <span class='ocrx_word' id='word_1_348' title='bbox 630 3773 909 3844; x_wconf 82' lang='lat' dir='ltr'><strong>synodum.</strong></span> <span class='ocrx_word' id='word_1_349' title='bbox 929 3776 1113 3844; x_wconf 68' lang='lat' dir='ltr'><strong>Atque</strong></span> <span class='ocrx_word' id='word_1_350' title='bbox 1142 3774 1190 3824; x_wconf 92' lang='lat' dir='ltr'><strong>in</strong></span> <span class='ocrx_word' id='word_1_351' title='bbox 1216 3772 1297 3825; x_wconf 85' lang='lat' dir='ltr'><strong>his</strong></span> <span class='ocrx_word' id='word_1_352' title='bbox 1317 3774 1620 3826; x_wconf 80' lang='lat' dir='ltr'><strong>duodecima</strong></span> <span class='ocrx_word' id='word_1_353' title='bbox 1648 3776 1783 3827; x_wconf 85' lang='lat' dir='ltr'><strong>actio</strong></span> <span class='ocrx_word' id='word_1_354' title='bbox 1799 3791 1945 3829; x_wconf 80' lang='lat' dir='ltr'><strong>com-</strong></span> 
     </span>
    </p>
   </div>
   <div class='ocr_carea' id='block_1_53' title="bbox 383 3843 1942 3915">
    <p class='ocr_par' dir='ltr' id='par_1_53' title="bbox 383 3843 1942 3915">
     <span class='ocr_line' id='line_1_53' title="bbox 383 3843 1942 3915; baseline -0.001 -15"><span class='ocrx_word' id='word_1_355' title='bbox 383 3846 554 3915; x_wconf 89' lang='lat' dir='ltr'><strong>pletur</strong></span> <span class='ocrx_word' id='word_1_356' title='bbox 584 3860 597 3898; x_wconf 89' lang='lat'><strong>:</strong></span> <span class='ocrx_word' id='word_1_357' title='bbox 633 3843 787 3898; x_wconf 87' lang='lat' dir='ltr'><strong>tertia</strong></span> <span class='ocrx_word' id='word_1_358' title='bbox 826 3843 1027 3897; x_wconf 89' lang='lat' dir='ltr'><strong>decima</strong></span> <span class='ocrx_word' id='word_1_359' title='bbox 1068 3857 1229 3907; x_wconf 88' lang='lat' dir='ltr'><strong>vero,</strong></span> <span class='ocrx_word' id='word_1_360' title='bbox 1275 3854 1329 3896; x_wconf 89' lang='lat' dir='ltr'><strong>ut</strong></span> <span class='ocrx_word' id='word_1_361' title='bbox 1377 3843 1572 3896; x_wconf 88' lang='lat' dir='ltr'><strong>dictum</strong></span> <span class='ocrx_word' id='word_1_362' title='bbox 1596 3853 1699 3907; x_wconf 88' lang='lat' dir='ltr'><strong>est,</strong></span> <span class='ocrx_word' id='word_1_363' title='bbox 1731 3860 1942 3899; x_wconf 87' lang='lat' dir='ltr'><strong>causam</strong></span> 
     </span>
    </p>
   </div>
   <div class='ocr_carea' id='block_1_54' title="bbox 1571 185 2338 241">
    <p class='ocr_par' dir='ltr' id='par_1_54' title="bbox 1571 185 2338 241">
     <span class='ocr_line' id='line_1_54' title="bbox 1571 185 2338 241; baseline 0.003 -3"><span class='ocrx_word' id='word_1_364' title='bbox 1571 185 1971 241; x_wconf 68' lang='lat' dir='ltr'><strong>TliSTlMONIA</strong></span> <span class='ocrx_word' id='word_1_365' title='bbox 2014 186 2338 241; x_wconf 72' lang='lat' dir='ltr'><strong>VETERUM</strong></span> 
     </span>
    </p>
   </div>
   <div class='ocr_carea' id='block_1_55' title="bbox 3486 184 3581 238">
    <p class='ocr_par' dir='ltr' id='par_1_55' title="bbox 3486 184 3581 238">
     <span class='ocr_line' id='line_1_55' title="bbox 3486 184 3581 238; baseline 0.032 -4"><span class='ocrx_word' id='word_1_366' title='bbox 3486 184 3581 238; x_wconf 69' lang='grc'><strong>1118</strong></span> 
     </span>
    </p>
   </div>
   <div class='ocr_carea' id='block_1_56' title="bbox 2024 292 3045 369">
    <p class='ocr_par' dir='ltr' id='par_1_56' title="bbox 2024 292 3045 369">
     <span class='ocr_line' id='line_1_56' title="bbox 2024 292 3045 369; baseline -0.007 -15"><span class='ocrx_word' id='word_1_367' title='bbox 2024 310 2225 369; x_wconf 78' lang='lat' dir='ltr'><strong>Spectat</strong></span> <span class='ocrx_word' id='word_1_368' title='bbox 2245 298 2550 357; x_wconf 80' lang='lat' dir='ltr'><strong>lleraclidis,</strong></span> <span class='ocrx_word' id='word_1_369' title='bbox 2566 296 2772 369; x_wconf 63' lang='lat' dir='ltr'><strong>Ephesi</strong></span> <span class='ocrx_word' id='word_1_370' title='bbox 2795 292 3045 369; x_wconf 74' lang='lat' dir='ltr'><strong>episcopi.</strong></span> 
     </span>
    </p>
   </div>
   <div class='ocr_carea' id='block_1_57' title="bbox 2095 365 3581 439">
    <p class='ocr_par' dir='ltr' id='par_1_57' title="bbox 2095 365 3581 439">
     <span class='ocr_line' id='line_1_57' title="bbox 2095 365 3581 439; baseline -0.003 -16"><span class='ocrx_word' id='word_1_371' title='bbox 2095 370 2268 423; x_wconf 76' lang='lat' dir='ltr'><strong>Lectae</strong></span> <span class='ocrx_word' id='word_1_372' title='bbox 2291 379 2414 423; x_wconf 79' lang='lat' dir='ltr'><strong>sunt</strong></span> <span class='ocrx_word' id='word_1_373' title='bbox 2440 369 2520 439; x_wconf 83' lang='lat' dir='ltr'><strong>(a)</strong></span> <span class='ocrx_word' id='word_1_374' title='bbox 2554 367 2803 439; x_wconf 70' lang='lat' dir='ltr'><strong>Epistulae</strong></span> <span class='ocrx_word' id='word_1_375' title='bbox 2845 368 2927 439; x_wconf 79' lang='lat' dir='ltr'><strong>S._</strong></span> <span class='ocrx_word' id='word_1_376' title='bbox 2949 365 3119 419; x_wconf 85' lang='lat' dir='ltr'><strong>Patris</strong></span> <span class='ocrx_word' id='word_1_377' title='bbox 3165 365 3382 439; x_wconf 82' lang='lat' dir='ltr'><strong>Joannis</strong></span> <span class='ocrx_word' id='word_1_378' title='bbox 3415 366 3581 439; x_wconf 69' lang='lat' dir='ltr'><strong>Chryo</strong></span> 
     </span>
    </p>
   </div>
   <div class='ocr_carea' id='block_1_58' title="bbox 2025 436 3585 507">
    <p class='ocr_par' dir='ltr' id='par_1_58' title="bbox 2025 436 3585 507">
     <span class='ocr_line' id='line_1_58' title="bbox 2025 436 3585 507; baseline -0.002 -15"><span class='ocrx_word' id='word_1_379' title='bbox 2025 440 2243 492; x_wconf 79' lang='lat' dir='ltr'><strong>sostomi</strong></span> <span class='ocrx_word' id='word_1_380' title='bbox 2271 480 2284 499; x_wconf 83' lang='lat'><strong>,</strong></span> <span class='ocrx_word' id='word_1_381' title='bbox 2316 436 2458 507; x_wconf 85' lang='lat' dir='ltr'><strong>quas</strong></span> <span class='ocrx_word' id='word_1_382' title='bbox 2506 438 2697 505; x_wconf 87' lang='lat' dir='ltr'><strong>injuste</strong></span> <span class='ocrx_word' id='word_1_383' title='bbox 2742 447 2795 491; x_wconf 90' lang='lat' dir='ltr'><strong>et</strong></span> <span class='ocrx_word' id='word_1_384' title='bbox 2856 436 3213 507; x_wconf 75' lang='lat' dir='ltr'><strong>inhumaniter</strong></span> <span class='ocrx_word' id='word_1_385' title='bbox 3266 438 3316 489; x_wconf 91' lang='lat' dir='ltr'><strong>in</strong></span> <span class='ocrx_word' id='word_1_386' title='bbox 3367 436 3585 490; x_wconf 76' lang='lat' dir='ltr'><strong>exilium</strong></span> 
     </span>
    </p>
   </div>
   <div class='ocr_carea' id='block_1_59' title="bbox 2025 505 3584 574">
    <p class='ocr_par' dir='ltr' id='par_1_59' title="bbox 2025 505 3584 574">
     <span class='ocr_line' id='line_1_59' title="bbox 2025 505 3584 574; baseline -0.001 -12"><span class='ocrx_word' id='word_1_387' title='bbox 2025 510 2217 562; x_wconf 89' lang='lat' dir='ltr'><strong>missus</strong></span> <span class='ocrx_word' id='word_1_388' title='bbox 2243 509 2305 561; x_wconf 91' lang='lat' dir='ltr'><strong>ad</strong></span> <span class='ocrx_word' id='word_1_389' title='bbox 2337 505 2508 561; x_wconf 82' lang='lat' dir='ltr'><strong>varios</strong></span> <span class='ocrx_word' id='word_1_390' title='bbox 2533 508 2781 574; x_wconf 87' lang='lat' dir='ltr'><strong>scripsit:</strong></span> <span class='ocrx_word' id='word_1_391' title='bbox 2816 508 2865 559; x_wconf 91' lang='lat' dir='ltr'><strong>in</strong></span> <span class='ocrx_word' id='word_1_392' title='bbox 2907 506 3098 574; x_wconf 85' lang='lat' dir='ltr'><strong>quibus</strong></span> <span class='ocrx_word' id='word_1_393' title='bbox 3142 505 3297 572; x_wconf 80' lang='lat' dir='ltr'><strong>longe</strong></span> <span class='ocrx_word' id='word_1_394' title='bbox 3343 507 3584 560; x_wconf 84' lang='lat' dir='ltr'><strong>utiliores</strong></span> 
     </span>
    </p>
   </div>
   <div class='ocr_carea' id='block_1_60' title="bbox 2026 574 3584 646">
    <p class='ocr_par' dir='ltr' id='par_1_60' title="bbox 2026 574 3584 646">
     <span class='ocr_line' id='line_1_60' title="bbox 2026 574 3584 646; baseline -0.003 -15"><span class='ocrx_word' id='word_1_395' title='bbox 2026 588 2148 631; x_wconf 92' lang='lat' dir='ltr'><strong>sunt</strong></span> <span class='ocrx_word' id='word_1_396' title='bbox 2183 593 2280 640; x_wconf 72' lang='lat' dir='ltr'><strong>eae,</strong></span> <span class='ocrx_word' id='word_1_397' title='bbox 2315 593 2446 645; x_wconf 90' lang='lat' dir='ltr'><strong>quas</strong></span> <span class='ocrx_word' id='word_1_398' title='bbox 2473 577 2537 629; x_wconf 90' lang='lat' dir='ltr'><strong>ad</strong></span> <span class='ocrx_word' id='word_1_399' title='bbox 2563 577 2845 645; x_wconf 87' lang='lat' dir='ltr'><strong>piissimam</strong></span> <span class='ocrx_word' id='word_1_400' title='bbox 2866 574 3584 646; x_wconf 86' lang='lat' dir='ltr'><strong>Olympiademdiaconissam</strong></span> 
     </span>
    </p>
   </div>
   <div class='ocr_carea' id='block_1_61' title="bbox 2028 645 3583 715">
    <p class='ocr_par' dir='ltr' id='par_1_61' title="bbox 2028 645 3583 715">
     <span class='ocr_line' id='line_1_61' title="bbox 2028 645 3583 715; baseline -0.003 -14"><span class='ocrx_word' id='word_1_401' title='bbox 2028 646 2404 715; x_wconf 80' lang='lat' dir='ltr'><strong>septemdecim</strong></span> <span class='ocrx_word' id='word_1_402' title='bbox 2451 662 2672 699; x_wconf 86' lang='lat' dir='ltr'><strong>numero</strong></span> <span class='ocrx_word' id='word_1_403' title='bbox 2717 645 2947 715; x_wconf 83' lang='lat' dir='ltr'><strong>scripsit,</strong></span> <span class='ocrx_word' id='word_1_404' title='bbox 2988 654 3039 699; x_wconf 88' lang='lat' dir='ltr'><strong>et</strong></span> <span class='ocrx_word' id='word_1_405' title='bbox 3074 645 3137 697; x_wconf 88' lang='lat' dir='ltr'><strong>ad</strong></span> <span class='ocrx_word' id='word_1_406' title='bbox 3169 645 3533 699; x_wconf 83' lang='lat' dir='ltr'><strong>Innocentium</strong></span> <span class='ocrx_word' id='word_1_407' title='bbox 3569 685 3583 706; x_wconf 90' lang='lat'><strong>,</strong></span> 
     </span>
    </p>
   </div>
   <div class='ocr_carea' id='block_1_62' title="bbox 2028 715 3587 785">
    <p class='ocr_par' dir='ltr' id='par_1_62' title="bbox 2028 715 3587 785">
     <span class='ocr_line' id='line_1_62' title="bbox 2028 715 3587 785; baseline 0 -17"><span class='ocrx_word' id='word_1_408' title='bbox 2028 717 2327 785; x_wconf 78' lang='lat' dir='ltr'><strong>pontificem</strong></span> <span class='ocrx_word' id='word_1_409' title='bbox 2373 732 2647 770; x_wconf 88' lang='lat' dir='ltr'><strong>romanum</strong></span> <span class='ocrx_word' id='word_1_410' title='bbox 2679 733 2692 768; x_wconf 88' lang='lat'>:</span> <span class='ocrx_word' id='word_1_411' title='bbox 2726 716 2778 768; x_wconf 92' lang='lat' dir='ltr'><strong>in</strong></span> <span class='ocrx_word' id='word_1_412' title='bbox 2809 716 2999 783; x_wconf 83' lang='lat' dir='ltr'><strong>quibus</strong></span> <span class='ocrx_word' id='word_1_413' title='bbox 3051 715 3208 768; x_wconf 89' lang='lat' dir='ltr'><strong>etiam</strong></span> <span class='ocrx_word' id='word_1_414' title='bbox 3240 730 3587 785; x_wconf 66' lang='lat' dir='ltr'><strong>quaecumque</strong></span> 
     </span>
    </p>
   </div>
   <div class='ocr_carea' id='block_1_63' title="bbox 2028 783 3588 855">
    <p class='ocr_par' dir='ltr' id='par_1_63' title="bbox 2028 783 3588 855">
     <span class='ocr_line' id='line_1_63' title="bbox 2028 783 3588 855; baseline -0.003 -15"><span class='ocrx_word' id='word_1_415' title='bbox 2028 783 2263 855; x_wconf 82' lang='lat' dir='ltr'><strong>pertulit,</strong></span> <span class='ocrx_word' id='word_1_416' title='bbox 2292 797 2544 852; x_wconf 85' lang='lat' dir='ltr'><strong>quantum</strong></span> <span class='ocrx_word' id='word_1_417' title='bbox 2576 801 2666 852; x_wconf 89' lang='lat' dir='ltr'><strong>per</strong></span> <span class='ocrx_word' id='word_1_418' title='bbox 2693 786 2968 854; x_wconf 80' lang='lat' dir='ltr'><strong>epistolam</strong></span> <span class='ocrx_word' id='word_1_419' title='bbox 2998 783 3588 855; x_wconf 70' lang='lat' dir='ltr'><strong>licet,enarrat._Utitnr</strong></span> 
     </span>
    </p>
   </div>
   <div class='ocr_carea' id='block_1_64' title="bbox 2027 853 3587 924">
    <p class='ocr_par' dir='ltr' id='par_1_64' title="bbox 2027 853 3587 924">
     <span class='ocr_line' id='line_1_64' title="bbox 2027 853 3587 924; baseline -0.003 -15"><span class='ocrx_word' id='word_1_420' title='bbox 2027 853 2186 909; x_wconf 84' lang='lat' dir='ltr'><strong>etiam</strong></span> <span class='ocrx_word' id='word_1_421' title='bbox 2220 857 2271 909; x_wconf 93' lang='lat' dir='ltr'><strong>in</strong></span> <span class='ocrx_word' id='word_1_422' title='bbox 2319 856 2400 909; x_wconf 91' lang='lat' dir='ltr'><strong>his</strong></span> <span class='ocrx_word' id='word_1_423' title='bbox 2450 855 2688 924; x_wconf 80' lang='lat' dir='ltr'><strong>epistolis</strong></span> <span class='ocrx_word' id='word_1_424' title='bbox 2731 853 2927 908; x_wconf 86' lang='lat' dir='ltr'><strong>usitata</strong></span> <span class='ocrx_word' id='word_1_425' title='bbox 2979 853 3075 905; x_wconf 87' lang='lat' dir='ltr'><strong>sibi</strong></span> <span class='ocrx_word' id='word_1_426' title='bbox 3115 853 3324 924; x_wconf 76' lang='lat' dir='ltr'><strong>dicendi</strong></span> <span class='ocrx_word' id='word_1_427' title='bbox 3384 853 3587 924; x_wconf 68' lang='lat' dir='ltr'><strong>forma:</strong></span> 
     </span>
    </p>
   </div>
   <div class='ocr_carea' id='block_1_65' title="bbox 2027 921 3590 992">
    <p class='ocr_par' dir='ltr' id='par_1_65' title="bbox 2027 921 3590 992">
     <span class='ocr_line' id='line_1_65' title="bbox 2027 921 3590 992; baseline -0.004 -13"><span class='ocrx_word' id='word_1_428' title='bbox 2027 927 2202 979; x_wconf 90' lang='lat' dir='ltr'><strong>clarus</strong></span> <span class='ocrx_word' id='word_1_429' title='bbox 2227 928 2367 978; x_wconf 86' lang='lat' dir='ltr'><strong>enim</strong></span> <span class='ocrx_word' id='word_1_430' title='bbox 2411 921 2498 978; x_wconf 81' lang='lat' dir='ltr'><strong>est</strong></span> <span class='ocrx_word' id='word_1_431' title='bbox 2529 932 2686 992; x_wconf 85' lang='lat' dir='ltr'><strong>atque</strong></span> <span class='ocrx_word' id='word_1_432' title='bbox 2726 924 3033 991; x_wconf 87' lang='lat' dir='ltr'><strong>perspicuus</strong></span> <span class='ocrx_word' id='word_1_433' title='bbox 3063 934 3218 988; x_wconf 84' lang='lat' dir='ltr'><strong>atque</strong></span> <span class='ocrx_word' id='word_1_434' title='bbox 3246 921 3495 976; x_wconf 83' lang='lat' dir='ltr'><strong>ﬂoridus.</strong></span> <span class='ocrx_word' id='word_1_435' title='bbox 3537 931 3590 973; x_wconf 84' lang='lat' dir='ltr'><strong>et</strong></span> 
     </span>
    </p>
   </div>
   <div class='ocr_carea' id='block_1_66' title="bbox 2031 992 3587 1061">
    <p class='ocr_par' dir='ltr' id='par_1_66' title="bbox 2031 992 3587 1061">
     <span class='ocr_line' id='line_1_66' title="bbox 2031 992 3587 1061; baseline -0.002 -15"><span class='ocrx_word' id='word_1_436' title='bbox 2031 995 2281 1061; x_wconf 70' lang='lat' dir='ltr'><strong>Voluptati</strong></span> <span class='ocrx_word' id='word_1_437' title='bbox 2311 994 2658 1061; x_wconf 85' lang='lat' dir='ltr'><strong>persuadendi</strong></span> <span class='ocrx_word' id='word_1_438' title='bbox 2685 994 2787 1046; x_wconf 87' lang='lat' dir='ltr'><strong>vim</strong></span> <span class='ocrx_word' id='word_1_439' title='bbox 2810 993 2973 1047; x_wconf 86' lang='lat' dir='ltr'><strong>addit.</strong></span> <span class='ocrx_word' id='word_1_440' title='bbox 3003 992 3261 1045; x_wconf 67' lang='lat' dir='ltr'><strong>Casterunt</strong></span> <span class='ocrx_word' id='word_1_441' title='bbox 3288 994 3587 1045; x_wconf 69' lang='lat' dir='ltr'><strong>at&#39;CUl&#39;ﬂlltIS</strong></span> 
     </span>
    </p>
   </div>
   <div class='ocr_carea' id='block_1_67' title="bbox 2030 1061 3585 1133">
    <p class='ocr_par' dir='ltr' id='par_1_67' title="bbox 2030 1061 3585 1133">
     <span class='ocr_line' id='line_1_67' title="bbox 2030 1061 3585 1133; baseline -0.003 -16"><span class='ocrx_word' id='word_1_442' title='bbox 2030 1065 2242 1133; x_wconf 61' lang='lat' dir='ltr'><strong>scripta:</strong></span> <span class='ocrx_word' id='word_1_443' title='bbox 2265 1063 2510 1127; x_wconf 82' lang='lat' dir='ltr'><strong>videntur</strong></span> <span class='ocrx_word' id='word_1_444' title='bbox 2537 1064 2602 1116; x_wconf 84' lang='lat' dir='ltr'><strong>ad</strong></span> <span class='ocrx_word' id='word_1_445' title='bbox 2628 1062 2990 1133; x_wconf 83' lang='lat' dir='ltr'><strong>Olympiadem</strong></span> <span class='ocrx_word' id='word_1_446' title='bbox 3018 1061 3227 1120; x_wconf 73' lang='lat' dir='ltr'><strong>litterm,</strong></span> <span class='ocrx_word' id='word_1_447' title='bbox 3246 1064 3343 1115; x_wconf 86' lang='lat' dir='ltr'><strong>etsi</strong></span> <span class='ocrx_word' id='word_1_448' title='bbox 3375 1062 3437 1113; x_wconf 83' lang='lat' dir='ltr'><strong>ad</strong></span> <span class='ocrx_word' id='word_1_449' title='bbox 3472 1064 3552 1129; x_wconf 85' lang='lat' dir='ltr'><strong>epi</strong></span> <span class='ocrx_word' id='word_1_450' title='bbox 3576 1093 3585 1100; x_wconf 48' lang='lat'><strong>.</strong></span> 
     </span>
    </p>
   </div>
   <div class='ocr_carea' id='block_1_68' title="bbox 2031 1131 3589 1188">
    <p class='ocr_par' dir='ltr' id='par_1_68' title="bbox 2031 1131 3589 1188">
     <span class='ocr_line' id='line_1_68' title="bbox 2031 1131 3589 1188; baseline -0.002 -3"><span class='ocrx_word' id='word_1_451' title='bbox 2031 1131 2280 1187; x_wconf 82' lang='lat' dir='ltr'><strong>stolarem</strong></span> <span class='ocrx_word' id='word_1_452' title='bbox 2314 1133 2533 1186; x_wconf 81' lang='lat' dir='ltr'><strong>formam</strong></span> <span class='ocrx_word' id='word_1_453' title='bbox 2564 1148 2666 1186; x_wconf 93' lang='lat' dir='ltr'><strong>non</strong></span> <span class='ocrx_word' id='word_1_454' title='bbox 2698 1131 2775 1185; x_wconf 86' lang='lat' dir='ltr'><strong>ita</strong></span> <span class='ocrx_word' id='word_1_455' title='bbox 2813 1131 3141 1186; x_wconf 71' lang='lat' dir='ltr'><strong>eoncinnata:</strong></span> <span class='ocrx_word' id='word_1_456' title='bbox 3168 1142 3309 1188; x_wconf 85' lang='lat' dir='ltr'><strong>sunt.</strong></span> <span class='ocrx_word' id='word_1_457' title='bbox 3335 1148 3506 1184; x_wconf 85' lang='lat' dir='ltr'><strong>rerum</strong></span> <span class='ocrx_word' id='word_1_458' title='bbox 3537 1142 3589 1185; x_wconf 89' lang='lat' dir='ltr'><strong>et</strong></span> 
     </span>
    </p>
   </div>
   <div class='ocr_carea' id='block_1_69' title="bbox 2032 1192 3587 1271">
    <p class='ocr_par' dir='ltr' id='par_1_69' title="bbox 2032 1192 3587 1271">
     <span class='ocr_line' id='line_1_69' title="bbox 2032 1192 3587 1271; baseline 0 -16"><span class='ocrx_word' id='word_1_459' title='bbox 2032 1205 2357 1271; x_wconf 76' lang='lat' dir='ltr'><strong>negotiorum</strong></span> <span class='ocrx_word' id='word_1_460' title='bbox 2386 1192 2687 1256; x_wconf 80' lang='lat' dir='ltr'><strong>conditione</strong></span> <span class='ocrx_word' id='word_1_461' title='bbox 2712 1202 2997 1255; x_wconf 87' lang='lat' dir='ltr'><strong>dictionum</strong></span> <span class='ocrx_word' id='word_1_462' title='bbox 3037 1200 3137 1271; x_wconf 64' lang='lat' dir='ltr'><strong>legi</strong></span> <span class='ocrx_word' id='word_1_463' title='bbox 3177 1202 3278 1253; x_wconf 86' lang='lat' dir='ltr'><strong>vim</strong></span> <span class='ocrx_word' id='word_1_464' title='bbox 3311 1202 3587 1271; x_wconf 81' lang='lat' dir='ltr'><strong>inferente.</strong></span> 
     </span>
    </p>
   </div>
   <div class='ocr_carea' id='block_1_70' title="bbox 2103 1269 3590 1340">
    <p class='ocr_par' dir='ltr' id='par_1_70' title="bbox 2103 1269 3590 1340">
     <span class='ocr_line' id='line_1_70' title="bbox 2103 1269 3590 1340; baseline 0 -16"><span class='ocrx_word' id='word_1_465' title='bbox 2103 1269 2140 1295; x_wconf 77' lang='lat'>“</span> <span class='ocrx_word' id='word_1_466' title='bbox 2167 1272 2261 1325; x_wconf 93' lang='lat' dir='ltr'><strong>llic</strong></span> <span class='ocrx_word' id='word_1_467' title='bbox 2304 1282 2479 1326; x_wconf 91' lang='lat' dir='ltr'><strong>autem</strong></span> <span class='ocrx_word' id='word_1_468' title='bbox 2526 1273 2698 1340; x_wconf 87' lang='lat' dir='ltr'><strong>potius</strong></span> <span class='ocrx_word' id='word_1_469' title='bbox 2750 1269 3332 1340; x_wconf 40' lang='lat' dir='ltr'><strong>(BasiliusSeleueia‘)</strong></span> <span class='ocrx_word' id='word_1_470' title='bbox 3388 1272 3590 1324; x_wconf 82' lang='lat' dir='ltr'><strong>videtur</strong></span> 
     </span>
    </p>
   </div>
   <div class='ocr_carea' id='block_1_71' title="bbox 2030 1339 3589 1412">
    <p class='ocr_par' dir='ltr' id='par_1_71' title="bbox 2030 1339 3589 1412">
     <span class='ocr_line' id='line_1_71' title="bbox 2030 1339 3589 1412; baseline -0.004 -16"><span class='ocrx_word' id='word_1_471' title='bbox 2030 1356 2149 1396; x_wconf 89' lang='lat' dir='ltr'><strong>esse</strong></span> <span class='ocrx_word' id='word_1_472' title='bbox 2182 1343 2252 1412; x_wconf 82' lang='grc' dir='ltr'><strong>(ὁ)</strong></span> <span class='ocrx_word' id='word_1_473' title='bbox 2276 1384 2288 1403; x_wconf 82' lang='grc'><em>,</em></span> <span class='ocrx_word' id='word_1_474' title='bbox 2319 1356 2475 1409; x_wconf 87' lang='lat' dir='ltr'><strong>quam</strong></span> <span class='ocrx_word' id='word_1_475' title='bbox 2508 1339 2725 1412; x_wconf 81' lang='lat' dir='ltr'><strong>magnus</strong></span> <span class='ocrx_word' id='word_1_476' title='bbox 2771 1341 2857 1412; x_wconf 85' lang='lat' dir='ltr'><strong>ille</strong></span> <span class='ocrx_word' id='word_1_477' title='bbox 2904 1339 3143 1412; x_wconf 52' lang='lat' dir='ltr'><strong>Basilius,</strong></span> <span class='ocrx_word' id='word_1_478' title='bbox 3189 1339 3441 1412; x_wconf 59' lang='lat' dir='ltr'><strong>Caesarea:</strong></span> <span class='ocrx_word' id='word_1_479' title='bbox 3475 1343 3589 1407; x_wconf 87' lang='lat' dir='ltr'><strong>epi-</strong></span> 
     </span>
    </p>
   </div>
   <div class='ocr_carea' id='block_1_72' title="bbox 2031 1408 3590 1478">
    <p class='ocr_par' dir='ltr' id='par_1_72' title="bbox 2031 1408 3590 1478">
     <span class='ocr_line' id='line_1_72' title="bbox 2031 1408 3590 1478; baseline 0 -14"><span class='ocrx_word' id='word_1_480' title='bbox 2031 1408 2261 1478; x_wconf 51' lang='lat' dir='ltr'><strong>scopus,</strong></span> <span class='ocrx_word' id='word_1_481' title='bbox 2313 1408 2615 1465; x_wconf 68' lang='lat' dir='ltr'><strong>beatissimi</strong></span> <span class='ocrx_word' id='word_1_482' title='bbox 2655 1410 2871 1464; x_wconf 84' lang='lat' dir='ltr'><strong>Joannis</strong></span> <span class='ocrx_word' id='word_1_483' title='bbox 2909 1408 3267 1477; x_wconf 81' lang='lat' dir='ltr'><strong>Chrysostomi</strong></span> <span class='ocrx_word' id='word_1_484' title='bbox 3311 1411 3511 1463; x_wconf 90' lang='lat' dir='ltr'><strong>amicus</strong></span> <span class='ocrx_word' id='word_1_485' title='bbox 3540 1420 3590 1464; x_wconf 86' lang='lat' dir='ltr'><strong>et</strong></span> 
     </span>
    </p>
   </div>
   <div class='ocr_carea' id='block_1_73' title="bbox 2032 1478 3591 1549">
    <p class='ocr_par' dir='ltr' id='par_1_73' title="bbox 2032 1478 3591 1549">
     <span class='ocr_line' id='line_1_73' title="bbox 2032 1478 3591 1549; baseline 0 -16"><span class='ocrx_word' id='word_1_486' title='bbox 2032 1480 2425 1535; x_wconf 86' lang='lat' dir='ltr'><strong>contubernalis</strong></span> <span class='ocrx_word' id='word_1_487' title='bbox 2446 1522 2461 1543; x_wconf 89' lang='lat'><strong>,</strong></span> <span class='ocrx_word' id='word_1_488' title='bbox 2504 1480 2568 1534; x_wconf 90' lang='lat' dir='ltr'><strong>ad</strong></span> <span class='ocrx_word' id='word_1_489' title='bbox 2606 1495 2761 1549; x_wconf 88' lang='lat' dir='ltr'><strong>quem</strong></span> <span class='ocrx_word' id='word_1_490' title='bbox 2792 1480 2945 1532; x_wconf 90' lang='lat' dir='ltr'><strong>etiam</strong></span> <span class='ocrx_word' id='word_1_491' title='bbox 2974 1479 3162 1532; x_wconf 85' lang='lat' dir='ltr'><strong>librum</strong></span> <span class='ocrx_word' id='word_1_492' title='bbox 3193 1478 3258 1533; x_wconf 89' lang='lat' dir='ltr'><strong>de</strong></span> <span class='ocrx_word' id='word_1_493' title='bbox 3284 1478 3591 1533; x_wconf 61' lang='lat' dir='ltr'><strong>Sactrrdmio</strong></span> 
     </span>
    </p>
   </div>
   <div class='ocr_carea' id='block_1_74' title="bbox 2030 1548 3591 1618">
    <p class='ocr_par' dir='ltr' id='par_1_74' title="bbox 2030 1548 3591 1618">
     <span class='ocr_line' id='line_1_74' title="bbox 2030 1548 3591 1618; baseline 0 -15"><span class='ocrx_word' id='word_1_494' title='bbox 2030 1550 2345 1618; x_wconf 88' lang='lat' dir='ltr'><strong>composuit.</strong></span> <span class='ocrx_word' id='word_1_495' title='bbox 2391 1550 2544 1603; x_wconf 81' lang='lat' dir='ltr'><strong>Multa</strong></span> <span class='ocrx_word' id='word_1_496' title='bbox 2591 1551 2732 1603; x_wconf 90' lang='lat' dir='ltr'><strong>enim</strong></span> <span class='ocrx_word' id='word_1_497' title='bbox 2778 1551 2995 1617; x_wconf 77' lang='lat' dir='ltr'><strong>vestigia</strong></span> <span class='ocrx_word' id='word_1_498' title='bbox 3037 1548 3176 1602; x_wconf 90' lang='lat' dir='ltr'><strong>illius</strong></span> <span class='ocrx_word' id='word_1_499' title='bbox 3203 1564 3505 1601; x_wconf 85' lang='lat' dir='ltr'><strong>sermonum</strong></span> <span class='ocrx_word' id='word_1_500' title='bbox 3536 1561 3591 1603; x_wconf 90' lang='lat' dir='ltr'><strong>et</strong></span> 
     </span>
    </p>
   </div>
   <div class='ocr_carea' id='block_1_75' title="bbox 2032 1618 3591 1685">
    <p class='ocr_par' dir='ltr' id='par_1_75' title="bbox 2032 1618 3591 1685">
     <span class='ocr_line' id='line_1_75' title="bbox 2032 1618 3591 1685; baseline -0.001 -13"><span class='ocrx_word' id='word_1_501' title='bbox 2032 1620 2434 1680; x_wconf 83' lang='lat' dir='ltr'><strong>sententiarum,</strong></span> <span class='ocrx_word' id='word_1_502' title='bbox 2460 1620 2508 1671; x_wconf 93' lang='lat' dir='ltr'><strong>in</strong></span> <span class='ocrx_word' id='word_1_503' title='bbox 2550 1619 2614 1672; x_wconf 90' lang='lat' dir='ltr'><strong>iis</strong></span> <span class='ocrx_word' id='word_1_504' title='bbox 2639 1618 2865 1672; x_wconf 74' lang='lat' dir='ltr'><strong>maxime</strong></span> <span class='ocrx_word' id='word_1_505' title='bbox 2906 1633 3022 1685; x_wconf 63' lang='lat' dir='ltr'><strong>qua:</strong></span> <span class='ocrx_word' id='word_1_506' title='bbox 3050 1629 3285 1682; x_wconf 86' lang='lat' dir='ltr'><strong>spectant</strong></span> <span class='ocrx_word' id='word_1_507' title='bbox 3334 1618 3396 1670; x_wconf 91' lang='lat' dir='ltr'><strong>ad</strong></span> <span class='ocrx_word' id='word_1_508' title='bbox 3447 1620 3591 1673; x_wconf 88' lang='lat' dir='ltr'><strong>Seri-</strong></span> 
     </span>
    </p>
   </div>
   <div class='ocr_carea' id='block_1_76' title="bbox 2035 1687 3588 1756">
    <p class='ocr_par' dir='ltr' id='par_1_76' title="bbox 2035 1687 3588 1756">
     <span class='ocr_line' id='line_1_76' title="bbox 2035 1687 3588 1756; baseline 0.001 -17"><span class='ocrx_word' id='word_1_509' title='bbox 2035 1701 2239 1756; x_wconf 86' lang='lat' dir='ltr'><strong>pturam</strong></span> <span class='ocrx_word' id='word_1_510' title='bbox 2289 1703 2514 1749; x_wconf 89' lang='lat' dir='ltr'><strong>sacram,</strong></span> <span class='ocrx_word' id='word_1_511' title='bbox 2553 1689 2604 1741; x_wconf 92' lang='lat' dir='ltr'><strong>in</strong></span> <span class='ocrx_word' id='word_1_512' title='bbox 2650 1688 2826 1741; x_wconf 87' lang='lat' dir='ltr'><strong>Basilii</strong></span> <span class='ocrx_word' id='word_1_513' title='bbox 2869 1687 3196 1740; x_wconf 85' lang='lat' dir='ltr'><strong>orationibus</strong></span> <span class='ocrx_word' id='word_1_514' title='bbox 3242 1700 3588 1755; x_wconf 80' lang='lat' dir='ltr'><strong>comparent:</strong></span> 
     </span>
    </p>
   </div>
   <div class='ocr_carea' id='block_1_77' title="bbox 2034 1756 3593 1825">
    <p class='ocr_par' dir='ltr' id='par_1_77' title="bbox 2034 1756 3593 1825">
     <span class='ocr_line' id='line_1_77' title="bbox 2034 1756 3593 1825; baseline 0.001 -14"><span class='ocrx_word' id='word_1_515' title='bbox 2034 1768 2253 1821; x_wconf 77' lang='lat' dir='ltr'><strong>uterque</strong></span> <span class='ocrx_word' id='word_1_516' title='bbox 2295 1758 2433 1811; x_wconf 90' lang='lat' dir='ltr'><strong>enim</strong></span> <span class='ocrx_word' id='word_1_517' title='bbox 2489 1759 2538 1810; x_wconf 93' lang='lat' dir='ltr'><strong>iu</strong></span> <span class='ocrx_word' id='word_1_518' title='bbox 2597 1758 2781 1811; x_wconf 88' lang='lat' dir='ltr'><strong>eodem</strong></span> <span class='ocrx_word' id='word_1_519' title='bbox 2830 1757 3222 1825; x_wconf 75' lang='lat' dir='ltr'><strong>disciplinarum</strong></span> <span class='ocrx_word' id='word_1_520' title='bbox 3274 1756 3418 1811; x_wconf 85' lang='lat' dir='ltr'><strong>fonte</strong></span> <span class='ocrx_word' id='word_1_521' title='bbox 3475 1775 3593 1824; x_wconf 65' lang='lat' dir='ltr'><strong>quae</strong></span> 
     </span>
    </p>
   </div>
   <div class='ocr_carea' id='block_1_78' title="bbox 2035 1826 3595 1896">
    <p class='ocr_par' dir='ltr' id='par_1_78' title="bbox 2035 1826 3595 1896">
     <span class='ocr_line' id='line_1_78' title="bbox 2035 1826 3595 1896; baseline 0.002 -18"><span class='ocrx_word' id='word_1_522' title='bbox 2035 1829 2177 1881; x_wconf 88' lang='lat' dir='ltr'><strong>utilia</strong></span> <span class='ocrx_word' id='word_1_523' title='bbox 2218 1838 2368 1880; x_wconf 87' lang='lat' dir='ltr'><strong>erant</strong></span> <span class='ocrx_word' id='word_1_524' title='bbox 2414 1827 2604 1880; x_wconf 89' lang='lat' dir='ltr'><strong>hausit.</strong></span> <span class='ocrx_word' id='word_1_525' title='bbox 2647 1828 2714 1880; x_wconf 87' lang='lat' dir='ltr'><strong>Et</strong></span> <span class='ocrx_word' id='word_1_526' title='bbox 2767 1828 3045 1894; x_wconf 79' lang='lat' dir='ltr'><strong>ﬁgurarum</strong></span> <span class='ocrx_word' id='word_1_527' title='bbox 3072 1826 3160 1896; x_wconf 80' lang='lat' dir='ltr'><strong>ille</strong></span> <span class='ocrx_word' id='word_1_528' title='bbox 3191 1828 3522 1896; x_wconf 84' lang='lat' dir='ltr'><strong>emphaticus</strong></span> <span class='ocrx_word' id='word_1_529' title='bbox 3543 1839 3595 1881; x_wconf 88' lang='lat' dir='ltr'><strong>et</strong></span> 
     </span>
    </p>
   </div>
   <div class='ocr_carea' id='block_1_79' title="bbox 2038 1895 3596 1961">
    <p class='ocr_par' dir='ltr' id='par_1_79' title="bbox 2038 1895 3596 1961">
     <span class='ocr_line' id='line_1_79' title="bbox 2038 1895 3596 1961; baseline -0.001 -11"><span class='ocrx_word' id='word_1_530' title='bbox 2038 1898 2313 1950; x_wconf 81' lang='lat' dir='ltr'><strong>familiaris</strong></span> <span class='ocrx_word' id='word_1_531' title='bbox 2344 1912 2471 1950; x_wconf 91' lang='lat' dir='ltr'><strong>usus</strong></span> <span class='ocrx_word' id='word_1_532' title='bbox 2506 1897 2901 1950; x_wconf 83' lang='lat' dir='ltr'><strong>consuetudinis</strong></span> <span class='ocrx_word' id='word_1_533' title='bbox 2930 1912 3047 1949; x_wconf 91' lang='lat' dir='ltr'><strong>eum</strong></span> <span class='ocrx_word' id='word_1_534' title='bbox 3093 1895 3312 1961; x_wconf 86' lang='lat' dir='ltr'><strong>Joanne,</strong></span> <span class='ocrx_word' id='word_1_535' title='bbox 3342 1908 3393 1949; x_wconf 88' lang='lat' dir='ltr'><strong>et</strong></span> <span class='ocrx_word' id='word_1_536' title='bbox 3415 1897 3596 1949; x_wconf 90' lang='lat' dir='ltr'><strong>lectio-</strong></span> 
     </span>
    </p>
   </div>
   <div class='ocr_carea' id='block_1_80' title="bbox 2035 1967 3597 2034">
    <p class='ocr_par' dir='ltr' id='par_1_80' title="bbox 2035 1967 3597 2034">
     <span class='ocr_line' id='line_1_80' title="bbox 2035 1967 3597 2034; baseline 0 -14"><span class='ocrx_word' id='word_1_537' title='bbox 2035 1969 2115 2020; x_wconf 91' lang='lat' dir='ltr'><strong>nis</strong></span> <span class='ocrx_word' id='word_1_538' title='bbox 2161 1968 2274 2034; x_wconf 71' lang='lat' dir='ltr'><strong>ejns</strong></span> <span class='ocrx_word' id='word_1_539' title='bbox 2314 1983 2529 2034; x_wconf 86' lang='lat' dir='ltr'><strong>operum</strong></span> <span class='ocrx_word' id='word_1_540' title='bbox 2575 1967 2707 2019; x_wconf 89' lang='lat' dir='ltr'><strong>haud</strong></span> <span class='ocrx_word' id='word_1_541' title='bbox 2752 1968 2869 2020; x_wconf 87' lang='lat' dir='ltr'><strong>leve</strong></span> <span class='ocrx_word' id='word_1_542' title='bbox 2897 1978 2978 2019; x_wconf 86' lang='lat' dir='ltr'><strong>est</strong></span> <span class='ocrx_word' id='word_1_543' title='bbox 3003 1977 3386 2033; x_wconf 81' lang='lat' dir='ltr'><strong>argumentum.</strong></span> <span class='ocrx_word' id='word_1_544' title='bbox 3422 1967 3597 2021; x_wconf 88' lang='lat' dir='ltr'><strong>Utitur</strong></span> 
     </span>
    </p>
   </div>
   <div class='ocr_carea' id='block_1_81' title="bbox 2033 2035 3595 2103">
    <p class='ocr_par' dir='ltr' id='par_1_81' title="bbox 2033 2035 3595 2103">
     <span class='ocr_line' id='line_1_81' title="bbox 2033 2035 3595 2103; baseline 0.001 -15"><span class='ocrx_word' id='word_1_545' title='bbox 2033 2037 2173 2089; x_wconf 89' lang='lat' dir='ltr'><strong>enim</strong></span> <span class='ocrx_word' id='word_1_546' title='bbox 2204 2038 2267 2089; x_wconf 91' lang='lat' dir='ltr'><strong>iis</strong></span> <span class='ocrx_word' id='word_1_547' title='bbox 2297 2038 2452 2090; x_wconf 89' lang='lat' dir='ltr'><strong>etiam</strong></span> <span class='ocrx_word' id='word_1_548' title='bbox 2503 2037 2710 2089; x_wconf 84' lang='lat' dir='ltr'><strong>divinus</strong></span> <span class='ocrx_word' id='word_1_549' title='bbox 2754 2038 2840 2089; x_wconf 89' lang='lat' dir='ltr'><strong>ille</strong></span> <span class='ocrx_word' id='word_1_550' title='bbox 2870 2035 2966 2094; x_wconf 88' lang='lat' dir='ltr'><strong>vir,</strong></span> <span class='ocrx_word' id='word_1_551' title='bbox 2992 2035 3114 2087; x_wconf 85' lang='lat' dir='ltr'><strong>licet</strong></span> <span class='ocrx_word' id='word_1_552' title='bbox 3159 2043 3513 2103; x_wconf 83' lang='lat' dir='ltr'><strong>temperanter</strong></span> <span class='ocrx_word' id='word_1_553' title='bbox 3542 2049 3595 2091; x_wconf 88' lang='lat' dir='ltr'><strong>et</strong></span> 
     </span>
    </p>
   </div>
   <div class='ocr_carea' id='block_1_82' title="bbox 2034 2105 3592 2175">
    <p class='ocr_par' dir='ltr' id='par_1_82' title="bbox 2034 2105 3592 2175">
     <span class='ocr_line' id='line_1_82' title="bbox 2034 2105 3592 2175; baseline 0 -17"><span class='ocrx_word' id='word_1_554' title='bbox 2034 2115 2348 2175; x_wconf 88' lang='lat' dir='ltr'><strong>opportune,</strong></span> <span class='ocrx_word' id='word_1_555' title='bbox 2390 2114 2443 2159; x_wconf 88' lang='lat' dir='ltr'><strong>et</strong></span> <span class='ocrx_word' id='word_1_556' title='bbox 2488 2105 2672 2159; x_wconf 78' lang='lat' dir='ltr'><strong>fastum</strong></span> <span class='ocrx_word' id='word_1_557' title='bbox 2700 2107 2785 2174; x_wconf 91' lang='lat' dir='ltr'><strong>qui</strong></span> <span class='ocrx_word' id='word_1_558' title='bbox 2817 2121 2879 2161; x_wconf 80' lang='lat' dir='ltr'><strong>ex</strong></span> <span class='ocrx_word' id='word_1_559' title='bbox 2910 2106 3010 2157; x_wconf 86' lang='lat' dir='ltr'><strong>illis</strong></span> <span class='ocrx_word' id='word_1_560' title='bbox 3063 2106 3313 2175; x_wconf 79' lang='lat' dir='ltr'><strong>nascitur,</strong></span> <span class='ocrx_word' id='word_1_561' title='bbox 3342 2107 3592 2173; x_wconf 88' lang='lat' dir='ltr'><strong>simplici-</strong></span> 
     </span>
    </p>
   </div>
   <div class='ocr_carea' id='block_1_83' title="bbox 2036 2174 3597 2243">
    <p class='ocr_par' dir='ltr' id='par_1_83' title="bbox 2036 2174 3597 2243">
     <span class='ocr_line' id='line_1_83' title="bbox 2036 2174 3597 2243; baseline 0.001 -15"><span class='ocrx_word' id='word_1_562' title='bbox 2036 2174 2143 2228; x_wconf 76' lang='lat' dir='ltr'><strong>tate</strong></span> <span class='ocrx_word' id='word_1_563' title='bbox 2172 2183 2428 2242; x_wconf 88' lang='lat' dir='ltr'><strong>temperat</strong></span> <span class='ocrx_word' id='word_1_564' title='bbox 2455 2186 2509 2229; x_wconf 91' lang='lat' dir='ltr'><strong>et</strong></span> <span class='ocrx_word' id='word_1_565' title='bbox 2536 2177 2744 2243; x_wconf 83' lang='lat' dir='ltr'><strong>ingenio</strong></span> <span class='ocrx_word' id='word_1_566' title='bbox 2772 2175 2993 2237; x_wconf 89' lang='lat' dir='ltr'><strong>emollit,</strong></span> <span class='ocrx_word' id='word_1_567' title='bbox 3019 2183 3072 2227; x_wconf 91' lang='lat' dir='ltr'><strong>et</strong></span> <span class='ocrx_word' id='word_1_568' title='bbox 3099 2174 3389 2228; x_wconf 88' lang='lat' dir='ltr'><strong>orationem</strong></span> <span class='ocrx_word' id='word_1_569' title='bbox 3414 2186 3597 2229; x_wconf 73' lang='lat' dir='ltr'><strong>&#39;totam</strong></span> 
     </span>
    </p>
   </div>
   <div class='ocr_carea' id='block_1_84' title="bbox 2035 2244 2895 2299">
    <p class='ocr_par' dir='ltr' id='par_1_84' title="bbox 2035 2244 2895 2299">
     <span class='ocr_line' id='line_1_84' title="bbox 2035 2244 2895 2299; baseline -0.003 -1"><span class='ocrx_word' id='word_1_570' title='bbox 2035 2245 2173 2299; x_wconf 90' lang='lat' dir='ltr'><strong>civili</strong></span> <span class='ocrx_word' id='word_1_571' title='bbox 2205 2247 2433 2298; x_wconf 89' lang='lat' dir='ltr'><strong>sermoni</strong></span> <span class='ocrx_word' id='word_1_572' title='bbox 2466 2246 2689 2299; x_wconf 88' lang='lat' dir='ltr'><strong>similem</strong></span> <span class='ocrx_word' id='word_1_573' title='bbox 2718 2244 2895 2297; x_wconf 83' lang='lat' dir='ltr'><strong>ellicit.</strong></span> 
     </span>
    </p>
   </div>
   <div class='ocr_carea' id='block_1_85' title="bbox 2111 2313 3596 2384">
    <p class='ocr_par' dir='ltr' id='par_1_85' title="bbox 2111 2313 3596 2384">
     <span class='ocr_line' id='line_1_85' title="bbox 2111 2313 3596 2384; baseline -0.001 -17"><span class='ocrx_word' id='word_1_574' title='bbox 2212 2314 2431 2368; x_wconf 87' lang='lat' dir='ltr'><strong>Joannis</strong></span> <span class='ocrx_word' id='word_1_575' title='bbox 2452 2314 2835 2384; x_wconf 82' lang='lat' dir='ltr'><strong>Chrysostnmi,</strong></span> <span class='ocrx_word' id='word_1_576' title='bbox 2854 2329 2919 2367; x_wconf 89' lang='lat' dir='ltr'><strong>ex</strong></span> <span class='ocrx_word' id='word_1_577' title='bbox 2943 2313 3334 2369; x_wconf 86' lang='lat' dir='ltr'><strong>Commentario</strong></span> <span class='ocrx_word' id='word_1_578' title='bbox 3371 2316 3419 2369; x_wconf 90' lang='lat' dir='ltr'><strong>in</strong></span> <span class='ocrx_word' id='word_1_579' title='bbox 3444 2315 3596 2381; x_wconf 82' lang='lat' dir='ltr'><strong>Epis-</strong></span> 
     </span>
    </p>
   </div>
   <div class='ocr_carea' id='block_1_86' title="bbox 2037 2384 3596 2445">
    <p class='ocr_par' dir='ltr' id='par_1_86' title="bbox 2037 2384 3596 2445">
     <span class='ocr_line' id='line_1_86' title="bbox 2037 2384 3596 2445; baseline 0 -8"><span class='ocrx_word' id='word_1_580' title='bbox 2037 2385 2195 2437; x_wconf 89' lang='lat' dir='ltr'><strong>tolam</strong></span> <span class='ocrx_word' id='word_1_581' title='bbox 2224 2384 2289 2437; x_wconf 89' lang='lat' dir='ltr'><strong>ad</strong></span> <span class='ocrx_word' id='word_1_582' title='bbox 2320 2384 2556 2438; x_wconf 88' lang='lat' dir='ltr'><strong>Galatas.</strong></span> <span class='ocrx_word' id='word_1_583' title='bbox 2580 2387 2666 2437; x_wconf 89' lang='lat' dir='ltr'><strong>Ait</strong></span> <span class='ocrx_word' id='word_1_584' title='bbox 2692 2385 2801 2445; x_wconf 86' lang='lat' dir='ltr'><strong>ille,</strong></span> <span class='ocrx_word' id='word_1_585' title='bbox 2824 2398 2942 2437; x_wconf 92' lang='lat' dir='ltr'><strong>cum</strong></span> <span class='ocrx_word' id='word_1_586' title='bbox 2963 2384 3152 2438; x_wconf 89' lang='lat' dir='ltr'><strong>dicitur</strong></span> <span class='ocrx_word' id='word_1_587' title='bbox 3178 2387 3336 2439; x_wconf 85' lang='lat' dir='ltr'><strong>Deum</strong></span> <span class='ocrx_word' id='word_1_588' title='bbox 3370 2386 3596 2438; x_wconf 73' lang='lat' dir='ltr'><strong>Verbum</strong></span> 
     </span>
    </p>
   </div>
   <div class='ocr_carea' id='block_1_87' title="bbox 2037 2455 3595 2520">
    <p class='ocr_par' dir='ltr' id='par_1_87' title="bbox 2037 2455 3595 2520">
     <span class='ocr_line' id='line_1_87' title="bbox 2037 2455 3595 2520; baseline 0.001 -14"><span class='ocrx_word' id='word_1_589' title='bbox 2037 2455 2088 2507; x_wconf 91' lang='lat' dir='ltr'><strong>in</strong></span> <span class='ocrx_word' id='word_1_590' title='bbox 2136 2468 2294 2507; x_wconf 87' lang='lat' dir='ltr'><strong>carne</strong></span> <span class='ocrx_word' id='word_1_591' title='bbox 2328 2469 2537 2520; x_wconf 87' lang='lat' dir='ltr'><strong>passum</strong></span> <span class='ocrx_word' id='word_1_592' title='bbox 2564 2468 2700 2511; x_wconf 87' lang='lat' dir='ltr'><strong>esse.</strong></span> <span class='ocrx_word' id='word_1_593' title='bbox 2734 2469 2849 2509; x_wconf 89' lang='lat' dir='ltr'><strong>eam</strong></span> <span class='ocrx_word' id='word_1_594' title='bbox 2900 2469 3023 2508; x_wconf 75' lang='lat' dir='ltr'><strong>esse</strong></span> <span class='ocrx_word' id='word_1_595' title='bbox 3068 2456 3378 2510; x_wconf 84' lang='lat' dir='ltr'><strong>sententiam</strong></span> <span class='ocrx_word' id='word_1_596' title='bbox 3411 2455 3595 2508; x_wconf 86' lang='lat' dir='ltr'><strong>Eccle-</strong></span> 
     </span>
    </p>
   </div>
   <div class='ocr_carea' id='block_1_88' title="bbox 2037 2524 3597 2587">
    <p class='ocr_par' dir='ltr' id='par_1_88' title="bbox 2037 2524 3597 2587">
     <span class='ocr_line' id='line_1_88' title="bbox 2037 2524 3597 2587; baseline 0.001 -10"><span class='ocrx_word' id='word_1_597' title='bbox 2037 2525 2166 2587; x_wconf 64' lang='lat' dir='ltr'><strong>site;</strong></span> <span class='ocrx_word' id='word_1_598' title='bbox 2212 2536 2393 2576; x_wconf 89' lang='lat' dir='ltr'><strong>contra</strong></span> <span class='ocrx_word' id='word_1_599' title='bbox 2446 2537 2574 2577; x_wconf 83' lang='lat' dir='ltr'><strong>vero</strong></span> <span class='ocrx_word' id='word_1_600' title='bbox 2601 2524 2644 2577; x_wconf 90' lang='lat' dir='ltr'><strong>si</strong></span> <span class='ocrx_word' id='word_1_601' title='bbox 2670 2524 2874 2577; x_wconf 89' lang='lat' dir='ltr'><strong>dicatur</strong></span> <span class='ocrx_word' id='word_1_602' title='bbox 2895 2524 3038 2576; x_wconf 88' lang='lat' dir='ltr'><strong>illunt</strong></span> <span class='ocrx_word' id='word_1_603' title='bbox 3079 2524 3127 2576; x_wconf 94' lang='lat' dir='ltr'><strong>in</strong></span> <span class='ocrx_word' id='word_1_604' title='bbox 3159 2534 3341 2577; x_wconf 88' lang='lat' dir='ltr'><strong>natura</strong></span> <span class='ocrx_word' id='word_1_605' title='bbox 3374 2525 3597 2578; x_wconf 87' lang='lat' dir='ltr'><strong>Deitatis</strong></span> 
     </span>
    </p>
   </div>
   <div class='ocr_carea' id='block_1_89' title="bbox 2038 2593 3249 2663">
    <p class='ocr_par' dir='ltr' id='par_1_89' title="bbox 2038 2593 3249 2663">
     <span class='ocr_line' id='line_1_89' title="bbox 2038 2593 3249 2663; baseline -0.002 -16"><span class='ocrx_word' id='word_1_606' title='bbox 2038 2593 2162 2663; x_wconf 87' lang='lat' dir='ltr'><strong>pati,</strong></span> <span class='ocrx_word' id='word_1_607' title='bbox 2196 2593 2243 2647; x_wconf 91' lang='lat' dir='ltr'><strong>id</strong></span> <span class='ocrx_word' id='word_1_608' title='bbox 2272 2593 2634 2662; x_wconf 74' lang='lat' dir='ltr'><strong>blasphemum</strong></span> <span class='ocrx_word' id='word_1_609' title='bbox 2661 2608 2779 2648; x_wconf 89' lang='lat' dir='ltr'><strong>esse</strong></span> <span class='ocrx_word' id='word_1_610' title='bbox 2809 2603 2863 2646; x_wconf 90' lang='lat' dir='ltr'><strong>et</strong></span> <span class='ocrx_word' id='word_1_611' title='bbox 2890 2594 3249 2661; x_wconf 88' lang='lat' dir='ltr'><strong>rejiciendum.</strong></span> 
     </span>
    </p>
   </div>
   <div class='ocr_carea' id='block_1_90' title="bbox 2113 2662 3595 2732">
    <p class='ocr_par' dir='ltr' id='par_1_90' title="bbox 2113 2662 3595 2732">
     <span class='ocr_line' id='line_1_90' title="bbox 2113 2662 3595 2732; baseline -0.002 -14"><span class='ocrx_word' id='word_1_612' title='bbox 2113 2666 2296 2730; x_wconf 89' lang='lat' dir='ltr'><strong>Incipit</strong></span> <span class='ocrx_word' id='word_1_613' title='bbox 2318 2664 2636 2732; x_wconf 87' lang='lat' dir='ltr'><strong>(Eunapius)</strong></span> <span class='ocrx_word' id='word_1_614' title='bbox 2655 2662 2927 2716; x_wconf 81' lang='lat' dir='ltr'><strong>historiam</strong></span> <span class='ocrx_word' id='word_1_615' title='bbox 2946 2665 3010 2716; x_wconf 89' lang='lat' dir='ltr'><strong>ab</strong></span> <span class='ocrx_word' id='word_1_616' title='bbox 3031 2664 3251 2729; x_wconf 88' lang='lat' dir='ltr'><strong>imperio</strong></span> <span class='ocrx_word' id='word_1_617' title='bbox 3280 2662 3479 2716; x_wconf 82' lang='lat' dir='ltr'><strong>Claudii</strong></span> <span class='ocrx_word' id='word_1_618' title='bbox 3499 2664 3595 2731; x_wconf 83' lang='lat' dir='ltr'><strong>(c),</strong></span> 
     </span>
    </p>
   </div>
   <div class='ocr_carea' id='block_1_91' title="bbox 2043 2732 3595 2802">
    <p class='ocr_par' dir='ltr' id='par_1_91' title="bbox 2043 2732 3595 2802">
     <span class='ocr_line' id='line_1_91' title="bbox 2043 2732 3595 2802; baseline -0.001 -16"><span class='ocrx_word' id='word_1_619' title='bbox 2043 2734 2094 2786; x_wconf 95' lang='lat' dir='ltr'><strong>in</strong></span> <span class='ocrx_word' id='word_1_620' title='bbox 2124 2749 2279 2802; x_wconf 89' lang='lat' dir='ltr'><strong>quem</strong></span> <span class='ocrx_word' id='word_1_621' title='bbox 2308 2732 2501 2786; x_wconf 88' lang='lat' dir='ltr'><strong>desinit</strong></span> <span class='ocrx_word' id='word_1_622' title='bbox 2532 2733 2747 2786; x_wconf 88' lang='lat' dir='ltr'><strong>historia</strong></span> <span class='ocrx_word' id='word_1_623' title='bbox 2781 2733 3030 2802; x_wconf 69' lang='lat' dir='ltr'><strong>Dexippi;</strong></span> <span class='ocrx_word' id='word_1_624' title='bbox 3058 2733 3252 2787; x_wconf 83' lang='lat' dir='ltr'><strong>desinit</strong></span> <span class='ocrx_word' id='word_1_625' title='bbox 3275 2749 3398 2787; x_wconf 91' lang='lat' dir='ltr'><strong>vero</strong></span> <span class='ocrx_word' id='word_1_626' title='bbox 3423 2733 3473 2785; x_wconf 92' lang='lat' dir='ltr'><strong>in</strong></span> <span class='ocrx_word' id='word_1_627' title='bbox 3501 2735 3595 2785; x_wconf 89' lang='lat' dir='ltr'><strong>int-</strong></span> 
     </span>
    </p>
   </div>
   <div class='ocr_carea' id='block_1_92' title="bbox 2036 2801 3593 2873">
    <p class='ocr_par' dir='ltr' id='par_1_92' title="bbox 2036 2801 3593 2873">
     <span class='ocr_line' id='line_1_92' title="bbox 2036 2801 3593 2873; baseline -0.002 -17"><span class='ocrx_word' id='word_1_628' title='bbox 2036 2801 2237 2873; x_wconf 89' lang='lat' dir='ltr'><strong>perium</strong></span> <span class='ocrx_word' id='word_1_629' title='bbox 2262 2803 2477 2873; x_wconf 79' lang='lat' dir='ltr'><strong>llonorii</strong></span> <span class='ocrx_word' id='word_1_630' title='bbox 2500 2812 2551 2856; x_wconf 92' lang='lat' dir='ltr'><strong>et</strong></span> <span class='ocrx_word' id='word_1_631' title='bbox 2572 2803 2803 2866; x_wconf 83' lang='lat' dir='ltr'><strong>Arcadii,</strong></span> <span class='ocrx_word' id='word_1_632' title='bbox 2828 2801 3051 2873; x_wconf 83' lang='lat' dir='ltr'><strong>filiorum</strong></span> <span class='ocrx_word' id='word_1_633' title='bbox 3079 2803 3383 2866; x_wconf 75' lang='lat' dir='ltr'><strong>Theodosii,</strong></span> <span class='ocrx_word' id='word_1_634' title='bbox 3415 2806 3593 2855; x_wconf 58' lang='lat' dir='ltr'><strong>tinem.</strong></span> 
     </span>
    </p>
   </div>
   <div class='ocr_carea' id='block_1_93' title="bbox 2034 2872 3789 2947">
    <p class='ocr_par' dir='ltr' id='par_1_93' title="bbox 2034 2872 3789 2947">
     <span class='ocr_line' id='line_1_93' title="bbox 2034 2872 3789 2947; baseline 0 -22"><span class='ocrx_word' id='word_1_635' title='bbox 2034 2872 2400 2947; x_wconf 71' lang='lat' dir='ltr'><strong>que_historite_</strong></span> <span class='ocrx_word' id='word_1_636' title='bbox 2422 2872 2688 2947; x_wconf 80' lang='lat' dir='ltr'><strong>facit,quo</strong></span> <span class='ocrx_word' id='word_1_637' title='bbox 2714 2881 2970 2947; x_wconf 85' lang='lat' dir='ltr'><strong>tempore,</strong></span> <span class='ocrx_word' id='word_1_638' title='bbox 2997 2872 3200 2947; x_wconf 80' lang='lat' dir='ltr'><strong>Joanne</strong></span> <span class='ocrx_word' id='word_1_639' title='bbox 3225 2872 3604 2947; x_wconf 54' lang='lat' dir='ltr'><strong>Chrystistomo</strong></span> <span class='ocrx_word' id='word_1_640' title='bbox 3692 2944 3697 2947; x_wconf 14' lang='grc' dir='ltr'><strong>μ</strong></span> <span class='ocrx_word' id='word_1_641' title='bbox 3783 2878 3789 2883; x_wconf 70' lang='grc'><strong><em>⁷</em></strong></span> 
     </span>
    </p>
   </div>
   <div class='ocr_carea' id='block_1_94' title="bbox 2036 2941 3600 3011">
    <p class='ocr_par' dir='ltr' id='par_1_94' title="bbox 2036 2941 3600 3011">
     <span class='ocr_line' id='line_1_94' title="bbox 2036 2941 3600 3011; baseline -0.001 -16"><span class='ocrx_word' id='word_1_642' title='bbox 2036 2941 2103 2995; x_wconf 84' lang='lat' dir='ltr'><strong>ah</strong></span> <span class='ocrx_word' id='word_1_643' title='bbox 2124 2942 2351 2996; x_wconf 85' lang='lat' dir='ltr'><strong>Ecclesia</strong></span> <span class='ocrx_word' id='word_1_644' title='bbox 2369 2942 2611 3011; x_wconf 88' lang='lat' dir='ltr'><strong>depulso,</strong></span> <span class='ocrx_word' id='word_1_645' title='bbox 2635 2943 2881 2995; x_wconf 76' lang='lat' dir='ltr'><strong>Arsacius</strong></span> <span class='ocrx_word' id='word_1_646' title='bbox 2900 2941 3397 3011; x_wconf 77' lang='lat' dir='ltr'><strong>archiepiscopalein</strong></span> <span class='ocrx_word' id='word_1_647' title='bbox 3424 2941 3600 2995; x_wconf 84' lang='lat' dir='ltr'><strong>sedem</strong></span> 
     </span>
    </p>
   </div>
   <div class='ocr_carea' id='block_1_95' title="bbox 2037 3016 2333 3079">
    <p class='ocr_par' dir='ltr' id='par_1_95' title="bbox 2037 3016 2333 3079">
     <span class='ocr_line' id='line_1_95' title="bbox 2037 3016 2333 3079; baseline 0 -14"><span class='ocrx_word' id='word_1_648' title='bbox 2037 3016 2333 3079; x_wconf 84' lang='lat' dir='ltr'><strong>occupavit.</strong></span> 
     </span>
    </p>
   </div>
   <div class='ocr_carea' id='block_1_96' title="bbox 2109 3080 3603 3150">
    <p class='ocr_par' dir='ltr' id='par_1_96' title="bbox 2109 3080 3603 3150">
     <span class='ocr_line' id='line_1_96' title="bbox 2109 3080 3603 3150; baseline -0.001 -16"><span class='ocrx_word' id='word_1_649' title='bbox 2109 3082 2295 3134; x_wconf 85' lang='lat' dir='ltr'><strong>Narrat</strong></span> <span class='ocrx_word' id='word_1_650' title='bbox 2322 3091 2495 3134; x_wconf 86' lang='lat' dir='ltr'><strong>autem</strong></span> <span class='ocrx_word' id='word_1_651' title='bbox 2529 3081 2613 3133; x_wconf 91' lang='lat' dir='ltr'><strong>hic</strong></span> <span class='ocrx_word' id='word_1_652' title='bbox 2645 3082 2970 3150; x_wconf 74' lang='lat' dir='ltr'><strong>Anonymus,</strong></span> <span class='ocrx_word' id='word_1_653' title='bbox 3003 3082 3089 3148; x_wconf 92' lang='lat' dir='ltr'><strong>qni</strong></span> <span class='ocrx_word' id='word_1_654' title='bbox 3113 3081 3177 3134; x_wconf 88' lang='lat' dir='ltr'><strong>de</strong></span> <span class='ocrx_word' id='word_1_655' title='bbox 3204 3080 3461 3135; x_wconf 73' lang='lat' dir='ltr'><strong>Paschate</strong></span> <span class='ocrx_word' id='word_1_656' title='bbox 3487 3094 3603 3133; x_wconf 84' lang='lat' dir='ltr'><strong>scr-</strong></span> 
     </span>
    </p>
   </div>
   <div class='ocr_carea' id='block_1_97' title="bbox 2038 3150 3603 3214">
    <p class='ocr_par' dir='ltr' id='par_1_97' title="bbox 2038 3150 3603 3214">
     <span class='ocr_line' id='line_1_97' title="bbox 2038 3150 3603 3214; baseline -0.004 -8"><span class='ocrx_word' id='word_1_657' title='bbox 2038 3166 2222 3206; x_wconf 87' lang='lat' dir='ltr'><strong>moues</strong></span> <span class='ocrx_word' id='word_1_658' title='bbox 2254 3150 2453 3214; x_wconf 87' lang='lat' dir='ltr'><strong>habuit,</strong></span> <span class='ocrx_word' id='word_1_659' title='bbox 2488 3152 2762 3204; x_wconf 89' lang='lat' dir='ltr'><strong>Dominum</strong></span> <span class='ocrx_word' id='word_1_660' title='bbox 2788 3160 2838 3203; x_wconf 83' lang='lat' dir='ltr'><strong>et</strong></span> <span class='ocrx_word' id='word_1_661' title='bbox 2870 3151 3030 3203; x_wconf 85' lang='lat' dir='ltr'><strong>Deum</strong></span> <span class='ocrx_word' id='word_1_662' title='bbox 3055 3161 3290 3204; x_wconf 79' lang='lat' dir='ltr'><strong>nostrum</strong></span> <span class='ocrx_word' id='word_1_663' title='bbox 3313 3152 3603 3211; x_wconf 80' lang='lat' dir='ltr'><strong>Christum,</strong></span> 
     </span>
    </p>
   </div>
   <div class='ocr_carea' id='block_1_98' title="bbox 2037 3220 3605 3285">
    <p class='ocr_par' dir='ltr' id='par_1_98' title="bbox 2037 3220 3605 3285">
     <span class='ocr_line' id='line_1_98' title="bbox 2037 3220 3605 3285; baseline -0.003 -10"><span class='ocrx_word' id='word_1_664' title='bbox 2037 3220 2244 3275; x_wconf 68' lang='lat' dir='ltr'><strong>caeteris</strong></span> <span class='ocrx_word' id='word_1_665' title='bbox 2280 3222 2395 3273; x_wconf 73' lang='lat' dir='ltr'><strong>vita:</strong></span> <span class='ocrx_word' id='word_1_666' title='bbox 2436 3235 2545 3274; x_wconf 63' lang='lat' dir='ltr'><strong>sua:</strong></span> <span class='ocrx_word' id='word_1_667' title='bbox 2583 3222 2736 3273; x_wconf 88' lang='lat' dir='ltr'><strong>annis</strong></span> <span class='ocrx_word' id='word_1_668' title='bbox 2767 3220 2931 3285; x_wconf 65' lang='lat' dir='ltr'><strong>legale</strong></span> <span class='ocrx_word' id='word_1_669' title='bbox 2968 3220 3165 3274; x_wconf 87' lang='lat' dir='ltr'><strong>Pascha</strong></span> <span class='ocrx_word' id='word_1_670' title='bbox 3222 3221 3605 3282; x_wconf 63' lang='lat' dir='ltr'><strong>celebraviSse;</strong></span> 
     </span>
    </p>
   </div>
   <div class='ocr_carea' id='block_1_99' title="bbox 2039 3290 3609 3359">
    <p class='ocr_par' dir='ltr' id='par_1_99' title="bbox 2039 3290 3609 3359">
     <span class='ocr_line' id='line_1_99' title="bbox 2039 3290 3609 3359; baseline -0.003 -14"><span class='ocrx_word' id='word_1_671' title='bbox 2039 3292 2130 3345; x_wconf 88' lang='lat' dir='ltr'><strong>sed</strong></span> <span class='ocrx_word' id='word_1_672' title='bbox 2163 3304 2266 3342; x_wconf 90' lang='lat' dir='ltr'><strong>non</strong></span> <span class='ocrx_word' id='word_1_673' title='bbox 2299 3305 2362 3343; x_wconf 88' lang='lat' dir='ltr'><strong>eo</strong></span> <span class='ocrx_word' id='word_1_674' title='bbox 2383 3305 2521 3343; x_wconf 89' lang='lat' dir='ltr'><strong>anno</strong></span> <span class='ocrx_word' id='word_1_675' title='bbox 2548 3305 2652 3359; x_wconf 92' lang='lat' dir='ltr'><strong>quo</strong></span> <span class='ocrx_word' id='word_1_676' title='bbox 2681 3290 2898 3342; x_wconf 76' lang='lat' dir='ltr'><strong>traditus</strong></span> <span class='ocrx_word' id='word_1_677' title='bbox 2940 3294 3051 3342; x_wconf 72' lang='lat' dir='ltr'><strong>fuit.</strong></span> <span class='ocrx_word' id='word_1_678' title='bbox 3101 3290 3231 3344; x_wconf 88' lang='lat' dir='ltr'><strong>Illud</strong></span> <span class='ocrx_word' id='word_1_679' title='bbox 3261 3304 3386 3342; x_wconf 88' lang='lat' dir='ltr'><strong>vero</strong></span> <span class='ocrx_word' id='word_1_680' title='bbox 3438 3290 3609 3341; x_wconf 72' lang='lat' dir='ltr'><strong>consi-</strong></span> 
     </span>
    </p>
   </div>
   <div class='ocr_carea' id='block_1_100' title="bbox 2040 3359 3613 3428">
    <p class='ocr_par' dir='ltr' id='par_1_100' title="bbox 2040 3359 3613 3428">
     <span class='ocr_line' id='line_1_100' title="bbox 2040 3359 3613 3428; baseline -0.002 -15"><span class='ocrx_word' id='word_1_681' title='bbox 2040 3360 2328 3413; x_wconf 87' lang='lat' dir='ltr'><strong>derandum</strong></span> <span class='ocrx_word' id='word_1_682' title='bbox 2360 3370 2460 3412; x_wconf 88' lang='lat' dir='ltr'><strong>est.</strong></span> <span class='ocrx_word' id='word_1_683' title='bbox 2489 3360 2620 3412; x_wconf 82' lang='lat' dir='ltr'><strong>Nam</strong></span> <span class='ocrx_word' id='word_1_684' title='bbox 2650 3359 3060 3428; x_wconf 81' lang='lat' dir='ltr'><strong>Chrysostomus</strong></span> <span class='ocrx_word' id='word_1_685' title='bbox 3089 3370 3141 3414; x_wconf 93' lang='lat' dir='ltr'><strong>et</strong></span> <span class='ocrx_word' id='word_1_686' title='bbox 3167 3360 3400 3414; x_wconf 80' lang='lat' dir='ltr'><strong>Ecclesia</strong></span> <span class='ocrx_word' id='word_1_687' title='bbox 3430 3360 3613 3412; x_wconf 88' lang='lat' dir='ltr'><strong>dicunt</strong></span> 
     </span>
    </p>
   </div>
   <div class='ocr_carea' id='block_1_101' title="bbox 2041 3429 3611 3500">
    <p class='ocr_par' dir='ltr' id='par_1_101' title="bbox 2041 3429 3611 3500">
     <span class='ocr_line' id='line_1_101' title="bbox 2041 3429 3611 3500; baseline -0.001 -17"><span class='ocrx_word' id='word_1_688' title='bbox 2041 3430 2210 3498; x_wconf 90' lang='lat' dir='ltr'><strong>ipsum</strong></span> <span class='ocrx_word' id='word_1_689' title='bbox 2242 3429 2409 3498; x_wconf 83' lang='lat' dir='ltr'><strong>legale</strong></span> <span class='ocrx_word' id='word_1_690' title='bbox 2438 3430 2629 3498; x_wconf 86' lang='lat' dir='ltr'><strong>pascha</strong></span> <span class='ocrx_word' id='word_1_691' title='bbox 2660 3429 3012 3485; x_wconf 84' lang='lat' dir='ltr'><strong>celebravisse</strong></span> <span class='ocrx_word' id='word_1_692' title='bbox 3041 3441 3162 3484; x_wconf 87' lang='lat' dir='ltr'><strong>ante</strong></span> <span class='ocrx_word' id='word_1_693' title='bbox 3189 3431 3463 3500; x_wconf 81' lang='lat' dir='ltr'><strong>mysticam</strong></span> <span class='ocrx_word' id='word_1_694' title='bbox 3512 3443 3611 3482; x_wconf 85' lang='lat' dir='ltr'><strong>eoe-</strong></span> 
     </span>
    </p>
   </div>
   <div class='ocr_carea' id='block_1_102' title="bbox 2042 3514 2181 3554">
    <p class='ocr_par' dir='ltr' id='par_1_102' title="bbox 2042 3514 2181 3554">
     <span class='ocr_line' id='line_1_102' title="bbox 2042 3514 2181 3554; baseline -0.014 -1"><span class='ocrx_word' id='word_1_695' title='bbox 2042 3514 2181 3554; x_wconf 84' lang='lat' dir='ltr'><strong>nam.</strong></span> 
     </span>
    </p>
   </div>
   <div class='ocr_carea' id='block_1_103' title="bbox 2108 3676 2434 3799">
    <p class='ocr_par' dir='ltr' id='par_1_103' title="bbox 2108 3676 2434 3799">
     <span class='ocr_line' id='line_1_103' title="bbox 2108 3676 2434 3799; baseline -0.012 -72"><span class='ocrx_word' id='word_1_696' title='bbox 2108 3677 2181 3799; x_wconf 48' lang='lat'><strong>8;)</strong></span> <span class='ocrx_word' id='word_1_697' title='bbox 2217 3676 2331 3727; x_wconf 88' lang='lat' dir='ltr'><strong>Cod.</strong></span> <span class='ocrx_word' id='word_1_698' title='bbox 2357 3676 2434 3725; x_wconf 86' lang='lat'><strong>86.</strong></span> 
     </span>
     <span class='ocr_line' id='line_1_104' title="bbox 2164 3737 2434 3799; baseline -0.007 -10"><span class='ocrx_word' id='word_1_699' title='bbox 2164 3741 2176 3799; x_wconf 83' lang='lat'><strong>)</strong></span> <span class='ocrx_word' id='word_1_700' title='bbox 2212 3737 2324 3789; x_wconf 86' lang='lat' dir='ltr'><strong>Cod.</strong></span> <span class='ocrx_word' id='word_1_701' title='bbox 2354 3740 2434 3787; x_wconf 78' lang='lat' dir='ltr'><strong>no</strong></span> 
     </span>
    </p>
   </div>
   <div class='ocr_carea' id='block_1_104' title="bbox 2130 3736 3599 3802">
    <p class='ocr_par' dir='ltr' id='par_1_104' title="bbox 2130 3736 3599 3802">
     <span class='ocr_line' id='line_1_105' title="bbox 2130 3736 3599 3802; baseline -0.001 -14"><span class='ocrx_word' id='word_1_702' title='bbox 2130 3736 2176 3801; x_wconf 74' lang='grc' dir='ltr'><strong>ὁ)</strong></span> <span class='ocrx_word' id='word_1_703' title='bbox 2212 3737 2324 3802; x_wconf 83' lang='lat' dir='ltr'><strong>Cod.</strong></span> <span class='ocrx_word' id='word_1_704' title='bbox 2354 3740 2457 3802; x_wconf 74' lang='grc' dir='ltr'><strong>ΠΟ.</strong></span> <span class='ocrx_word' id='word_1_705' title='bbox 2482 3737 2604 3788; x_wconf 79' lang='lat' dir='ltr'><strong>Vide</strong></span> <span class='ocrx_word' id='word_1_706' title='bbox 2627 3749 2736 3800; x_wconf 74' lang='lat' dir='ltr'><strong>quae</strong></span> <span class='ocrx_word' id='word_1_707' title='bbox 2759 3738 2969 3788; x_wconf 77' lang='lat' dir='ltr'><strong>diximus</strong></span> <span class='ocrx_word' id='word_1_708' title='bbox 2990 3740 3037 3787; x_wconf 92' lang='lat' dir='ltr'><strong>in</strong></span> <span class='ocrx_word' id='word_1_709' title='bbox 3068 3736 3347 3802; x_wconf 63' lang='lat' dir='ltr'><strong>praestatione</strong></span> <span class='ocrx_word' id='word_1_710' title='bbox 3373 3739 3428 3788; x_wconf 86' lang='lat' dir='ltr'><strong>ad</strong></span> <span class='ocrx_word' id='word_1_711' title='bbox 3453 3738 3599 3789; x_wconf 59' lang='lat' dir='ltr'><strong>littus</strong></span> 
     </span>
    </p>
   </div>
   <div class='ocr_carea' id='block_1_105' title="bbox 2046 3800 2554 3858">
    <p class='ocr_par' dir='ltr' id='par_1_105' title="bbox 2046 3800 2554 3858">
     <span class='ocr_line' id='line_1_106' title="bbox 2046 3800 2554 3858; baseline 0 -11"><span class='ocrx_word' id='word_1_712' title='bbox 2046 3800 2110 3848; x_wconf 89' lang='lat' dir='ltr'><strong>de</strong></span> <span class='ocrx_word' id='word_1_713' title='bbox 2134 3800 2431 3858; x_wconf 81' lang='lat' dir='ltr'><strong>Sacerdotio,</strong></span> <span class='ocrx_word' id='word_1_714' title='bbox 2458 3806 2493 3849; x_wconf 88' lang='lat' dir='ltr'><strong>t.</strong></span> <span class='ocrx_word' id='word_1_715' title='bbox 2522 3807 2554 3847; x_wconf 91' lang='lat' dir='ltr'><strong>l.</strong></span> 
     </span>
    </p>
   </div>
   <div class='ocr_carea' id='block_1_106' title="bbox 2111 3861 2677 3923">
    <p class='ocr_par' dir='ltr' id='par_1_106' title="bbox 2111 3861 2677 3923">
     <span class='ocr_line' id='line_1_107' title="bbox 2111 3861 2677 3923; baseline -0.002 -13"><span class='ocrx_word' id='word_1_716' title='bbox 2111 3861 2180 3923; x_wconf 78' lang='grc' dir='ltr'><strong>(ε)</strong></span> <span class='ocrx_word' id='word_1_717' title='bbox 2212 3862 2319 3910; x_wconf 88' lang='lat' dir='ltr'><strong>Cod.</strong></span> <span class='ocrx_word' id='word_1_718' title='bbox 2346 3863 2423 3920; x_wconf 87' lang='lat'><strong>77,</strong></span> <span class='ocrx_word' id='word_1_719' title='bbox 2452 3875 2498 3921; x_wconf 88' lang='lat' dir='ltr'><strong>p.</strong></span> <span class='ocrx_word' id='word_1_720' title='bbox 2524 3862 2604 3921; x_wconf 79' lang='lat'><strong>55,</strong></span> <span class='ocrx_word' id='word_1_721' title='bbox 2627 3861 2677 3909; x_wconf 87' lang='lat' dir='ltr'><strong>b.</strong></span> 
     </span>
    </p>
   </div>
   <div class='ocr_carea' id='block_1_107' title="bbox 1467 4157 2609 4206">
    <p class='ocr_par' dir='ltr' id='par_1_107' title="bbox 1467 4157 2609 4206">
     <span class='ocr_line' id='line_1_108' title="bbox 1467 4157 2609 4206; baseline 0.008 -9"><span class='ocrx_word' id='word_1_722' title='bbox 1467 4157 1549 4198; x_wconf 77' lang='lat' dir='ltr'><strong>EX</strong></span> <span class='ocrx_word' id='word_1_723' title='bbox 1592 4157 1905 4201; x_wconf 81' lang='lat' dir='ltr'><strong>EPISTOLJS</strong></span> <span class='ocrx_word' id='word_1_724' title='bbox 1950 4160 2185 4202; x_wconf 74' lang='lat' dir='ltr'><strong>ISIDORI</strong></span> <span class='ocrx_word' id='word_1_725' title='bbox 2230 4162 2609 4206; x_wconf 70' lang='lat' dir='ltr'><strong>PELUSJOTE.</strong></span> 
     </span>
    </p>
   </div>
   <div class='ocr_carea' id='block_1_108' title="bbox 457 4295 1945 4366">
    <p class='ocr_par' dir='ltr' id='par_1_108' title="bbox 457 4295 1945 4366">
     <span class='ocr_line' id='line_1_109' title="bbox 457 4295 1945 4366; baseline 0.002 -15"><span class='ocrx_word' id='word_1_726' title='bbox 457 4295 1003 4366; x_wconf 13' lang='lat' dir='ltr'><strong>Aliosradmiratione</strong></span> <span class='ocrx_word' id='word_1_727' title='bbox 1056 4296 1327 4363; x_wconf 91' lang='lat' dir='ltr'><strong>perculsos</strong></span> <span class='ocrx_word' id='word_1_728' title='bbox 1384 4297 1545 4353; x_wconf 78' lang='lat' dir='ltr'><strong>fuisse</strong></span> <span class='ocrx_word' id='word_1_729' title='bbox 1588 4314 1691 4353; x_wconf 93' lang='lat' dir='ltr'><strong>non</strong></span> <span class='ocrx_word' id='word_1_730' title='bbox 1739 4300 1945 4366; x_wconf 85' lang='lat' dir='ltr'><strong>dicam;</strong></span> 
     </span>
    </p>
   </div>
   <div class='ocr_carea' id='block_1_109' title="bbox 385 4365 1952 4436">
    <p class='ocr_par' dir='ltr' id='par_1_109' title="bbox 385 4365 1952 4436">
     <span class='ocr_line' id='line_1_110' title="bbox 385 4365 1952 4436; baseline 0.004 -17"><span class='ocrx_word' id='word_1_731' title='bbox 385 4367 512 4420; x_wconf 89' lang='lat' dir='ltr'><strong>illud</strong></span> <span class='ocrx_word' id='word_1_732' title='bbox 551 4365 689 4420; x_wconf 91' lang='lat' dir='ltr'><strong>enim</strong></span> <span class='ocrx_word' id='word_1_733' title='bbox 719 4367 943 4420; x_wconf 83' lang='lat' dir='ltr'><strong>fortasse</strong></span> <span class='ocrx_word' id='word_1_734' title='bbox 981 4366 1158 4420; x_wconf 90' lang='lat' dir='ltr'><strong>multis</strong></span> <span class='ocrx_word' id='word_1_735' title='bbox 1180 4382 1282 4420; x_wconf 92' lang='lat' dir='ltr'><strong>non</strong></span> <span class='ocrx_word' id='word_1_736' title='bbox 1308 4370 1436 4421; x_wconf 85' lang='lat' dir='ltr'><strong>tanti</strong></span> <span class='ocrx_word' id='word_1_737' title='bbox 1466 4370 1615 4436; x_wconf 85' lang='lat' dir='ltr'><strong>pretii</strong></span> <span class='ocrx_word' id='word_1_738' title='bbox 1634 4384 1752 4423; x_wconf 86' lang='lat' dir='ltr'><strong>esse</strong></span> <span class='ocrx_word' id='word_1_739' title='bbox 1773 4370 1952 4424; x_wconf 90' lang='lat' dir='ltr'><strong>videa-</strong></span> 
     </span>
    </p>
   </div>
   <div class='ocr_carea' id='block_1_110' title="bbox 387 4436 1951 4509">
    <p class='ocr_par' dir='ltr' id='par_1_110' title="bbox 387 4436 1951 4509">
     <span class='ocr_line' id='line_1_111' title="bbox 387 4436 1951 4509; baseline 0.003 -21"><span class='ocrx_word' id='word_1_740' title='bbox 387 4444 505 4499; x_wconf 89' lang='lat' dir='ltr'><strong>tur;</strong></span> <span class='ocrx_word' id='word_1_741' title='bbox 536 4437 627 4490; x_wconf 87' lang='lat' dir='ltr'><strong>sed</strong></span> <span class='ocrx_word' id='word_1_742' title='bbox 656 4437 825 4509; x_wconf 86' lang='lat' dir='ltr'><strong>ipsum</strong></span> <span class='ocrx_word' id='word_1_743' title='bbox 858 4436 1119 4509; x_wconf 82' lang='lat' dir='ltr'><strong>proferam</strong></span> <span class='ocrx_word' id='word_1_744' title='bbox 1151 4436 1443 4509; x_wconf 83' lang='lat' dir='ltr'><strong>Libanium,</strong></span> <span class='ocrx_word' id='word_1_745' title='bbox 1484 4438 1786 4509; x_wconf 81' lang='lat' dir='ltr'><strong>eloquentia</strong></span> <span class='ocrx_word' id='word_1_746' title='bbox 1813 4441 1951 4509; x_wconf 85' lang='lat' dir='ltr'><strong>apud</strong></span> 
     </span>
    </p>
   </div>
   <div class='ocr_carea' id='block_1_111' title="bbox 384 4506 1952 4577">
    <p class='ocr_par' dir='ltr' id='par_1_111' title="bbox 384 4506 1952 4577">
     <span class='ocr_line' id='line_1_112' title="bbox 384 4506 1952 4577; baseline 0.004 -20"><span class='ocrx_word' id='word_1_747' title='bbox 384 4520 570 4577; x_wconf 80' lang='lat' dir='ltr'><strong>ottines</strong></span> <span class='ocrx_word' id='word_1_748' title='bbox 620 4506 1043 4565; x_wconf 85' lang='lat' dir='ltr'><strong>celeberrimum.</strong></span> <span class='ocrx_word' id='word_1_749' title='bbox 1096 4508 1184 4577; x_wconf 85' lang='lat' dir='ltr'><strong>qui</strong></span> <span class='ocrx_word' id='word_1_750' title='bbox 1215 4506 1450 4575; x_wconf 74' lang='lat' dir='ltr'><strong>pneclari</strong></span> <span class='ocrx_word' id='word_1_751' title='bbox 1476 4506 1692 4562; x_wconf 81' lang='lat' dir='ltr'><strong>Joannis</strong></span> <span class='ocrx_word' id='word_1_752' title='bbox 1722 4506 1952 4577; x_wconf 79' lang='lat' dir='ltr'><strong>linguam</strong></span> 
     </span>
    </p>
   </div>
   <div class='ocr_carea' id='block_1_112' title="bbox 383 4574 1956 4649">
    <p class='ocr_par' dir='ltr' id='par_1_112' title="bbox 383 4574 1956 4649">
     <span class='ocr_line' id='line_1_113' title="bbox 383 4574 1956 4649; baseline 0.004 -22"><span class='ocrx_word' id='word_1_753' title='bbox 383 4574 580 4639; x_wconf 87' lang='lat' dir='ltr'><strong>laudat,</strong></span> <span class='ocrx_word' id='word_1_754' title='bbox 599 4591 661 4630; x_wconf 90' lang='lat' dir='ltr'><strong>ac</strong></span> <span class='ocrx_word' id='word_1_755' title='bbox 681 4576 1061 4631; x_wconf 88' lang='lat' dir='ltr'><strong>sententiarum</strong></span> <span class='ocrx_word' id='word_1_756' title='bbox 1080 4574 1519 4645; x_wconf 85' lang='lat' dir='ltr'><strong>pulchritudinem</strong></span> <span class='ocrx_word' id='word_1_757' title='bbox 1540 4588 1695 4647; x_wconf 89' lang='lat' dir='ltr'><strong>atque</strong></span> <span class='ocrx_word' id='word_1_758' title='bbox 1712 4574 1956 4649; x_wconf 78' lang='lat' dir='ltr'><strong>frequen-</strong></span> 
     </span>
    </p>
   </div>
   <div class='ocr_carea' id='block_1_113' title="bbox 2055 4303 3629 4381">
    <p class='ocr_par' dir='ltr' id='par_1_113' title="bbox 2055 4303 3629 4381">
     <span class='ocr_line' id='line_1_114' title="bbox 2055 4303 3629 4381; baseline 0.011 -25"><span class='ocrx_word' id='word_1_759' title='bbox 2055 4304 2203 4381; x_wconf 78' lang='lat' dir='ltr'><strong>tiam.</strong></span> <span class='ocrx_word' id='word_1_760' title='bbox 2233 4303 2397 4381; x_wconf 86' lang='lat' dir='ltr'><strong>C_ujus</strong></span> <span class='ocrx_word' id='word_1_761' title='bbox 2442 4306 2518 4381; x_wconf 85' lang='lat' dir='ltr'><strong>rei</strong></span> <span class='ocrx_word' id='word_1_762' title='bbox 2548 4319 2921 4376; x_wconf 80' lang='lat' dir='ltr'><strong>argumentum</strong></span> <span class='ocrx_word' id='word_1_763' title='bbox 2950 4320 3030 4367; x_wconf 89' lang='lat' dir='ltr'><strong>est</strong></span> <span class='ocrx_word' id='word_1_764' title='bbox 3053 4313 3299 4380; x_wconf 72' lang='lat' dir='ltr'><strong>epistola,</strong></span> <span class='ocrx_word' id='word_1_765' title='bbox 3327 4314 3376 4367; x_wconf 88' lang='lat' dir='ltr'><strong>in</strong></span> <span class='ocrx_word' id='word_1_766' title='bbox 3399 4327 3498 4381; x_wconf 86' lang='lat' dir='ltr'><strong>qua</strong></span> <span class='ocrx_word' id='word_1_767' title='bbox 3523 4332 3629 4378; x_wconf 85' lang='lat' dir='ltr'><strong>non</strong></span> 
     </span>
    </p>
   </div>
   <div class='ocr_carea' id='block_1_114' title="bbox 2056 4372 3629 4454">
    <p class='ocr_par' dir='ltr' id='par_1_114' title="bbox 2056 4372 3629 4454">
     <span class='ocr_line' id='line_1_115' title="bbox 2056 4372 3629 4454; baseline 0.012 -31"><span class='ocrx_word' id='word_1_768' title='bbox 2056 4372 2214 4454; x_wconf 87' lang='lat' dir='ltr'><strong>modo</strong></span> <span class='ocrx_word' id='word_1_769' title='bbox 2266 4375 2434 4454; x_wconf 75' lang='lat' dir='ltr'><strong>ipsum</strong></span> <span class='ocrx_word' id='word_1_770' title='bbox 2478 4372 2687 4454; x_wconf 76' lang='lat' dir='ltr'><strong>beatum</strong></span> <span class='ocrx_word' id='word_1_771' title='bbox 2732 4381 2982 4454; x_wconf 63' lang='lat' dir='ltr'><strong>praedicat</strong></span> <span class='ocrx_word' id='word_1_772' title='bbox 3019 4372 3468 4454; x_wconf 58' lang='lat' dir='ltr'><strong>ob&#39;eloquentia&#39;m</strong></span> <span class='ocrx_word' id='word_1_773' title='bbox 3512 4372 3629 4441; x_wconf 55' lang='lat' dir='ltr'><strong>tatu:</strong></span> 
     </span>
    </p>
   </div>
   <div class='ocr_carea' id='block_1_115' title="bbox 2060 4446 3629 4525">
    <p class='ocr_par' dir='ltr' id='par_1_115' title="bbox 2060 4446 3629 4525">
     <span class='ocr_line' id='line_1_116' title="bbox 2060 4446 3629 4525; baseline 0.011 -30"><span class='ocrx_word' id='word_1_774' title='bbox 2060 4452 2187 4525; x_wconf 78' lang='lat' dir='ltr'><strong>tam,</strong></span> <span class='ocrx_word' id='word_1_775' title='bbox 2238 4446 2328 4497; x_wconf 91' lang='lat' dir='ltr'><strong>sed</strong></span> <span class='ocrx_word' id='word_1_776' title='bbox 2353 4448 2514 4525; x_wconf 76' lang='lat' dir='ltr'><strong>etiam</strong></span> <span class='ocrx_word' id='word_1_777' title='bbox 2538 4447 2699 4514; x_wconf 91' lang='lat' dir='ltr'><strong>ipsos,</strong></span> <span class='ocrx_word' id='word_1_778' title='bbox 2729 4446 2816 4525; x_wconf 82' lang='lat' dir='ltr'><strong>qui</strong></span> <span class='ocrx_word' id='word_1_779' title='bbox 2843 4452 2911 4525; x_wconf 79' lang='lat' dir='ltr'><strong>ab</strong></span> <span class='ocrx_word' id='word_1_780' title='bbox 2936 4467 3001 4506; x_wconf 90' lang='lat' dir='ltr'><strong>eo</strong></span> <span class='ocrx_word' id='word_1_781' title='bbox 3028 4446 3361 4525; x_wconf 78' lang='lat' dir='ltr'><strong>celebrantur</strong></span> <span class='ocrx_word' id='word_1_782' title='bbox 3400 4458 3629 4525; x_wconf 82' lang='lat' dir='ltr'><strong>impera-</strong></span> 
     </span>
    </p>
   </div>
   <div class='ocr_carea' id='block_1_116' title="bbox 2058 4515 3632 4584">
    <p class='ocr_par' dir='ltr' id='par_1_116' title="bbox 2058 4515 3632 4584">
     <span class='ocr_line' id='line_1_117' title="bbox 2058 4515 3632 4584; baseline 0.012 -20"><span class='ocrx_word' id='word_1_783' title='bbox 2058 4522 2242 4584; x_wconf 73' lang='lat' dir='ltr'><strong>tores,</strong></span> <span class='ocrx_word' id='word_1_784' title='bbox 2281 4515 2419 4581; x_wconf 87' lang='lat' dir='ltr'><strong>quod</strong></span> <span class='ocrx_word' id='word_1_785' title='bbox 2447 4516 2605 4569; x_wconf 90' lang='lat' dir='ltr'><strong>talem</strong></span> <span class='ocrx_word' id='word_1_786' title='bbox 2651 4515 2790 4573; x_wconf 83' lang='lat' dir='ltr'><strong>nacti</strong></span> <span class='ocrx_word' id='word_1_787' title='bbox 2834 4521 2941 4575; x_wconf 89' lang='lat' dir='ltr'><strong>sint</strong></span> <span class='ocrx_word' id='word_1_788' title='bbox 2988 4534 3274 4578; x_wconf 87' lang='lat' dir='ltr'><strong>oratorem.</strong></span> <span class='ocrx_word' id='word_1_789' title='bbox 3307 4524 3399 4580; x_wconf 89' lang='lat' dir='ltr'><strong>Est</strong></span> <span class='ocrx_word' id='word_1_790' title='bbox 3456 4515 3632 4584; x_wconf 72' lang='lat' dir='ltr'><strong>autem</strong></span> 
     </span>
    </p>
   </div>
   <div class='ocr_carea' id='block_1_117' title="bbox 2058 4583 2664 4652">
    <p class='ocr_par' dir='ltr' id='par_1_117' title="bbox 2058 4583 2664 4652">
     <span class='ocr_line' id='line_1_118' title="bbox 2058 4583 2664 4652; baseline 0.01 -18"><span class='ocrx_word' id='word_1_791' title='bbox 2058 4583 2281 4650; x_wconf 88' lang='lat' dir='ltr'><strong>epistola</strong></span> <span class='ocrx_word' id='word_1_792' title='bbox 2300 4584 2454 4652; x_wconf 87' lang='lat' dir='ltr'><strong>hujus</strong></span> <span class='ocrx_word' id='word_1_793' title='bbox 2477 4586 2617 4640; x_wconf 89' lang='lat' dir='ltr'><strong>tnodi</strong></span> <span class='ocrx_word' id='word_1_794' title='bbox 2650 4603 2664 4639; x_wconf 86' lang='lat'><strong>:</strong></span> 
     </span>
    </p>
   </div>
   <div class='ocr_carea' id='block_1_118' title="bbox 388 4730 3636 4770">
    <p class='ocr_par' dir='ltr' id='par_1_118' title="bbox 388 4730 3636 4770">
     <span class='ocr_line' id='line_1_119' title="bbox 388 4730 3636 4770; baseline 0.001 -26"><span class='ocrx_word' id='word_1_795' title='bbox 388 4730 3636 4770; x_wconf 50' lang='grc' dir='ltr'><strong>Ἦ-</strong></span> 
     </span>
    </p>
   </div>
   <div class='ocr_carea' id='block_1_119' title="bbox 1454 4849 2531 4932">
    <p class='ocr_par' dir='ltr' id='par_1_119' title="bbox 1454 4849 2531 4932">
     <span class='ocr_line' id='line_1_120' title="bbox 1454 4849 2531 4932; baseline 0.006 -26"><span class='ocrx_word' id='word_1_796' title='bbox 1454 4864 1742 4910; x_wconf 75' lang='lat' dir='ltr'><strong>LIBANIUS</strong></span> <span class='ocrx_word' id='word_1_797' title='bbox 1786 4866 2011 4912; x_wconf 67' lang='lat' dir='ltr'><strong>manu:</strong></span> <span class='ocrx_word' id='word_1_798' title='bbox 2058 4849 2298 4930; x_wconf 70' lang='lat' dir='ltr'><strong>(Epist.</strong></span> <span class='ocrx_word' id='word_1_799' title='bbox 2328 4852 2531 4932; x_wconf 83' lang='lat'><strong>1576).</strong></span> 
     </span>
    </p>
   </div>
   <div class='ocr_carea' id='block_1_120' title="bbox 460 5031 1954 5107">
    <p class='ocr_par' dir='ltr' id='par_1_120' title="bbox 460 5031 1954 5107">
     <span class='ocr_line' id='line_1_121' title="bbox 460 5031 1954 5107; baseline 0.003 -20"><span class='ocrx_word' id='word_1_800' title='bbox 460 5052 483 5087; x_wconf 68' lang='grc' dir='ltr'>ι</span> <span class='ocrx_word' id='word_1_801' title='bbox 510 5032 639 5107; x_wconf 74' lang='lat' dir='ltr'><strong>Cum</strong></span> <span class='ocrx_word' id='word_1_802' title='bbox 683 5031 951 5107; x_wconf 81' lang='lat' dir='ltr'><strong>copiosam</strong></span> <span class='ocrx_word' id='word_1_803' title='bbox 970 5039 1120 5107; x_wconf 66' lang='lat' dir='ltr'><strong>tuam</strong></span> <span class='ocrx_word' id='word_1_804' title='bbox 1146 5042 1199 5086; x_wconf 89' lang='lat' dir='ltr'><strong>et</strong></span> <span class='ocrx_word' id='word_1_805' title='bbox 1236 5033 1529 5107; x_wconf 80' lang='lat' dir='ltr'><strong>elegantem</strong></span> <span class='ocrx_word' id='word_1_806' title='bbox 1560 5037 1853 5091; x_wconf 88' lang='lat' dir='ltr'><strong>orationem</strong></span> <span class='ocrx_word' id='word_1_807' title='bbox 1879 5038 1954 5107; x_wconf 87' lang='lat' dir='ltr'><strong>(a)</strong></span> 
     </span>
    </p>
   </div>
   <div class='ocr_carea' id='block_1_121' title="bbox 388 5100 1961 5170">
    <p class='ocr_par' dir='ltr' id='par_1_121' title="bbox 388 5100 1961 5170">
     <span class='ocr_line' id='line_1_122' title="bbox 388 5100 1961 5170; baseline 0.002 -12"><span class='ocrx_word' id='word_1_808' title='bbox 388 5105 729 5170; x_wconf 82' lang='lat' dir='ltr'><strong>accepissem,</strong></span> <span class='ocrx_word' id='word_1_809' title='bbox 755 5102 881 5154; x_wconf 83' lang='lat' dir='ltr'><strong>viris</strong></span> <span class='ocrx_word' id='word_1_810' title='bbox 896 5100 1206 5169; x_wconf 88' lang='lat' dir='ltr'><strong>quibusdam</strong></span> <span class='ocrx_word' id='word_1_811' title='bbox 1225 5112 1277 5156; x_wconf 92' lang='lat' dir='ltr'><strong>et</strong></span> <span class='ocrx_word' id='word_1_812' title='bbox 1296 5100 1420 5169; x_wconf 62' lang='lat' dir='ltr'><strong>ipsis</strong></span> <span class='ocrx_word' id='word_1_813' title='bbox 1441 5106 1647 5158; x_wconf 85' lang='lat' dir='ltr'><strong>dicendi</strong></span> <span class='ocrx_word' id='word_1_814' title='bbox 1668 5100 1961 5161; x_wconf 76' lang='lat' dir='ltr'><strong>artiﬁcibus</strong></span> 
     </span>
    </p>
   </div>
   <div class='ocr_carea' id='block_1_122' title="bbox 390 5170 1960 5243">
    <p class='ocr_par' dir='ltr' id='par_1_122' title="bbox 390 5170 1960 5243">
     <span class='ocr_line' id='line_1_123' title="bbox 390 5170 1960 5243; baseline 0.003 -16"><span class='ocrx_word' id='word_1_815' title='bbox 390 5190 506 5228; x_wconf 84' lang='lat' dir='ltr'><strong>eam</strong></span> <span class='ocrx_word' id='word_1_816' title='bbox 533 5174 633 5242; x_wconf 77' lang='lat' dir='ltr'><strong>legi</strong></span> <span class='ocrx_word' id='word_1_817' title='bbox 661 5189 677 5226; x_wconf 70' lang='grc' dir='ltr'>ς</span> <span class='ocrx_word' id='word_1_818' title='bbox 702 5186 926 5241; x_wconf 87' lang='lat' dir='ltr'><strong>quorum</strong></span> <span class='ocrx_word' id='word_1_819' title='bbox 955 5170 1131 5224; x_wconf 90' lang='lat' dir='ltr'><strong>nullus</strong></span> <span class='ocrx_word' id='word_1_820' title='bbox 1168 5182 1282 5225; x_wconf 86' lang='lat' dir='ltr'><strong>erat</strong></span> <span class='ocrx_word' id='word_1_821' title='bbox 1306 5174 1392 5240; x_wconf 91' lang='lat' dir='ltr'><strong>qui</strong></span> <span class='ocrx_word' id='word_1_822' title='bbox 1414 5189 1517 5226; x_wconf 86' lang='lat' dir='ltr'><strong>non</strong></span> <span class='ocrx_word' id='word_1_823' title='bbox 1541 5177 1873 5243; x_wconf 86' lang='lat' dir='ltr'><strong>tripudiaret,</strong></span> <span class='ocrx_word' id='word_1_824' title='bbox 1907 5186 1960 5232; x_wconf 83' lang='lat' dir='ltr'><strong>et</strong></span> 
     </span>
    </p>
   </div>
   <div class='ocr_carea' id='block_1_123' title="bbox 452 5344 1959 5412">
    <p class='ocr_par' dir='ltr' id='par_1_123' title="bbox 452 5344 1959 5412">
     <span class='ocr_line' id='line_1_124' title="bbox 452 5344 1959 5412; baseline 0.003 -19"><span class='ocrx_word' id='word_1_825' title='bbox 452 5345 524 5405; x_wconf 85' lang='lat' dir='ltr'><strong>(a)</strong></span> <span class='ocrx_word' id='word_1_826' title='bbox 559 5345 1207 5412; x_wconf 72' lang='lat' dir='ltr'><strong>Scilicet_oratigpemqnam</strong></span> <span class='ocrx_word' id='word_1_827' title='bbox 1229 5344 1449 5412; x_wconf 35' lang='lat' dir='ltr'><strong>digerat,</strong></span> <span class='ocrx_word' id='word_1_828' title='bbox 1476 5360 1585 5395; x_wconf 90' lang='lat' dir='ltr'><strong>cum</strong></span> <span class='ocrx_word' id='word_1_829' title='bbox 1605 5349 1771 5412; x_wconf 81' lang='lat' dir='ltr'><strong>adhuc</strong></span> <span class='ocrx_word' id='word_1_830' title='bbox 1799 5352 1959 5412; x_wconf 84' lang='lat' dir='ltr'><strong>juntor</strong></span> 
     </span>
    </p>
   </div>
   <div class='ocr_carea' id='block_1_124' title="bbox 390 5404 1959 5473">
    <p class='ocr_par' dir='ltr' id='par_1_124' title="bbox 390 5404 1959 5473">
     <span class='ocr_line' id='line_1_125' title="bbox 390 5404 1959 5473; baseline 0.004 -20"><span class='ocrx_word' id='word_1_831' title='bbox 390 5412 558 5473; x_wconf 84' lang='lat' dir='ltr'><strong>esset,_</strong></span> <span class='ocrx_word' id='word_1_832' title='bbox 584 5409 628 5473; x_wconf 83' lang='lat' dir='ltr'><strong>in</strong></span> <span class='ocrx_word' id='word_1_833' title='bbox 665 5404 1547 5473; x_wconf 68' lang='lat' dir='ltr'><strong>laudemTheodosii_et_liberorum</strong></span> <span class='ocrx_word' id='word_1_834' title='bbox 1570 5410 1691 5467; x_wconf 89' lang='lat' dir='ltr'><strong>ejus.</strong></span> <span class='ocrx_word' id='word_1_835' title='bbox 1729 5404 1833 5459; x_wconf 76' lang='grc' dir='ltr'>Νοῖι</span> <span class='ocrx_word' id='word_1_836' title='bbox 1876 5427 1959 5473; x_wconf 90' lang='lat' dir='ltr'><strong>pro</strong></span> 
     </span>
    </p>
   </div>
   <div class='ocr_carea' id='block_1_125' title="bbox 391 5466 1957 5533">
    <p class='ocr_par' dir='ltr' id='par_1_125' title="bbox 391 5466 1957 5533">
     <span class='ocr_line' id='line_1_126' title="bbox 391 5466 1957 5533; baseline 0.004 -18"><span class='ocrx_word' id='word_1_837' title='bbox 391 5474 525 5515; x_wconf 70' lang='lat' dir='ltr'><strong>certo</strong></span> <span class='ocrx_word' id='word_1_838' title='bbox 548 5466 695 5533; x_wconf 68' lang='lat' dir='ltr'><strong>habet</strong></span> <span class='ocrx_word' id='word_1_839' title='bbox 710 5468 1075 5533; x_wconf 80' lang='lat' dir='ltr'><strong>Valesius__ltanc</strong></span> <span class='ocrx_word' id='word_1_840' title='bbox 1099 5467 1349 5533; x_wconf 77' lang='lat' dir='ltr'><strong>epistolam</strong></span> <span class='ocrx_word' id='word_1_841' title='bbox 1367 5481 1467 5533; x_wconf 85' lang='lat' dir='ltr'><strong>non</strong></span> <span class='ocrx_word' id='word_1_842' title='bbox 1487 5468 1634 5520; x_wconf 79' lang='lat' dir='ltr'><strong>fuisse</strong></span> <span class='ocrx_word' id='word_1_843' title='bbox 1651 5466 1885 5533; x_wconf 78' lang='lat' dir='ltr'><strong>scriptam</strong></span> <span class='ocrx_word' id='word_1_844' title='bbox 1901 5476 1957 5522; x_wconf 87' lang='lat' dir='ltr'><strong>ad</strong></span> 
     </span>
    </p>
   </div>
   <div class='ocr_carea' id='block_1_126' title="bbox 390 5526 1558 5592">
    <p class='ocr_par' dir='ltr' id='par_1_126' title="bbox 390 5526 1558 5592">
     <span class='ocr_line' id='line_1_127' title="bbox 390 5526 1558 5592; baseline 0.002 -17"><span class='ocrx_word' id='word_1_845' title='bbox 390 5532 594 5577; x_wconf 79' lang='lat' dir='ltr'><strong>alterum</strong></span> <span class='ocrx_word' id='word_1_846' title='bbox 617 5526 850 5578; x_wconf 81' lang='lat' dir='ltr'><strong>Joannem</strong></span> <span class='ocrx_word' id='word_1_847' title='bbox 866 5544 891 5579; x_wconf 82' lang='lat' dir='ltr'><strong>a</strong></span> <span class='ocrx_word' id='word_1_848' title='bbox 915 5526 1247 5592; x_wconf 75' lang='lat' dir='ltr'><strong>Chrysostoma</strong></span> <span class='ocrx_word' id='word_1_849' title='bbox 1267 5531 1558 5579; x_wconf 80' lang='lat' dir='ltr'><strong>distinctum.</strong></span> 
     </span>
    </p>
   </div>
   <div class='ocr_carea' id='block_1_127' title="bbox 2064 5039 3638 5128">
    <p class='ocr_par' dir='ltr' id='par_1_127' title="bbox 2064 5039 3638 5128">
     <span class='ocr_line' id='line_1_128' title="bbox 2064 5039 3638 5128; baseline 0.02 -40"><span class='ocrx_word' id='word_1_850' title='bbox 2064 5039 2348 5128; x_wconf 30' lang='lat' dir='ltr'><strong>enimet-enm</strong></span> <span class='ocrx_word' id='word_1_851' title='bbox 2377 5042 2584 5108; x_wconf 87' lang='lat' dir='ltr'><strong>ederet,</strong></span> <span class='ocrx_word' id='word_1_852' title='bbox 2603 5061 2778 5128; x_wconf 65' lang='lat' dir='ltr'><strong>eaque.</strong></span> <span class='ocrx_word' id='word_1_853' title='bbox 2799 5052 2971 5128; x_wconf 84' lang='lat' dir='ltr'><strong>omnia</strong></span> <span class='ocrx_word' id='word_1_854' title='bbox 3003 5053 3217 5128; x_wconf 73' lang='lat' dir='ltr'><strong>faceret,</strong></span> <span class='ocrx_word' id='word_1_855' title='bbox 3246 5073 3364 5128; x_wconf 77' lang='lat' dir='ltr'><strong>qua:</strong></span> <span class='ocrx_word' id='word_1_856' title='bbox 3393 5061 3638 5119; x_wconf 69' lang='lat' dir='ltr'><strong>homines</strong></span> 
     </span>
    </p>
   </div>
   <div class='ocr_carea' id='block_1_128' title="bbox 2064 5109 3637 5201">
    <p class='ocr_par' dir='ltr' id='par_1_128' title="bbox 2064 5109 3637 5201">
     <span class='ocr_line' id='line_1_129' title="bbox 2064 5109 3637 5201; baseline 0.018 -42"><span class='ocrx_word' id='word_1_857' title='bbox 2439 5116 2661 5201; x_wconf 56' lang='lat' dir='ltr'><strong>perculsi</strong></span> <span class='ocrx_word' id='word_1_858' title='bbox 2688 5109 2859 5201; x_wconf 62' lang='lat' dir='ltr'><strong>facere</strong></span> <span class='ocrx_word' id='word_1_859' title='bbox 2886 5123 3077 5201; x_wconf 66' lang='lat' dir='ltr'><strong>solent.</strong></span> <span class='ocrx_word' id='word_1_860' title='bbox 3105 5109 3216 5195; x_wconf 77' lang='lat' dir='ltr'><strong>Ego</strong></span> 
     </span>
    </p>
   </div>
   <div class='ocr_carea' id='block_1_129' title="bbox 2067 5179 3638 5257">
    <p class='ocr_par' dir='ltr' id='par_1_129' title="bbox 2067 5179 3638 5257">
     <span class='ocr_line' id='line_1_130' title="bbox 2067 5179 3638 5257; baseline 0.017 -26"><span class='ocrx_word' id='word_1_861' title='bbox 2067 5188 2172 5257; x_wconf 76' lang='lat' dir='ltr'><strong>tate</strong></span> <span class='ocrx_word' id='word_1_862' title='bbox 2196 5179 2414 5257; x_wconf 62' lang='lat' dir='ltr'><strong>allectus</strong></span> <span class='ocrx_word' id='word_1_863' title='bbox 2440 5179 2582 5247; x_wconf 82' lang='lat' dir='ltr'><strong>sum,</strong></span> <span class='ocrx_word' id='word_1_864' title='bbox 2610 5188 2748 5254; x_wconf 91' lang='lat' dir='ltr'><strong>quod</strong></span> <span class='ocrx_word' id='word_1_865' title='bbox 2776 5189 2837 5241; x_wconf 89' lang='lat' dir='ltr'><strong>ad</strong></span> <span class='ocrx_word' id='word_1_866' title='bbox 2882 5179 3638 5257; x_wconf 45' lang='lat' dir='ltr'><strong>forensemvartei’n</strong></span> 
     </span>
    </p>
   </div>
   <div class='ocr_carea' id='block_1_130' title="bbox 2064 5248 3639 5337">
    <p class='ocr_par' dir='ltr' id='par_1_130' title="bbox 2064 5248 3639 5337">
     <span class='ocr_line' id='line_1_131' title="bbox 2064 5248 3639 5337; baseline 0.019 -39"><span class='ocrx_word' id='word_1_867' title='bbox 2064 5248 2712 5337; x_wconf 50' lang='lat' dir='ltr'><strong>dumdemonstrationem</strong></span> <span class='ocrx_word' id='word_1_868' title='bbox 2754 5274 2965 5337; x_wconf 77' lang='lat' dir='ltr'><strong>quoque</strong></span> <span class='ocrx_word' id='word_1_869' title='bbox 3006 5248 3639 5337; x_wconf 37' lang='lat' dir='ltr'><strong>adjungaswi-atqu&#39;e&#39;et&#39;le</strong></span> 
     </span>
    </p>
   </div>
   <div class='ocr_carea' id='block_1_131' title="bbox 2066 5318 3637 5411">
    <p class='ocr_par' dir='ltr' id='par_1_131' title="bbox 2066 5318 3637 5411">
     <span class='ocr_line' id='line_1_132' title="bbox 2066 5318 3637 5411; baseline 0.011 -41"><span class='ocrx_word' id='word_1_870' title='bbox 2066 5318 2276 5411; x_wconf 62' lang='lat' dir='ltr'><strong>beatum</strong></span> <span class='ocrx_word' id='word_1_871' title='bbox 2309 5324 2558 5411; x_wconf 64' lang='lat' dir='ltr'><strong>pra‘dieo,</strong></span> <span class='ocrx_word' id='word_1_872' title='bbox 2588 5327 2675 5393; x_wconf 90' lang='lat' dir='ltr'><strong>qui</strong></span> <span class='ocrx_word' id='word_1_873' title='bbox 2703 5318 2933 5383; x_wconf 49' lang='lat' dir='ltr'><strong>ad&#39;lnn&#39;tc</strong></span> <span class='ocrx_word' id='word_1_874' title='bbox 2957 5318 3637 5411; x_wconf 43' lang='lat' dir='ltr'><strong>[notiunfta&#39;rasiéH.135:</strong></span> 
     </span>
    </p>
   </div>
   <div class='ocr_carea' id='block_1_132' title="bbox 2063 5394 3640 5473">
    <p class='ocr_par' dir='ltr' id='par_1_132' title="bbox 2063 5394 3640 5473">
     <span class='ocr_line' id='line_1_133' title="bbox 2063 5394 3640 5473; baseline 0.011 -33"><span class='ocrx_word' id='word_1_875' title='bbox 2063 5398 2248 5473; x_wconf 41' lang='lat' dir='ltr'><strong>ct‘eos</strong></span> <span class='ocrx_word' id='word_1_876' title='bbox 2296 5394 2400 5472; x_wconf 67' lang='lat' dir='ltr'><strong>qui</strong></span> <span class='ocrx_word' id='word_1_877' title='bbox 2433 5394 2588 5473; x_wconf 79' lang='lat' dir='ltr'><strong>talem</strong></span> <span class='ocrx_word' id='word_1_878' title='bbox 2630 5411 2929 5473; x_wconf 71' lang='lat' dir='ltr'><strong>prarconcm</strong></span> <span class='ocrx_word' id='word_1_879' title='bbox 2974 5404 3109 5456; x_wconf 90' lang='lat' dir='ltr'><strong>nacti</strong></span> <span class='ocrx_word' id='word_1_880' title='bbox 3150 5394 3303 5473; x_wconf 70' lang='lat' dir='ltr'><strong>stunt,</strong></span> <span class='ocrx_word' id='word_1_881' title='bbox 3329 5412 3426 5464; x_wconf 81' lang='lat' dir='ltr'><strong>hoc</strong></span> <span class='ocrx_word' id='word_1_882' title='bbox 3455 5394 3640 5470; x_wconf 42' lang='lat' dir='ltr'><strong>Lais;</strong></span> 
     </span>
    </p>
   </div>
   <div class='ocr_carea' id='block_1_133' title="bbox 2064 5462 3639 5580">
    <p class='ocr_par' dir='ltr' id='par_1_133' title="bbox 2064 5462 3639 5580">
     <span class='ocr_line' id='line_1_134' title="bbox 2064 5462 3639 5580; baseline 0.022 -75"><span class='ocrx_word' id='word_1_883' title='bbox 2064 5466 2264 5580; x_wconf 45' lang='grc' dir='ltr'><strong>βῧῇἳρῗι</strong></span> <span class='ocrx_word' id='word_1_884' title='bbox 2315 5462 2401 5528; x_wconf 89' lang='lat' dir='ltr'><strong>qui</strong></span> <span class='ocrx_word' id='word_1_885' title='bbox 2456 5464 2733 5532; x_wconf 84' lang='lat' dir='ltr'><strong>imperium</strong></span> <span class='ocrx_word' id='word_1_886' title='bbox 2779 5468 2960 5535; x_wconf 85' lang='lat' dir='ltr'><strong>dedit,</strong></span> <span class='ocrx_word' id='word_1_887' title='bbox 3006 5484 3059 5528; x_wconf 87' lang='lat' dir='ltr'><strong>et</strong></span> <span class='ocrx_word' id='word_1_888' title='bbox 3104 5475 3240 5532; x_wconf 71' lang='lat' dir='ltr'><strong>filios</strong></span> <span class='ocrx_word' id='word_1_889' title='bbox 3280 5462 3368 5549; x_wconf 73' lang='lat' dir='ltr'><strong>qui</strong></span> <span class='ocrx_word' id='word_1_890' title='bbox 3407 5462 3639 5553; x_wconf 39' lang='lat' dir='ltr'><strong>‘aé’ciipéi</strong></span> 
     </span>
    </p>
   </div>
  </div>
