4064 6212
1463 401 1547 456 DE
1586 401 1643 456 S.
1685 400 1947 458 JOANNE
1984 401 2351 460 CllliYSOST.

3458 431 3560 485 ΗΟ

389 542 3535 591 ....__..._..___.._____.____._______________.___________________

320 662 507 707 suos
552 661 896 709 κομιοῦσα
936 667 1022 709 ω
1067 666 1396 709 Αιιωυιυω
1428 668 1915 725 ηιριζιιλτοιιεω,
1964 671 2263 715 EPISTOLA
2310 656 2609 730 279,1.13.
2662 677 2753 728 ιιι,
2804 679 2861 719 ρ.
2908 661 3049 737 Ιι35,
3098 682 3271 728 non.
3319 686 3533 743 nomn,

1658 770 1828 827 ron,
1850 768 2019 815 anno
2048 754 2225 815 1668.

364 912 979 988 «ἰοθηηθωηωιικίιηιιη
1011 918 1157 972 orbis
1186 917 1387 981 lumen,
1419 917 1656 988 Byzantii
1680 933 1882 988 pransu-

293 983 422 1063 lem,
484 985 536 1039 in
565 985 782 1063 exilium
834 989 1030 1063 injuste
1060 988 1271 1063 misisti,
1302 983 1647 1063 suadentibus
1677 983 1887 1058 cpisco-

295 1058 641 1128 pis_summ:e
673 1058 909 1113 levitatis
934 1068 989 1112 et
1014 1060 1154 1113 male
1199 1060 1574 1114 sentientibus.
1607 1059 1736 1114 Cum
1758 1074 1887 1128 ergo

292 1121 621 1209 catholicam
664 1128 957 1210 Ecclesiam
982 1128 1264 1210 inculpata
1292 1130 1606 1210 sinceraque
1644 1121 1887 1186 doctrina

292 1196 615 1266 privaveris,
650 1216 719 1256 ne
743 1200 944 1270 absque
966 1196 1157 1254 dolore
1182 1198 1344 1253 vitam
1378 1196 1672 1269 transigito.

528 1312 774 1385 Ejusdem
812 1309 926 1366 Lib.
966 1310 1029 1377 ll,
1070 1311 1217 1383 epist.
1256 1311 1383 1380 9.65,
1421 1326 1472 1382 ρ.
1513 1313 1637 1368 9.5L

794 1426 1012 1480 Arcadio
1059 1426 1370 1496 imperatori.

364 1558 487 1626 Quo
504 1567 657 1625 pacto
683 1572 709 1609 a
743 1556 1183 1626 frequentissimis
1212 1565 1366 1610 terra:
1393 1556 1623 1611 motibus
1643 1556 1887 1611 tetherei-

287 1646 395 1699 qne
410 1629 545 1697 ignis
561 1627 891 1686 conﬂictibus
905 1628 1125 1699 liberam
1137 1626 1652 1699 Constantinopolim
1666 1642 1887 1682 cernere

289 1700 465 1765 cupis,
497 1713 616 1752 cum
644 1700 924 1751 innumera
964 1698 1033 1751 ibi
1056 1698 1254 1751 scelera
1281 1706 1674 1767 perpetrentur,
1705 1707 1756 1751 et
1783 1699 1886 1751 ini-

287 1773 471 1839 quitas
495 1783 591 1836 pro
617 1768 731 1838 lege
758 1782 879 1821 cum
896 1767 1117 1839 audacia
1142 1769 1305 1839 multa
1334 1768 1731 1837 praescrihatur,
1761 1783 1885 1839 c_um

286 1836 400 1908 jam
454 1839 508 1891 in
558 1836 776 1908 exilium
801 1838 971 1908 pulsa
1022 1839 1091 1892 sit
1137 1836 1385 1893 Ecclesiae
1442 1839 1723 1902 columna,
1788 1836 1882 1892 lux

290 1906 557 2015 verit’atis,
600 1908 724 1963 tuba
752 1906 973 1976 Christi,
1024 1907 1258 1965 Joannes
1289 1908 1627 1966 beatissimus
1673 1910 1883 1978 episco—

288 1997 392 2049 pus
422 1997 435 2031 ε

1999 921 2245 997 Ejusdem
2294 925 2361 976 ad
2417 924 3049 1053 δευιννιῖἓθρποηέὸἑεηι.
3120 930 3233 986 Lib.
3286 933 3366 1003 ll,
3426 939 3579 1008 epici.

2706 1038 2716 1047 .
2761 1016 2810 1053 υ.
2854 1016 2887 1053 o
2965 1040 2977 1053 .

2706 1038 2716 1047 .
2759 1016 2810 1068 ρ.
2854 1016 2977 1054 ouz.

2034 1127 2261 1220 hinvid
2278 1133 2555 1220 compulsi
2572 1133 2784 1220 quidam
2802 1136 3035 1220 episcopi
3052 1138 3126 1220 ob
3138 1155 3397 1198 summam
3413 1143 3577 1220 Joano

1994 1205 2101 1283 nis,
2154 1205 2401 1283 episeopi.
2438 1205 3022 1283 eonstantinopolitani,
3079 1212 3348 1277 virtutem,
3392 1214 3579 1270 divino

1995 1277 2139 1344 metu
2183 1273 2364 1344 valere
2382 1273 2556 1340 jusso.
2604 1273 2846 1330 sanctum
2876 1278 3313 1344 hominem,vcre
3335 1273 3577 1340 universi

1994 1340 2194 1424 lumen,
2234 1343 2439 1424 insidiis
2457 1347 2857 1424 aggressisunt,
2898 1340 3242 1424 feceruntque
3269 1363 3324 1408 ut
3345 1356 3572 1423 impera-

1995 1418 2078 1465 tor
2104 1417 2371 1479 piissimus
2399 1423 2455 1469 et
2477 1417 2927 1484 simplicissimus,
2962 1417 3232 1477 fraudibus
3251 1417 3436 1479 eorum
3480 1425 3575 1482 de-

1993 1492 2200 1548 ceptus,
2234 1484 2508 1564 caelestem
2543 1488 2814 1564 virumnin
2863 1490 3078 1564 exilium
3126 1494 3382 1551 mitteret.
3442 1495 3573 1551 Cum

1995 1566 2123 1634 ergo
2167 1555 2431 1622 pestiferis
2480 1565 2535 1611 et
2587 1557 2777 1634 invidis
2833 1560 3134 1634 pastoribus
3177 1564 3575 1620 circumventus

1994 1628 2287 1700 imperator
2315 1640 2474 1681 aures
2499 1628 2817 1697 przebuerit,
2834 1631 2953 1698 jure
2983 1633 3238 1700 prapheta
3264 1634 3526 1690 clamabat
3557 1654 3570 1689 :

1994 1694 2238 1776 {Extendit
2289 1694 2660 1776 ntanuut'suom
2697 1694 3119 1776 cnut'illusorei
3150 1702 3278 1759 Osee
3325 1704 3438 1771 VII,
3470 1706 3505 1761 5
3530 1709 3573 1776 ).

1994 1765 2257 1843 Czeterum
2312 1772 2429 1843 post
2475 1770 2618 1843 justi
2659 1770 2875 1825 exilium
2934 1765 3163 1827 maxima
3214 1788 3336 1843 pars
3365 1765 3573 1839 eorum.

1992 1838 2081 1906 qui
2109 1835 2223 1913 haec
2254 1835 2541 1913 machinati
2595 1838 2805 1913 fuerant
2854 1856 3039 1913 pcenas
3088 1835 3479 1911 persolverunt,
3511 1835 3575 1902 ae

1992 1921 2112 1980 eum
2143 1907 2267 1962 fletu
2290 1918 2343 1961 et
2369 1909 2601 1980 clamore
2628 1907 3028 1980 confessi'sunt,
3058 1907 3117 1969 se
3142 1907 3488 1971 vehementer
3518 1916 3573 1972 in

1993 1979 2163 2031 virum
2183 1988 2422 2033 sanetum
2450 1979 2756 2049 deliquisse.

1014 2088 3568 2123 ww

288 2180 562 2241 suasu,
608 2182 890 2229 crassas
932 2184 1240 2245 EPISCOPI,
1287 2184 1488 2230 nrtsr.
1534 2166 1637 2243 66,
1694 2186 1779 2232 an
1831 2186 2276 2244 TBEOPHILUM,
2324 2189 2830 2235 ALEXANDRINUM
2889 2192 3273 2251 EPISCOPUM,
3322 2193 3379 2236 P.
3428 2175 3570 2240 206.

363 2286 613 2343 Nonnihil
645 2290 1016 2344 seiseitaturus
1041 2288 1138 2342 abs
1165 2298 1237 2355 te,
1264 2302 1364 2358 qua
1395 2289 1462 2343 de
1487 2304 1545 2345 re
1574 2290 1875 2344 sciscitatus

290 2374 384 2415 ms
413 2361 513 2413 sim
564 2370 722 2414 antea
750 2360 879 2415 libet
905 2373 1196 2427 exponere.
1230 2360 1530 2415 Alexander
1554 2375 1585 2415 e
1608 2363 1877 2414 senatorio

291 2430 479 2484 ordine
526 2430 869 2500 Cyrenensis,
920 2431 1095 2485 adhuc
1147 2431 1480 2495 adolescens,
1527 2435 1875 2485 monasticam

291 2502 451 2570 vitam
481 2500 755 2570 professus
780 2510 867 2570 est
893 2518 907 2554 :
938 2515 1166 2570 cumque
1195 2517 1297 2554 una
1332 2516 1451 2554 cum
1479 2512 1635 2555 (etate
1664 2517 1879 2570 mouas:

296 2566 453 2624 ticum
481 2564 633 2624 villud
680 2572 802 2625 vita:
850 2564 1149 2625 institutum
1182 2573 1515 2641 procederet,
1554 2572 1782 2641 primum
1810 2566 1877 2625 ad

296 2642 521 2703 diaconi,
575 2640 699 2696 inde
746 2642 812 2695 ad
857 2642 1145 2701 sacerdotii
1186 2640 1246 2696 in
1276 2643 1512 2697 Ecclesia
1558 2640 1879 2711 dignitatem

296 2722 570 2782 provectus
607 2720 708 2765 est.
739 2713 863 2765 Post
891 2711 1026 2775 hmc,
1056 2714 1344 2767 occasione
1374 2712 1572 2782 negotii
1598 2712 1877 2781 cujusdam

293 2781 359 2835 ad
406 2792 574 2837 castra
618 2785 909 2852 profectus,
965 2792 1019 2837 et
1069 2782 1242 2838 beata)
1272 2781 1544 2838 memoiize
1571 2782 1764 2838 Joanui
1815 2798 1875 2840 se

1982 2293 2179 2347 sistens
2231 2292 2562 2361 (honoretur
2613 2296 2753 2349 enim
2783 2310 2811 2349 a
2841 2296 2992 2351 nobis
3037 2299 3231 2352 mortui
3289 2299 3569 2363 memoria,

1981 2364 2232 2439 quoniam
2280 2364 2454 2439 omnis
2502 2378 2623 2418 cum
2674 2368 2778 2418 vita
2826 2368 3069 2439 simultas
3112 2368 3366 2439 exuitur)
3400 2387 3413 2423 :
3447 2369 3571 2426 huic

1983 2435 2142 2501 igitur
2170 2449 2227 2489 se
2257 2434 2452 2489 sistens
2480 2444 2604 2489 ante
2635 2446 2809 2490 motus
2858 2437 2978 2492 illos
3002 2448 3057 2492 et
3098 2434 3357 2498 tumultus
3390 2442 3571 2495 Eccle-

1984 2505 2205 2579 siarum,
2238 2504 2621 2579 Basiuopoleos
2646 2506 2905 2578 Bithynia:
2934 2510 3214 2579 episcopus
3240 2511 3380 2569 illius
3402 2512 3572 2572 maui-

1985 2575 2083 2629 bus
2128 2585 2209 2651 c_st
2255 2577 2548 2630 ordinatus.
2575 2576 2707 2651 porta
2740 2575 2868 2631 vero
2897 2575 3256 2651 contentione,
3298 2582 3366 2651 in
3393 2581 3509 2651 ejus
3537 2597 3570 2636 a

1984 2660 2090 2714 quo
2116 2646 2315 2701 electus
2345 2656 2459 2702 erat
2484 2648 2713 2703 amicitia
2745 2650 3125 2716 perseveravit,
3149 2660 3205 2705 et
3232 2650 3372 2706 illius
3392 2646 3569 2721 partes

1985 2727 2200 2771 εεευιυε
2222 2726 2323 2771 εει.

1015 3013 1254 3058 tsmont
1296 3013 1660 3058 PnLnsm'us
1702 3012 2052 3059 svmuacno
2094 2994 2396 3055 EPISTOiA
2443 2991 2559 3053 152
2600 3009 2769 3053 unm
2816 2992 2863 3054 Ι.

359 3117 497 3175 Petis
540 3132 571 3188 a
594 3130 682 3175 me
704 3128 763 3173 ut
780 3116 943 3174 divini
974 3118 1194 3174 Joannis
1234 3118 1546 3188 tragtediam
1580 3118 1672 3173 tibi
1702 3132 1870 3188 expo—

288 3204 427 3244 nam.
467 3186 570 3245 Sed
598 3188 781 3244 nescio
807 3188 1073 3260 quomodo
1121 3204 1238 3245 eam
1292 3186 1552 3258 explicem
1588 3206 1599 3260 ς
1631 3186 1864 3244 mentem

285 3260 420 3314 enim
472 3273 557 3329 res
608 3260 711 3316 ἰδίει
758 3270 976 3329 superat
1002 3277 1016 3314 :
1048 3274 1231 3315 verum
1260 3275 1423 3329 βψω
1449 3259 1689 3329 qusedam
1721 3260 1865 3314 audi.

285 3329 461 3385 Vicina
478 3328 742 3454 {Egimus
763 3328 860 3399 pro
882 3345 1030 3386 more
1051 3344 1147 3385 suo
1165 3328 1343 3399 inique
1362 3345 1419 3385 se
1438 3328 1868 3454 gessim‘lopsem

285 3416 557 3454 recusans.
612 3402 917 3454 ‘haraonem
940 3400 1246 3454 admittens.
1274 3401 1498 3454 humiles
1516 3400 1692 3454 ilaaris
1742 3416 1867 3454 ace-

282 3400 569 3466 reeusans,’
588 3400 917 3456 Pharaonem
940 3400 1246 3465 admittens,
1274 3401 1498 3456 humiles
1516 3400 1692 3470 ilagris
1722 3400 1867 3457 lace-

278 3485 420 3531 rans.
473 3470 782 3527 laborantes
832 3472 1159 3540 opprimens,
1215 3470 1374 3526 urbes
1425 3481 1767 3536 construens.
1814 3478 1869 3528 et

275 3543 582 3597 mercedem
611 3543 962 3611 structoribus
982 3556 1180 3611 negans
1210 3559 1222 3594 :
1253 3549 1307 3595 et
1327 3540 1392 3595 ad
1415 3542 1515 3595 hoc
1538 3557 1702 3610 usque
1731 3549 1869 3595 tem-

275 3629 371 3683 pus
402 3615 521 3667 lucc
572 3624 759 3682 agens.
802 3610 933 3666 Nam
988 3610 1174 3683 insano
1211 3612 1507 3683 lapillorum
1537 3626 1718 3683 amore
1769 3613 1867 3683 lla-

268 3694 516 3753 grantem
547 3692 602 3738 et
638 3685 751 3736 auri
780 3683 1038 3737 cultorem
1067 3682 1421 3751 Theophilum
1448 3682 1868 3753 assumptishad—

267 3751 561 3823 jutoribus,
609 3754 719 3807 imo
746 3753 1031 3823 apostasia;
1056 3754 1213 3823 sociis
1239 3764 1503 3823 quatuor,
1534 3753 1586 3805 in
1634 3751 1866 3806 medium

267 3822 578 3894 proferens,
603 3824 750 3892 pium
784 3824 1070 3892 divinaque
1095 3822 1336 3894 doctrina
1368 3822 1643 3889 praeditum
1671 3823 1867 3894 virum

266 3893 636 3964 oppugnavit;
687 3893 867 3949 odium
898 3903 1058 3962 atque
1084 3893 1415 3947 inimicitiam
1466 3907 1625 3961 quam
1662 3893 1740 3964 in!
1772 3906 1865 3947 co-

266 3962 586 4035 gnominem
634 3980 812 4018 meum
838 3964 912 4036 (a)
947 3975 1298 4036 conceperat,
1318 3964 1567 4036 nequitia:
1597 3962 1866 4036 suminei-

267 4032 571 4090 {amentum
614 4038 825 4089 nactus.
847 4032 927 4088 Ἀἱ
955 4032 1141 4089 domus
1174 4033 1387 4088 Davidis
1420 4033 1715 4098 invalescit,
1773 4032 1869 4088 d0-

267 4122 393 4161 mus
420 4115 600 4160 autem
643 4106 822 4160 Saulis
846 4105 1174 4168 debilitatur,
1206 4115 1260 4159 ut
1286 4106 1434 4159 vides
1462 4122 1474 4157 :
1501 4105 1763 4173 siquidem
1788 4106 1868 4159 vir

269 4176 392 4237 ille,
440 4186 686 4245 superata
738 4176 862 4231 vitae
903 4183 1234 4246 tempestate,
1279 4176 1349 4231 ad
1398 4191 1681 4246 supernam
1724 4185 1867 4231 tran-

266 4247 591 4317 quillitatem
610 4248 875 4317 migravit.
1562 4264 1565 4267 ‘

458 4338 708 4407 Ejusdem
747 4337 1016 4391 Eustalhio
1043 4339 1255 4409 epistola
1294 4338 1591 4406 156,eiusd.
1623 4339 1661 4392 ι.

345 4430 464 4497 Ego
494 4429 710 4499 quidem
737 4432 926 4485 librum
943 4432 1080 4495 misi,
1112 4448 1267 4500 quem
1300 4447 1325 4483 a
1352 4447 1437 4485 me
1466 4430 1695 4500 petiisti;
1735 4430 1869 4484 fruc-

270 4511 495 4568 tumque
524 4517 589 4553 ex
618 4516 684 4553 eo
711 4516 805 4569 per
835 4512 883 4555 te
911 4511 1183 4570 exspecto,
1227 4500 1314 4569 qui
1346 4502 1412 4554 ab
1459 4503 1705 4557 omnibus
1726 4501 1867 4569 exigi

269 4572 577 4624 consuevit.
624 4570 838 4624 Nullum
887 4572 1050 4636 enim,
1082 4572 1281 4625 nullum
1327 4582 1410 4626 est
1447 4586 1541 4625 cor
1578 4573 1719 4641 quod
1751 4572 1867 4640 ejus

271 4641 509 4695 lectione
535 4640 775 4707 fruitum,
804 4656 910 4696 non
937 4641 1117 4697 divino
1141 4657 1323 4696 amore
1346 4640 1644 4697 sauciatuin
1664 4642 1824 4696 fuerit
1848 4656 1863 4695 :

333 4796 415 4864 (a)
447 4794 535 4846 Hic
558 4796 772 4859 loquitur
794 4797 857 4847 de
882 4797 1067 4864 lsidoro
1089 4797 1191 4858 illo,
1216 4800 1318 4848 viro
1342 4808 1525 4862 sancto,
1551 4800 1633 4863 qui
1661 4799 1721 4849 ab
1742 4799 1866 4849 Hos-

274 4857 518 4920 pitalitate
542 4857 721 4908 nornen
748 4861 952 4922 accepit.

1973 3115 2169 3187 quippe
2192 3117 2279 3184 qui
2318 3115 2673 3187 venerandam
2705 3128 2815 3169 rem
2846 3122 2898 3171 et
2928 3128 3145 3172 accessu
3175 3116 3447 3175 difficilem
3478 3135 3566 3176 sa-

1977 3186 2278 3258 cerdotium
2329 3200 2449 3258 esse
2497 3186 2864 3258 demonstret;
2900 3188 3127 3258 ct‘simul
3154 3191 3423 3258 quomodo
3449 3193 3566 3249 sine

1978 3258 2083 3312 ulla
2107 3256 2537 3328 reprehensionis
2555 3257 2670 3328 labe
2692 3266 2924 3311 sectetur
2943 3256 3151 3328 doceat.
3174 3256 3402 3328 Sapiens
3423 3264 3567 3325 enim

1980 3328 2428 3402 illeAarcuuorum
2480 3326 2604 3402 Dei‘
2635 3328 2899 3402 intet_'pres
2942 3326 3204 3402 Joannes.
3255 3326 3566 3402 Byzantina:

1977 3396 2251 3462 Ecclesize,
2302 3398 2408 3451 imo
2465 3398 2701 3452 oumium
2750 3396 3107 3454 Ecclesiarum
3137 3396 3343 3467 oculus,
3372 3402 3563 3463 librum

1978 3469 2123 3524 illum
2158 3468 2224 3521 ita
2258 3469 2551 3536 prudenter
2589 3474 2641 3521 et
2671 3478 2921 3524 accurate
2948 3469 3134 3536 ed'dit,
3168 3481 3222 3526 ut
3246 3486 3350 3530 tam
3379 3488 3567 3533 omnes

1976 3541 2166 3611 quibut
2185 3539 2291 3592 Deo
2319 3546 2523 3611 gratum
2548 3547 2646 3602 est,
2674 3554 2831 3611 quam
2853 3541 2942 3607 qui
2974 3540 3299 3611 negligenter
3324 3546 3565 3601 sacerdo-

1980 3613 2052 3683 tio
2077 3609 2382 3679 funguntur,
2412 3609 2498 3683 hie
2519 3618 2570 3661 et
2593 3617 2735 3664 recte
2760 3609 2895 3664 facta
2923 3609 3566 3683 sua,'et’rcprehensiuuo

1976 3680 2129 3749 digna
2155 3678 2302 3748 gesta
2330 3678 2614 3747 reperiant.

1977 3770 2225 3841 Ejusdem
2262 3768 2455 3839 Cyrillo
2493 3769 2842 3829 Alexandrino
2897 3772 3111 3839 epistola
3168 3774 3275 3829 510
3311 3777 3479 3846 ejusd.
3521 3779 3563 3832 Ι.

2045 3862 2283 3919 Allectus
2313 3861 2506 3918 nimius
2535 3877 2638 3917 non
2681 3872 2834 3918 acute
2863 3866 3068 3930 cernit;
3109 3866 3291 3923 odium
3321 3884 3447 3925 vero
3472 3871 3559 3924 ni-

1976 3934 2280 4008 hilomniuo
2306 3935 2497 4008 cernit.
2524 3933 2814 4008 Siergoab
2842 3944 3068 4008 utroque
3095 3936 3289 3990 damno
3308 3954 3473 4008 purus
3499 3955 3561 3994 ac

1976 4006 2113 4060 liber
2156 4017 2278 4058 esse
2320 4003 2475 4067 velis,
2507 4004 2613 4057 noli
2644 4003 2908 4059 violentas
2951 4004 3089 4060 ferre
3118 4003 3433 4073 sententias,
3463 4012 3559 4065 sed

1970 4076 2118 4151 justo
2166 4073 2365 4151 judicio
2414 4087 2602 4129 causas
2653 4076 2946 4151 committe.
3005 4077 3214 4151 Etenim
3266 4079 3426 4146 Deus,
3468 4082 3561 4151 qui

1974 4147 2150 4202 omnia
2175 4145 2327 4200 novit
2353 4152 2635 4215 antequam
2663 4145 2811 4215 (iant,
2844 4160 2942 4215 pro
2963 4161 3056 4201 sua
3085 4145 3418 4205 humanitate
3435 4145 3562 4206 des-

1974 4217 2223 4283 cendere,
2254 4224 2306 4289 et
2332 4214 2627 4270 clamorem
2656 4214 3010 4272 Sodomorum
3039 4220 3345 4289 perspicere
3372 4221 3561 4281 voluit,

1974 4298 2033 4343 It
2082 4302 2180 4342 nos
2225 4286 2291 4341 ad
2335 4297 2421 4338 res
2465 4295 2713 4341 accurate
2755 4286 3071 4344 scrutandas
3098 4286 3355 4346 erudiret.
3409 4291 3565 4348 Multi

1974 4360 2116 4415 enim
2137 4373 2203 4414 ex
2234 4359 2320 4422 iis,
2353 4357 2459 4426 qui
2508 4357 2705 4425 Ephesi
2729 4361 2898 4415 coacti
2947 4370 3090 4426 sunt,
3120 4371 3170 4416 te
3198 4363 3481 4420 traducunt
3506 4372 3564 4420 ut

1975 4438 2092 4501 tuas
2123 4425 2429 4483 inimicitias
2475 4428 2843 4501 ulciscentem,
2898 4446 2961 4486 ae
3003 4425 3108 4486 non
3162 4448 3223 4486 ea
3267 4449 3387 4501 qua:
3431 4432 3558 4487 Jesu

1975 4499 2170 4553 Christi
2225 4509 2368 4562 sunt,
2426 4499 2723 4554 orthodoxe
2749 4510 3098 4569 qumrentem.
3129 4499 3430 4570 Theophili,
3474 4502 3557 4555 in-

1973 4573 2180 4641 quiunt,
2233 4586 2299 4627 ex
2346 4586 2532 4627 sorore
2577 4586 2743 4638 nepos
2781 4580 2882 4635 est,
2926 4572 3181 4640 illumque
3206 4571 3463 4641 imitatur.
3492 4571 3561 4626 Ut

1973 4640 2115 4695 enim
2158 4641 2251 4695 ille
2281 4642 2535 4697 adversus
2568 4641 2807 4695 divinum
2856 4654 2919 4693 ac
2951 4641 3061 4695 Deo
3087 4654 3267 4694 carum
3297 4640 3557 4697 Joannem

1973 4710 2152 4765 furore
2175 4723 2326 4766 actus
2356 4722 2437 4767 est
2469 4730 2482 4765 :
2516 4712 2593 4765 sic
2629 4712 2790 4764 etiam
2820 4709 2920 4782 iste
2947 4711 3162 4780 gloriari
3202 4720 3258 4765 et
3283 4724 3403 4766 sese
3438 4709 3556 4782 jac-

1974 4791 2086 4835 tare
2111 4783 2331 4851 expetit,
2362 4782 2569 4838 etiamsi
2593 4794 2841 4850 maguum
2870 4781 2940 4834 sit
2982 4782 3121 4835 inter
3140 4794 3238 4837 eos
3280 4783 3372 4853 qui
3397 4781 3555 4838 accu-

1971 4861 2157 4906 santur
2187 4853 2490 4907 discrimen.

276 5065 577 5111 ςῐΒιιιυε
619 5068 1134 5126 Αιειληωιιηοε,
1182 5070 1380 5113 ενιετ.
1447 5052 1487 5112 8
1541 5071 1625 5112 ΑΒ
1685 5066 2511 5121 CONSTANTINOPOLITANOS,
2559 5065 2891 5119 POSTQUAM
2948 5069 3311 5117 NESTORIUM
3356 5072 3547 5118 PRAVA

1278 5170 1660 5223 LOQUENTEM
1704 5169 2097 5220 INDUXEBAT,
2146 5167 2285 5211 HEC
2330 5168 2563 5210 ΗΔΒΕΤ.

354 5288 593 5361 Nunquid
622 5293 959 5363 eloquentior
975 5303 1056 5349 est
1078 5294 1284 5349 Joanne
1301 5294 1766 5365 (Chrysostomo)?
1797 5309 1864 5349 an
1895 5310 1990 5364 par
2018 5294 2100 5350 vel
2129 5293 2421 5364 sapientior
2448 5302 2526 5346 est
2554 5292 2711 5349 beato
2733 5294 2949 5351 Attico?

292 5420 3414 5444 WW

3425 5429 3544 5454 -η

933 5519 1278 5564 conamen
1330 5522 1918 5575 EPIIESINUM,EDIT.
1966 5519 2388 5576 ΡΑιιιεηΑΝΝο
2437 5500 2614 5573 1671,
2661 5519 2717 5560 p.
2768 5500 2904 5559 117.

349 5648 600 5712 Joannis,
647 5647 887 5718 episcopi
944 5649 1528 5718 constantinopolitani,
1577 5649 1642 5704 de
1684 5650 1862 5703 divina

280 5723 636 5790 generatione.
676 5719 937 5785 Loquitur
960 5728 1136 5773 autem
1159 5720 1225 5773 de
1256 5730 1433 5773 sancta
1464 5720 1691 5788 Virgine.
1722 5719 1864 5774 Loco

278 5793 409 5845 solis
443 5802 618 5844 autem
651 5790 1116 5858 incircumscripte
1145 5790 1320 5845 Solem
1344 5791 1562 5858 justitize
1588 5792 1863 5857 complexa

282 5862 397 5915 luit.
434 5861 615 5934 Neque
658 5862 744 5915 hic
784 5860 1064 5931 qumsieris
1090 5861 1356 5932 quomodo
1390 5880 1401 5916 :
1435 5861 1520 5916 ubi
1552 5862 1693 5916 enim
1726 5862 1864 5917 Deus

1973 5649 2101 5712 vult,
2132 5656 2334 5702 natura:
2365 5645 2768 5717 ordovincitur.
2818 5642 2998 5717 Voluit
3024 5646 3187 5713 enim,
3221 5651 3410 5717 potuit,
3434 5646 3558 5709 desJ

1972 5720 2169 5792 cendit,
2225 5718 2448 5792 salutem
2476 5714 2625 5792 dedit
2653 5733 2665 5767 :
2699 5714 2873 5769 omnia
2901 5716 2999 5792 _Dei
3030 5714 3556 5792 nutum—sequuntur.

1972 5791 2139 5843 lindie
2180 5790 2264 5855 qui
2295 5796 2410 5842 erat
2445 5784 2712 5861 gignitur;
2744 5794 2796 5839 et
2825 5789 2915 5855 qui
2933 5798 3035 5861 c_st,
3069 5789 3122 5844 id
3143 5791 3284 5861 quod
3311 5784 3556 5861 uerterat

1972 5861 2197 5916 efﬁcitur
2222 5876 2234 5909 :
2270 5872 2393 5912 nam
2422 5872 2544 5911 cum
2572 5855 2711 5912 Deus
2732 5868 2893 5927 esset,
2940 5855 3202 5933 tithonia,
3234 5878 3332 5920 nec
3358 5860 3554 5920 desinit
