4056 6212
476 394 569 451 Ml

473 523 592 565 esse
610 508 769 565 Deus.
792 508 975 580 Neque
996 509 1135 564 enim
1162 523 1281 564 eum
1306 505 1519 580 deitatis
1539 507 1741 580 jactura
1770 507 1938 580 iactus
1963 516 2046 561 est

476 581 657 644 homo,
689 595 863 648 neque
890 577 983 648 per
1010 582 1393 634 incrementum
1418 593 1484 632 ex
1507 577 1723 631 homine
1772 578 1939 631 lactus
1965 587 2049 632 est

484 650 654 712 Deos;
686 649 797 728 sed_
823 665 943 704 cum
983 650 1200 704 verbum
1229 658 1393 711 esset,
1443 648 2049 728 proptertimpatibilita-

473 729 601 781 tetu,
627 734 752 773 caro
772 718 968 774 factum
990 728 1092 785 est,
1118 733 1213 773 sua
1234 727 1481 773 manente
1502 717 1816 771 immutabili
1834 728 2044 771 natura.

1698 392 2101 449 TES'HMONIA
2148 391 2472 449 \‘ETERUM

2153 507 2278 580 Παῖς
2325 507 2505 580 deinde
2526 507 2705 577 adjicit
2729 507 2865 577 :Qul
2917 510 2969 564 in
3015 508 3149 564 solio
3177 510 3393 565 excelso
3418 508 3735 580 Sublitnique

2152 578 2321 651 sedet.
2374 579 2423 651 iu
2459 580 2715 647 priesepio
2762 580 3016 651 ponitur:
3049 582 3138 649 qui
3193 580 3561 651 impalpabilis,
3607 578 3737 636 sitn-

3633 394 3728 453 H2

2155 649 2275 716 plex
2301 656 2354 701 et
2385 648 2728 715 incorporeus
2752 659 2855 713 est,
2882 648 3127 704 humanis
3147 648 3393 705 manibus
3411 651 3732 707 involvitur:

2155 718 2243 789 qui
2270 726 2608 787 peccatorum
2652 719 2860 773 vincula
2888 720 3066 784 solvit,
3106 717 3286 776 fasciis
3329 721 3727 791 constringitur.

525 949 822 993 sanctus
869 948 1283 1006 sucus'rnvus,
1327 948 1413 990 ms
1455 946 1710 991 unum
1752 948 1834 989 m-
1874 946 2132 1003 etum,
2158 945 2405 990 comas
2445 945 2789 1005 PELAGIUM,
2834 948 2895 990 τ.
2941 948 3008 1005 x,
3054 948 3111 993 c.
3144 928 3256 1009 '61s,
3302 949 3361 992 ι».
3408 931 3548 997 159.
3590 951 3649 995 ιι.

541 1076 673 1131 ltem
726 1074 992 1136 Joannes.
1045 1070 1652 1140 eonstantinopolitanus
1722 1070 2043 1140 episcopus,

470 1146 623 1212 cujus
671 1144 856 1214 posuit
890 1143 1207 1198 sententiam
1234 1183 1251 1207 ,
1304 1141 1435 1214 dicit
1480 1149 1755 1214 peceatum
1794 1156 1899 1194 non
1930 1154 2050 1214 esse

471 1208 818 1269 substantiam
845 1255 861 1279 ,
893 1214 988 1268 sed
1015 1221 1189 1267 actum
1221 1208 1531 1281 malignum.
1565 1212 1695 1278 Quis
1722 1212 1821 1264 hoc
1850 1208 2050 1279 negat?

468 1296 524 1339 et
567 1286 688 1355 quia
730 1300 840 1355 non
869 1293 951 1355 est
974 1282 1233 1355 naturale,
1260 1280 1594 1355 ideoveontra
1627 1280 1957 1355 illud_l_cge_m
1976 1281 2052 1333 la-

472 1350 597 1417 tam,
629 1353 846 1422 etquod
891 1353 957 1407 de
1006 1351 1208 1422 arbitrii
1260 1351 1507 1422 libertate
1556 1350 1851 1422 descendit.
1876 1350 2050 1404 Etiam

472 1425 573 1478 hoc
599 1419 944 1492 quisnegat?
973 1421 1077 1475 Sed
1106 1436 1245 1492 nunc
1270 1420 1531 1492 agituride
1558 1419 1786 1473 humana
1816 1431 2001 1473 natura
2032 1460 2047 1484 ,

469 1510 592 1563 quae
620 1490 803 1563 vitiata
822 1490 957 1555 'est;
979 1492 1151 1560 agitur
1164 1490 1231 1544 de
1250 1490 1418 1563 gratia
1433 1490 1557 1563 Dei,
1581 1500 1931 1563 quasanatur
1955 1504 2051 1558 per

464 1560 737 1618 aitedicum
767 1562 1061 1626 Christum,
1091 1575 1197 1630 quo
1223 1576 1328 1614 non
1356 1560 1639 1628 indigeret,
1666 1561 1710 1614 si
1738 1574 1864 1613 sana
1886 1568 2049 1630 esset,

470 1649 593 1702 qua!
621 1634 688 1686 ab
727 1633 829 1686 isto
856 1628 1123 1702 tauquam
1152 1644 1304 1702 sana,
1330 1631 1417 1684 vel
1472 1639 1720 1698 tanquam
1759 1629 1859 1684 sibi
1890 1628 2051 1702 _sul‘ﬁ-

469 1699 646 1758 ciente
684 1699 977 1757 voluntatis
1003 1700 1233 1756 arbitrio
1256 1740 1273 1769 ,
1300 1713 1460 1770 posse
1482 1714 1587 1755 non
1608 1713 1832 1772 peccare
1870 1699 2053 1754 delen-

467 1774 633 1826 ditur.
1760 1772 1763 1775 ⁷

470 1884 716 1955 Ejusdem
758 1892 935 1939 contr:
987 1881 1668 1955 Julianum‘Pelagianum,
1709 1891 1747 1937 t.
1777 1881 1850 1951 Χ,
1884 1881 1973 1937 lib.
1999 1882 2043 1949 I,

934 1970 981 2009 c.
1014 1952 1068 2017 6,
1100 1970 1153 2022 ρ.
1189 1952 1294 2008 509
1320 1963 1365 2007 et
1392 1953 1519 2019 510,
1538 1970 1591 2007 a.

474 2090 480 2099 ι
542 2069 686 2122 itane
706 2068 805 2122 ista
827 2065 991 2121 verba
1023 2066 1192 2119 sancti
1214 2064 1435 2121 Joannis
1458 2065 1695 2135 episcopi
1736 2066 1901 2120 audes
1941 2072 2057 2119 tan-

467 2153 626 2206 quam
648 2154 679 2192 e
700 2138 971 2193 contrario
1002 2144 1079 2190 tot
1110 2136 1400 2206 taliumque
1420 2136 1698 2190 sententiis
1722 2136 2049 2205 collegarum

470 2205 586 2273 ejus
608 2222 897 2277 opponere,
922 2220 1152 2274 eumque
1181 2205 1249 2277 ab
1277 2205 1488 2277 illorum
1518 2206 1935 2277 concordissima
1965 2220 2058 2277 so:

468 2274 661 2337 pietate
684 2274 992 2345 seiungere
1019 2315 1035 2339 ,
1090 2284 1145 2327 et
1185 2274 1263 2328 eis
1291 2274 1653 2345 adversarium
1676 2275 2006 2345 constituere
2032 2274 2057 2328 τ

469 2346 657 2409 Absit,
710 2342 849 2399 absit
870 2342 990 2398 'hoc
1034 2345 1236 2398 malum
1278 2342 1345 2397 de
1393 2351 1538 2397 tanto
1569 2345 1686 2398 viro
1714 2344 1937 2399 credere
1965 2352 2057 2398 aut

466 2415 667 2471 dicere.
697 2415 869 2483 Absit,
901 2415 1147 2484 inquam,
1169 2421 1229 2467 ut
1255 2414 1873 2485 constantinopolitauus
1892 2413 2055 2468 Joan-

2155 1083 2252 1143 n_e_s
2272 1068 2338 1123 de
2360 1069 2674 1143 baptismate
2716 1072 3055 1140 parvulorum
3080 1113 3095 1136 ,
3125 1087 3417 1143 eorumque
3444 1089 3475 1128 a
3508 1085 3732 1143 paterno

2155 1140 2513 1209 chirographo
2542 1139 2857 1196 liberatione
2902 1157 2998 1211 per
3038 1139 3347 1207 Christum,
3372 1153 3450 1198 tot
3476 1139 3539 1199 ac
3568 1148 3731 1201 tantis

2158 1210 2488 1280 coepiscopis
2540 1212 2672 1280 suis,
2727 1210 3062 1280 maximeque
3118 1212 3730 1279 romauo’lnnocentio,

2153 1279 2563 1351 carthaginiensi
2586 1279 2885 1351 Cypriane,
2918 1281 3207 1351 cappadoei
3272 1283 3491 1350 Basilio,
3516 1286 3734 1339 nazian-

2154 1363 2287 1402 zeuo
2326 1347 2582 1418 Gregorio
2605 1347 2792 1418 {gallo
2830 1347 3035 1405 Hilario
3052 1393 3066 1415 ,
3097 1347 3486 1407 mediolanensi
3516 1357 3735 1410 resistat

2155 1419 2459 1493 Ambrosio,
2500 1428 2604 1493 etc.
2652 1420 2842 1474 Postea
2866 1420 3271 1493 quwdamiaﬁ‘ert
3297 1438 3359 1476 ea:
3387 1424 3497 1492 ejus
3521 1424 3733 1493 epistola

2153 1488 2223 1541 ad
2248 1487 2601 1559 Olympiadem
2621 1500 2668 1545 et
2682 1506 2745 1545 ea:
2762 1487 2990 1545 sermone
3012 1492 3075 1545 de
3092 1491 3311 1546 Lazaro.

2156 1600 2422 1672 Ejusdem,
2447 1602 2500 1656 in
2547 1618 2697 1672 opere
2722 1603 3025 1675 imperfecto
3053 1614 3229 1675 contra
3251 1603 3539 1672 Julianum,
3568 1615 3609 1660 t.
3632 1605 3728 1675 Χ,

2576 1689 2693 1743 cap.
2720 1674 2774 1740 'l,
2804 1690 2857 1743 ρ.
2878 1672 3027 1729 4296
3050 1684 3095 1727 et
3121 1674 3286 1729 .1297.

2228 1785 2300 1839 Et
2320 1785 2450 1840 mihi
2478 1785 2665 1854 objicis
2685 1787 2886 1909 peccati
2913 1787 3069 1857 primi
3092 1787 3321 1843 hominis
3344 1790 3727 1859 granditatem,

2233 1871 2279 1909 te
2327 1856 2458 1909 tanti
2507 1857 2632 1909 ntali
2723 1857 2958 1909 ominum
3000 1861 3237 1909 omnium
3291 1861 3494 1909 exstitit
3543 1877 3727 1909 causa-

2159 1857 2458 1928 qumtanti
2507 1857 2632 1910 ntali
2672 1857 2966 1928 hominum
3000 1861 3237 1913 omnium
3291 1857 3494 1915 ex'stitit
3543 1857 3729 1928 causa,

2159 1926 2310 1994 quasi
2336 1925 2439 1979 hoc
2468 1941 2568 1993 ego
2606 1927 2753 1981 solus
2777 1928 2861 1982 vel
2891 1927 3095 1997 primus
3120 1928 3384 1984 dixerim?
3407 1929 3541 1988 Audi
3567 1925 3728 1988 Joan;

2158 2010 2283 2069 nem
2330 1997 2965 2069 constantiuopolitauum
3012 1998 3321 2053 excellentis
3348 2001 3528 2069 gloriae
3560 2020 3573 2056 :
3606 2002 3735 2057 Pec-

2158 2066 2520 2138 cavit,inqui_t,
2551 2066 2715 2138 Adam
2756 2067 2884 2120 illud
2922 2069 3118 2138 grande
3150 2066 3406 2138 peccatum
3438 2111 3452 2134 ,
3499 2082 3547 2125 et
3586 2088 3734 2127 omne

2194 2151 2315 2189 enus
2352 2136 2609 2190 hominum
2650 2137 2704 2190 in
2741 2136 3001 2191 commune
3028 2136 3305 2193 damuavit.
3332 2140 3467 2195 Audi
3490 2145 3648 2196 etiam
3682 2145 3736 2197 in

2205 2204 2346 2259 azari
2374 2207 2781 2281 resuscitatioue
2801 2207 2927 2281 quid
2948 2207 3111 2281 dicat,
3139 2219 3195 2264 ut
3212 2209 3473 2281 intelligas
3495 2214 3738 2281 corporis

2162 2283 2389 2347 mortem
2433 2276 2501 2347 de
2538 2277 2627 2331 illo
2653 2276 2840 2347 grandi
2880 2278 3091 2335 venisse
3135 2289 3354 2347 peccato
3379 2276 3406 2334 ἴ
3422 2276 3623 2346 Flebat,
3649 2283 3734 2336 iu-

2162 2346 2297 2421 q_t_ti_t,
2327 2345 2577 2421 Christus,
2604 2345 2741 2417 quod
2761 2363 2845 2401 eos
2871 2349 2955 2421 qui
2981 2345 3289 2404 immortales
3314 2367 3417 2406 esse
3439 2345 3735 2421 potuerunt,

2165 2416 2396 2472 diabolus
2422 2417 2541 2487 fecit
2568 2416 2674 2472 esse
2702 2418 2960 2484 mortales,
2988 2428 3098 2474 etc.

3275 2548 3729 2574 ξ

1170 2652 1543 2709 ιεΑεειΑΝοε,
1588 2652 1673 2694 DE
1714 2649 2185 2695 INCARNATIONE
2226 2649 2482 2708 DOMINI,
2526 2647 2651 2691 ιω.
2698 2648 2813 2708 VII,
2857 2649 2915 2694 Co
2960 2629 3060 2693 30.

541 2805 776 2862 Joannes
794 2846 810 2871 ,
840 2804 1539 2876 constantiuopolitanorum
1560 2802 1853 2876 antistitum
1872 2800 2061 2876 decus,

465 2877 619 2945 cujus
657 2878 910 2932 sanctitas
957 2876 1160 2946 absque
1186 2871 1311 2929 'ulla
1357 2874 1632 2946 gentilitize
1673 2871 2064 2943 persecutionis

468 2944 703 3017 prccella
731 2947 799 3004 ad
823 2944 1284 3018 martyrii'merita
1310 2944 1574 3016 pervenit,
1600 2952 1709 3000 etc.

926 3080 1181 3153 Ejusdem
1204 3079 1389 3136 lib.Vll
1415 3096 1464 3135 c.
1491 3079 1585 3136 30.

516 3212 691 3268 1Jn‘de
735 3226 835 3282 ego
894 3212 1275 3282 quoqueripse
1325 3209 1540 3282 humilis
1590 3217 1749 3282 atque
1795 3208 2058 3282 obscurus

460 3283 682 3337 nomine
706 3279 843 3337 sicut
873 3279 1085 3346 merito,
1118 3279 1243 3335 licet
1283 3280 1413 3334 mihi
1460 3280 1598 3335 inter
1648 3279 1874 3334 eximios
1920 3294 2060 3335 con-

466 3352 952 3422 stantinopolitaure
989 3351 1134 3422 urbis
1160 3350 1383 3404 antistes
1413 3350 1586 3422 locum
1633 3349 1872 3422 magistri
1902 3364 2057 3404 usur-

472 3438 599 3492 pare
616 3419 720 3477 non
736 3422 957 3492 possim,
973 3421 1218 3492 studium
1231 3419 1675 3492 tamen_disc_ipuli
1700 3419 2055 3492 all‘ectumque

473 3489 754 3547 'rtesumol
786 3491 1083 3561 Adoptatus
1138 3491 1279 3546 enim
1336 3504 1365 3544 a
1413 3489 1733 3545 beatissimze
1780 3491 2055 3545 memoriae

466 3506 674 3615 yoaune
702 3561 956 3615 eoiscooo
984 3561 1037 3615 in
1081 3560 1438 3615 ministerium
1462 3574 1696 3615 sacrum.
1720 3569 1878 3615 atoue
1899 3559 2054 3614 obla-

503 3577 674 3617 oanne
702 3559 956 3632 episcopo
984 3561 1037 3615 in
1081 3560 1438 3632 ministerium
1462 3574 1703 3632 sacrum,
1715 3569 1878 3632 atque
1899 3559 2054 3614 obla-

467 3639 553 3685 tus
578 3647 608 3685 a
640 3628 766 3695 Deo,
799 3628 906 3687 etsi
930 3646 1159 3700 corpore
1199 3631 1424 3696 absum,
1456 3628 1646 3684 affectu
1672 3629 1778 3700 illic
1798 3628 1924 3700 sum
1954 3637 2055 3700 :_et

466 3702 541 3756 illi
581 3702 928 3757 dilectissimo
970 3698 1101 3755 mihi
1138 3715 1201 3755 ae
1230 3700 1686 3756 venerandissimo
1716 3699 1807 3754 Dei
1830 3698 2049 3769 populo,

462 3773 565 3826 etsi
618 3787 759 3827 nunc
813 3772 1097 3842 praesentia
1134 3786 1241 3825 non
1279 3770 1600 3836 admisceor,
1647 3778 1826 3825 tamen
1868 3778 2051 3826 mente

2166 2799 2550 2871 conjungor....
2577 2799 2897 2856 Mementote
2917 2798 3285 2871 magistrorum
3328 2808 3565 2858 veterum
3585 2844 3600 2866 .
3647 2818 3738 2859 sa-

2166 2870 2551 2942 rerdotumque
2569 2880 2895 2942 vestrorum.
2927 2870 3168 2942 Gregorii
3192 2872 3383 2927 nobilis
3404 2888 3498 2942 per
3521 2874 3733 2939 orbem,

2164 2940 2393 3013 Nectarii
2416 2941 2779 3013 sanctimonia
2793 2942 3033 3012 insignis,
3048 2940 3282 3013 Joannis
3306 2940 3490 3013 ﬁde—ac
3505 2944 3736 3013 puritate

2164 3009 2462 3082 mirabilis:
2491 3010 2743 3082 Joannis,
2768 3009 3002 3080 inquam,
3042 3011 3262 3066 Joannis
3305 3012 3468 3077 illius,
3499 3009 3741 3082 quivere

2162 3079 2229 3153 ad
2277 3079 2677 3153 similitudinem
2718 3081 2940 3153 Joannis
2987 3082 3326 3153 evangelista:
3353 3092 3408 3137 et
3446 3079 3738 3153 discipulus

2161 3149 2287 3221 Jesu
2315 3159 2369 3205 et
2394 3150 2686 3221 apostolus,
2717 3152 3058 3221 quasisuper
3083 3149 3267 3221 pectus
3288 3152 3498 3209 Domini
3524 3149 3737 3221 semper

2160 3219 2514 3292 ail‘ectumque
2542 3219 2825 3292 discubuit.
2879 3219 3044 3286 Illius,
3085 3219 3334 3292 inquam,
3375 3219 3738 3289 mementote,

2160 3289 2310 3360 illum
2342 3290 2648 3358 sequimini,
2680 3291 2820 3345 illius
2840 3294 3124 3360 puritatem
3154 3289 3339 3356 [illius
3365 3292 3521 3348 ﬁdem
3544 3335 3558 3357 ,
3600 3294 3742 3348 illius

2155 3359 2453 3414 doctrinam
2486 3359 2987 3431 ac_sanetimoniam
3018 3363 3246 3431 cogitate
3280 3379 3293 3415 :
3322 3363 3471 3421 illius
3501 3379 3741 3419 memen-

2158 3437 2266 3484 tote
2293 3443 2520 3503 semper
2544 3428 2780 3503 doctoris
2827 3432 2992 3503 vestri
3042 3428 3106 3485 ac
3148 3433 3460 3496 nutritoris;
3502 3435 3556 3489 in
3587 3434 3742 3503 cujus

2156 3499 2307 3571 quasi
2346 3501 2560 3571 gremio
2616 3501 3011 3570 quodammodo
3050 3503 3403 3571 amplexuque
3450 3499 3735 3568 crevistis;

2156 3569 2245 3645 qui
2277 3569 2730 3645 communismihi
2756 3587 2819 3645 ac
2843 3572 2995 3626 vobis
3022 3572 3274 3645 magister
3299 3569 3437 3645 fuit;
3466 3574 3619 3645 cujus
3646 3574 3728 3631 di-

2154 3640 2346 3765 ῗὲἱρὲιιῗ
2384 3648 2543 3711 atque
2579 3640 2840 3699 institutio
2880 3656 3084 3699 sumus.
3120 3640 3282 3698 "Illius
3337 3640 3546 3714 scripta
3586 3645 3725 3715 legi-

2212 3748 2230 3776 ,
2258 3718 2363 3766 etc.

530 4000 912 4045 .coeuzs'rtut
956 3999 1132 4043 pars:
1174 3997 1376 4041 EPIST.
1421 3997 1507 4040 an
1549 3995 1803 4040 omnem
1847 3994 1927 4036 ΕΤ
1969 3990 2265 4038 POPULUM
2306 3994 2403 4038 cr.
2449 3994 2880 4044 conculcatus
2919 3997 3096 4047 'rono
3138 3999 3235 4053 nt,
3285 4000 3343 4043 ιι.
3388 3982 3528 4044 365.
3570 3999 3628 4046 α.

544 4126 681 4192 Quid
713 4141 817 4180 non
847 4126 1124 4180 animabus
1146 4124 1340 4179 vestris
1358 4123 1598 4178 doctrina
1627 4130 1824 4177 sancta:
1847 4136 2053 4177 memo-

467 4198 561 4250 ria:
586 4196 819 4264 episcopi
850 4195 1070 4249 Joannis
1096 4194 1361 4249 Immisit?
1388 4193 1540 4263 cujus
1581 4207 1772 4264 sermo
1828 4193 2055 4247 catholi-

464 4280 583 4319 cam
607 4262 1080 4320 ﬁdentiustituens
1118 4279 1215 4332 per
1250 4272 1420 4318 totum
1458 4262 1647 4318 Orbem
1673 4262 1898 4319 diffusus
1925 4271 2046 4331 est,

2160 4123 2993 4264 ggglssuzgpgggpctrinam
3018 4127 3183 4185 defuit
3202 4169 3219 4197 ,
3260 4129 3380 4200 quia
3418 4128 3739 4200 ubicumque

466 4385 3745 4415 _——-——————-—-———-——————-—-—————-—————————-—d‘

1334 4486 1750 4537 renovatum
1793 4485 2047 4530 nume.
2094 4485 2139 4543 ι,
2183 4486 2246 4529 Τ.
2291 4486 2379 4542 tv,
2424 4486 2483 4528 ι».
2523 4468 2596 4530 31
2644 4488 2725 4531 ετ
2765 4470 2865 4531 32.

516 4619 796 4693 Joannem
826 4632 974 4683 vero,
998 4631 1249 4693 mgnum
1277 4615 1425 4693 orbis
1452 4614 1630 4693 lumen
1650 4656 1665 4679 ,
1698 4613 1785 4683 qui
1817 4613 2050 4693 primum

463 4691 679 4757 quidem
732 4704 925 4806 magno
972 4684 1113 4742 cum'
1141 4687 1343 4742 honore
1390 4685 1779 4740 Antiochenam
1820 4684 2053 4806 irrifavit

464 4759 783 4806 Ecclesium-
845 4757 1105 4806 eintletme
1126 4757 1329 4806 reniam
1358 4757 1541 4806 urbem
1561 4754 1829 4806 sapienter
1849 4768 1914 4806 eo
1938 4760 2047 4806 uit:

464 4704 679 4757 quidem
732 4706 815 4745 ma
856 4704 925 4743 no
972 4704 1093 4742 cum
1141 4704 1343 4742 nonore
1390 4704 1779 4740 Antiocnenant
1821 4704 1908 4738 Il'l‘l
1947 4704 2047 4736 iJVll

464 4759 784 4823 Ecclesium,
807 4704 1105 4829 geindeque
1126 4757 1329 4829 regiam
1358 4754 1829 4829 urbemsapienter
1849 4704 2047 4829 cofuit;

462 4845 642 4899 annon
684 4841 838 4899 putas
864 4823 1215 4898 apostolicam
1264 4826 1386 4881 ﬁdei
1417 4825 1653 4899 regulam
1675 4823 2047 4899 servasse?....

465 4898 563 4953 llic
620 4900 634 4953 i
675 4893 778 4952 i'tur
834 4893 917 4952 vir
967 4899 1123 4967 longe
1169 4893 1645 4967 priestantissimus
1691 4893 2050 4965 apostolicum

467 4969 614 5022 hunc
638 4914 824 5022 focum
859 4970 1236 5022 interpretatus
1260 4976 1344 5022 est
1386 4982 1402 5022 :
1446 4967 1524 5022 sic
1561 4975 1740 5021 autem
1771 4963 2003 5022 loquitur
2033 4978 2047 5015 :

467 4969 614 5024 hunc
639 4963 824 5023 locum
859 4963 1236 5038 interpretatus
1260 4976 1344 5023 est
1386 4982 1402 5022 :
1446 4967 1524 5022 sic
1561 4963 1743 5021 autem
1771 4963 2003 5034 loquitur
2033 4978 2047 5015 :

2160 4613 2334 4680 Quare
2358 4656 2373 4678 ,
2426 4617 2631 4685 quando
2677 4618 2843 4682 audis,
2873 4618 3106 4673 Verbum
3133 4635 3259 4674 caro
3287 4623 3476 4676 factum
3507 4632 3607 4685 est,
3638 4639 3745 4677 non

2156 4685 2369 4739 turberis
2397 4702 2485 4739 nec
2520 4687 2746 4739 animum
2787 4688 3032 4751 deficias?
3072 4689 3191 4744 Non
3218 4693 3348 4744 enim
3377 4692 3656 4746 substantia
3683 4694 3742 4746 in

2155 4770 2357 4831 carnem
2388 4765 2717 4831 mutaiaiest;
2744 4759 2837 4831 hoc
2865 4762 2996 4811 enim
3025 4760 3191 4813 dicere
3226 4772 3463 4816 extrema:
3505 4763 3742 4831 impieta-

2155 4824 2218 4877 tis
2257 4835 2419 4906 esset;
2457 4827 2546 4879 sed
2582 4827 2637 4881 id
2685 4828 2820 4895 quod
2858 4838 2966 4881 erat
3005 4845 3232 4896 manens,
3261 4832 3335 4886 sic
3361 4832 3491 4886 servi
3515 4824 3741 4902 formam

2155 4904 2366 4964 accepit,
2396 4905 2502 4952 etc.

466 5090 3737 5125 _______.______—_________.___———_—————.—_____.

1040 5192 1264 5237 sucu
1308 5192 1528 5236 LEONIS
1572 5191 1774 5236 auem
1819 5188 1994 5232 ιωηε
2038 5182 2352 5229 sunouo
2395 5182 2715 5239 EPISCOPO,
2763 5183 2961 5226 EPIST.
3012 5167 3148 5226 106.

537 5325 591 5380 Si
646 5317 1371 5398 ﬁrmo_iucommutahiliquc
1400 5317 1679 5398 proposito
1695 5317 1923 5398 dilectio
1953 5326 2041 5398 tua

468 5408 651 5448 curam
698 5393 881 5457 gratim
917 5389 1218 5445 communis
1257 5388 1548 5452 habuisset,
1599 5388 1729 5442 nihil
1780 5388 2040 5457 proiecto,

508 5410 651 5448 uram
735 5410 881 5449 ralia:
917 5410 1218 5445 COIIIIIIIIIIIS
1258 5410 1548 5452 IIRUIIISSCI,
1600 5410 1729 5442 1111111
1780 5410 2040 5457 μιύιυυιυ,

508 5464 609 5517 uod
640 5410 803 5517 ulfam
851 5463 1178 5515 anxietatem
1228 5457 1322 5512 tibi
1373 5458 1674 5526 ingereret,
1727 5459 2040 5511 exstitisset.

519 5548 588 5586 on
619 5535 761 5587 enim
787 5533 994 5587 sinebat
1020 5530 1154 5585 ratio
1180 5539 1236 5583 ut
1258 5528 1375 5595 ejus
1403 5528 1677 5581 caritatem
1704 5543 2036 5595 spernerem,

467 5618 623 5667 quem
666 5618 847 5659 amore
894 5602 1039 5671 pacis
1081 5611 1134 5656 et
1183 5598 1358 5655 studio
1404 5598 1714 5671 reparanda:
1750 5599 2043 5671 icatltoliere

469 5671 592 5726 ﬁdei
646 5673 781 5725 inter
828 5668 938 5741 ipsa
996 5672 1331 5739 episcopatus
1372 5668 1693 5741 rudimenta
1740 5668 2038 5739 juvissem,

470 5752 663 5809 aptans
680 5743 729 5796 in
747 5739 1121 5798 ecclesiasucis
1149 5742 1289 5798 euris
1317 5740 1474 5797 talem
1497 5739 1693 5796 habere
1713 5751 2036 5810 consortem,

2158 5309 2396 5390 ut.mihi_
2423 5308 2491 5365 de
2542 5311 2740 5390 sanctis
2782 5312 3198 5390 przecessoribus
3238 5315 3342 5371 tuis
3381 5333 3479 5371 nec
3508 5318 3740 5376 Joannis

2155 5379 2487 5448 Spirilualem
2506 5379 2885 5451 copiosumque
2911 5383 3229 5449 doctrinam,
3249 5401 3347 5441 nec
3363 5399 3739 5445 auctoritatem

2154 5451 2337 5513 Attici,
2368 5463 2467 5503 nec
2504 5449 2818 5505 industriam
2848 5452 3043 5518 Procli,
3074 5469 3172 5509 nec
3216 5456 3373 5510 ﬁdem
3414 5459 3553 5512 beati
3607 5459 3742 5513 Fla-

2153 5521 2293 5592 viani
2342 5519 2530 5592 deesse
2574 5522 2825 5592 sentirem
2860 5540 2873 5574 :
2903 5533 2957 5576 et
2988 5524 3054 5577 ita
3086 5523 3276 5579 studiis
3307 5528 3411 5582 tuis
3440 5540 3633 5592 uterer,
3678 5541 3741 5585 ut

2153 5590 2332 5664 nullus
2372 5591 2712 5664 attderet__vel
2745 5591 2864 5645 ﬁdei
2892 5592 3179 5649 Catholicze
3206 5598 3498 5664 resultare,
3532 5590 3627 5653 vel
3657 5601 3742 5654 ui-

2153 5659 2316 5715 cmnis
2343 5659 2721 5715 vcnerabilium
2756 5671 2966 5732 patrum
2994 5665 3191 5735 regulis
3215 5659 3499 5735 contraire,
3531 5678 3634 5725 etc.
