4058 6212
443 313 542 366 967

1215 311 1773 369 SUPPLEMENTUN
1813 313 1902 368 AD
1941 313 1996 370 S.
2038 315 2085 369 J.
2129 314 2623 373 CIIRYSOSTOMI
2663 319 2913 375 OPERA.

3587 327 3693 383 968

446 449 551 490 non
585 435 722 489 bene
749 434 1001 503 explicet,
1042 433 1160 487 ideo
1195 433 1311 486 loco
1337 435 1598 501 carceris,
1619 434 1882 491 clausura:
1913 449 2005 489 no-

2120 453 2273 488 εται·
2324 439 2350 490 6
2382 438 2486 508 γὰρ
2549 437 2798 507 Ἐϐραῖος
2845 439 3094 510 φυλακὴν
3130 439 3189 492 οὐ
3238 438 3459 494 δύναται
3508 443 3694 512 σαφῶς

445 531 594 584 mine
628 527 816 603 utitur.

514 711 672 764 Vens.
705 711 794 764 52.
852 709 984 763 Ecce
1013 723 1104 778 ego
1140 708 1381 761 visitabo.

506 801 644 866 Quid
675 803 775 854 boc
799 798 1168 870 portentosius
1197 798 1310 852 ﬁeri
1357 798 1579 868 potest?
1626 798 1852 852 Samcas
1899 806 2018 850 erat

440 893 531 947 oui
567 893 704 946 bona
741 890 1042 946 Jerusalem
1097 889 1316 944 visurus
1373 905 1476 944 non
1509 899 1652 954 erat,
1712 887 1927 958 illisque
1957 889 2017 940 ii-

439 999 559 1038 uem
589 982 739 1050 facit,
767 998 873 1038 non
898 982 1122 1037 fortuito
1152 983 1402 1037 evenisse
1433 997 1554 1050 quae
1580 990 2010 1050 praecesserant:

437 1093 560 1129 cum
589 1075 735 1130 enim
767 1074 1062 1130 Jecbonias
1093 1082 1285 1144 sponte
1323 1088 1384 1128 se
1410 1073 1723 1136 dedidisset,
1756 1086 1822 1126 ne
1856 1081 2015 1139 puta-

442 1180 565 1222 rent
602 1167 780 1223 minus
837 1167 1097 1222 habuisse
1129 1166 1272 1234 quod
1323 1165 1434 1219 Deo
1464 1164 1777 1234 paruissent
1813 1182 1825 1216 :
1865 1161 2017 1217 Vide-

445 1261 594 1325 bitis,
625 1259 724 1322 ait,
755 1273 877 1327 qua:
903 1259 957 1314 hi
985 1258 1125 1313 bona
1151 1256 1449 1312 habebunt.

1045 1477 1197 1533 CAP.
1253 1475 1421 1530 XXX.

512 1615 671 1669 Vens.
701 1614 756 1667 2.
791 1613 883 1668 Sic
903 1613 1035 1666 dixit
1068 1611 1346 1666 Dominus.

504 1709 655 1762 Adeo
689 1716 891 1770 certus,
924 1705 1122 1774 inquit,
1144 1721 1262 1759 sum
1294 1704 1360 1758 de
1400 1701 1767 1772 praedictione,
1806 1708 1862 1754 ut
1892 1713 2012 1754 eam

2121 529 2316 591 εἰπεῖν,
2353 527 2474 581 ἀντὶ
2499 527 2554 580 δὲ
2585 528 2960 600 δεσμωτηρίου
2983 570 2997 594 ,
3025 533 3088 603 τῇ
3116 528 3210 585 τοῦ
3237 531 3693 600 ἐτκλειστηρίου

2118 615 2316 685 χρῆται
2340 620 2514 686 φωνῇ.

2202 706 2347 760 Ἰδοὺ
2369 708 2483 778 ἐγὼ
2502 707 2934 778 ἐπισκέψομαι.

2193 796 2256 849 Τί
2291 797 2484 850 τούτου
2511 798 2710 866 γένοιτ’
2738 798 2804 852 ἂν
2830 817 2888 852 τε
2900 800 3332 872 ρατωδέστερον;
3380 801 3599 871 Σαμέας
3628 798 3697 871 ἦν

2117 891 2146 942 6
2184 890 2259 960 μὴ
2288 889 2497 959 μέλλων
2523 891 2656 962 όρᾷν
2685 890 2752 944 τὰ
2795 892 2973 960 ἀγαθὰ
3005 893 3364 966 Ἰερουσαλὴμ
3397 893 3465 946 τὰ
3495 893 3697 964 προλα-

2119 979 2307 1044 ϐόντα,
2344 981 2617 1045 κάκείνοις
2669 982 2851 1036 πίστιν
2895 984 3115 1048 ἔδωκεν,
3150 985 3232 1037 ὅτι
3261 985 3363 1038 οὐκ
3411 985 3698 1054 αὐτόματα

2120 1070 2322 1141 συνέϐη
2347 1087 2362 1101 ⁸
2395 1070 2584 1142 ἐπειδὴ
2610 1073 2719 1143 γὰρ
2747 1074 2797 1125 οί
2839 1074 2970 1144 περὶ
3037 1075 3290 1144 Ἰεχονίαν
3319 1075 3500 1128 ἑκοντὶ
3557 1093 3698 1145 παρ-

2117 1162 2326 1214 έδωκαν
2361 1162 2598 1228 ἑαυτοῖς,
2625 1162 2712 1215 ἵνα
2732 1163 2807 1233 μὴ
2829 1163 3127 1232 νομίσωσιν
3154 1165 3380 1218 ἔλαττον
3399 1166 3697 1235 ἐσχηκέναι

2118 1250 2532 1316 ὑπακούσαντες
2577 1250 2656 1322 τῷ
2682 1251 2802 1323 Θεῷ
2823 1270 2838 1287 ·
2881 1252 3144 1322 Ὀψισθε,
3180 1257 3369 1327 φησὶν,
3403 1258 3440 1314 ἃ
3473 1257 3698 1320 τούτους

2115 1340 2433 1406 διαδέξεται.

2714 1476 2969 1532 ΚΕΦΑΛ.
3004 1479 3082 1532 Λ’.

2190 1613 2389 1680 Οὕτως
2420 1608 2550 1666 εἷπε
2580 1610 2819 1680 Κύριος.

2186 1704 2342 1759 Οὕτω
2371 1703 2582 1775 θαρρῶ,
2609 1701 2763 1772 φησὶ,
2793 1703 2860 1773 τῇ
2894 1702 3221 1773 προρρήσει,
3254 1703 3335 1755 ὃτι
3375 1702 3471 1756 καὶ
3491 1701 3698 1773 ἐγγρα·

438 1798 598 1852 vclim
639 1797 804 1852 etiam
838 1795 1060 1865 scriptis
1104 1794 1388 1859 mandare,
1421 1795 1566 1863 quod
1605 1793 1872 1863 praecipue
1917 1791 2000 1845 de-

2117 1813 2216 1865 φον
2239 1794 2408 1866 αὐτὴν
2433 1792 2572 1849 εἶναι
2607 1793 2901 1865 βούλομαι,
2932 1793 2962 1846 ὃ
3008 1793 3244 1864 μάλιστα
3278 1794 3608 1862 ἐπιδείξεται
3634 1797 3701 1848 τὸ

438 1889 768 1946 monstrabit
800 1888 948 1942 linis.

522 1979 722 2055 Vocem.
743 1979 952 2033 timoris
993 1978 1248 2034 audietis.
1282 1972 1286 1974 ⁷

509 2072 698 2126 'l‘imor
727 2086 892 2126 omne
927 2071 1094 2126 robur
1127 2068 1410 2135 dissolvit;
1454 2083 1644 2139 magna
1671 2077 1754 2122 est
1785 2065 1879 2120 Dei
1914 2066 2013 2119 Itu-

440 2165 694 2229 manitas,
734 2178 842 2217 non
883 2161 1026 2231 quod
1063 2171 1270 2216 tantum
1303 2161 1442 2214 mala
1472 2160 1692 2224 inferat,
1744 2159 1838 2212 sed
1867 2155 2012 2225 Quod

434 2267 488 2310 et
532 2259 778 2311 timorem
809 2256 1039 2310 incutiat
1063 2267 1194 2310 ante
1226 2255 1390 2309 mala.
1421 2255 1480 2308 lu
1511 2251 1797 2307 mulierum
1841 2250 2012 2304 imbe-

433 2349 715 2402 cillitatem
751 2345 1091 2401 transibunt.

509 2440 785 2494 Conversa:
824 2448 966 2492 sunt.

507 2531 618 2584 lluc
649 2531 850 2584 etenim
880 2528 1045 2583 eilicit
1073 2526 1260 2588 timor,
1289 2533 1348 2580 ut
1373 2522 1552 2592 Sapiat
1583 2520 1748 2577 homo
1775 2535 1880 2576 non
1910 2533 2008 2575 sua

436 2625 657 2686 virtute,
687 2622 780 2677 sed
806 2621 875 2676 ab
907 2616 1374 2688 impendentibus.

513 2714 674 2768 Vens.
702 2713 756 2766 7.
793 2713 931 2778 Quia
964 2727 1154 2781 magna
1182 2709 1324 2780 facta
1356 2719 1431 2763 est
1456 2709 1566 2764 dies
1596 2705 1710 2762 illa.

505 2807 697 2876 Magna
742 2819 840 2874 pro
889 2804 1156 2859 malorum
1222 2817 1430 2858 summa
1482 2800 1783 2854 acerbitate
1830 2815 1845 2852 :
1912 2810 2011 2850 nec

433 2910 515 2954 est
542 2898 736 2955 similis
765 2897 904 2967 ejus.
945 2895 1304 2966 l-lyperbolice
1336 2896 1564 2957 dictum,
1589 2902 1643 2948 et
1681 2902 1892 2960 tempus
1923 2905 2012 2943 an-

435 3001 651 3059 gustum
681 2996 786 3052 est,
819 3002 922 3041 non
963 2997 1046 3041 est
1075 2988 1176 3040 hoc
1206 2985 1512 3056 prophetia,
1542 2984 1636 3039 sed
1666 2983 2008 3052 experimen-

437 3094 570 3135 ιιιιιι.

517 3172 677 3226 Vens.
715 3175 769 3226 8.
800 3170 1079 3226 Conleram
1111 3173 1317 3240 jugum.

515 3262 622 3317 Sed
647 3274 822 3316 tamen
862 3278 926 3316 ex
955 3261 1355 3315 inevitabilibus
1388 3258 1546 3315 malis
1574 3258 1992 3313 recreabuntur.

523 3353 587 3405 Et
622 3369 724 3404 non
746 3354 989 3405 servient.

507 3443 788 3510 Quomodo
814 3442 1061 3497 serviunt
1091 3441 1235 3497 Deo?
1266 3439 1530 3508 Quoniam
1575 3439 1846 3510 primitias
1874 3438 2008 3494 offe-

434 3537 659 3599 rebant;
691 3533 773 3586 sic
803 3543 858 3586 et
883 3531 936 3585 in
973 3532 1128 3586 nobis
1160 3532 1217 3586 [lt
1242 3549 1256 3597 ;
1283 3546 1404 3586 cum
1441 3529 1550 3584 Deo
1577 3546 1682 3584 non
1715 3531 2003 3594 servinms,

433 3642 607 3696 neque
639 3627 868 3679 fructum
906 3638 936 3678 e
974 3638 1137 3678 carne
1171 3623 1270 3693 ipsi
1317 3623 1642 3689 oderimus;
1695 3622 1788 3676 sed
1838 3622 2005 3679 animi

432 3714 735 3780 aﬂ‘ectibus,
764 3712 906 3768 sicut
939 3711 1101 3767 idolis
1132 3711 1231 3775 illi,
1275 3713 1378 3767 alia
1415 3711 1623 3782 punitio
1658 3722 1863 3766 manet.

501 4011 662 4065 VEns.
695 4009 750 4063 9.
786 4006 851 4062 Ει
885 4007 1074 4062 David.

491 4121 629 4185 Quid
668 4121 771 4174 hoc
799 4121 1042 4174 sanctius
1088 4128 1442 4190 esse-potest,
1497 4133 1662 4190 quam
1709 4129 1768 4174 ut
1802 4120 2006 4176 virtute

432 4212 694 4276 illustres,
716 4221 772 4266 et
794 4212 887 4281 qui
925 4213 1068 4282 apud
1125 4213 1291 4268 Deum
1335 4214 1664 4269 auctoritate
1693 4213 2003 4278 valuerunt,

430 4302 610 4372 qualis
634 4300 958 4367 Zorobabel,
999 4319 1253 4374 magnum
1290 4306 1436 4359 bunc
1462 4319 1490 4357 a
1523 4301 1631 4358 Deo
1663 4319 2004 4375 consequen-

432 4404 518 4450 tur
549 4396 837 4460 honorem,
869 4395 1227 4466 appellatione
1244 4396 1464 4453 Davidis
1489 4397 1783 4468 insigniri?

493 4603 658 4658 Vens.
694 4605 776 4659 1‘2.
815 4602 1073 4658 Suscitavi
1105 4605 1491 4658 contritioucm.

505 4713 660 4771 Velut
687 4716 731 4770 si
774 4716 895 4785 quis
948 4714 1202 4770 dominus
1241 4715 1474 4783 aliquem
1512 4730 1542 4770 e
1580 4715 1692 4771 suis
1744 4716 1833 4786 qui
1871 4714 2003 4772 deli-

426 4810 627 4878 querit,
658 4808 835 4863 lictori
871 4807 1118 4861 traderet
1145 4823 1161 4871 ;
1186 4806 1281 4860 illo
1315 4806 1457 4860 ultra
1491 4807 1709 4861 modum
1735 4805 2003 4860 aiﬁciente

429 4901 747 4957 verberibus
780 4899 1060 4964 traditum,
1089 4895 1145 4953 et
1194 4897 1315 4966 plus
1340 4913 1504 4967 quam
1541 4897 1794 4953 dominus
1823 4899 2000 4962 vellet,

429 4991 724 5047 adveniens
779 4991 873 5060 qui
913 4990 1170 5055 tradidit,
1201 4991 1317 5044 fere
1345 4999 1571 5044 excusat
1607 5005 1666 5045 se
1696 4990 1836 5061 apud
1880 5005 2000 5044 eum

427 5086 518 5151 qui
571 5082 868 5152 vapulavit,
902 5080 1204 5135 ostendens
1250 5080 1304 5134 id
1354 5090 1552 5150 pra-ter
1596 5095 1691 5135 sua
1747 5083 2000 5135 mandata

428 5177 652 5240 factum,
695 5185 749 5229 et
795 5174 901 5228 rite
946 5187 1302 5242 cognoscens,
1351 5182 1412 5226 ut
1455 5172 1767 5227 vulneratus
1816 5173 1999 5237 fuerit,

427 5269 855 5336 promittensque
903 5243 1193 5320 maxiinam
1247 5265 1563 5319 vindictam.
1613 5262 1705 5318 Sic
1747 5272 1805 5318 et
1859 5261 2001 5318 Deus

428 5361 555 5417 fecit
592 5381 606 5416 :
648 5359 890 5416 Violenta
916 5368 993 5415 est
1031 5359 1304 5416 contritio.
1337 5357 1500 5412 Vides
1525 5356 1698 5425 ipsum
1745 5370 1804 5411 se
1836 5370 2002 5410 excu-

429 5459 664 5517 santem,
707 5453 850 5521 quod
903 5464 1069 5522 grave
1097 5449 1261 5506 fuerit
1306 5446 1539 5502 vulnus?
1569 5445 1681 5502 Hoc
1735 5445 1883 5500 enim
1915 5452 2003 5500 est

430 5541 742 5609 violentum,
769 5558 872 5596 non
901 5549 1167 5611 quantum
1199 5554 1335 5611 opus
1365 5547 1504 5599 erat,
1534 5537 1631 5592 sed
1679 5534 1847 5591 multo
1882 5551 1998 5590 ma-

429 5629 535 5700 lus.

2113 1889 2289 1952 τέλος.

2183 1980 2400 2048 Φωνὴν
2418 1979 2608 2049 φόϐου
2636 1977 2994 2034 ἀκούσεσθε.

2183 2071 2401 2124 Διαλύει
2435 2071 2532 2142 τὴν
2567 2071 2719 2141 ίσχὺν
2747 2071 2928 2122 πᾶσαν
2948 2068 2976 2119 ό
3007 2067 3171 2136 φόϐος
3197 2082 3213 2099 ·
3245 2068 3413 2139 πολλὴ
3442 2070 3692 2141 ἡφιλαν-

2113 2157 2331 2228 ορωπία
2356 2157 2449 2212 τοῦ
2478 2157 2636 2223 Θεοῦ,
2669 2157 2767 2226 οὐχ
2811 2157 2894 2209 ὅτι
2927 2154 3078 2210 δεινὰ
3120 2159 3316 2225 ἐπάγει
3346 2160 3530 2228 μόνον,
3560 2161 3704 2212 ἀλλὰ.

2112 2250 2209 2302 καὶ
2236 2250 2340 2320 πρὸ
2363 2249 2472 2304 τῶν
2511 2248 2701 2301 δεινῶν
2748 2248 2840 2300 τὸν
2892 2246 3055 2316 φόϐον
3087 2263 3101 2276 ο
3134 2249 3271 2319 πρὸς
3320 2251 3420 2320 τὴν
3449 2250 3562 2303 τῶν
3596 2269 3698 2318 γυα-

2112 2341 2314 2396 ναικὼν
2345 2341 2632 2394 ἀσθένειαν
2669 2341 3125 2410 μεταστήσονται.

2195 2432 2650 2502 Ἔστρὰφησαγ.

2183 2527 2294 2579 Καὶ
2322 2526 2432 2596 γὰρ
2453 2524 2614 2579 τοῦτο
2639 2526 2667 2578 6
2698 2525 2864 2594 φόϐος
2893 2529 3042 2580 ποιεῖ
3067 2543 3083 2558 ο
3117 2526 3178 2580 οὐ
3197 2525 3519 2597 σωφρονίζει
3546 2526 3696 2579 οἷκο-

2113 2614 2223 2677 θεν,
2263 2616 2399 2668 ἀλλὰ
2431 2617 2582 2686 παρὰ
2611 2615 2718 2668 τῶν
2746 2617 2998 2687 πλησίον.

2185 2706 2304 2759 Ὅτι
2322 2705 2556 2775 μεγάλη
2588 2707 2625 2773 ἡ
2665 2705 2878 2774 ἡμέρα.

2182 2799 2413 2870 Μεγάλη
2466 2799 2609 2852 κατὰ
2660 2800 2759 2872 τὴν
2794 2797 2903 2852 τῶν
2960 2799 3152 2855 δεινῶν
3209 2799 3538 2872 ὑπερδολὴν,
3591 2798 3702 2853 οὐκ

2111 2893 2226 2946 ἔστι
2285 2894 2528 2963 τοιαύτη.
2601 2893 3012 2966 ’Υπερδολικῶς
3064 2895 3302 2966 εἴρηται,
3354 2893 3451 2947 καὶ
3501 2893 3698 2962 χρόνος

2113 2985 2298 3049 στενός
2332 2987 2482 3040 ἐστιν
2502 3003 2518 3020 ο
2561 2987 2663 3039 οὐκ
2684 2987 2797 3040 ἔστι
2835 2987 3142 3058 προφητεία
3171 2987 3233 3040 τὸ
3263 2987 3518 3058 πρᾶγμα,
3555 2985 3704 3038 ἀλλὰ

2035 3111 2083 3175 c
2111 3080 2298 3150 πεῖρα.

2186 3171 2505 3237 Συντρίψω
2537 3168 2644 3223 τὸν
2679 3169 2880 3239 ζυγόν.

2191 3261 2330 3312 Ἀλλ’
2369 3261 2520 3330 ὅμως
2558 3261 2623 3314 ἐκ
2647 3261 2757 3313 τῶν
2793 3262 3052 3331 ἀφύκτων
3076 3261 3264 3315 δεινῶν
3289 3261 3616 3317 ἀνοίσουσιν.

2179 3351 2285 3404 Καὶ
2317 3352 2429 3405 οὐκ
2465 3350 2772 3420 ἐργῶνται.

2183 3442 2307 3503 Πῶς
2357 3442 2434 3512 τῷ
2477 3443 2599 3513 Θεῷ
2643 3443 2948 3514 ἑργῶνταις
2999 3445 3219 3516 Ἐπειδὴ
3265 3446 3365 3508 τὰς
3434 3445 3694 3515 ἀπαρχὰς

2107 3533 2373 3603 ἀνέφερον
2395 3549 2409 3564 ο
2439 3535 2579 3586 οὕτω
2602 3534 2667 3604 δὴ
2705 3534 2800 3588 καὶ
2838 3536 2926 3603 ἐφ’
2977 3534 3136 3605 ἡμῶν
3166 3535 3377 3603 γίνεται
3403 3552 3417 3566 ’
3449 3536 3578 3588 ὅταν
3610 3536 3690 3604 μὴ

2107 3623 2184 3692 τῷ
2238 3623 2356 3694 Θεῷ
2413 3624 2807 3694 ἐργαζώμεθα,
2865 3626 3000 3696 μηδὲ
3056 3625 3148 3678 τὸν
3177 3627 3287 3680 ἀπὸ
3332 3625 3434 3696 τῆς
3485 3627 3689 3696 σαρκὸς

2107 3714 2320 3784 καρπὸν
2356 3715 2507 3786 αὐτῷ
2537 3715 3020 3788 προσενέγκωμεν,
3052 3716 3190 3770 ἀλλὰ
3206 3719 3318 3779 τοῖς
3356 3716 3556 3770 πάθεσι
3589 3717 3690 3784 τῆς

2105 3807 2304 3878 ψυχῆς,
2341 3807 2593 3879 καθάπερ
2622 3811 2736 3871 τοῖς
2776 3808 3018 3872 εἰδώλοις
3059 3810 3280 3874 ἐκεῖνοι,
3319 3809 3484 3881 ἑτέρα
3515 3826 3691 3878 τιμω-

2111 3899 2200 3970 ρία
2235 3901 2412 3969 μένει.

2176 4013 2282 4067 Καὶ
2322 4013 2429 4066 τὸν
2460 4013 2662 4066 Δαϐίδ.

2175 4126 2239 4178 Τί
2271 4126 2462 4179 τούτου
2500 4125 2799 4198 ἀγιώτερον
2842 4126 3042 4195 γένοιτ’
3072 4126 3158 4192 ἂν,
3208 4126 3336 4180 ὅταν
3373 4128 3424 4181 οἱ
3464 4123 3690 4198 διαπρέ-

2103 4217 2324 4284 ψαντες,
2358 4219 2454 4270 καὶ
2494 4218 2634 4287 πρὸς
2670 4218 2762 4272 τὸν
2783 4218 2916 4272 Θεὸν
2955 4219 3270 4292 παρρησίαν
3300 4220 3600 4289 ὲσχηκάτις
3636 4221 3690 4272 oi

2105 4311 2234 4379 περὶ
2293 4304 2625 4379 Ζοροὸἁδελ,
2666 4310 2856 4366 τοῦτον
2907 4311 2973 4383 δὴ
3021 4312 3195 4382 μέγαν
3229 4312 3382 4383 παρὰ
3411 4311 3509 4365 τοῦ
3545 4311 3688 4366 Θεοῦ

2103 4401 2360 4467 δέξωνται
2396 4402 2488 4455 τὸν
2529 4401 2759 4472 κόσμον,
2798 4402 2860 4456 τὸ
2889 4406 2954 4474 τῇ
2999 4403 3338 4474 προσηγορίᾳ
3381 4402 3477 4456 τοῦ
3521 4401 3687 4455 Δαὸὶδ

2033 4459 2076 4514 υ
2104 4459 2464 4562 ὀνομάζεσθαι
2489 4509 2504 4558 ;

2187 4606 2237 4658 Ἀ
2246 4607 2523 4674 νέστησα
2556 4608 2898 4676 σύντριμμα

2174 4718 2387 4787 Ὠσπερ
2405 4717 2470 4770 ἂν
2497 4718 2548 4771 εῐ
2565 4736 2648 4782 τις
2678 4718 2946 4788 δεσπότης
2972 4719 3150 4790 δημίῳ
3178 4722 3298 4774 τινὰ
3319 4723 3685 4793 ἡμαρτηκότα

2105 4808 2383 4878 παραδοὺς
2412 4809 2522 4861 τῶν
2577 4809 2819 4873 οἰκείων,
2871 4811 3084 4863 ἐκείνου
3136 4814 3277 4884 πέρα
3337 4813 3431 4866 τοῦ
3480 4816 3677 4884 μέτροε.

2107 4901 2467 4969 μαστίξαντος
2520 4902 2613 4956 τδν
2657 4903 3116 4975 παραδεδομένον,
3172 4909 3266 4959 καὶ
3313 4908 3466 4978 παρὰ
3513 4908 3572 4959 τὸ
3606 4907 3690 4976 τῷ

2101 4991 2336 5066 δεσπότῃ
2390 4995 2612 5057 δοκοῦν,
2664 4996 2837 5050 ἐλοων
2890 4992 3046 5062 οὗτος
3076 5001 3104 5052 6
3161 5000 3462 5070 παραδοὺς,
3498 5000 3689 5071 σχεδὸν

2102 5083 2197 5135 καὶ
2230 5084 2582 5152 ἀπολογεῖται
2624 5086 2761 5157 πρὸς
2787 5087 2878 5140 τὸν
2913 5091 3434 5161 μεμαστιγωμένον,
3469 5090 3689 5153 δεικνὺς

2101 5171 2183 5223 ὅτι
2213 5173 2274 5224 οὺ
2306 5176 2444 5226 κατὰ
2477 5174 2574 5245 τὴν
2617 5175 2783 5229 αὑτοῦ
2816 5177 3009 5246 γέγονε
3043 5178 3202 5233 τοῦτο
3233 5179 3557 5250 ἐπιτροπὴν,
3589 5183 3692 5234 καὶ

2103 5265 2545 5332 καταμανθάνων
2593 5267 2761 5321 αὑτοῦ
2796 5267 2866 5320 τὰ
2911 5267 3204 5340 τραύματα
3251 5270 3524 5341 ἀκριϐῶς,
3588 5271 3690 5323 καὶ

2102 5355 2577 5425 ἐπαγγελλόμενος
2611 5358 2814 5428 μυρίαν
2841 5359 3038 5428 ἐκείνῳ
3067 5361 3362 5432 τιμωρίαν.
3405 5361 3566 5414 Οὕτω
3592 5364 3695 5415 καὶ

2101 5447 2130 5499 6
2163 5445 2296 5509 Θεὸς
2339 5449 2504 5500 ποιεῖ.
2557 5449 2765 5503 Βίαιον
2815 5452 2880 5505 τὸ
2911 5452 3272 5523 σύντριμμα.
3322 5452 3486 5525 Ὁρᾷς
3521 5452 3696 5507 αὑτὸν

2102 5539 2566 5609 ἀπολογούμενον,
2635 5542 2717 5594 ὅτι
2763 5544 3002 5612 χαλεπὸν
3065 5545 3128 5598 τὸ
3195 5544 3421 5617 τραῦμα
3484 5544 3692 5615 lima;

2103 5631 2275 5686 Τοῦτο
2303 5633 2413 5704 γάρ
2440 5635 2556 5688 ἐστι
2595 5634 2802 5703 βίαιον,
2846 5637 2946 5708 οὐχ
2973 5638 3099 5692 δσον
3142 5638 3275 5706 ἔδει,
3327 5637 3469 5693 ἀλλὰ
3503 5639 3692 5706 πολλῷ

2105 5723 2288 5778 πλέον.
