4054 6210
415 356 513 410 9M

1163 355 1728 413 SUPPLEMIZNTUM
1775 355 1865 410 AD
1915 355 1969 411 S.
2016 353 2064 409 J.
2104 352 2597 410 CHRYSOSTOMI
2641 354 2886 412 OPERA.

3563 366 3678 421 972

489 474 599 526 Hoc.
619 479 720 535 est,
754 471 970 541 quando
1022 452 1385 526 ambulabant,
1411 473 1737 527 antecedens
1762 536 1765 539 γ
1793 470 1966 539 ipsum

2165 464 2477 530 Τουτέστιν,
2513 466 2676 535 ἡνίκα
2695 467 2941 532 ἐϐάδιζον
2975 472 3451 543 προπορευόμενος
3480 478 3671 546 αὑτοῦ,

417 578 624 617 meum
681 563 1021 631 requiescere
1074 564 1447 628 l'acerem;sic
1501 563 1643 618 enim
1698 563 1827 634 legit
1881 562 1987 617 lle-

416 658 614 709 braeus.
645 654 838 716 Porro,
861 654 953 717 ite,
985 654 1219 708 obscure
1268 654 1682 724 interpretatum
1722 664 1827 717 est,
1862 655 1987 724 quia

416 747 685 814 interpres
707 754 918 814 tempus
945 761 1049 799 non
1075 746 1344 813 servavit;
1374 762 1472 816 pro
1499 747 1776 800 ambulans
1838 762 1988 799 nam‘

412 851 515 902 que
544 876 557 901 ,
593 836 860 890 ambulate
901 839 1111 906 posuit;
1142 838 1220 892 sic
1275 840 1419 893 enim
1460 850 1515 895 et
1571 838 1782 911 Moyses
1810 838 1983 893 dixit:

411 925 469 979 Si
490 942 595 979 non
620 926 889 990 ambulas,
913 943 975 980 ne
999 928 1190 981 educas
1214 946 1293 981 me
1325 928 1390 982 '°.

478 1105 671 1162 Vides?
699 1106 914 1178 Ubique
939 1109 1043 1163 boc
1075 1108 1152 1163 illi
1186 1110 1521 1180 propositum
1563 1119 1648 1165 est
1670 1112 1984 1176 ostendere,

408 1198 479 1252 ab
539 1198 629 1251 illo
669 1213 789 1254 esse
839 1201 1097 1269 quidquid
1133 1211 1237 1256 est.
1306 1201 1470 1266 Dixit,
1524 1201 1832 1272 Babyloniis
1859 1216 1984 1271 per-

408 1290 681 1354 euntibus,
749 1298 803 1344 tu
859 1290 1042 1345 salvus
1112 1291 1241 1346 eris.
1305 1292 1505 1348 Deinde
1554 1294 1790 1347 ostendit
1842 1294 1984 1362 quod

408 1383 609 1443 praeter
657 1389 807 1445 spem
855 1387 999 1444 erat,
1032 1379 1281 1447 quodque
1314 1380 1549 1434 humana
1580 1381 1836 1452 cogitatio
1879 1397 1982 1437 non

407 1465 676 1533 ('apiebul,
725 1468 845 1522 illos
906 1486 1012 1523 nou
1070 1484 1194 1526 esse
1246 1472 1539 1542 perituros.
1606 1472 1885 1544 Tanquam
1937 1475 1983 1530 si

406 1558 526 1623 quis
573 1558 713 1610 inter
744 1559 909 1612 multa
941 1561 1210 1617 cadavera
1253 1564 1490 1617 inveniat
1538 1566 1772 1633 aliquem
1801 1566 1982 1621 calen-

409 1657 539 1714 tem,
576 1649 989 1722 Spirantetnque
1050 1653 1269 1718 adhuc,
1323 1664 1681 1725 agentemque
1723 1657 1979 1723 animam,

408 1740 605 1796 deinde
638 1752 846 1797 tantum
888 1744 1117 1812 laboret,
1151 1746 1443 1817 hostesque
1474 1747 1541 1802 ab
1595 1748 1686 1803 illo
1729 1751 1979 1818 depellat,

406 1842 465 1883 ut
498 1831 779 1887 fereillum
814 1837 880 1890 ad
901 1838 1065 1891 vitam
1106 1848 1352 1908 revocet;
1393 1851 1539 1894 certe
1565 1842 1612 1898 is
1645 1856 1755 1896 rem
1792 1844 1981 1897 miram

405 1921 627 1978 laceret.
659 1924 751 1980 Sic
802 1927 867 1982 de
894 1937 944 1983 te
983 1927 1188 1985 iactum
1218 1940 1325 1997 est,
1367 1932 1466 1987 ait.
1494 1930 1537 1985 Ε
1567 1934 1746 1989 medio
1797 1949 1984 1990 eorum

406 2022 459 2067 te
480 2016 759 2082 suscitavi,
794 2018 857 2073 de
884 2019 966 2072 via
995 2020 1231 2075 hosﬁum
1262 2022 1558 2094 spirantem
1603 2033 1654 2079 te
1683 2024 1987 2092 inveniens,

407 2117 689 2173 percutere
728 2120 777 2164 te
809 2111 1050 2167 volentes
1084 2114 1493 2185 cohibni,spem
1544 2117 1737 2173 salutis
1782 2119 1982 2173 nullum

408 2198 719 2255 habentem.

477 2382 491 2400 ⁸
529 2377 694 2438 Vsus.
736 2383 789 2438 3.
826 2382 901 2438 De
934 2384 1085 2459 longe
1117 2388 1370 2443 Dominus
1398 2393 1643 2460 apparuit
1674 2394 1761 2446 ei:
1792 2392 1981 2449 Chari-

404 2478 513 2523 tate
534 2484 783 2540 perpetua
800 2474 968 2530 dilexi
997 2488 1067 2533 le.

470 2561 649 2617 Verba
692 2576 818 2620 sunt
858 2568 1143 2639 PrOplieta:
1205 2588 1221 2626 :
1278 2572 1379 2627 hoc
1412 2584 1513 2642 est,
1557 2591 1651 2645 per
1718 2578 1978 2634 visionem

400 2653 542 2708 Deus
565 2656 695 2711 mihi
734 2662 975 2715 ostendit
1005 2677 1123 2731 qua:
1156 2664 1286 2718 olim
1332 2666 1678 2733 dicebantur,
1713 2678 1768 2725 et
1800 2686 1831 2724 a
1863 2687 1971 2726 sa:-

400 2748 523 2804 culo
553 2764 567 2798 :
620 2752 891 2817 quomodo
926 2753 1037 2807 sola
1071 2756 1339 2811 cbaritate
1382 2756 1435 2810 in
1479 2758 1695 2814 deserto
1727 2763 1979 2831 p0pulum

400 2838 656 2905 deduxit;
690 2849 743 2894 et
772 2840 906 2895 dixit
942 2844 1071 2898 milii
1098 2860 1243 2898 nunc
1276 2863 1287 2897 :
1322 2844 1412 2899 Illa
1442 2848 1709 2906 eliaritate
1737 2853 1787 2906 in
1819 2865 1983 2908 teter-

399 2945 525 2982 nnm
559 2930 716 2983 dilexi
749 2947 872 2985 eum
910 2933 1050 2989 :lioc
1071 2944 1150 2990 est
1181 2937 1232 2991 in
1265 2939 1462 2993 linem:
1496 2949 1549 2993 et
1590 2942 1690 2997 bac
1718 2944 1784 2998 de
1818 2958 1977 2999 causa

395 3035 521 3073 eum
559 3022 710 3089 perdi
761 3038 867 3076 non
912 3027 1319 3093 perniitto;sed
1365 3028 1515 3082 salvo
1575 3031 1855 3100 populum,
1886 3033 1976 3102 qui

396 3120 478 3164 est
508 3110 561 3164 in
592 3114 1093 3183 transniigratione.

469 3202 484 3218 '
515 3194 641 3250 Ideo
672 3201 873 3252 attraxi
897 3211 945 3253 te
964 3203 1015 3255 in
1044 3203 1397 3259 miseratione.

468 3285 579 3340 Hoc
629 3301 734 3353 est,
766 3304 986 3361 pr0pter
1028 3294 1172 3347 illam
1220 3298 1545 3354 t-liaritatcm
1594 3300 1692 3358 bos
1739 3304 1840 3360 bac
1894 3307 1976 3361 di-

396 3390 532 3445 gnos
570 3378 697 3432 fecit
722 3382 921 3448 gratia,
958 3385 1231 3442 redimens
1258 3403 1286 3442 a
1336 3387 1666 3462 Babyloniis.
1693 3393 1849 3460 illud,
1878 3398 1975 3451 At-

397 3470 545 3520 traa‘i
574 3478 643 3534 te,
671 3479 728 3523 ut
751 3474 1089 3539 ostenderet,
1120 3479 1260 3545 quod
1283 3480 1479 3535 evulsit
1500 3495 1652 3539 arcte
1678 3487 1973 3543 detentum.

396 3553 461 3609 In
489 3558 897 3627 miserationem,
925 3562 1124 3619 Vestivi
1161 3581 1283 3623 eum
1319 3570 1515 3638 gratia.

462 3739 578 3796 Non
628 3743 696 3796 ad
730 3753 963 3816 tempus,
1003 3757 1060 3802 ut
1103 3759 1159 3803 tu
1214 3748 1379 3817 facis,
1426 3755 1527 3810 etsi
1561 3757 1777 3827 quidvis
1822 3775 1971 3832 agas,

392 3848 492 3903 ego
550 3836 717 3906 diligo
751 3848 822 3893 te.

462 3925 870 3986 Miserationem
929 3932 1291 4004 impendens,
1360 3954 1467 3994 non
1534 3942 1724 3998 merita
1794 3958 1971 4001 remu-

393 4028 611 4069 neruus.

463 4105 480 4121 '
511 4104 669 4159 Vens.
704 4108 760 4161 4.
795 4108 1056 4174 Quoniam
1081 4115 1355 4184 wdiﬁcabo
1374 4128 1421 4173 le
1441 4128 1512 4185 el,
1536 4120 1907 4189 a’di/icaberis.

464 4194 576 4249 lloc
603 4207 705 4263 est,
752 4201 947 4256 iterum
980 4205 1076 4259 tibi
1109 4210 1389 4279 antiquam
1432 4210 1664 4266 fortnam
1709 4216 1965 4281 restituo,

389 4298 510 4340 cum
543 4286 721 4342 nullus
753 4291 1010 4347 resistere
1040 4295 1233 4361 possit.
1293 4350 1296 4354 ,

459 4372 695 4431 Summa:
723 4379 871 4447 pacis
926 4396 1260 4455 summaeque
1307 4390 1714 4459 tranquillitatis
1770 4397 1964 4455 indicia

387 4468 574 4533 ponit;
606 4479 659 4522 et
689 4471 847 4525 verba
894 4474 1006 4542 ipsa
1034 4477 1220 4531 suavia
1247 4488 1391 4533 sunt.

464 4560 481 4578 ⁶
536 4559 694 4618 Vsus.
727 4563 782 4629 5,
812 4564 867 4622 6.
902 4563 1153 4622 Plantate
1199 4569 1578 4639 plantationes,
1610 4587 1657 4630 et
1723 4578 1956 4649 laudate,

381 4653 506 4721 quia
543 4665 616 4707 est
685 4656 794 4709 dies
844 4658 1246 4725 consolationis,
1300 4664 1452 4731 quasi
1502 4671 1859 4736 reapondentis
1902 4676 1956 4729 in

381 4743 645 4796 montibus
696 4743 941 4812 Ephrem.
973 4747 1206 4817 Surgite,
1236 4763 1283 4805 et
1342 4760 1686 4813 ascendamus
1723 4763 1775 4816 in
1828 4763 1953 4821 Sion

380 4835 449 4885 ad
491 4833 770 4888 Dominum
814 4836 983 4911 Deum
1004 4850 1260 4898 nostrum.

448 4922 655 4980 Sensus
682 4936 861 4982 textus
908 4928 1082 4986 Graeci
1114 4931 1203 4989 hic
1242 4944 1365 4991 est:
1396 4937 1528 4997 Cum
1555 4946 1758 5001 reversi
1793 4946 1958 5009 lucri-

381 5015 472 5081 tis,
501 5018 805 5073 sortiemini
836 5018 1173 5078 lertilitatem
1215 5035 1392 5095 terrae,
1416 5046 1760 5101 possessores
1807 5040 1953 5109 ejus-

378 5109 499 5163 dem
546 5118 706 5164 terraa
751 5111 927 5167 cﬂ‘ecti
974 5132 985 5169 :
1041 5116 1141 5171 hoc
1186 5134 1421 5190 namque
1464 5126 1641 5183 innuit
1676 5131 1805 5186 illud
1842 5133 1952 5189 ειη

378 5202 638 5256 montibus
669 5201 912 5273 Ephrem,
945 5222 1010 5260 ex
1046 5221 1192 5263 certa
1246 5223 1398 5280 parte
1443 5218 1748 5274 universam
1803 5225 1952 5279 desi-

377 5309 549 5363 gnans
583 5306 817 5362 terram;
864 5299 1016 5367 quasi
1068 5299 1275 5357 diceret
1308 5322 1322 5357 :
1367 5304 1588 5362 Summa
1610 5324 1710 5378 ope
1749 5314 1952 5371 redibi-

380 5386 447 5440 tis
499 5387 565 5441 ad
618 5389 902 5459 templum,
951 5391 1117 5447 Deum
1179 5396 1544 5455 celebrantes.
1580 5402 1649 5455 At
1695 5402 1952 5464 Hebraeus

378 5474 456 5530 sic
484 5476 687 5534 habet:
722 5481 784 5535 Et
804 5483 1144 5551 plantabunt,
1169 5499 1218 5543 et
1248 5491 1513 5546 comedent
1549 5494 1799 5563 fructum.
1832 5499 1949 5554 Erit

374 5567 511 5620 enim
534 5569 664 5632 dies,
688 5572 741 5626 in
773 5590 874 5641 qua
891 5577 1190 5635 clamabunt
1213 5585 1452 5639 custodes
1484 5587 1791 5658 vinctorum,
1817 5590 1950 5648 Sur-

446 5748 491 5775 τ³
530 5748 696 5802 Exod.
738 5766 826 5814 xx,
861 5753 945 5806 16.

2096 558 2180 610 ἵνα
2224 558 2528 611 ἀναπαύσω
2561 560 2759 626 αὐτόν’
2792 560 2937 615 οὕτω
2990 564 3100 636 γὰρ
3148 565 3263 635 ἔχει
3319 569 3348 619 ὁ
3396 567 3668 639 Ἑϐραῖος.

2092 648 2165 702 Τὸ
2196 649 2253 701 δὲ
2279 648 2581 711 ,ϐαδίσατε
2607 654 2950 725 ἡρμήνευται
2982 658 3232 725 ἀσαφῶς,
3268 660 3357 713 διὰ
3377 661 3438 713 τὸ
3479 665 3553 734 μὴ
3576 666 3674 718 τὸν

2092 741 2282 812 χρόνον
2298 741 2531 809 φυλάξαι
2544 743 2635 795 τὸν
2650 744 3060 816 έρμηνευθέντα
3076 748 3184 819 [ἵσ.
3204 752 3672 828 ἑρμηνεύωπαῖ.

2091 834 2213 885 ἀντὶ
2241 834 2345 904 γάρ
2380 833 2801 903 τοῦ,,βαδίζων,
2852 840 3157 903 ,ϐαδίσατε
3209 842 3345 913 ἔχει,
3378 845 3528 900 οὕτω
3559 852 3677 921 γὰρ

2090 926 2340 990 φαίνεται
2363 927 2455 983 καὶ
2493 928 2521 979 ὁ
2541 929 2748 997 Μωσῆς
2774 930 2948 998 λέγων
2973 951 2986 965 ’
3016 936 3086 989 El
3109 937 3197 1005 μὴ
3214 936 3295 990 σὺ
3317 941 3567 1008 πορεύῃ.
3580 942 3673 1011 μὴ

2088 1016 2395 1087 ἀναγάγῃς
2412 1036 2509 1088 με.

2104 1176 2105 1179 η
2176 1105 2369 1175 Ὀρᾶς;
2409 1108 2694 1180 Πανταχοῢ
2733 1112 3024 1177 σπουδάζει
3058 1115 3347 1183 δεικνύειν,
3376 1121 3461 1174 ὅτι
3498 1124 3671 1179 αὐτοῦ

2086 1196 2148 1248 τὸ
2186 1198 2295 1250 πᾶν
2330 1200 2499 1252 ἐστιν.
2550 1196 2709 1267 Eine,
2742 1202 3103 1260 Βαϐυλωνίων
3148 1210 3558 1283 ἀπολλυμένων,
3602 1219 3671 1271 σὺ

2085 1287 2425 1360 διασωθήσῃ.
2480 1286 2613 1345 Εἶτα
2645 1293 2888 1348 δείκνυσι
2928 1298 2991 1349 τὸ
3022 1302 3155 1371 παρ’
3201 1301 3414 1369 ἐλπίδα,
3447 1308 3542 1360 καὶ
3589 1309 3669 1374 ὡς

2086 1378 2187 1431 οὐκ
2212 1373 2281 1450 ἧν
2310 1380 2672 1449 ἀνθρωπίνων
2701 1383 2978 1456 λογισμῶν
3031 1388 3107 1459 μὴ
3146 1392 3243 1445 καὶ
3292 1394 3493 1460 αὐτοὺς
3528 1373 3669 1453 ἀποέ

2085 1469 2532 1542 λέσθαι.Ὥσπερ
2563 1474 2630 1528 ἂν
2663 1476 2822 1541 εἴτις
2853 1481 2913 1532 έν
2946 1480 3163 1546 πολλοῖς
3184 1484 3476 1557 πτώμασιν
3511 1491 3668 1563 εὖροι

2085 1560 2207 1613 τινὰ
2245 1560 2457 1627 ζέοντα,
2514 1564 2610 1619 καὶ
2658 1565 2740 1620 ἔτι
2796 1570 3131 1639 ἐμπνέοντα,
3186 1579 3281 1629 καὶ
3318 1560 3670 1652 ἀναψύχοντα

2088 1651 2507 1727 [ἀποψύχοντα],
2547 1654 2666 1712 εἶτα
2702 1659 2962 1733 δυνηθείη
2992 1664 3217 1736 ποιῆσαι
3251 1670 3500 1725 τοιοῦτον
3526 1651 3668 1746 [πο-

2089 1745 2251 1814 νῆσαι
2298 1748 2596 1821 τοσοῦτον],
2634 1752 2730 1805 καὶ
2779 1754 2905 1818 τοὺς
2966 1756 3261 1828 πολεμίους
3321 1762 3668 1836 ἀποσοϐῆσαι

2090 1836 2185 1889 ἀπ’
2231 1836 2464 1903 ἐκείνου,
2500 1841 2660 1909 μόνον
2696 1840 2966 1916 [μονονοὺ]
3001 1849 3095 1901 καὶ
3153 1850 3247 1903 ἐπὶ
3302 1850 3448 1923 ζωὴν
3500 1856 3669 1909 αὑτὸν

2085 1926 2337 1995 ἀγαγεῖν,
2364 1927 2642 1999 θαύματος
2684 1932 2751 1985 ἂν
2785 1934 2890 2005 εἴη.
2952 1936 3111 1990 Οὖτω
3171 1941 3266 1993 καὶ
3317 1943 3413 1995 ἐπὶ
3448 1945 3544 1998 σοῦ
3573 1948 3670 2014 γέ-

2084 2034 2230 2085 γονε,
2266 2021 2453 2091 φησίν.
2494 2024 2589 2076 Ἐκ
2624 2024 2792 2094 μέσου
2815 2026 2996 2081 αὐτῶν
3022 2029 3357 2104 διανέστησά
3407 2052 3467 2089 σε
3505 2054 3520 2067 ·
3555 2040 3668 2093 ἀπὸ

2082 2109 2205 2163 ὀδοῦ
2247 2111 2525 2184 πολεμίων
2554 2116 2866 2186 ἐμπνέοντά
2901 2136 2960 2172 σε
2985 2121 3185 2194 εὑρὼν,
3226 2128 3322 2177 καὶ
3350 2144 3669 2201 παρωρμη-

2084 2201 2354 2270 σαμένους
2385 2207 2576 2258 παῖσαι
2622 2207 2951 2274 διεκώλυσα,
3009 2213 3108 2266 οὐκ
3154 2213 3347 2284 ἔχοντα
3380 2220 3667 2290 σωτηρίας

2082 2292 2294 2348 ἐλπίδα.

2158 2385 2174 2403 ¹
2201 2387 2512 2454 Πόρῤωθεν
2535 2391 2750 2458 Κύριος
2780 2392 2947 2463 ὤφθη
2980 2397 3167 2462 αὐτῷ’
3193 2400 3505 2470 ἀγάπησιν
3528 2407 3668 2459 αἰω-

2081 2476 2220 2529 νίαν
2242 2476 2532 2549 ἠγάπησά
2561 2497 2655 2535 σε.

2153 2566 2387 2622 Ταῦταὸ
2427 2573 2715 2644 προφήτης
2749 2576 2916 2644 λέγει,
2946 2580 3250 2647 τουτέστιν,
3285 2584 3539 2655 ὑπέδειξέ
3567 2607 3665 2659 μοι

2080 2656 2147 2708 δι’
2201 2657 2472 2725 ὀπτασίας
2526 2661 2661 2725 Θεὸς
2714 2665 2784 2718 τὰ
2820 2667 2991 2722 πάλαι
3057 2668 3354 2744 λεγόμενα,
3428 2678 3526 2730 stati.
3570 2656 3666 2744 ’ἐξ

2082 2749 2276 2815 αἰῶνος
2296 2766 2311 2781 ·
2345 2752 2497 2818 ὅπως
2529 2755 2636 2808 ὑπὸ
2659 2758 2880 2827 ἀγάπης
2913 2762 2971 2814 ἐν
2988 2765 3053 2833 τῇ
3078 2767 3382 2838 πανερήμῳ
3405 2767 3499 2821 τὸν
3530 2771 3665 2823 λαὸν

2080 2843 2309 2914 διήγαγε
2347 2861 2359 2873 ·
2396 2848 2487 2899 καὶ
2535 2846 2639 2919 ἔφη
2681 2866 2773 2919 μοι
2820 2853 2936 2917 νῦν,
2974 2855 3222 2928 Ἐκείνην
3272 2859 3369 2931 τὴν
3434 2862 3665 2933 ἀγάπην

2082 2936 2317 2999 αἰωνίως
2368 2938 2632 3009 ἠγάπησα
2698 2942 2894 3011 αὐτόν·
2958 2948 3233 3003 τουτέστιν
3285 2950 3374 3004 διὰ
3429 2954 3661 3018 τέλους⁸

2080 3028 2175 3079 καὶ
2196 3028 2400 3099 ταύτης
2437 3030 2622 3083 ἕνεκεν
2653 3033 2751 3103 τῆς
2783 3036 2964 3099 αίτίας
2993 3038 3092 3091 οὐκ
3119 3039 3191 3091 ἐῶ
3214 3042 3379 3095 αὐτὸν
3427 3043 3663 3113 διαφθα-

2004 3142 2046 3198 c
2082 3119 2243 3188 ρῆναι
2273 3135 2285 3149 ⁸
2315 3119 2476 3184 σώζω
2501 3122 2558 3175 δὲ
2594 3124 2688 3176 τὸν
2720 3127 2801 3189 είς
2825 3128 3085 3184 ἀποικίαν
3119 3132 3268 3188 λαόν.

2155 3215 2171 3233 ⁸
2199 3213 2303 3266 Διὰ
2335 3213 2512 3267 τοῦτο
2533 3216 2794 3271 εἵλκυσὰ
2813 3236 2885 3272 σε
2912 3223 2999 3285 είς
3018 3224 3382 3293 οἱκτείρημα.

2149 3305 2442 3370 Τουτέστι,
2475 3306 2546 3360 δι’
2581 3310 2801 3379 ἐκείνην
2822 3313 2920 3381 τὴν
2962 3314 3184 3383 ἀγάπην
3213 3318 3449 3387 ἠξίωσεν
3491 3321 3659 3375 αὐτὸν

2075 3398 2175 3467 τῆς
2219 3396 2313 3451 νῦν
2363 3397 2610 3471 χάριτος,
2661 3402 2979 3469 ἀπαλλάξας
3020 3408 3185 3462 αὑτὸν
3217 3410 3328 3464 τῶν
3385 3414 3655 3469 Βαῆυλωο

2075 3488 2227 3542 νίων.
2278 3489 2351 3543 Τὸ
2384 3490 2441 3544 δὲ
2494 3492 2754 3546 εἵλκυσά
2794 3512 2902 3562 σε,
2956 3498 3043 3551 ἵνα
3091 3500 3242 3572 δείξῃ
3291 3502 3364 3565 ὡς
3415 3506 3660 3577 ἰσχυρῶς

2075 3578 2445 3649 κατεχόμενον
2478 3579 2769 3646 ἐξέσπασε.
2802 3583 2876 3638 Τὸ
2910 3585 2987 3650 δὲ,
3028 3590 3116 3656 είς
3151 3594 3514 3663 οὶκτεΙρημα,
3538 3596 3661 3651 Ἐν-

2075 3667 2239 3723 έδυσα
2270 3671 2434 3725 αὑτὸν
2468 3674 2653 3744 χάριν,
2697 3673 2833 3744 ἔχει.

2145 3762 2221 3815 Ού
2255 3765 2391 3833 πρὸς
2418 3766 2631 3837 καιρὸν,
2664 3768 2915 3841 καθάπερ
2946 3771 3033 3837 σὺ,
3058 3772 3159 3826 κᾶν
3184 3773 3356 3845 μυρία
3379 3778 3646 3850 ποιήσῃς,

2074 3851 2185 3921 ἐγὼ
2207 3854 2346 3922 ιριλῶ
2379 3872 2459 3910 σε.

2143 3946 2445 4016 υίκτείρων
2490 3949 2583 4001 καὶ
2618 3949 2802 4016 ἐλεῶν,
2848 3953 2967 4024 οὐχὶ
3012 3955 3079 4007 τὰ
3135 3956 3258 4011 κατ’
3308 3957 3466 4024 ἀξίαν
3506 3960 3649 4013 aa».

2074 4037 2274 4108 νέμων.

2144 4132 2160 4151 ⁶
2192 4129 2323 4183 Ὅτι
2346 4129 2727 4202 οἰκοδομήσω
2755 4151 2849 4200 σε,
2879 4136 2976 4189 καί
3000 4139 3475 4208 οὶκοδομηθήσῃ.

2143 4220 2425 4287 Τουτέστι,
2458 4224 2625 4277 πάλιν
2654 4242 2737 4279 σοι
2765 4227 2824 4280 τὸ
2845 4229 3072 4298 ἀρχαῖον
3099 4230 3404 4302 ἀποδίδωμι
3426 4232 3643 4303 σχῆμα.

2069 4308 2283 4373 οὐδενὸς
2314 4310 2613 4381 δυναμένου
2651 4314 2991 4386 ἀντιστῆναι.

2152 4402 2362 4467 Ἀδείας
2394 4404 2619 4475 πολλῆς,
2663 4408 2761 4461 καὶ
2806 4407 3028 4477 βαθείας
3082 4411 3308 4482 είρήνης
3357 4413 3647 4485 τεκμήρια

1999 4491 2043 4545 D
2068 4494 2235 4562 λέγει,
2269 4496 2363 4549 καὶ
2386 4497 2525 4549 αύτά
2543 4500 2611 4552 τά
2641 4499 2864 4569 ῥήματα
2892 4500 3095 4555 πιθανά
3122 4501 3231 4573 [ἷσ.
3264 4501 3539 4575 ποθεινά].

2137 4587 2155 4604 ‘
2184 4586 2530 4641 Φυτεύσατε
2550 4591 2824 4657 φυτείας,
2856 4593 2954 4644 καὶ
2981 4594 3288 4658 αίνέσατε,
3323 4594 3415 4649 ὅτι
3463 4594 3645 4649 ἐστίν

2065 4676 2254 4745 ἡμέρα
2282 4679 2725 4746 παρακλήσεως
2757 4682 3258 4751 ἀπολογουμένου
3300 4684 3372 4738 ἐν
3433 4686 3645 4755 ὄρεσιν

2075 4766 2348 4837 Ἐφραίμ.
2399 4768 2607 4839 Στῆτε,
2659 4771 2759 4825 καί
2807 4771 3121 4842 ἀναδῶμεν
3164 4776 3251 4839 είς
3281 4774 3436 4828 Σιὼν
3485 4778 3641 4846 πρὸς

2062 4859 2283 4928 Κύριον
2304 4860 2413 4914 τὸν
2440 4861 2587 4914 Θεὸν
2607 4861 2794 4930 ἡμῶν.

2146 4952 2210 5003 Ἠ
2268 4951 2369 5022 μὲν
2408 4951 2586 5004 ἔννοια
2634 4952 2728 5005 τοῦ
2785 4953 3101 5026 Ἐλληνικοῦ
3154 4957 3301 5010 ἐστιν
3349 4957 3511 5029 αὕτη,
3558 4959 3643 5013 ὅτι

2057 5042 2485 5108 Ἐπανελθόντες
2513 5044 2851 5098 ἀπολαύσετε
2872 5048 2970 5117 τῆς
2991 5048 3249 5118 εὐφορίας
3273 5049 3337 5117 τῆ
3391 5049 3518 5118 γῆς,
3549 5055 3643 5105 καὶ

2056 5134 2154 5204 τὴν
2185 5135 2289 5205 γῆν
2320 5137 2758 5207 κατεσκληκότες
2802 5138 2963 5192 τοῦτο
2996 5140 3121 5209 γὰρ
3164 5140 3362 5210 μηνύει
3404 5142 3464 5194 τό
3490 5158 3504 5173 ⁸
3543 5141 3642 5195 Ἐν

2058 5230 2267 5297 ὄρεσιν
2296 5233 2571 5301 Ἐφραίμ,
2603 5234 2711 5288 ἀπὸ
2749 5234 2845 5288 τοῦ
2895 5235 3123 5307 μερικοῦ
3143 5237 3242 5307 τὴν
3284 5240 3463 5291 πᾶσαν
3511 5239 3635 5309 γῆν,

2062 5320 2147 5373 ἵνα
2173 5322 2324 5393 εἶπῃ³
2355 5324 2509 5376 Μετὰ
2538 5325 2777 5395 σπουδῆς
2804 5326 3235 5380 ὲπανελεύσεσθε
3271 5328 3352 5389 είς
3396 5329 3488 5380 τὸν
3507 5330 3639 5383 ναὸν

2059 5414 2358 5483 ὑμνοῦντες
2406 5416 2496 5471 τὸν
2547 5418 2701 5472 Θεόν.
2774 5419 2833 5473 'U
2878 5421 2932 5473 δὲ
2994 5421 3244 5491 Ἐϐραῖος
3284 5418 3456 5483 οὕτως
3482 5420 3632 5491 ἔχει’

2057 5506 2167 5559 Kal
2221 5509 2604 5575 φυτεύσουσι
2670 5511 2771 5565 καὶ
2834 5512 3126 5582 φάγονται
3192 5511 3301 5567 τὸν
3376 5515 3631 5582 καρπόν,

2065 5598 2273 5654 Ἔσται
2293 5599 2407 5667 γὰρ
2433 5602 2501 5657 ἐν
2531 5604 2717 5673 ἡμέρᾳ
2742 5606 2810 5657 ἐν
2890 5605 3283 5673 κεκριίξονται
3311 5608 3365 5661 oi
3390 5606 3633 5677 sochio—
3658 5656 3661 5659 γ
