4054 6210
338 279 445 335 ’.ξῗὸ

1440 274 1867 331 FRAGMENTA
1899 278 1966 330 ΙΝ
2002 276 2371 335 ιιιιΕΜιειΜ,

3475 286 3611 349 ⁸⁸)Ὶῶ

340 412 560 467 σονςες
604 393 748 459 τοὺς
795 394 1159 464 ἀμπελῶνας
1186 412 1198 426 ·
1236 396 1556 461 Ἀνάστητε
1590 397 1685 448 καὶ
1734 393 1915 448 ἀνέλ-

2033 395 2126 462 φὶιε
2187 406 2233 449 et
2279 395 2623 450 accendamus
2668 399 2723 450 in
2759 397 2909 454 Sion.
2956 396 3026 452 Et
3065 408 3147 454 est
3174 396 3362 456 cadem
3392 416 3612 459 senten.

340 493 533 556 θωμεν
554 490 643 553 εὶς
686 486 859 541 Σιών.
892 488 1133 553 Σώζεται
1163 490 1222 542 δὲ
1245 491 1276 557 ἡ
1300 488 1438 558 αὑτὴ
1464 488 1642 541 ἔννοια
1666 506 1681 521 ο
1709 490 1777 557 τῇ
1818 489 1924 557 γὰρ

342 582 576 633 ἑκάστου
614 580 852 652 ὠφελείᾳ
880 580 979 653 τὴν
1025 581 1290 652 περιττὴν
1336 580 1621 634 εὐσέϐειαν
1654 579 1920 635 δείκνυσι.

416 672 547 725 ’Ότι
565 673 960 742 ἐφυτεύσατε.

415 768 558 836 Ὅρα
581 765 863 836 πανταχοῦ
893 766 1009 829 πῶς
1034 766 1368 836 ἀναμίγνυσι
1412 768 1528 829 τοῖς
1560 764 1792 835 ἀγαθοῖς
1825 767 1924 837 τὴν

347 858 644 928 μετάνοιαν
663 856 1051 928 [ἐπιστροφὴν]
1086 858 1288 910 αὐτῶν.

414 956 429 969 “
458 949 876 1019 Ἀγαλλίασθε,
926 951 1028 1003 καὶ
1071 951 1491 1018 εὐφραίνεσθε,
1555 951 1656 1004 καὶ
1710 966 1924 1019 χρεμε-

343 1044 572 1105 τίσατε,
598 1041 696 1095 ἐπὶ
718 1041 997 1110 κεφαλὴν
1022 1040 1237 1095 ἐθνῶν.

414 1132 732 1196 Τουτὲστιν,
782 1131 1012 1184 ἐνώπιον
1062 1132 1168 1185 τῶν
1229 1132 1401 1185 ἐθνῶν
1455 1133 1717 1203 βοήσατε,
1756 1134 1923 1205 μηδὲν

344 1225 545 1287 αὐτοὺς
573 1224 895 1289 δεδοικότες,
925 1225 1016 1279 διὰ
1036 1225 1134 1295 τὴν
1169 1224 1309 1296 ἐμὴν
1342 1228 1683 1297 συμμαχίαν.

420 1319 433 1337 ⁸
466 1316 615 1372 Ἰδοὺ
659 1316 775 1386 ἐγὼ
797 1316 919 1385 ἄγω
962 1317 1186 1384 αὐτοὺς
1243 1318 1360 1372 ἀπὸ
1400 1316 1514 1387 γῆς
1560 1317 1776 1386 Βορῤᾶ.
1827 1320 1926 1373 καὶ

343 1408 595 1473 συνάξω
614 1407 840 1474 αὐτοὺς
863 1409 964 1462 ἀπ’
993 1410 1259 1477 ἐσχάτου
1309 1409 1419 1477 τῆς
1459 1411 1573 1479 γῆς
1622 1412 1691 1464 ἐν
1748 1410 1927 1480 ἐορτῇ

262 1548 265 1551 λ
347 1501 577 1557 Φιισέκ.

420 1595 731 1659 Τουτέστιν,
780 1594 855 1659 ὡς
916 1597 973 1648 ὲν
1031 1597 1093 1665 τῇ
1153 1596 1315 1666 ἑορτῇ
1365 1595 1463 1651 τοῦ
1506 1597 1708 1661 Φασὲκ,
1755 1596 1927 1661 οὕτως

350 1687 599 1750 ἅπαντας
630 1686 946 1740 ἐπανελθεῖν
971 1686 1271 1757 προθύμως
1304 1689 1535 1759 ποιήσω.

2033 488 2239 553 ιὶιιςοκ
2298 488 2727 557 uniuscujusque
2777 491 2921 543 enim
2974 491 3209 546 utilitate
3273 492 3612 563 superabun-

2029 577 2248 633 dantem
2290 581 2546 648 pietatem
2581 582 2943 637 demonStrat.

2101 667 2247 733 Quia
2280 672 2585 739 plantastis.

2102 763 2236 817 Vide
2263 772 2322 816 ut
2344 763 2542 832 ubique
2571 778 2693 818 cum
2722 763 2880 820 bonis
2900 762 3197 833 conjuugat
3229 779 3423 822 eorum
3477 783 3613 825 con-

2027 855 2357 909 versionem.

2100 950 2115 966 ’
2142 944 2308 998 Vens.
2345 945 2398 999 7.
2425 944 2704 1000 Exsultate
2728 947 2780 998 in
2807 946 3021 1014 la'titia,
3043 957 3089 1000 et
3117 946 3400 1013 (tutamini,
3424 959 3469 1002 et
3493 946 3613 1003 Itin-

2029 1039 2131 1091 nite
2151 1054 2305 1106 super
2320 1049 2471 1105 caput
2495 1041 2748 1108 gentium.

2100 1129 2216 1185 Hoc
2246 1137 2353 1194 est,
2384 1145 2566 1185 coram
2603 1131 2856 1198 gentibus
2888 1131 3142 1194 clamate.
3188 1131 3322 1185 nihil
3354 1146 3448 1186 eos
3495 1148 3613 1201 pro-

2028 1230 2146 1287 pter
2169 1234 2348 1273 meum
2372 1220 2636 1274 auxilium
2670 1220 2947 1275 timentes.

2100 1314 2114 1333 ‘
2161 1312 2323 1367 Vsus.
2353 1311 2409 1367 8.
2442 1312 2578 1367 Ecce
2601 1329 2692 1382 ego
2718 1313 2926 1367 adduco
2958 1329 3046 1367 eos
3088 1316 3152 1369 de
3194 1326 3334 1369 terra
3396 1316 3613 1385 Aquilo-

2028 1406 2202 1470 m's,et
2251 1408 2575 1475 congregabo
2602 1423 2688 1461 eos
2732 1409 2797 1460 ab
2842 1418 3075 1463 extremo
3115 1420 3272 1464 terra:
3322 1411 3377 1462 in
3429 1410 3613 1463 solem~
3676 1478 3687 1487 _

2030 1498 2193 1551 nitate
2222 1496 2449 1552 Phasec.

2100 1590 2215 1645 Hoc
2241 1598 2345 1657 est,
2367 1591 2506 1646 sicut
2560 1592 2613 1646 in
2658 1592 3002 1650 solemnitate
3050 1594 3283 1659 Pbasec,
3307 1594 3388 1649 sic
3420 1606 3612 1647 omnes

2054 1682 2223 1737 alacri
2261 1682 2443 1739 animo
2473 1688 2669 1739 reverti
2707 1684 2927 1741 faciam.

424 1776 555 1832 Εἶτα
579 1744 675 1833 καὶ
705 1781 802 1848 τὴν
828 1744 1029 1849 ἑορτὴν,
1057 1744 1203 1848 λέγει
1228 1744 1325 1832 καὶ
1354 1744 1447 1833 τὸν
1478 1781 1689 1852 καιρόν.
1741 1784 1924 1855 Ὁρᾷς,

2103 1775 2305 1830 Deinde
2339 1784 2395 1831 et
2438 1776 2838 1834 solemnitatem
2890 1782 3060 1849 ponit,
3095 1788 3149 1833 et
3183 1789 3418 1848 tempus.
3449 1776 3612 1832 Vides

348 1873 432 1925 ὅτι
453 1870 614 1941 ἐξέϐη
651 1873 709 1923 ὲν
741 1872 902 1941 ἑορτῇ
930 1871 1114 1924 Φασὲκ
1147 1871 1288 1926 κατὰ
1310 1872 1400 1925 τὸν
1423 1874 1635 1943 καιρὸν,
1683 1875 1807 1929 καθ’
1846 1876 1924 1941 ὃν,

350 1961 447 2013 καὶ
480 1961 539 2025 ἐξ
567 1960 847 2029 Αἰγύπτου
872 1963 993 2014 τότε
1014 1960 1252 2029 ἐξελθεῖν
1278 1962 1629 2034 ἐλυπήθησαν
1660 1964 1768 2037 lia.
1809 1967 1928 2020 ἐδυ-

351 2052 641 2125 νήθησαν].
676 2055 787 2124 Οὐχ
811 2053 997 2116 ἁπλῶς
1030 2049 1183 2119 οὗτος
1214 2056 1242 2108 ό
1264 2053 1453 2125 καιρὸς
1503 2057 1775 2128 ἑκατέρας
1812 2059 1929 2111 ἐστὶ

348 2147 447 2216 τῆς
469 2146 698 2200 εἰσόδου.
738 2146 879 2200 Ἀλλ’
915 2147 1029 2200 ῐστε
1065 2148 1116 2200 οἱ
1150 2150 1517 2218 μεμυημένοι,
1572 2150 1719 2212 τίνος
1757 2150 1929 2217 τύπος

346 2241 509 2293 τοῦτο
532 2235 620 2310 ἦν.
652 2239 917 2310 Δεύτερον
950 2240 1070 2295 τότε
1099 2240 1515 2311 ἐπανέρχονται.

427 2331 532 2385 Kal
562 2330 988 2401 τεκνοποιήσῃ.

421 2420 576 2475 Οὕτω
632 2424 726 2476 καὶ
772 2426 820 2477 οἱ
856 2424 1134 2495 ἀνάπηροι
1194 2424 1316 2479 τότε
1377 2423 1813 2497 θεραπευθέντες
1862 2430 1931 2483 τὰ

350 2511 603 2582 σώματα,
630 2512 869 2585 πατέρες
906 2513 1143 2568 ἔσονται.

421 2607 523 2658 Ἐν
544 2605 834 2676 κλαυθμῷ

433 2695 652 2769 Ἐπειδὴ
688 2697 797 2769 γὰρ
860 2697 1007 2762 εἰκὸς
1050 2693 1119 2770 ἦν
1182 2698 1383 2763 αὐτοὺς
1430 2698 1663 2763 εἰδότας,
1715 2699 1810 2753 καὶ
1870 2700 1932 2752 τδ

352 2789 550 2857 μῆκος,
585 2790 681 2842 καὶ
758 2788 859 2861 τὴν
902 2790 1281 2863 ταλαιπωρίαν
1347 2793 1447 2862 τῆς
1500 2791 1621 2845 ὁδοῦ
1670 2791 1928 2863 ἱλιγγιᾷν,

351 2879 577 2944 εἰκότως
601 2880 696 2935 καὶ
734 2881 931 2936 τοῦτον
970 2884 1192 2955 ἀναιρεῖ
1238 2885 1331 2938 τὸν
1366 2884 1533 2954 φόϐον
1596 2882 1796 2953 λέγων,
1849 2887 1931 2939 ὅτι

352 2972 427 3024 οὐ
453 2973 745 3042 φεύγοντες
787 2974 971 3044 ἥξετε,
1007 2976 1067 3028 οὑ
1092 2977 1147 3029 δὲ
1184 2976 1597 3047 θορυϐούμενοι,
1622 2977 1758 3031 ἀλλὰ
1797 2980 1934 3049 μετὰ

351 3064 515 3133 τιμῆς
561 3064 656 3117 καὶ
702 3065 1104 3136 παρακλήσεως
1148 3067 1242 3119 καὶ
1299 3067 1537 3133 ἀνέσεως
1587 3068 1688 3139 τῆς
1761 3087 1930 3140 προσ-

348 3155 611 3228 ηκούσης,
680 3157 856 3211 καίτοι
894 3161 1045 3221 ποῖος
1078 3158 1237 3212 τοῦτο
1261 3157 1522 3229 λογισμὸς
1555 3162 1737 3232 εὑρεῖν
1769 3162 1929 3228 δυνή-

355 3268 527 3317 σεται,
557 3251 643 3305 ὅτι
674 3252 773 3321 τῆς
804 3252 1013 3315 πόλεως
1040 3253 1297 3325 ἁλούσης,
1352 3255 1446 3307 καὶ
1502 3255 1611 3309 τῶν
1651 3256 1929 3311 δεσποτῶν

352 3342 747 3413 χειρωθέντων,
801 3345 849 3396 οἱ
894 3343 1070 3397 δοῦλοι
1131 3345 1281 3415 παρὰ
1330 3346 1439 3398 τῶν
1497 3345 1775 3399 δεσποτῶν
1822 3347 1931 3400 τῶν

353 3433 777 3504 χειρωσαμένων
804 3436 943 3506 μετᾶ
973 3436 1142 3505 τιμῆς
1172 3436 1398 3507 ἔμελλον
1429 3438 1762 3491 ἀπολύεσθαι
1798 3438 1930 3508 πρὸς

351 3526 449 3593 την
480 3525 689 3580 οἰκείαν
708 3542 724 3592 ;

424 3614 554 3667 Ὅτι
581 3615 895 3687 ἐγενόμην.

428 3705 572 3778 Ὅρα
631 3710 809 3764 αἰτίαν
870 3712 1176 3779 ἀναγκαίαν
1234 3714 1332 3782 τῆς
1377 3715 1653 3784 σωτηρῐας
1724 3714 1927 3779 αὐτῶν,

353 3796 453 3848 οὐκ
487 3798 737 3865 ἀφιεῖσαν
765 3799 963 3864 αὐτοὺς
993 3800 1328 3872 τυφωθῆναι.
1384 3803 1456 3855 Οὐ
1514 3803 1622 3873 γὰρ
1660 3805 1768 3857 ἀπὸ
1799 3821 1931 3858 κατ-

352 3887 710 3965 ορθωμάτων,
778 3892 894 3946 ἀλλ’
930 3892 1038 3945 ἀπὸ
1067 3892 1364 3956 διαθέσεως
1399 3893 1497 3963 τῆς
1542 3895 1781 3965 φυσικῆς
1829 3897 1928 3949 αὐ-

355 3981 479 4045 τοὺς
511 3982 689 4048 σώζω.
730 3984 902 4037 Τοῦτο
928 3983 1222 4050 δείκνυσιν,
1256 3986 1337 4038 ὅτι
1366 3986 1459 4038 καὶ
1499 3986 1704 4051 πάντας
1740 3986 1925 4042 σώσει.

353 4072 539 4137 Οὐδεὶς
580 4074 691 4146 γὰρ
750 4075 934 4147 πατὴρ
988 4075 1308 4146 περιόψεται
1355 4078 1520 4131 παῖδα
1562 4080 1927 4148 πρωτότοκον,

352 4168 449 4216 καὶ
504 4168 655 4237 παρὰ
691 4169 927 4238 πατέρος
988 4168 1298 4239 σωζόμενος
1345 4170 1445 4223 οὐκ
1482 4170 1548 4223 ἂν
1622 4170 1733 4242 ἔχοι
1787 4172 1931 4243 μέγα

334 4274 387 4326 1;
398 4260 594 4327 ρονεῖν.

421 4350 751 4405 Ἀκούσατε
779 4355 989 4423 λόγον.

2034 1867 2086 1919 in
2119 1865 2464 1923 solemnitate
2514 1867 2725 1923 Phascc
2767 1873 3015 1925 evenisse
3055 1882 3301 1939 tempore
3344 1869 3461 1931 illo,
3503 1882 3611 1937 quo

2030 1958 2342 2015 etiamtunc
2388 1976 2455 2015 ex
2483 1960 2716 2033 Egypto
2766 1963 2948 2033 egredi
3002 1970 3316 2033 potuerunt.
3344 1959 3455 2014 Nec
3514 1960 3615 2014 l'or-

2033 2051 2167 2106 tuito
2190 2062 2404 2124 tempus
2446 2054 2549 2109 hoc
2607 2056 2891 2124 utriusque
2946 2054 3304 2126 ingressionis
3350 2062 3435 2108 est
3466 2070 3479 2105 :
3516 2054 3613 2107 sed

2033 2144 2229 2197 initiati
2261 2146 2433 2202 nostis
2465 2147 2645 2216 cuius
2677 2150 2847 2217 ligura
2900 2148 3015 2203 haec
3047 2149 3139 2203 sit.
3184 2147 3444 2203 Secundo
3483 2155 3613 2199 tunc

2032 2244 2402 2293 revertuntur.

2103 2326 2170 2382 Et
2198 2330 2485 2399 generabit.

2105 2419 2196 2476 Sic
2225 2430 2279 2476 et
2308 2422 2565 2489 mutilati,
2593 2434 2723 2481 tunc
2773 2430 2976 2483 curatis
3033 2426 3381 2498 corporibus,
3424 2439 3610 2499 patrcs

2034 2511 2183 2565 ﬁent.

2103 2601 2265 2659 Vsus.
2303 2605 2356 2661 9.
2385 2606 2447 2660 In
2480 2606 2710 2675 ploratu.

2102 2693 2236 2749 Nam
2273 2698 2397 2767 quia
2426 2707 2849 2755 consentaneum
2881 2711 2997 2755 erat
3042 2716 3135 2758 eos
3192 2701 3405 2758 itineris
3436 2701 3614 2773 longi-

2035 2791 2273 2846 tudinem
2299 2802 2350 2847 et
2397 2793 2739 2849 incommoda
2764 2794 3003 2851 scientes
3049 2798 3385 2866 perturbari,
3417 2801 3613 2855 merito

2032 2883 2177 2938 hunc
2205 2899 2422 2956 quoque
2444 2887 2663 2957 expellit
2688 2889 2962 2953 timorem,
2988 2890 3175 2945 dicens
3206 2908 3220 2945 :
3252 2891 3367 2947 Non
3401 2891 3611 2965 fugien-

2034 2984 2114 3031 tes
2134 2978 2379 3045 venietis,
2413 2995 2521 3035 non
2551 2981 2773 3047 turbati,
2807 2984 2900 3036 sed
2936 2998 3059 3037 cum
3102 2983 3311 3041 honore
3369 2996 3423 3041 et
3482 3002 3613 3040 con-

2034 3066 2322 3134 solatione,
2359 3077 2413 3124 et
2456 3070 2776 3126 remissione
2812 3073 2976 3127 animi
3016 3074 3397 3130 conveniente.
3430 3074 3613 3142 Quan-

2033 3173 2193 3229 quam
2231 3176 2352 3230 quae
2402 3164 2537 3216 ratio
2577 3162 2822 3220 invenire
2853 3164 2954 3220 hoc
2990 3166 3220 3235 p0terit?
3252 3175 3487 3237 utcapta
3525 3168 3605 3221 ci-

2032 3252 2220 3317 vitate,
2251 3253 2487 3311 dominis
2532 3255 2585 3310 iu
2620 3257 2936 3312 servitutem
2965 3257 3219 3322 redactis,
3280 3259 3422 3313 servi
3455 3275 3482 3311 a
3515 3258 3613 3313 do—

2033 3344 2194 3398 minis
2221 3344 2311 3414 qui
2342 3360 2435 3401 eos
2459 3356 2754 3416 ceperant,
2785 3362 2909 3403 cum
2941 3347 3150 3404 honore
3183 3349 3401 3404 domum
3426 3351 3613 3405 remit—

2035 3437 2312 3491 terentur?

2108 3618 2247 3681 Quia
2281 3618 2450 3686 {actus
2473 3635 2612 3672 sum.

2109 3705 2240 3761 Vide
2288 3709 2650 3763 necessariam
2702 3709 2892 3765 salutis
2940 3724 3129 3765 eorum
3178 3725 3439 3777 causam,
3502 3728 3609 3768 non

2034 3797 2439 3867 permittentem
2476 3813 2568 3853 eos
2601 3801 2905 3868 superbire.
2940 3801 3058 3855 Non
3100 3801 3246 3855 cnim
3308 3805 3378 3857 ob
3418 3818 3607 3858 eorum

2036 3890 2247 3955 merita,
2284 3891 2378 3944 scd
2407 3905 2472 3945 ex
2498 3889 2690 3946 all'ectu
2727 3892 2854 3946 mihi
2892 3893 3079 3947 innato
3125 3892 3243 3948 illos
3295 3896 3467 3950 salvo.
3501 3895 3635 3950 lloc

2036 3986 2321 4047 monstrat,
2364 3983 2506 4050 quod
2561 3983 2722 4037 etiam
2769 3997 2959 4037 omnes
3003 3983 3197 4050 salvat,
3244 3985 3420 4041 nullus
3461 3989 3608 4041 enim

2034 4080 2189 4141 pater
2213 4081 2521 4128 contemnet
2570 4073 2734 4127 tilium
2764 4074 3203 4146 primogenitum,
3227 4087 3283 4131 et
3320 4079 3413 4147 qui
3449 4096 3476 4131 a
3514 4094 3609 4150 pa-

2038 4173 2115 4218 tre
2138 4165 2399 4233 salvatur,
2428 4182 2533 4221 non
2562 4166 2724 4221 habet
2752 4168 2818 4221 de
2847 4182 2958 4237 quo
2984 4182 3041 4223 se
3065 4165 3309 4224 extollat.

2108 4349 2271 4403 Vsus.
2300 4348 2386 4403 10.
2425 4349 2616 4404 Audite
2642 4350 2813 4405 verba.

437 4440 494 4493 Ὀ
526 4442 764 4512 μάλιστα
796 4444 1158 4516 ἡμαρτηκὼς,
1196 4445 1223 4498 ὁ
1244 4445 1479 4515 μάλιστα
1506 4446 1924 4519 διεφθαρμένος,

2108 4440 2206 4508 Qui
2242 4441 2481 4496 maxime
2514 4441 2781 4511 peccavit,
2810 4441 2901 4510 qui
2940 4455 3152 4495 summe
3182 4451 3472 4509 corruptus
3504 4453 3611 4506 est,

351 4530 445 4583 καὶ
471 4533 575 4586 οὐκ
594 4534 735 4604 ἔχων
765 4536 956 4590 ἐλπίδα
990 4538 1288 4609 σωτηρίας.

425 4623 611 4677 Πᾶσαν
666 4623 765 4695 τὴν
811 4626 1138 4698 οἰκουμένην
1184 4630 1449 4701 ποιήσατε
1512 4630 1764 4702 μάρτυρα
1822 4633 1931 4685 τῶν

349 4712 700 4784 λεγομένων⁸
738 4715 882 4770 οὕτω
954 4717 1267 4791 θαρροῦμεν
1332 4722 1483 4791 παρὰ
1535 4719 1718 4791 [forte
1775 4722 1929 4796 περὶ]

349 4823 549 4860 αυτων.

424 4898 646 4953 Εἴπατε
662 4903 695 4954 ὀ
712 4904 1040 4973 λικμήσας.

420 4989 563 5060 Ὅρα
592 4992 755 5056 πόσος
786 4995 1015 5066 κόσμος,
1060 4997 1188 5051 ὅταν
1223 4998 1389 5069 μηδὲν
1428 4999 1579 5071 παρὰ
1622 4999 1926 5073 ἀνθρώπων

352 5082 603 5151 πάσχωσι
631 5085 825 5152 δεινὸν,
855 5088 906 5140 εἴ
940 5105 1025 5151 τις
1077 5088 1302 5143 ἀπιστεῖ
1363 5091 1453 5143 τον
1487 5093 1723 5161 πόλεμον
1776 5094 1929 5166 παρὰ

352 5172 443 5223 τοῦ
494 5174 630 5227 Θεοῦ
676 5177 1029 5247 γεγενῆσθαι,
1078 5180 1140 5231 τὸ
1178 5180 1580 5252 δυσκολώτερον
1636 5184 1798 5254 ὁρῶν,
1831 5184 1928 5255 τὴν

351 5264 535 5316 ἄνοδον
576 5267 710 5337 παρ’
755 5268 922 5321 αὑτοῦ
964 5270 1360 5341 γεγενημένην,
1405 5275 1497 5328 καὶ
1558 5275 1684 5345 περὶ
1726 5276 1929 5346 ταύτης

351 5352 591 5428 ιτούτου]
621 5361 949 5418 πιστευέτω.

433 5448 532 5514 Ὠς
552 5452 586 5503 ό
608 5451 884 5514 βόσκων.

447 5538 607 5611 Ὀρᾷς
636 5544 717 5596 ὅτι
753 5545 889 5597 Θεοῦ
932 5546 992 5599 τὸ
1026 5547 1184 5620 ἔργον
1217 5548 1386 5617 ἐστὶν,
1440 5551 1566 5604 ὅταν
1608 5548 1684 5622 μὴ
1722 5551 1933 5625 ἰσόρρο-

354 5646 453 5692 πνις
486 5634 516 5701 ἡ
561 5635 729 5703 μάχη-

426 5719 726 5787 Ἐξείλατο
757 5729 960 5782 αὐτόν.

2041 4532 2241 4601 quique
2264 4530 2462 4585 nullam
2498 4531 2690 4585 salutis
2727 4544 2874 4598 spem
2910 4530 3095 4582 habet.

2111 4620 2307 4675 Totum
2342 4630 2605 4674 terrarum
2657 4621 2842 4673 orbem
2882 4618 3147 4673 dictorum
3186 4617 3351 4674 facite
3393 4627 3608 4685 testem,

2042 4723 2247 4767 tantum
2269 4711 2335 4767 de
2363 4712 2467 4766 illis
2491 4710 2833 4766 conﬁdimus.

2112 4897 2281 4950 Dicite
2312 4896 2401 4965 qui
2431 4895 2717 4949 ventitavit.

2115 4985 2242 5040 Vide
2273 4995 2504 5055 quantus
2530 4985 2731 5049 decor,
2768 4999 2887 5039 cum
2929 4984 2997 5040 ab
3039 4985 3351 5042 hominibus
3405 4987 3609 5042 nullum

2038 5079 2316 5149 patiuntur
2357 5076 2553 5131 malum
2594 5094 2607 5130 :
2652 5076 2695 5131 si
2736 5074 2859 5145 quis
2898 5076 3095 5131 bellum
3150 5092 3180 5131 a
3222 5078 3327 5132 Deo
3387 5078 3608 5132 missum

2039 5189 2144 5228 non
2176 5171 2370 5238 credit,
2397 5171 2583 5226 videns
2605 5170 2899 5237 diﬂlcilius,
2932 5172 3161 5229 reditum
3211 5185 3403 5243 nempe
3430 5171 3498 5227 ab
3545 5188 3611 5229 eo

2038 5267 2245 5333 datum,
2280 5274 2333 5320 et
2365 5266 2429 5321 de
2458 5263 2548 5319 illo
2575 5264 2780 5320 credat.

2113 5451 2277 5516 Quasi
2298 5459 2495 5518 pastor.

2100 5542 2266 5598 Vides
2295 5540 2386 5597 Dei
2410 5556 2532 5596 esse
2579 5557 2732 5611 opus,
2767 5560 2888 5599 cum
2930 5558 3080 5613 aequa
3120 5542 3274 5598 lance
3300 5555 3477 5614 pugna
3502 5557 3610 5596 nou

2041 5634 2323 5707 procedit?

2113 5729 2364 5783 Liberavit
2395 5743 2529 5781 cum.
