4058 6212
447 257 556 323 975

513 371 979 434 Causidetahona
1036 376 1141 435 sibi
1196 375 1429 431 invicem
1488 378 2098 443 succedentia,con-A

1223 257 1783 317 SUPPLEMENTUM
1823 259 1915 316 AD
1956 261 2015 317 S.
2053 258 2106 318 J.
2146 262 2633 322 CHRYSOSTOHI
2673 266 2923 324 OPERA.

3604 272 3712 328 976

2196 379 2341 451 Ὅρα
2388 381 2576 450 ἀγα.θά
2632 382 3014 454 διαδεχόμενα,
3055 383 3153 438 καὶ
3204 382 3378 455 ἀθρόα
3424 384 3494 442 τὰ
3542 388 3707 453 scala,

442 464 735 537 fcrtimque
762 469 1051 533 venientia,
1083 466 1634 538 pradicationumque
1680 468 1892 538 copiam
1910 508 1925 534 ,
1954 482 2015 520 ne

2121 469 2218 522 καὶ
2267 472 2607 542 προρρήσεις
2652 474 3025 544 προρρήσεων
3061 472 3180 545 tta-
3214 474 3311 527 καὶ
3341 477 3707 548 προρρήσεων

443 568 651 612 unitum
683 561 1031 629 praesentium
1069 559 1470 629 experimento,
1492 562 1588 618 sed
1613 571 1670 619 et
1700 561 2015 619 futurorum

442 665 536 720 spe
567 650 914 706 hilarescant.

515 741 714 800 "Vsus.
743 744 829 796 ιο.
868 740 936 795 Et
975 743 1074 800 crit
1124 745 1310 800 anima
1355 760 1539 800 eorum
1604 744 1759 815 quasi
1812 743 2019 815 lignum

438 833 789 902 fructiferum.

512 924 569 979 ld
595 936 704 989 est,
735 927 884 982 omni
918 929 1060 984 bono
1114 928 1501 998 implebantur.
1527 929 1788 983 Helmeus
1834 939 2016 983 autent

439 1015 518 1071 sic
550 1017 676 1087 legit
709 1036 723 1073 :
757 1017 925 1084 Quasi
963 1021 1145 1074 hortus
1168 1022 1341 1075 ebrius
1367 1021 1541 1091 aquis.

504 1200 663 1255 Vens.
702 1202 789 1256 13.
825 1200 971 1257 Tunc
986 1203 1310 1273 gaudebunt.

513 1290 629 1346 Hoc
662 1302 765 1358 est,
806 1302 932 1349 tunc
961 1295 1199 1350 viduitas
1235 1312 1343 1350 non
1382 1296 1485 1351 erit
1514 1315 1530 1363 ;
1560 1310 1703 1352 nunc
1731 1296 1879 1352 enim
1910 1310 2016 1349 non

434 1393 594 1441 erant
612 1386 830 1454 nuptias,
865 1401 964 1443 nec
986 1386 1331 1454 prolillcatio,
1355 1389 1452 1445 sed
1493 1404 1685 1458 ptenae,
1708 1397 1764 1444 et
1788 1386 2019 1456 juvenes

440 1475 783 1530 miseriarum
802 1479 1018 1534 occasio
1055 1479 1164 1532 illis
1186 1488 1364 1534 erant.

507 1567 575 1625 Et
602 1570 820 1640 faciant.

506 1657 698 1713 Omnis
730 1668 862 1714 aetas
881 1661 1137 1731 gaudium
1168 1663 1271 1719 hoc
1298 1665 1520 1719 sentiet.

2124 558 2497 632 περιουσίαν],
2529 560 2619 615 ἵνα
2639 562 2714 632 μὴ
2751 563 2915 633 μόνον
2947 566 3015 634 τῇ
3043 563 3211 636 πείρᾳ
3238 564 3349 618 τῶν
3397 567 3707 637 παρόντων,

2120 650 2257 703 ἀλλὰ
2286 651 2381 703 καὶ
2404 653 2529 715 ταῖς
2554 652 2736 706 ἔλπισι
2770 653 2884 707 τῶν
2928 655 3237 725 μελλόντων
3272 658 3703 726 εὐφραίνωνται.

2198 746 2211 763 “
2243 742 2352 799 Καὶ
2405 743 2577 801 ἔσται
2648 744 2688 813 ἡ
2751 745 2930 816 ψυχὴ
2983 746 3186 805 αὐτῶν
3244 747 3452 818 ὥσπερ
3512 750 3707 815 ξύλον

2118 833 2446 899 ἔγκαρπον.

2195 921 2515 989 Τουτέστιν,
2557 927 2763 991 παντὸς
2810 928 3021 996 ἀγαθοῦ
3052 929 3486 1001 πλησθήσονται.
3533 930 3592 983 ’0
3646 930 3706 983 δὲ

2134 1012 2384 1083 Ἑϐραῖος
2441 1014 2611 1080 οὕτως
2657 1017 2769 1087 ἔχει
2793 1057 2809 1081 ,
2861 1019 2942 1085 ὡς
3004 1019 3199 1088 κῆπος
3251 1020 3705 1090 μεμεθυσμένος

2120 1103 2360 1181 ὕδασιν.

2196 1197 2335 1249 Τότε
2366 1197 2765 1267 χαρήσονται.

2190 1286 2509 1354 Τουτέστιν,
2547 1291 2647 1344 οὐκ
2701 1291 2853 1347 ἔσται
2902 1291 3103 1363 χηρεία
3148 1292 3272 1348 τότε
3294 1309 3310 1326 ο
3338 1293 3432 1347 νῦν
3461 1293 3571 1363 γὰρ
3598 1293 3702 1346 οὐκ

2118 1372 2287 1446 εἶχον,
2329 1380 2392 1432 οὐ
2436 1382 2671 1451 γάμους,
2702 1383 2764 1437 οὐ
2813 1383 3185 1448 παιδοποιίας,
3233 1383 3372 1440 ἀλλὰ
3403 1384 3699 1456 τιμωρίας,

2119 1470 2214 1522 καὶ
2241 1474 2528 1544 συμφορᾶς
2557 1469 2699 1545 ἦσαν
2740 1476 2925 1537 αὐτοῖς
2958 1475 3218 1540 ὑπόθεσις
3237 1477 3289 1529 οἱ
3316 1476 3446 1530 νέοι.

2189 1560 2299 1616 Kal
2324 1562 2575 1632 ποιήσω.

2194 1652 2347 1705 Πᾶσα
2373 1654 2563 1724 ἡλικία
2589 1655 2690 1725 τῆς
2722 1656 2915 1729 ἡδονῆς
2946 1657 3293 1728 αἰσθήσεται.

513 1746 630 1802 Non
667 1749 1050 1819 intempestiva
1101 1753 1391 1818 ebrietate,
1421 1755 1514 1811 sed
1552 1754 1863 1821 lmtiﬂcabo,
1898 1756 2009 1819 ait;

2191 1743 2329 1814 Οὐχὶ
2375 1723 2475 1817 τὴν
2521 1723 2752 1817 ἀκαίρον
2787 1723 2987 1818 μέθην,
3040 1723 3159 1802 air
3194 1746 3473 1818 εὐφρανῶ.
3516 1748 3654 1819 φησί
3681 1763 3698 1780 ο

436 1839 536 1893 hac
564 1838 707 1895 enim
736 1855 868 1896 voce
894 1841 959 1905 de
1005 1841 1111 1897 illis
1140 1844 1332 1899 utitur.
1357 1835 1489 1899 Nam
1519 1845 1646 1913 quia
1677 1844 1782 1901 illis
1815 1856 2013 1901 terram

435 1929 797 1998 promisisset,
823 1932 876 1986 hi
909 1948 1038 1988 vero
1092 1944 1302 1992 terram
1341 1952 1448 1992 non
1499 1935 1799 2003 habebant,
1834 1938 1929 1995 sed
1961 1946 2017 1992 et

434 2019 520 2075 his
550 2019 767 2078 alﬂtteut
804 2024 971 2087 bona,
997 2025 1190 2093 inquit.

504 2109 671 2169 Vsus.
708 2114 794 2169 15.
828 2113 918 2170 Sic
945 2117 1083 2171 dixit
1120 2117 1396 2176 Dominus.

507 2204 617 2257 Iloc
652 2205 754 2260 sub
789 2205 1002 2261 llerode
1038 2209 1289 2278 contigit,
1325 2209 1635 2279 nostrisque
1671 2222 1842 2278 nuper
1875 2216 2014 2263 tem—

434 2312 499 2362 po
509 2298 675 2351 ribus.

506 2391 526 2409 ‘
578 2386 742 2444 Vsus.
767 2389 855 2445 18.
885 2390 1119 2445 Audiens
1150 2392 1328 2443 audiui
1356 2388 1582 2458 Ephrem
1608 2391 1972 2448 lamentantem
1991 2407 2011 2446 :

432 2479 723 2551 Castigasli
755 2498 858 2549 me,
899 2492 950 2536 et
987 2485 1276 2551 castigatus
1301 2499 1441 2537 sum.

505 2568 802 2640 Postquam
832 2573 1061 2626 duarum
1097 2573 1335 2625 tribuum
1370 2572 1602 2627 reditum
1634 2572 1924 2640 indicavit,
1958 2585 2014 2628 ct

432 2663 620 2717 decem
660 2662 834 2719 tribus
879 2661 1005 2719 item
1064 2675 1381 2717 reversurus
1419 2663 1680 2727 ostendit,
1729 2679 1849 2719 cum
1903 2681 2010 2720 non

434 2767 624 2821 parum
653 2752 904 2811 utilitatis
937 2768 1002 2812 ex
1043 2752 1362 2823 captivitate
1401 2754 1703 2813 hauserint.
1739 2754 2010 2823 Tanquam

430 2844 627 2899 vitulus
669 2861 774 2901 non
817 2845 1002 2903 didici.
1052 2844 1313 2903 Pervicax
1370 2846 1545 2903 factus
1587 2861 1706 2902 sum
1758 2857 2008 2919 tanquam

432 2936 657 3002 vitulus,
682 2935 775 3006 qui
804 2936 995 3009 jugum
1026 2936 1308 2992 abhorret.

503 3028 640 3096 Spes
664 3026 857 3082 salutis
887 3042 993 3085 non
1028 3043 1219 3096 parva,
1252 3037 1307 3085 et
1344 3027 1445 3083 hoc
1470 3035 1681 3099 spectat
1712 3026 1778 3081 ad
1813 3025 1914 3080 hoc
1949 3035 2006 3081 ut

429 3119 591 3172 dictis
628 3118 761 3174 lldes
786 3118 1114 3177 adhibeatur
1140 3133 1157 3173 :
1188 3118 1234 3175 si
1260 3118 1404 3175 enim
1423 3118 1664 3175 futurum
1695 3126 1857 3173 estut
1888 3115 2007 3173 illos

430 3210 713 3279 pmuiteat,
749 3209 920 3278 liquet
958 3225 1081 3267 esse
1108 3208 1415 3265 salvandos.

500 3300 616 3369 Ego
649 3311 900 3369 tanquam
931 3301 1121 3355 vitulus
1149 3318 1248 3357 non
1279 3301 1463 3357 didici.

502 3391 836 3446 Saltationes
913 3392 1058 3447 illius
1125 3393 1418 3447 ostendunt
1488 3400 1700 3446 aetatem
1787 3389 2009 3445 rationis

434 3492 739 3552 expertem,
771 3492 823 3538 et
849 3482 1198 3551 injustitiam,
1237 3481 1443 3537 nullum
1475 3483 1540 3535 ad
1571 3481 1768 3535 bonttm
1802 3480 2008 3534 haben-

431 3571 893 3638 timnjuventutis
942 3573 1335 3642 insipientiam.
1410 3572 1636 3629 Iuvenis
1687 3572 1832 3629 enim
1878 3571 2008 3640 jugo

433 3662 681 3730 privatus
730 3664 1236 3736 cogitationumque
1271 3664 1552 3720 dominatu
1590 3662 1723 3719 nibil
1768 3662 1943 3717 differt
1975 3678 2006 3716 a

427 3753 675 3823 juvencis
720 3764 923 3810 temere
976 3754 1336 3819 saltantibus,
1371 3762 1427 3808 et
1460 3762 1517 3808 ut
1560 3767 1716 3807 casus
1753 3751 1875 3817 fert,
1907 3751 2008 3807 hac

432 3854 489 3898 et
518 3845 645 3898 illac
693 3846 969 3911 euntibus,
1001 3862 1178 3916 neque
1208 3846 1380 3901 oculis
1412 3861 1474 3902 ea
1504 3859 1624 3914 qua:
1648 3843 1859 3915 objecta
1886 3851 2007 3899 sunt

430 3937 803 4007 cernentibus,
827 3936 923 3995 sed
952 3937 1006 3991 iu
1038 3938 1265 4009 abrupta
1302 3937 1418 3995 loca
1447 3935 1751 4006 pra‘cipitcs
1788 3949 1847 3991 se
1871 3934 2005 3988 dau-

433 4026 596 4081 tibus.

503 4114 754 4169 Converte
778 4133 879 4171 me.

506 4204 691 4272 Magna
747 4205 940 4269 virtus,
983 4219 1105 4259 cum
1156 4213 1513 4260 eonvcrtente
1566 4204 1676 4259 Deo
1736 4206 2008 4260 converti-

430 4311 573 4350 mur.

501 4394 519 4412 ‘
542 4389 707 4446 Vens.
744 4390 829 4445 l9.
862 4390 927 4445 Et
947 4401 1222 4463 antequam
1246 4408 1611 4465 cognoscerent
1634 4393 1857 4449 clamavi
1873 4410 2007 4462 pau-
2038 4410 2086 4471 υ

430 4486 617 4540 ttu'um.

504 4574 616 4629 Hoc
646 4584 750 4640 est,
782 4584 903 4645 post
935 4575 1304 4645 captivitatem
1347 4592 1432 4631 me
1464 4576 1716 4646 ptenituit
1743 4594 1759 4644 ;
1787 4576 2007 4631 clamavi

430 4667 575 4721 enim
612 4677 669 4720 ut
702 4667 770 4721 de
801 4667 885 4722 his
917 4668 1007 4738 qui
1041 4669 1417 4739 paenitentiam
1448 4677 1635 4740 agunt,
1665 4668 1870 4727 dictum
1900 4677 2004 4723 est.

502 4757 767 4828 Confusus
792 4776 932 4825 sum,
961 4771 1011 4814 et
1040 4760 1223 4814 audivi
1247 4772 1317 4825 te,
1346 4762 1596 4831 quoniam
1615 4762 1791 4829 accepi
1819 4776 2007 4831 appro-

432 4849 604 4905 brium
636 4851 699 4903 ab
735 4852 1087 4906 adolescentia
1115 4870 1248 4905 mea.

502 4941 838 5000 Recordatus
858 4960 977 4999 smn
1022 4960 1214 5017 nempe
1245 4954 1589 5014 peccatorum
1630 4943 2008 5001 adolescentia:

434 5046 591 5089 mete.
623 5032 1045 5091 Adolescentia»:
1099 5050 1264 5103 porro
1317 5045 1495 5099 vocat,
1524 5051 1644 5105 qua:
1676 5034 2007 5104 temporibus

430 5119 720 5177 Jeroboam
752 5123 890 5183 facta
932 5133 1083 5191 sunt,
1128 5124 1220 5194 qui
1258 5140 1397 5181 uova
1452 5124 1698 5189 molitus,
1742 5123 2006 5183 idolorum

432 5213 634 5270 cultum
657 5213 892 5268 induxit.

504 5301 641 5356 Cum
667 5318 884 5358 omnem
903 5313 1215 5373 peccantem
1240 5320 1345 5361 non
1363 5294 1621 5371 castigas,
1640 5306 1823 5362 dolere
1843 5321 2005 5377 oporo

437 5403 533 5450 tet.
569 5396 783 5451 Etenim
827 5398 894 5451 ad
927 5398 1325 5463 confusionem,
1357 5408 1414 5452 et
1433 5399 1500 5452 ad
1531 5399 1632 5453 alia
1667 5400 1832 5455 multa
1879 5415 2007 5469 pec-

434 5495 555 5542 cata
608 5488 858 5559 fugienda
927 5506 1147 5547 sensum
1212 5494 1384 5562 magis
1437 5494 1640 5562 praebet
1699 5494 2003 5563 castigatio.

436 5572 589 5631 Nunc
620 5594 746 5637 vero
775 5584 1082 5653 oppositum
1121 5585 1213 5650 lit;
1267 5586 1392 5639 dum
1439 5584 1821 5654 delinquimus,
1856 5586 2007 5639 inve-

439 5669 660 5724 secundi
682 5687 867 5728 sumus
890 5692 902 5727 :
927 5674 1050 5730 dum
1077 5678 1353 5744 punimur,
1376 5678 1614 5734 animum
1648 5678 2000 5740 demittimus,

2116 1832 2275 1890 τοῦτο
2304 1835 2414 1908 γὰρ
2434 1836 2495 1889 τὸ
2524 1836 2694 1908 ὄνομα
2725 1838 2811 1890 ἐπ’
2839 1838 3023 1891 αὐτῶν
3056 1840 3256 1893 κεῖται.
3316 1840 3538 1911 Ἐπειδὴ
3586 1839 3698 1909 γὰρ

2116 1925 2350 1990 ἐκείνοις
2370 1926 2440 1980 τὰ
2467 1927 2576 1981 ἀπὸ
2592 1928 2688 1999 τῆς
2710 1927 2815 1997 γῆς
2826 1930 3212 1998 ἐπηγγείλατο,
3224 1925 3372 1986 οὗτοι
3395 1931 3454 1985 δὲ
3475 1932 3576 2000 γῆν
3593 1931 3699 1984 οὐκ

2115 2010 2281 2089 εἰχον,
2312 2016 2447 2071 ἀλλὰ
2484 2017 2581 2071 καὶ
2618 2020 2828 2084 τούτοις
2847 2020 3166 2093 ὲπιρρεύσει
3194 2019 3262 2075 τὰ
3296 2020 3499 2089 ἀγαθὰ,
3525 2021 3687 2091 φησί.

2190 2108 2389 2177 Οὕτως
2418 2104 2550 2165 εἷπε
2581 2110 2819 2181 Κύριος.

2185 2203 2355 2257 Τοῦτο
2388 2205 2610 2273 γέγονεν
2641 2201 2736 2257 ἐπὶ
2771 2199 3011 2275 Ἡρώδου
3030 2220 3045 2236 '
3072 2200 3266 2273 γέγονε
3289 2199 3347 2255 δὲ
3380 2200 3477 2253 καὶ
3509 2199 3637 2273 ἤδη.

2188 2389 2204 2409 ⁶
2241 2387 2462 2455 Ἀκοὴν
2490 2387 2732 2457 ἥκουσα
2764 2386 3018 2457 Ἐφραὶμ
3045 2386 3413 2459 ὀδυρομένου
3432 2401 3445 2414 ·
3491 2384 3699 2442 Ἐπαί-

2113 2476 2341 2543 δευσάς
2363 2495 2463 2548 με,
2486 2477 2586 2531 καὶ
2619 2475 3009 2546 ἐπαιδεύθην.

2198 2569 2417 2638 Ἐπειδὴ
2454 2570 2563 2622 τῶν
2593 2568 2689 2622 δύο
2735 2566 2918 2637 φυλῶν
2955 2565 3055 2636 τὴν
3085 2563 3269 2619 ἄνοδον
3316 2563 3535 2636 μηνύει,
3576 2561 3696 2615 δεί-

2113 2679 2324 2726 κνυσιν,
2360 2661 2444 2714 ὅτι
2473 2661 2569 2715 καὶ
2615 2661 2672 2714 ai
2700 2660 2835 2715 δέκα
2864 2657 3319 2713 ὲπανελεύσονται
3369 2654 3569 2725 φυλαί·
3625 2654 3695 2706 οὐ

2117 2753 2321 2823 μικρὰν
2334 2751 2433 2823 τὴν
2450 2751 2717 2823 ὠφέλειαν
2741 2752 2807 2805 ὲκ
2828 2750 2930 2821 τῆς
2956 2746 3340 2820 αἰχμαλωσίας
3370 2746 3690 2817 ἐσχηκυίαι.

2114 2844 2341 2913 ’Ὠσπερ
2358 2843 2597 2914 μόσχος
2624 2843 2733 2897 οὐκ
2756 2840 3100 2911 ἐδιδάχθην.
3127 2838 3391 2894 Τουτέστι
3416 2878 3432 2906 ,
3466 2836 3692 2907 σιδηρὸς

2111 2936 2401 3007 ἐγενόμην,
2439 2934 2696 3007 καθάπερ
2727 2935 2930 3009 μόσχος
2960 2934 3059 2988 οὐκ
3096 2932 3262 2987 εἴκων
3292 2930 3461 3003 ζυγῷ.

2196 3025 2386 3089 Ἐλπὶς
2443 3027 2723 3098 σωτηρίας
2760 3027 2820 3081 οὐ
2850 3029 3056 3099 μικρά·
3110 3023 3206 3078 καὶ
3249 3022 3410 3077 τοῦτο
3437 3022 3537 3093 τῆς
3578 3021 3695 3075 τῶν

2110 3118 2416 3190 λεγομένων
2464 3117 2839 3183 ἀξιοπιστίας’
2874 3119 2926 3174 εί
2951 3117 3062 3189 γὰρ
3104 3115 3351 3189 μέλλοιεν
3378 3116 3692 3186 μετανοεῖν,

2109 3208 2328 3279 εὔδηλον
2363 3210 2445 3265 ὄτι
2471 3210 2753 3274 σώζονται.

2193 3301 2341 3373 Ἐγὼ
2365 3299 2570 3371 ὥσπερ
2597 3302 2828 3371 μόσχος
2856 3301 2968 3356 οὐκ
2994 3299 3337 3368 ἐδιδάχθην.

2181 3389 2263 3443 Τά
2313 3392 2667 3463 σκιρτήματα
2703 3389 2870 3446 αὐτοῦ
2903 3390 3132 3461 ἐνέφηνε
3183 3390 3281 3460 τὴν
3337 3389 3532 3458 ἄλογον
3564 3388 3691 3459 ηλι-

2109 3483 2253 3548 κίαν,
2290 3482 2385 3536 καὶ
2414 3481 2513 3553 τὴν
2558 3482 2777 3536 ἀδικίαν
2798 3481 2905 3535 τῶν
2939 3484 3031 3535 ἐπὶ
3088 3480 3244 3552 κακῷ
3293 3481 3676 3552 κεκτημένων,

2107 3573 2207 3644 τὴν
2232 3572 2418 3627 ἀνοιαν
2447 3573 2546 3644 τὴν
2574 3573 2633 3625 ὲν
2664 3575 2733 3643 τῇ
2764 3573 2999 3642 νεότητι.
3042 3573 3181 3636 Νέος
3213 3572 3322 3644 γὰρ
3349 3572 3690 3642 amat-spati-

2113 3680 2270 3734 μενος
2315 3662 2482 3733 ζυγοῦ
2517 3664 2613 3716 καὶ
2649 3663 2750 3733 τῆς
2802 3663 2913 3716 τῶν
2961 3663 3236 3733 λογισμῶν
3285 3663 3480 3739 ἀρχῆς,
3533 3662 3690 3720 οὐδὲν

2109 3756 2358 3829 διέφερεν
2389 3754 2738 3827 σκιρτῶντων
2789 3756 3002 3827 βοϊδίων
3030 3754 3217 3818 ἁπλῶς
3260 3757 3355 3809 καὶ
3392 3755 3466 3818 ῶς
3497 3755 3690 3826 ἔτυχεν

2108 3850 2401 3921 ἁπανταχῆ
2440 3848 2781 3919 φερομένων,
2820 3846 2946 3901 οὐδὲ
2973 3845 3083 3903 τῶν
3130 3844 3363 3919 πρώτων
3390 3845 3691 3916 ὀφθαλμῶν

2111 3939 2256 4013 [οὐδὲ
2283 3941 2350 3993 τά
2378 3939 2618 4010 πρόσθεν
2642 3940 2754 3995 τῶν
2774 3936 3099 4009 ὀφθαλμῶν]
3123 3936 3399 4009 ὁρώντων,
3420 3937 3558 3992 ἀλλά
3589 3937 3690 3990 καί

2109 4031 2253 4086 κατά
2288 4031 2554 4103 κρημνῶν
2591 4029 2907 4102 πηδώντων.

2192 4122 2597 4193 Ἐπίστρεψόν
2619 4138 2719 4191 με.

2175 4215 2405 4284 Μεγάλη
2431 4215 2466 4284 ἡ
2508 4212 2703 4284 ἀρετὴ,
2732 4212 2863 4267 ὅταν
2920 4208 3353 4279 ἐπιστρέψαντος
3392 4207 3529 4261 Θεοῦ
3561 4209 3687 4262 επι-

2110 4306 2452 4378 στρέφωμεν-

2187 4399 2205 4418 '
2236 4393 2347 4451 Kal
2385 4394 2679 4463 πρότερον
2724 4393 2831 4448 τοῦ
2868 4390 3094 4460 γνῶναί
3130 4408 3211 4462 με
3255 4389 3556 4458 ἐκρότησα
3584 4389 3690 4443 ἐπὶ

2108 4484 2340 4556 μικρόν.

2179 4576 2465 4641 Τουτέστι,
2498 4575 2639 4647 μετά
2687 4573 2789 4646 τὴν
2838 4571 3222 4646 αἰχμαλωσίαν
3257 4574 3555 4645 μετέγνων.
3612 4572 3691 4624 Τὸ

2108 4669 2219 4740 γὰρ
2247 4669 2573 4738 ἐκρότησα,
2610 4668 2687 4732 ὡς
2723 4665 2818 4719 ἐπὶ
2854 4665 2963 4721 τῶν
2994 4665 3406 4737 μετανοούντων
3435 4663 3559 4735 ἔφη.

2180 4762 2293 4815 Καί
2314 4778 2380 4831 τε
2411 4759 2770 4827 ἐνετράπην,
2805 4758 2907 4813 καί
2936 4758 3160 4823 ὑπεῖξὰ
3187 4773 3311 4822 σοι,
3352 4758 3443 4810 ὅτι
3467 4756 3692 4810 ἔλαϐον

2110 4851 2458 4923 ὀνειδισμὸν
2488 4851 2559 4905 ἐκ
2598 4852 2885 4918 νεότητός
2907 4867 3050 4920 μου.

2176 4942 2491 5008 Τουτέστιν,
2564 4942 2647 4995 ὅτι
2693 4941 3045 5012 ἀνεμνήσθην
3096 4939 3374 5012 ἁμαρτίας
3436 4938 3694 5006 νεότητός

2112 5051 2237 5106 μου.
2266 5033 2532 5101 Νεότητα
2555 5031 2612 5085 δὲ
2649 5029 2799 5099 λέγει
2823 5030 2895 5084 τὰ
2932 5030 3024 5084 ἰπὶ
3062 5029 3159 5084 τοῦ
3193 5029 3482 5102 Ἱεροόοὰμ
3524 5045 3692 5097 γεγο-

2109 5125 2237 5180 νότα
2270 5139 2285 5154 ·
2315 5123 2392 5187 ὡς
2416 5122 2766 5196 νεωτερήσας
2792 5121 2886 5177 ἐπὶ
2925 5123 2993 5193 τῇ
3013 5119 3125 5175 τῶν
3146 5119 3365 5192 μόσχων
3392 5118 3692 5189 θρησκεία.

2183 5310 2352 5363 Ὅταν
2395 5307 2578 5361 πάντα
2625 5306 2716 5359 τὸν
2764 5305 3153 5377 ἁμαρτάνοντα
3181 5303 3243 5357 οὐ
3289 5300 3551 5372 κολάζῃς,
3582 5300 3698 5352 πάς

2112 5420 2263 5472 σχειν
2311 5403 2501 5473 ὲχρῆν.
2562 5399 2674 5453 Καὶ
2723 5400 2833 5469 γὰρ
2871 5399 3008 5470 πρὸς
3058 5397 3343 5469 αἰσχύνην,
3394 5394 3493 5448 καὶ
3550 5392 3699 5463 πρὸς

2110 5495 2274 5565 ἓτερα
2306 5492 2478 5546 πολλὰ
2508 5492 2886 5561 ἁμαρτήματα
2918 5490 3119 5562 μᾶλλον
3155 5488 3413 5558 αἴσθησιν
3456 5485 3699 5556 παρέχει

2112 5584 2383 5654 τιμωρίας
2413 5581 2726 5655 [τιμωρία].
2783 5580 2900 5636 Νῦν
2944 5583 3000 5635 δὲ
3061 5580 3374 5636 τούναντίον
3433 5578 3647 5647 γίνεται
3680 5595 3694 5606 ο

2114 5678 2241 5730 ὅταν
2301 5676 2399 5747 μὲν
2448 5675 2877 5749 ἁμαρτάνοιμεν,
2930 5673 3399 5745 ἀναισχυντῶμεν,
3448 5672 3579 5725 ὅταν
3632 5667 3693 5720 δὲ
