4058 6212
335 244 438 303 8ῗῖ

1429 243 1851 301 FRAGMENTA
1888 244 1960 301 IN
1988 244 2353 304 JEREMIAM.

3473 253 3577 310 978

336 346 720 427 κολαζώμεθα,
777 356 1217 428 καταπίπτομεν,
1252 355 1577 428 ἀμείϐοντες
1608 357 1732 421 τοὺς
1783 374 1906 412 και-

2011 367 2403 414 connuutantes
2450 367 2713 428 tempora.
2754 359 2822 414 At
2860 360 2992 429 justi
3037 374 3142 416 non
3185 361 3289 429 ita;
3318 365 3413 419 sed
3452 366 3577 419 dum

346 452 488 523 ρούς.
535 448 678 503 Ἀλλ’
713 448 833 520 οὐχὶ
866 449 1072 504 δίκαιοι
1116 448 1312 517 οὕτως,
1364 448 1504 503 ἀλλὰ
1552 447 1907 520 κολαζόμενοι

342 544 441 615 μὲν
475 541 741 613 ἐφρόνουν
775 540 940 613 μέγα,
988 541 1244 613 καθάπερ
1276 542 1327 596 οι
1355 541 1644 596 ἀπόστολοι
1667 558 1680 573 ·
1715 541 1808 595 ἐπὶ
1850 540 1909 595 δὲ

337 639 437 708 τῆς
475 634 749 706 ἁμαρτίας
778 634 952 700 οὕτως
1007 635 1323 707 ᾐσχύνοντο,
1372 635 1449 699 ὡς
1494 634 1572 706 μὴ
1621 633 1765 688 κατὰ
1816 631 1909 688 τὸν

339 728 530 797 καιρὸν
561 726 670 781 τῶν
700 727 1191 799 πλημμελημάτων
1222 730 1404 799 μόνον,
1436 727 1571 781 ἀλλὰ
1603 727 1696 781 καὶ
1718 725 1907 780 τούτου

342 817 727 893 παρελθόντος,
749 819 968 890 καὶτῆς
991 820 1263 892 τιμωρίας
1284 818 1598 889 ἀφεθείσης,
1620 816 1908 888 ὀδύρεσθαι

340 909 434 962 καὶ
461 911 702 980 θρηνεῖν.

413 1001 520 1052 Καὶ
554 1000 671 1068 μετ’
720 998 911 1067 ὀλίγα*
963 999 1295 1065 ἐστέναξα
1318 1000 1388 1054 ἐν
1414 998 1660 1071 ἡμέραις
1691 1001 1909 1069 αἰσχύ·-

337 1108 449 1159 νης
472 1108 613 1161 μου.

407 1181 581 1238 Τοῦτο
608 1181 901 1255 φάρμακον
943 1182 1051 1236 τῶν
1083 1183 1528 1253 ἁμαρτημάτων,
1563 1184 1625 1236 τὸ
1660 1182 1762 1253 μὲν
1796 1199 1907 1236 κω-

336 1274 479 1330 λύων
508 1277 623 1338 τοῖς
663 1274 847 1339 αὐτοῖς
885 1276 1229 1345 περιπεσεῖν,
1274 1274 1334 1328 τὸ
1357 1274 1416 1327 δὲ
1445 1275 1736 1346 γενόμενον
1763 1275 1907 1329 ἀπο-

342 1366 569 1436 σμήχων
601 1369 629 1420 ὁ
664 1367 992 1437 στεναγμός.

412 1458 518 1513 Καὶ
549 1457 834 1521 ὑπέδειξά
854 1473 991 1513 σου.

421 1547 583 1617 Ὁρᾷς
617 1548 779 1603 πόσον
806 1549 1012 1616 ἀγαθὸν
1040 1548 1101 1601 τὸ
1143 1548 1526 1617 ἐπιγινώσκειν
1554 1548 1622 1603 τὰ
1653 1550 1908 1622 ἁμαρτή-

342 1654 523 1709 ματα;
558 1638 755 1705 μᾶλλον
786 1640 931 1709 ἡμᾶς
950 1639 1349 1694 ὑποτάττεσθαι
1378 1642 1521 1694 ποιεῖ
1552 1640 1628 1711 τῷ
1654 1640 1796 1710 Θεῷ.
1831 1641 1906 1693 Ού

338 1727 402 1779 τὸ
448 1727 787 1799 ἁμαρτάνειν
831 1729 995 1798 λέγω,
1033 1729 1170 1786 ἀλλὰ
1215 1732 1276 1785 τὸ
1307 1729 1449 1803 μετὰ
1499 1730 1595 1803 τὴν
1633 1730 1908 1802 ἁμαρτίαν

338 1820 663 1888 ἐπιγνῶναι.

408 1915 424 1930 ⁹
453 1911 583 1977 Υἱὸς
602 1912 659 1965 εί
682 1912 990 1981 ᾲγαπητός
1016 1911 1270 1984 Ἐφραίμ
1296 1915 1451 1985 ἐμοί.

400 2002 684 2070 Τουτέστι,
723 2003 904 2075 τίμιος
963 2005 1077 2069 υίὸς
1137 2003 1205 2059 εἷ.
1273 2005 1523 2061 Παιδίον
1580 2004 1909 2075 ἐντρυφῶν,

339 2093 622 2159 τουτέστι,
652 2094 745 2147 καὶ
781 2094 994 2150 παιδίον
1021 2096 1078 2150 ἑν
1115 2090 1159 2165 ᾧ
1199 2097 1659 2169 παρεκαλούμην·
1703 2098 1768 2152 ἐκ
1814 2114 1911 2169 με·

339 2185 586 2255 ταφορᾶς
623 2185 680 2238 δὲ
712 2185 845 2239 αὐτὸ
876 2184 1036 2239 ἔλαϐε
1070 2187 1178 2240 τῶν
1210 2187 1485 2260 πατέρων,
1527 2189 1636 2243 τῶν
1680 2190 1818 2261 πρὸς
1843 2188 1910 2243 τὰ

345 2272 517 2343 μικρὰ
543 2273 715 2345 βρέφη
742 2272 852 2329 τῶν
894 2275 1104 2328 τέκνων
1133 2277 1459 2341 παιζόντων.
1493 2278 1725 2333 Μνείαν
1753 2297 1909 2350 μνη-

339 2363 644 2432 σθήσομαι
671 2366 878 2420 αὑτοῦ.
916 2367 973 2421 Ὀ
1006 2366 1276 2438 Ἐϐραῖος,
1299 2370 1401 2425 Διὰ
1428 2368 1605 2423 τοῦτο
1643 2370 1908 2441 ἠλέγχθη

340 2450 414 2505 τὰ
441 2452 729 2522 σπλάχνα
747 2473 867 2523 μου
881 2455 1196 2521 ἐπάὐτὸν,
1222 2457 1319 2511 καί
1346 2459 1682 2527 οίκτηρήσω
1700 2459 1907 2526 αὑτὸν,

340 2541 472 2598 εἶπε
506 2546 743 2614 Κύριος.
804 2548 907 2601 Διά
958 2548 1137 2605 τοῦτο
1198 2549 1634 2620 ἐπεσκεψάμην
1675 2550 1862 2606 αὐτὸν
1890 2590 1906 2614 .

340 2636 639 2701 τουτέστιν,
676 2639 742 2690 ὲκ
771 2636 872 2707 τῆς
901 2639 1031 2710 περὶ
1056 2639 1221 2692 αὐτὸν
1244 2640 1539 2705 διαθέσεως
1567 2641 1668 2696 οὐκ
1702 2641 1911 2714 ἧνεγκα

341 2727 505 2780 αὐτὸν
532 2728 591 2781 ὲν
622 2732 928 2800 συμφοραῖς
965 2731 1112 2784 ἰδεῖν.

413 2815 565 2883 Εἶδες
592 2819 770 2890 πόσην
803 2819 1108 2891 μεταϐολὴν
1134 2821 1432 2891 εἰργάσατο
1450 2838 1465 2888 ;
1485 2821 1586 2875 Τὸν
1608 2824 1665 2877 ὲν
1699 2824 1791 2893 γῇ,
1818 2822 1910 2876 τὸν

346 2907 613 2977 μυσαρὸν,
638 2907 732 2960 τὸν
765 2907 1045 2979 πολέμιον,
1087 2909 1179 2963 τὸν
1210 2910 1425 2981 ἐχθρὸν,
1462 2910 1673 2965 παιδίον
1694 2912 1911 2983 ἀγαπηο

2009 449 2352 516 punirentur,
2432 459 2670 505 mentem
2740 451 3043 522 erigebant,
3122 454 3576 521 quemadmodum

2007 540 2232 607 apostoli
2259 558 2274 595 :
2297 540 2348 594 in
2378 542 2614 609 peccatis
2639 556 2769 597 vero
2797 542 2868 596 ita
2888 543 3082 600 rubore
3106 543 3579 608 suﬂ'undebantur,

2008 638 2195 686 utnon
2232 631 2408 687 solum
2441 632 2560 702 ipso
2584 642 2930 701 peccatorum
2978 644 3252 706 tempore.
3286 636 3383 691 sed
3411 637 3575 693 etiam

2008 735 2072 775 eo
2100 722 2305 793 elapso,
2339 724 2725 794 punitioneque
2765 726 2992 781 remissa
3025 725 3470 797 ingemiscerent,
3519 738 3576 784 et

2008 812 2455 869 lamentarentur.

2081 996 2145 1051 Et
2172 1005 2294 1068 post
2330 1014 2503 1069 pauca
2557 1015 2574 1053 :
2609 996 2851 1070 Ingemui
2893 1001 2949 1053 in
3007 1000 3193 1058 diebus
3245 1003 3579 1070 confusionis

2008 1104 2157 1144 mere.

2081 1178 2206 1235 Haec
2238 1190 2587 1250 peccatorum
2620 1190 2702 1236 est
2742 1181 3031 1247 medicina,
3067 1182 3340 1252 gemitus,
3377 1184 3575 1253 partim

2008 1269 2223 1339 quidem
2256 1270 2309 1325 in
2336 1271 2522 1326 eadem
2547 1270 2651 1325 labi
2684 1286 2785 1329 non
2810 1270 3014 1335 sinens,
3044 1272 3238 1342 partim
3272 1287 3404 1328 vero
3432 1272 3578 1343 quod

2009 1370 2092 1416 est
2116 1360 2315 1416 factum
2349 1367 2686 1434 abstergens.

2082 1451 2150 1507 Et
2190 1454 2392 1507 ostendi
2418 1454 2534 1508 tibi.

2077 1543 2238 1599 Vides
2283 1554 2543 1612 quantum
2594 1545 2795 1601 bonum
2853 1545 2926 1600 sit
2975 1555 3196 1613 peccata
3237 1544 3577 1616 agnoscere?

2011 1635 2182 1705 magis
2209 1652 2306 1692 nos
2341 1637 2448 1693 Deo
2471 1638 2741 1708 subjecms
2769 1640 2964 1695 reddit.
2998 1639 3140 1706 Non,
3170 1640 3411 1708 inquam,
3447 1651 3574 1708 pec-

2012 1740 2161 1794 care,
2196 1728 2289 1783 sed
2320 1740 2441 1799 post
2466 1740 2770 1799 peccatum,
2804 1745 3121 1800 agnoscere.

2080 1915 2095 1931 ‘
2113 1910 2275 1967 Vens.
2302 1910 2394 1966 ΞΟ.
2421 1911 2589 1968 Filius
2611 1929 2664 1968 es
2692 1913 2916 1969 dilectus
2938 1912 3161 1982 Ephrem
3194 1913 3348 1968 mihi.

2084 2004 2195 2059 Hoc
2224 2014 2328 2069 est,
2355 2003 2691 2060 honorabilis
2721 2004 2864 2059 titius
2902 2004 3019 2060 sive
3047 2003 3338 2073 pretiosus.
3380 2001 3578 2056 Parvu~

2010 2094 2091 2149 tus
2136 2094 2391 2149 delicatus
2419 2107 2441 2147 :
2476 2096 2577 2150 hoc
2626 2106 2709 2153 est
2738 2094 3019 2166 parvulus,
3060 2110 3169 2165 quo
3225 2093 3577 2159 delectabar;

2009 2184 2244 2259 sumpsit
2298 2194 2479 2241 autem
2532 2187 2903 2258 metaphoram
2960 2201 3029 2241 ex
3089 2185 3427 2254 parentibus,
3486 2184 3578 2252 qui

2008 2290 2132 2329 cum
2162 2274 2399 2344 parvulis
2435 2275 2731 2332 infantibus
2793 2276 3012 2332 ludunt.
3056 2275 3360 2331 Recordaus
3397 2290 3576 2326 recor-

2009 2368 2177 2421 dabor
2200 2367 2335 2437 ejus.
2357 2366 2613 2424 liebrmus
2647 2386 2661 2423 :
2701 2366 2912 2422 Idcirco
2932 2367 3197 2435 patefacta
3227 2376 3347 2419 sunt
3378 2366 3580 2420 viscera

2009 2473 2124 2509 mea
2163 2473 2319 2523 super
2344 2474 2484 2522 eum,
2529 2467 2576 2512 et
2627 2458 2911 2513 miserebor
2950 2457 3094 2526 ejus,
3129 2456 3263 2510 dixit
3296 2454 3578 2508 Dominus.

2012 2544 2221 2598 Idcirco
2256 2547 2460 2600 visitavi
2492 2562 2631 2599 eum.
2682 2544 2797 2602 Hoc
2836 2556 2941 2612 est,
2994 2556 3215 2617 propter
3256 2545 3582 2599 benevolen-

2013 2635 2137 2688 tiam
2166 2650 2269 2704 qna
2321 2650 2442 2691 eum
2470 2651 2790 2706 prosequor,
2821 2651 2925 2692 non
2951 2637 3185 2694 sustinui
3222 2638 3405 2693 videre
3433 2636 3581 2691 illum

2012 2724 2065 2777 in
2094 2724 2522 2782 calamitatibus.

2081 2813 2244 2871 Vides
2300 2831 2459 2887 quam
2509 2824 2748 2875 mutatus
2794 2817 2922 2872 sit?
2962 2815 3301 2874 Sceleratnm
3344 2817 3580 2879 hostem,

2012 2907 2293 2963 inimicum
2332 2907 2499 2963 lilium
2530 2907 2807 2977 dilectum,
2842 2924 2908 2967 ne
2951 2916 3158 2966 tantum
3190 2916 3338 2964 esset
3365 2922 3452 2962 res
3480 2922 3578 2963 na-

339 2994 456 3058 τὸν,
488 2994 633 3049 ὥστε
668 2994 743 3067 μὴ
772 2996 871 3068 τῆς
901 2994 1119 3066 φύσεως
1169 2990 1308 3052 εἶναι
1355 2996 1415 3049 τὸ
1443 2998 1676 3069 πρᾶγμα
1726 2995 1907 3067 μόνον,

2016 3008 2173 3068 turae,
2200 3006 2255 3056 et
2284 2997 2452 3057 lilium
2477 3000 2711 3061 nobilem
2740 3010 2795 3059 et
2820 3014 3162 3072 generosum.

342 3087 439 3140 καὶ
465 3087 676 3140 παιδίον
701 3085 1007 3158 ἐλεύθερον,
1038 3089 1128 3143 καὶ
1156 3089 1397 3158 εὐγενές.

404 3175 647 3246 Στῆσον
675 3179 904 3248 σεαυτῇ
940 3180 1153 3250 Σιώνιμ
1177 3182 1473 3247 σκοπούς.

416 3267 621 3339 Σιώνιμ
662 3272 865 3340 σημεῖα
913 3271 1303 3341 ἑρμηνεύεται.
1360 3273 1525 3341 Λέγει
1557 3273 1774 3341 τοίνυν,
1828 3274 1913 3329 ὅτι

344 3361 659 3431 Σημείωσαι
697 3363 797 3433 τὴν
826 3362 945 3415 ὁδὸν
987 3362 1177 3435 ὥσπερ
1203 3365 1439 3432 σκοποὺς
1475 3365 1590 3431 θεὶς
1631 3368 1689 3421 ὲν
1718 3367 1911 3439 ἑαυτῇ,

337 3454 431 3507 διὰ
454 3454 564 3525 γὰρ
586 3453 795 3526 ταύτης
826 3452 1198 3510 ὲπανελεύσει.

411 3549 432 3571 ⁶
470 3548 736 3615 Ποίησον
766 3546 835 3600 δὲ
859 3546 1013 3615 αὐτῇ
1041 3548 1337 3617 τιμωρίαν.

418 3640 672 3709 ’Ᾱσαφῶς
741 3643 917 3695 κεῖται
975 3641 1125 3712 παρὰ
1179 3642 1256 3712 τῷ
1304 3642 1622 3715 Ἑλληνικῷ.
1684 3646 1743 3700 '0
1804 3647 1913 3719 γὰρ

348 3731 604 3803 Ἐϐραῖος
629 3730 803 3796 οὕτως
828 3731 968 3804 ἔχει’
999 3732 1241 3802 Στῆσον
1266 3731 1498 3803 σεαυτῇ
1522 3736 1764 3805 σημεῖα,
1791 3739 1912 3792 ἀντὶ

341 3824 459 3889 τοῦ,
514 3824 829 3894 τιμωρίαν·
884 3825 1015 3883 ἴσως
1051 3824 1110 3877 δὲ
1148 3825 1288 3879 κατὰ
1309 3826 1373 3878 τὸ
1404 3824 1721 3896 Ἑλληνικὸν
1772 3827 1912 3900 αῦτη

344 3917 521 3969 κεῖται
573 3918 606 3989 ή
643 3917 846 3982 ἔννοια,
900 3917 984 3970 ὅτι
1034 3916 1440 3985 Παράστησον
1482 3918 1590 3972 τὸν
1640 3921 1912 3986 σκοπὸν,

340 4007 608 4072 τουτέστι,
643 4007 703 4059 τδ
733 4009 959 4079 σημεῖον
1006 4006 1131 4062 ὅθεν
1189 4007 1468 4079 παρῆλθες
1513 4011 1911 4082 τιμωρηθεῖσα,

344 4098 432 4152 ἵνα
488 4099 788 4154 ἐπανιοῦσα
836 4100 983 4170 γνῷς
1038 4099 1139 4169 τῆς
1193 4101 1478 4172 ἐνεργείας
1543 4102 1605 4156 τὸ
1658 4102 1908 4171 μέγεθος.

343 4190 552 4244 Ειδέναι
588 4190 643 4243 δὲ
673 4190 772 4257 δεῖ,
815 4190 897 4244 ὅτι
943 4190 1097 4263 παρὰ
1138 4190 1216 4262 τῷ
1244 4191 1490 4264 Ἑϐραίῳ
1534 4192 1614 4259 τὸ,
1648 4194 1911 4264 τιμωρία,

341 4280 402 4332 οὐ
433 4281 632 4335 κεῖται.

415 4375 434 4393 '
461 4370 573 4434 Δὸς
612 4367 727 4436 τὴν
753 4369 1007 4437 καρδίαν
1052 4384 1169 4425 σου
1221 4372 1306 4439 είς
1356 4368 1499 4437 τοὺς
1526 4369 1724 4442 ὤμους
1763 4385 1902 4439 σου,
1941 4376 1987 4433 D

345 4460 490 4515 ὁδὸν
520 4458 602 4528 ἣν
623 4458 975 4529 ἐπορεύθης.

412 4552 740 4617 Τουτέστιν,
787 4551 1038 4621 ὲννόησαι
1091 4550 1192 4623 τὴν
1248 4551 1477 4623 καρδίαν
1521 4569 1613 4606 σου
1657 4553 1755 4625 τὴν
1792 4553 1909 4608 ὁδὸν

343 4643 547 4713 ταύτην
569 4643 638 4714 ην
660 4643 868 4714 πορεύῃ
891 4642 1183 4714 μοχθοῦσα.

408 4737 426 4755 ⁶
465 4735 840 4804 Διάστρεψον
869 4737 955 4801 είς
998 4734 1102 4802 τὰς
1122 4735 1332 4803 πόλεις
1360 4752 1478 4791 σου
1515 4738 1846 4793 πενθοῦσα.

412 4825 474 4879 '0
510 4824 787 4898 Ἐδραῖος,
820 4825 1233 4896 ’Δνάστρεψον
1266 4829 1354 4891 είς
1394 4828 1502 4895 τὰς
1531 4828 1741 4895 πόλεις
1791 4846 1908 4885 σου

342 4914 581 4981 ταύτας.
626 4916 774 4969 ’Δντὶ
809 4915 918 4987 γὰρ
970 4916 1088 4980 τοῦ,
1137 4917 1468 4983 πενθοῦσα,
1498 4917 1721 4984 ταύτας
1771 4919 1904 4990 ἔχει·

343 5005 624 5059 κάνταῦθα
646 5005 762 5076 δὶή
793 5007 1083 5076 ἐπωνυμία
1115 5006 1212 5077 τὴν
1242 5007 1548 5081 ἐναλλαγὴν
1589 5009 1688 5081 τῆς
1734 5012 1909 5082 ἑρμη-

339 5096 488 5159 νείας
540 5096 782 5166 ἐποίησε.
841 5095 916 5148 Τδ
965 5095 1072 5167 γὰρ
1124 5096 1265 5162 (ita,
1311 5098 1533 5165 πένθος
1586 5098 1814 5169 μηνύει,
1848 5101 1909 5153 τὸ

339 5185 394 5237 δὲ
418 5185 543 5252 bis,
564 5186 739 5254 αὕτη.
766 5186 925 5240 Οὖτω
942 5185 999 5238 δὲ
1026 5186 1244 5255 νοητέον
1270 5185 1331 5240 τὸ
1370 5186 1683 5259 Ἑλληνικόν
1700 5204 1713 5219 ·
1748 5189 1903 5245 Ἀνά-

342 5276 573 5348 στρεψον
602 5280 682 5341 είς
710 5278 810 5341 τὰς
839 5276 1024 5340 πόλεις
1055 5293 1173 5341 σου,
1200 5277 1234 5348 η
1260 5279 1555 5347 πενθοῦσα,
1602 5280 1907 5346 τουτέστιν,

341 5368 371 5437 ἡ
424 5368 522 5422 νῦν
563 5369 701 5438 μετὰ
758 5366 990 5432 πένθους
1045 5368 1307 5436 ἀπιοῦσα,
1364 5371 1699 5441 ἀναστρέψει
1764 5373 1910 5445 μετὰ

342 5457 535 5526 χαρᾶς.

409 5552 425 5569 ⁸
461 5547 616 5614 “Eme
648 5549 791 5603 πότε
816 5551 1216 5620 ἐπιστρέψας.
1242 5551 1503 5622 θυγάτηρ
1524 5554 1857 5623 ἠτιμωμένη
1889 5572 1904 5617 ὅ

423 5642 479 5694 Ὀ
520 5643 764 5713 Ἐὁραῖος
809 5644 977 5709 οὕτως
1005 5646 1149 5715 ἔχει’
1213 5645 1362 5711 Ἕως
1410 5648 1550 5701 πότε
1579 5647 1901 5717 διασύρεις,

2084 3183 2246 3239 Vsns.
2268 3180 2357 3239 21.
2388 3182 2571 3240 Statue
2605 3183 2700 3239 tibi
2721 3182 2926 3240 Sionim
2956 3185 3335 3256 speculatores.

2085 3272 2289 3329 Sionim
2336 3274 2726 3345 interpretatur
2787 3275 2975 3348 Signa.
3029 3276 3122 3333 Ait
3176 3277 3359 3346 igitur,
3417 3278 3581 3347 Signa

2013 3367 2182 3432 viam,
2211 3375 2467 3438 tanquam
2500 3365 2867 3436 speculatores
2894 3382 3061 3438 pones
3099 3368 3152 3425 in
3199 3383 3282 3434 ea,
3319 3384 3416 3440 per
3444 3371 3583 3428 hanc

2013 3459 2158 3513 enim
2190 3456 2498 3513 reverteris.

2084 3550 2104 3570 ⁴
2150 3544 2261 3600 Fac
2290 3563 2406 3602 vero
2430 3548 2529 3615 ipsi
2548 3563 2774 3615 panum.

2084 3637 2328 3694 Obscure
2370 3637 2603 3709 positum
2631 3646 2717 3695 est
2745 3637 2885 3706 apud
2914 3637 3182 3693 Graecum.
3216 3638 3433 3693 Etenim
3468 3639 3575 3694 lle-

2015 3727 2191 3782 brqu
2224 3726 2299 3782 ita
2352 3726 2502 3797 legit,
2533 3725 2719 3782 Statue
2769 3726 2865 3780 tibi
2919 3728 3095 3796 signa,
3128 3742 3228 3798 pro
3260 3744 3486 3795 prunam,
3527 3740 3581 3783 et

2015 3817 2154 3871 forte
2181 3817 2336 3888 juxta
2363 3816 2607 3873 Graecum
2646 3819 2732 3874 hic
2759 3834 2881 3876 esse
2914 3820 3111 3889 p0terit
3166 3835 3358 3874 sensus
3388 3837 3401 3873 :
3437 3819 3579 3877 Cou-

2014 3910 2172 3963 stituc
2194 3908 2591 3978 speculatorem,
2618 3908 2721 3965 hoc
2739 3917 2821 3965 est
2840 3909 3076 3980 signum,
3107 3908 3249 3963 unde
3270 3912 3581 3981 prmteriisti

2015 4000 2190 4068 poenis
2229 3998 2453 4055 multata
2480 4040 2497 4066 ,
2548 4008 2606 4055 ut
2634 3999 2850 4056 rediens
2880 4000 3097 4055 virtutis
3144 4016 3411 4069 agnoscas
3462 4018 3581 4057 ma—

2015 4090 2375 4161 gnitudinem.
2422 4090 2711 4149 Sciendum
2743 4100 2948 4160 autem,
2992 4092 3045 4147 in
3093 4091 3343 4159 Hebraeo,
3380 4110 3585 4165 prunam

2017 4198 2121 4238 non
2150 4193 2385 4242 ειειιπθ.

2083 4368 2101 4387 ⁶
2138 4367 2218 4421 Da
2247 4384 2337 4423 cor
2374 4376 2519 4422 tuum
2553 4370 2611 4422 in
2635 4373 2880 4426 humeros
2913 4380 3054 4437 tuos,
3084 4372 3220 4425 viam
3245 4371 3300 4425 iu
3330 4387 3434 4440 qua
3469 4388 3583 4423 am-

2019 4459 2229 4514 bulasti.
3020 4448 3021 4451 γ

2088 4553 2200 4609 Hoc
2219 4563 2322 4622 est,
2352 4554 2513 4609 corde
2554 4564 2645 4609 tuo
2671 4554 3014 4623 apprehende
3038 4553 3179 4608 viam
3215 4552 3379 4618 hanc,
3415 4566 3577 4622 quam

2017 4646 2285 4711 ambulas,
2318 4648 2479 4702 rebus
2503 4645 2751 4701 adversis
2776 4642 2999 4700 alllicta.

2086 4739 2104 4758 '
2135 4736 2402 4792 Revertere
2426 4738 2481 4791 in
2509 4737 2738 4791 civitates
2771 4745 2889 4790 tuas
2922 4735 3122 4804 lugens.

2086 4826 2365 4894 liebrznus,
2414 4825 2680 4881 Revertere
2729 4828 2799 4879 ad
2844 4827 3080 4882 civitates
3134 4839 3253 4882 tuas
3307 4828 3421 4884 has.
3474 4829 3578 4883 Pro

2015 4918 2193 4986 lugens
2224 4918 2367 4971 enim
2404 4915 2567 4971 habet
2600 4920 2718 4980 has,
2750 4925 2807 4971 et
2843 4917 2932 4973 hic
2961 4918 3238 4973 nominum
3281 4918 3576 4974 similitudo

2014 5005 2472 5075 interpretationis
2504 5002 2872 5059 diversitatem
2919 5003 3152 5060 induxit.
3196 5003 3428 5069 Etenim,
3486 5004 3573 5056 ala

2014 5100 2211 5153 luctum
2246 5096 2517 5167 signiﬁcat
2544 5110 2559 5159 ;
2588 5094 2690 5160 etc,
2740 5094 2870 5149 lucc.
2904 5094 2996 5150 Sic
3042 5095 3223 5166 itaque
3250 5103 3336 5150 est
3369 5092 3567 5148 intelli-

2015 5191 2218 5259 gendus
2244 5197 2420 5245 textus
2451 5187 2672 5244 Graecus
2708 5203 2721 5239 :
2760 5184 3053 5243 Revertere
3076 5185 3129 5242 in
3176 5184 3424 5242 civitates
3458 5194 3580 5240 tuas

2015 5280 2103 5351 qui
2156 5281 2343 5354 luges,
2393 5280 2548 5351 quasi
2616 5278 2852 5342 diceret,
2885 5277 3016 5346 ρυω
3070 5292 3213 5334 nunc
3266 5276 3572 5348 iacrytuans

2015 5372 2149 5436 abis,
2206 5386 2327 5427 cum
2386 5367 2581 5438 gaudio
2610 5369 2920 5424 reverteris.

2084 5556 2101 5576 ⁸
2131 5551 2292 5606 Vens.
2330 5550 2418 5605 ετξ.
2453 5547 2726 5621 Usquequo
2747 5551 3078 5615 converteris,
3108 5549 3223 5619 ﬁlia
3245 5549 3524 5619 despecta!

2077 5646 2334 5703 Hebraeus
2386 5646 2465 5701 sic
2512 5646 2669 5700 habet
2718 5661 2731 5700 :
2780 5640 3051 5712 Usquequo
3081 5643 3410 5711 distrahcris,
3439 5642 3578 5712 ﬁlia.
