4058 6212
466 316 576 373 9'9

1226 300 1794 371 SUPPLESIENTUM
1837 309 1926 363 Λῐ)
1966 308 2021 366 S.
2066 306 2114 366 .l.
2156 308 2652 368 CllRYSOSTOMl
2696 311 2952 369 OPI'LRA.

3631 309 3742 365 980

469 429 819 500 delinquens;
853 427 957 494 vel,
999 428 1213 496 Semper
1234 424 1336 479 huc
1376 436 1420 477 et
1456 423 1582 476 illuc
1618 434 1812 476 rertens
1840 433 1906 485 te,
1942 418 2059 477 hoc

2179 425 2410 493 ὐγὰτηρ
2469 425 2897 495 ἁμαρτάνουσα
2932 465 2945 487 ,
3006 424 3038 494 ἢ
3093 422 3186 477 ἀεὶ
3239 425 3740 493 διαστρεφομένη,

470 531 573 586 cst,
615 522 660 575 si
720 520 1095 590 paenitentiam
1149 517 1348 587 egeris,
1403 530 1567 584 quam
1624 515 1885 569 citissime
1925 524 1977 569 te
2021 529 2051 567 a

472 613 786 681 captivitate
814 612 954 667 Deus
990 610 1228 665 reducet.

541 708 557 726 ‘
586 705 651 758 In
682 706 1010 774 plantatione
1076 719 1226 769 nova,
1287 702 1342 754 in
1392 699 1564 755 salute
1603 698 1894 753 circuibunt
1954 698 2051 751 Ito-

471 798 656 851 mines.

539 891 650 943 lloc
674 900 775 954 est,
807 898 864 943 ut
895 904 1090 943 novam
1112 889 1497 959 plantatiouem
1523 887 1662 941 colet
1682 895 1732 938 te
1757 884 2050 947 Dominus;

471 983 671 1036 etenim
714 998 901 1035 novam
936 982 1115 1050 posuit
1148 997 1244 1050 pro
1279 991 1556 1034 recentem.
1605 977 1834 1043 Quando
1871 987 2053 1028 autem

475 1073 900 1138 idopcrahitur?
928 1073 981 1125 in
1017 1073 1217 1135 reditu,
1254 1073 1469 1140 quando
1505 1070 1599 1123 tibi
1626 1070 1861 1122 salutem
1895 1066 2053 1119 exhi-

475 1160 642 1214 bebi'.

533 1249 648 1304 Non
668 1251 806 1304 sicut
824 1259 1068 1315 antea,ut
1087 1265 1277 1303 rursus
1295 1249 1447 1316 quies
1472 1256 1753 1316 sequatur,
1774 1246 1859 1298 illa
1876 1246 2055 1299 omnia

475 1341 691 1397 silentio
721 1342 972 1395 obvoluta
1002 1350 1163 1409 situt;
1192 1341 1336 1395 nulla
1373 1340 1586 1394 illorum
1633 1338 1866 1392 habetur
1893 1341 2053 1393 ratio.

544 1435 607 1487 Et
647 1435 739 1504 qui
773 1434 1033 1488 habitant.

543 1524 756 1594 Ubique
786 1527 951 1591 bona,
983 1535 1037 1580 et
1070 1539 1242 1595 usque
1290 1527 1354 1580 ad
1388 1527 1635 1595 vicinos;
1666 1530 1845 1600 justus
1878 1539 2056 1583 autem

474 1629 526 1672 et
555 1626 776 1671 sanctus
822 1632 999 1673 mons.
1055 1616 1170 1672 Non
1204 1620 1346 1687 quod
1398 1618 1605 1689 lapides
1638 1624 1854 1688 Cupiunt.
1884 1623 2057 1673 virtu-

476 1720 608 1775 tem,
644 1709 736 1762 sed
772 1708 1105 1764 habitantes.
1142 1709 1294 1763 Solet
1324 1712 1467 1765 enim
1501 1714 1888 1768 communicari
1926 1713 2060 1767 locis

478 1801 839 1855 habitantium
873 1802 1040 1855 l'atna.
1085 1801 1217 1856 Vide
1252 1804 1623 1859 mutationem.

545 1986 564 2005 ⁹
596 1982 762 2041 Vens.
792 1985 879 2041 24.
914 1984 983 2039 Et
1005 1987 1291 2041 elevabitur
1312 1986 1366 2041 iu
1394 2003 1565 2058 grege.

543 2077 599 2131 Id
631 2084 738 2143 est,
772 2086 1029 2147 tanquam
1062 2094 1190 2147 grex
1224 2080 1667 2149 congregahitur.

544 2165 740 2237 lugens
786 2179 864 2222 est
910 2168 1133 2232 bonum,
1186 2184 1293 2222 non
1336 2169 1553 2236 quando
1612 2168 1844 2221 fruimur
1872 2164 2057 2230 bonis,

477 2263 570 2313 sed
606 2259 824 2327 quando
854 2261 1154 2314 secundum
1208 2259 1301 2315 Dei
1339 2260 1695 2322 voluntatem,
1726 2273 1847 2313 eum
1897 2270 1951 2313 et
1984 2261 2057 2313 illi

480 2354 581 2403 huc
608 2350 849 2404 lanitium
891 2349 1089 2413 alTert.,

548 2443 566 2462 ‘
584 2440 748 2496 Vens.
775 2441 867 2497 26.
893 2440 1023 2496 Ideo
1049 2442 1447 2513 expergefactus
1476 2459 1612 2508 sum,
1635 2452 1681 2497 et
1701 2443 1826 2508 vidi,
1854 2453 1899 2497 et
1917 2460 2058 2496 som-

481 2551 579 2589 nus
613 2551 759 2588 meus
784 2534 1053 2604 iucundus
1080 2535 1256 2603 factus
1280 2544 1357 2590 est
1381 2535 1527 2589 mihi.

554 2626 700 2692 Haec,
732 2627 1072 2696 inquit,tnihi
1107 2626 1345 2681 revelata
1378 2636 1527 2695 sunt,
1574 2629 1698 2683 dum
1740 2628 2057 2687 dormirem.

480 2730 531 2773 et
560 2718 860 2789 jucundum
899 2720 1062 2773 habui
1117 2735 1389 2775 somnum.

554 2811 717 2867 Vens.
752 2811 841 2865 28.
874 2810 942 2864 Et
982 2812 1081 2866 erit
1107 2812 1265 2865 sicut.

553 2904 767 2969 Quanto
800 2903 883 2956 illa
921 2902 1103 2957 studio
1131 2901 1261 2967 feci,
1289 2910 1343 2957 et
1380 2902 1515 2967 haec,
1545 2902 1741 2974 inquit,
1777 2917 1896 2971 qua:
1930 2900 2059 2957 mihi

482 3007 610 3049 sunt
645 2997 817 3067 magis
870 2996 1181 3060 familiaria,
1240 3010 1400 3049 nemo
1458 2995 1640 3066 itaque
1692 3011 1796 3050 nou
1850 2993 2059 3048 credat.

2155 518 2457 581 τουτέστιν,
2486 518 2581 571 ἐὰν
2613 517 2915 588 μεταγνῷς,
2956 516 3190 587 τάχιστά
3230 533 3291 569 σε
3327 517 3425 587 τῆς
3453 517 3740 585 αἰχμαλωο

2157 608 2279 670 σίας
2306 610 2562 675 ἐπανάξει
2604 609 2755 672 Θεός.

2224 702 2243 720 ⁹
2278 703 2383 766 Εἰς
2433 703 2880 771 καταφύτευσιν
2927 699 3169 768 καινὴν,
3223 700 3293 752 ἐν
3354 696 3429 767 τῇ
3474 697 3745 765 σωτηρίᾳ

2156 794 2649 860 περιελεύσονται
2682 794 3002 862 ἅνθρωποι.

2227 887 2540 948 Τουτὲστιν,
2590 887 2670 950 εἰς
2702 887 2827 940 νέαν
2874 886 3100 955 φυτείαν
3148 883 3447 955 ἐργάσεταί
3477 900 3537 935 σε
3580 882 3745 944 Θεός.

2157 978 2230 1029 Τὸ
2282 978 2411 1047 γὰρ,
2478 978 2717 1046 καινὴν,
2765 979 2884 1031 ἀντὶ
2923 977 3039 1042 τοῦ,
3074 974 3315 1042 νεαράν.
3374 974 3509 1026 Πότε
3556 974 3748 1026 τοίνυν

2155 1070 2315 1123 τοῦτο
2338 1071 2591 1141 ποιήσεις
2620 1073 2677 1123 ὲν
2698 1073 2763 1142 τῇ
2796 1070 3063 1140 ὲπανόδῳ,
3088 1069 3178 1122 ὅτε
3212 1082 3295 1118 σοι
3330 1066 3427 1137 τὴν
3459 1067 3750 1138 σωτηρίαν

2158 1162 2407 1234 παρέξει.

2226 1255 2301 1306 Οὐ
2336 1252 2590 1324 καθάπερ
2623 1253 2909 1325 πρότερον,
2942 1253 3083 1307 ὥστε
3125 1251 3507 1321 ἁναπαυθῆναι
3538 1248 3707 1302 πάλιν
3728 1288 3747 1313 ,

2158 1346 2334 1399 πάντα
2371 1348 2553 1399 ἐκεῖνα
2590 1345 2908 1417 σεσίγηταισ
2942 1346 3126 1399 οὐκέτι
3150 1346 3307 1414 λόγος
3336 1343 3517 1397 αὐτῶν
3537 1342 3746 1405 οὐδείς.

2228 1438 2336 1493 Καὶ
2362 1439 2762 1506 ἐνοικοῦντες.

2232 1529 2517 1601 Πανταχού
2558 1530 2626 1583 τὰ
2673 1530 2875 1598 ἀγαθὰ,
2926 1531 3019 1584 καὶ
3077 1532 3240 1600 μέχρι
3289 1528 3398 1581 τῶν
3438 1528 3747 1597 γειτόνων·

2159 1623 2367 1676 δίκαιον
2392 1623 2446 1675 δὲ
2474 1622 2599 1692 ὅρος
2630 1621 2724 1674 καὶ
2764 1622 2921 1690 ἆγιον
2951 1641 2964 1653 ·
2996 1624 3096 1694 οὐχ
3128 1623 3204 1685 ὡς
3245 1622 3353 1675 τῶν
3375 1621 3542 1673 λίθων
3582 1619 3745 1687 δεχο-

2166 1716 2339 1787 μένων
2387 1716 2486 1787 τὴν
2522 1716 2747 1786 ἀρετὴν,
2802 1715 2938 1768 ἀλλὰ
2983 1716 3093 1769 τῶν
3132 1714 3509 1768 ἐνοικούντων.
3563 1709 3748 1764 Εἵωθι

2162 1807 2274 1875 γὰρ
2310 1807 2587 1859 κοινωνεῖν
2617 1806 2729 1867 τοῖς
2778 1804 2962 1868 τόποις
2994 1806 3028 1875 ἡ
3076 1806 3231 1875 φήμη
3283 1802 3390 1856 τῶν
3420 1797 3751 1855 κατοικούν-

2160 1917 2287 1952 των.
2327 1899 2467 1969 Ὅρα
2501 1897 2829 1969 μεταϐολήν.

2229 1995 2246 2010 ⁹
2284 1991 2391 2045 Καὶ
2431 1990 2753 2060 ἀρθήσεται
2781 1990 2847 2043 ἐν
2872 1990 3145 2060 ποιμνίῳ.

2218 2081 2501 2151 Τουτέστι,
2538 2081 2935 2153 συναχθήσεται
2964 2080 3038 2143 ὡς
3066 2079 3337 2149 ποίμνιον.

2232 2176 2392 2243 Μέγα
2422 2173 2650 2242 ἀγαθὸν,
2686 2175 2783 2243 οὐχ
2813 2173 2939 2226 ὅταν
2964 2169 3331 2241 ἀπολαύωμεν
3355 2168 3463 2221 τῶν
3495 2164 3746 2235 ἀγαθῶν,

2162 2268 2277 2321 ἀλλ’
2316 2269 2445 2321 ὅταν
2480 2266 2621 2321 κατὰ
2646 2265 2875 2337 γνώμην
2920 2264 3077 2330 Θεοῦ,
3110 2266 3239 2318 ὅταν
3271 2262 3368 2315 καὶ
3396 2261 3557 2314 αὑτὸν
3579 2258 3754 2315 τοῦτο

2162 2359 2454 2431 εὐφραίνῃ.
3192 2418 3197 2421 μ

2232 2455 2248 2472 ‘
2273 2451 2375 2507 Διά
2417 2449 2595 2506 τοῦτο
2633 2448 2986 2519 ἐξηγέρθην,
3013 2447 3111 2502 καί
3148 2445 3334 2511 εἶδον,
3360 2445 3457 2499 καὶ
3486 2446 3520 2497 ό
3551 2442 3755 2507 ὕπνος

2158 2560 2277 2613 μου
2301 2541 2453 2610 ἡδύς
2470 2558 2571 2611 μοι
2593 2539 2873 2609 ἐγενήθη.

2234 2633 2442 2699 Ταῦτα,
2493 2631 2678 2704 φησὶν,
2714 2629 3081 2700 ἀπεκαλύφθη
3130 2646 3222 2700 μοι
3274 2625 3613 2690 καθεύδοντι,
3644 2624 3752 2680 καὶ

2166 2728 2294 2800 ἡδὺν
2316 2727 2408 2782 τὸν
2441 2724 2610 2780 ’ύπνον
2646 2725 2845 2795 ἔχοντι.
3712 2712 3715 2715 ’

2235 2819 2346 2873 Kal
2378 2818 2552 2873 ἔσται
2581 2816 2804 2885 ὥσπερ.

2234 2910 2370 2964 Μεθ’
2400 2911 2532 2979 ὅσης
2573 2907 2816 2975 σπουδῆς
2856 2907 3084 2960 κάκεῖνα
3120 2903 3377 2976 ἐποίησα,
3426 2901 3521 2954 καὶ
3550 2898 3753 2963 ταῦτα,

2165 3002 2351 3073 φησιν,
2388 3002 2490 3055 ὅσα
2557 3016 2648 3070 μοι
2692 2998 2999 3068 οἰκειότερά
3046 2999 3200 3050 ἐστι·
3261 2995 3451 3066 μηδεὶς
3494 2987 3589 3045 οὖν
3616 2992 3757 3043 άπι-

480 3089 582 3155 Qui
614 3090 757 3143 enim
796 3090 867 3143 ita
891 3088 1182 3142 vehemens
1212 3104 1330 3143 sum
1385 3086 1436 3140 in
1479 3086 1836 3156 punitiouem,
1874 3100 1984 3139 rem
2030 3100 2057 3138 a

2179 3093 2385 3146 ττείτω.
2425 3092 2484 3144 'U
2515 3092 2623 3161 γὰρ
2648 3090 2791 3142 οὕτω
2820 3090 3047 3160 σφοδρὸς
3074 3089 3210 3159 πρὸς
3243 3086 3538 3157 τιμωρίαν,
3565 3084 3755 3163 πρᾶγ-

484 3195 569 3234 me
607 3183 743 3235 adeo
776 3180 1011 3233 alienam
1056 3179 1224 3233 multo
1257 3179 1429 3249 magis
1459 3180 1526 3234 ad
1558 3179 1609 3233 id
1635 3180 1776 3250 quod
1806 3190 1892 3236 est
1931 3194 2060 3250 pro-

484 3273 661 3343 prium
691 3274 918 3327 excitor.

556 3364 721 3418 Vens.
757 3364 848 3418 29.
882 3363 948 3417 In
977 3365 1159 3417 diebus
1190 3364 1317 3420 illis.

560 3452 672 3509 Iloc
713 3457 853 3509 idem
893 3456 1054 3509 habet
1081 3456 1243 3509 etiam
1272 3454 1545 3510 Ezechiel.
1578 3454 1682 3511 Sed
1714 3470 1863 3526 rogo,
1899 3457 1972 3509 ita
2001 3470 2068 3511 ne

489 3563 717 3614 prorsus
755 3547 917 3601 [iebat
953 3558 1137 3608 antea,
1174 3558 1227 3601 et
1266 3547 1613 3617 contingebat
1644 3564 1729 3601 res
1762 3557 1925 3602 tanta:
1971 3547 2070 3601 ini-

487 3642 710 3708 quitatis
730 3642 755 3691 'l
783 3651 835 3695 et
861 3642 1215 3710 peccantibus
1256 3641 1597 3707 parentibus,
1637 3641 1776 3694 alius
1804 3641 2069 3708 punieba-

489 3732 612 3785 ιιιτῖ
642 3742 696 3786 et
728 3734 996 3801 quomodo
1027 3732 1139 3785 ham
1171 3731 1465 3794 toleranda,
1490 3733 1753 3786 obsecro?
1786 3730 1852 3785 Et
1884 3732 2067 3799 paucis

487 3823 797 3892 interjectis.
836 3825 1055 3877 Attento
1092 3823 1175 3876 his
1204 3839 1321 3891 qua:
1355 3823 1609 3876 dicuntur
1643 3824 1824 3877 animo
1857 3823 2066 3877 simus:

486 3913 604 3969 Non
657 3916 860 3973 (licent,
906 3914 1111 3983 inquit;
1152 3914 1295 3978 Non,
1330 3914 1529 3982 inquit,
1571 3929 1911 3984 nequaquam
1956 3913 2067 3977 ﬁet,

489 4010 785 4062 ostendens
820 4023 917 4060 nec
944 4015 1100 4059 antea
1129 4008 1331 4061 tactum
1361 4008 1462 4060 hoc
1491 4021 1646 4068 esse;
1679 4022 1802 4061 nam
1836 4006 1880 4059 si
1912 4005 2071 4060 dixis-

489 4108 566 4152 set
596 4140 612 4164 ,
634 4098 694 4150 In
732 4098 914 4151 diebus
950 4099 1055 4152 illis
1078 4115 1181 4151 non
1204 4097 1428 4166 amplius
1460 4097 1556 4151 hoc
1582 4097 1669 4166 ﬁet
1693 4140 1707 4162 ,
1741 4092 1882 4152 bene
1927 4099 2071 4151 dice-

489 4204 602 4253 res,
637 4199 793 4243 antea
854 4189 1058 4243 l'actum
1111 4190 1215 4242 hoc
1247 4204 1389 4243 esse.
1426 4189 1529 4243 Sed
1562 4190 1688 4258 quia
1726 4189 1857 4242 dicit
1892 4208 1905 4241 :
1948 4186 2071 4242 Non

489 4282 662 4334 dicent
699 4280 877 4343 ultra,
921 4290 1194 4348 corruptae
1226 4280 1439 4334 illorum
1486 4281 1766 4335 sententiae
1811 4279 2070 4349 judicium

489 4385 593 4429 CSI.

561 4467 730 4522 Vsus.
772 4466 862 4521 '50.
891 4450 995 4521 sed
1024 4465 1379 4537 unusquisque
1429 4465 1482 4518 in
1512 4466 1790 4535 iniquitate
1821 4482 1915 4519 sua
1949 4482 2064 4520 mo-
2098 4485 2143 4539 ι)

490 4559 674 4612 rietur.

562 4648 687 4702 llaec
736 4647 1020 4718 prophetia
1083 4646 1328 4717 quaedam
1400 4647 1683 4715 perspicua
1746 4656 1861 4710 est;
1916 4646 2069 4714 cujus

490 4740 657 4794 etiam
725 4738 1019 4807 aliquando
1066 4747 1120 4792 et
1152 4737 1348 4791 Paulus
1386 4739 1635 4793 meminit.
1687 4738 1752 4791 ad
1817 4737 2072 4794 llebrwos

490 4832 737 4888 scribens
769 4850 781 4885 :
815 4830 916 4884 Ubi
952 4849 1070 4885 vero
1119 4833 1354 4886 remissio
1400 4844 1475 4887 est
1511 4841 1869 4907 peccatorum,
1926 4832 2072 4885 nulla

491 4924 719 4990 amplius
750 4923 948 4976 oblatio
992 4940 1085 4992 pro
1126 4936 1357 4989 peccato,
1403 4910 1565 4978 erunt
1587 4923 1699 4976 dies
1737 4922 1801 4975 “.
1851 4923 1918 4976 At
1967 4938 2072 4977 non

493 5015 625 5070 dicit
670 5015 760 5084 qui
805 5024 859 5070 et
905 5015 1144 5085 quando,
1195 5028 1248 5070 et
1294 5026 1427 5087 quot
1461 5026 1583 5086 post
1643 5025 1905 5086 tempora.
1951 5013 2074 5070 Hatc

492 5107 635 5163 enim
671 5106 837 5161 latere
870 5107 1103 5160 volebat.

566 5197 732 5252 Vens.
760 5196 849 5254 52.
890 5194 1188 5263 Nonjuxta
1224 5208 1620 5253 testamentum.

569 5289 785 5357 Qua-ro,
821 5305 918 5342 cur
949 5289 1052 5343 tale
1086 5305 1189 5343 non
1236 5291 1432 5343 dedisti
1488 5290 1921 5344 testamentum?
1968 5289 2075 5344 Im-

495 5382 745 5450 probavit
778 5380 926 5440 illud.
965 5396 1068 5433 non
1096 5388 1214 5433 erat
1260 5379 1582 5448 perfectura.
1620 5376 1787 5448 Igitur
1831 5395 1930 5433 nec
1960 5395 2080 5434 om—

1160 5471 1404 5527 homincs
1463 5472 1607 5542 leges
1640 5473 1840 5533 lerunt,
1880 5488 2079 5541 easque

500 5475 625 5526 uiuo
653 5476 889 5528 dandum
918 5482 1035 5528 erat.
1086 5491 1098 5525 :

500 5574 761 5633 perpetuo
815 5566 999 5622 ﬁrmas
1032 5579 1153 5622 esse
1183 5566 1388 5621 volunt.
1419 5564 1498 5620 Tu
1534 5581 1659 5622 vero
1712 5580 2072 5637 nequaquam.

575 5739 615 5773 ¹²
658 5741 812 5795 Ιίνῖτι.
853 5762 905 5807 x,
943 5746 1026 5799 i8.

2170 3203 2246 3255 μα
2277 3184 2559 3255 ἀλλότριον
2601 3181 2748 3253 ἐμοὶ,
2784 3182 2965 3253 πολλῷ
2996 3181 3199 3252 μᾶλλον
3239 3178 3580 3247 διεγείρομαι
3611 3173 3755 3245 πρὸς

2164 3277 2225 3331 τὸ
2256 3277 2478 3328 οἰκεῖον.

2239 3369 2343 3423 Ἐν
2383 3368 2511 3435 ταῖς
2539 3366 2805 3438 ἡμέραις.

2237 3460 2410 3513 Τοῦτο
2443 3462 2537 3513 καὶ
2602 3456 2861 3530 Ἰεζεκιήλ
2913 3475 3102 3529 φησιν.
3150 3457 3329 3520 Ὅλως
3378 3457 3483 3526 γὰρ
3532 3455 3761 3522 ἐγένετο

2170 3553 2456 3623 πρότερον,
2489 3552 2584 3605 καὶ
2628 3551 2912 3605 συνέϐαινε
2955 3553 3189 3623 πρᾶγμα
3224 3550 3493 3617 τοσαύτης
3532 3547 3758 3609 ἀδικίας

2167 3647 2366 3715 γέμον,
2399 3645 2518 3697 εἰπέ
2556 3661 2677 3714 μοι;
2709 3644 2803 3698 καὶ
2850 3644 3130 3713 πατέρων,
3170 3641 3598 3713 ἁμαρτανόντων
3633 3639 3763 3690 ἔτει

2169 3756 2262 3811 ρος
2316 3737 2637 3801 ὲκολάζετος
2690 3737 2784 3790 καὶ
2820 3736 2921 3789 ποῦ
2973 3734 3147 3787 ταῦτα
3187 3734 3411 3796 ἀνεκτὰ,
3439 3731 3564 3784 είπὲ
3619 3746 3759 3799 μοι,

2170 3832 2279 3886 Καὶ
2304 3832 2432 3901 μετ’
2482 3831 2689 3901 ὀλίγα*
2735 3827 3070 3900 Προσχῶμεν
3119 3828 3232 3889 τοῖς
3284 3824 3619 3893 λεγομένοις.
3679 3823 3761 3875 Οὐ

2173 3924 2247 3993 μὴ
2280 3924 2510 3977 εἴπωσιν
2538 3939 2550 3951 ·
2567 3918 2739 3985 εἶπεν,
2761 3921 2861 3973 οὐκ
2888 3916 3061 3977 εἶπεν.
3082 3919 3157 3971 Οὐ
3179 3917 3253 3988 μὴ
3270 3916 3515 3984 γένηται,
3534 3914 3766 3975 δεικνὺς

2170 4016 2251 4067 ὃτι
2282 4013 2403 4068 οὐδὲ
2444 4012 2547 4084 πρὸ
2570 4012 2760 4066 τούτου
2795 4012 3035 4077 ἐγένετο.
3065 4009 3126 4061 Ei
3158 4009 3255 4077 μὲν
3287 4009 3397 4076 γὰρ
3427 4001 3581 4058 εἶπεν
3602 4021 3615 4033 ·
3658 4004 3767 4055 Ἐν

2170 4106 2300 4172 ταῖς
2319 4105 2567 4176 ἡμέραις
2590 4104 2850 4169 ἐκείναις
2872 4102 3070 4156 οὐκέτι
3094 4102 3164 4155 οὐ
3188 4098 3273 4168 μὴ
3296 4098 3531 4168 γένηται
3552 4096 3764 4157 τοῦτο,

2172 4198 2353 4262 καλῶς
2382 4198 2448 4252 ἂν
2479 4192 2653 4260 εἶπες,
2680 4197 2761 4250 ὅτι
2788 4194 2895 4265 πρὸ
2928 4192 3120 4246 τούτου
3153 4190 3468 4259 ὲγένετο.Εἰ
3491 4188 3548 4239 δὲ
3579 4188 3765 4254 λέγει,

2167 4290 2377 4345 Οὐκέτι
2409 4291 2481 4343 οὐ
2504 4288 2583 4356 μὴ
2607 4288 2843 4351 εἴπωσι,
2881 4286 2981 4356 τῆς
3007 4280 3413 4352 διεφθαρμένης
3440 4276 3621 4331 αὐτῶν
3644 4278 3765 4348 ea-

2169 4401 2276 4453 ῳου
2308 4382 2492 4453 κρίσις
2517 4380 2691 4434 ἐστίν.

2255 4472 2420 4529 Ἀλλ’
2459 4472 2497 4541 ἧ
2532 4470 2790 4536 ἕκαστος
2819 4468 2891 4523 ἐν
2935 4466 3011 4536 τῇ
3049 4466 3270 4523 ἑαυτοῦ
3315 4463 3571 4534 ἁμαρτίᾳ
3608 4463 3771 4515 ἁπο-

2178 4566 2463 4624 θανεῖται.

2252 4656 2567 4729 Προφητεία
2590 4655 2674 4719 τίς
2702 4657 2817 4708 ἐστι
2839 4655 2934 4707 καὶ
2966 4652 3163 4721 σαφὴς,
3187 4650 3316 4721 περὶ
3336 4644 3403 4721 ἧς
3426 4648 3519 4700 καὶ
3546 4644 3775 4707 Παῦλος

2179 4750 2497 4821 ἐπεμνήσθη
2538 4748 2690 4811 ποτὲ,
2732 4744 3061 4799 ἐπιστέλλων
3098 4744 3407 4811 Ἑϐραίοις·
3461 4741 3659 4792 Ὅπου
3699 4737 3773 4789 δὲ

2181 4843 2397 4913 ἄφεσις
2458 4841 2930 4911 ἁμαρτημάτων,
3001 4837 3203 4892 οὐκέτι
3252 4833 3565 4902 προσφορὰ
3624 4829 3774 4897 περὶ

2183 4930 2475 4999 ἁμαρτίας
2532 4928 2703 4983 ἔσται
2742 4929 2977 4997 καιρόςσ
3012 4928 3105 4981 καὶ
3136 4928 3195 4980 οὺ
3245 4926 3394 4993 λέγει
3442 4925 3618 4985 ποῖος,
3669 4920 3775 4972 καὶ

2174 5020 2327 5083 πότε,
2378 5019 2471 5071 καὶ
2520 5018 2659 5087 μετὰ
2688 5018 2851 5071 πόσον
2884 5017 3096 5088 χρόνον.
3143 5013 3427 5069 Ἐϐούλετο
3465 5010 3574 5080 γὰρ
3618 5010 3775 5062 αὐτὰ

2178 5110 2592 5165 συνεσκιάσθαι.

2246 5203 2402 5256 Κατὰ
2430 5201 2545 5270 τὴν
2571 5201 2888 5268 διαθήκην.

2258 5294 2432 5359 Εἰπὲ,
2469 5293 2612 5346 διατί
2651 5293 2713 5346 οὐ
2764 5290 3021 5362 τοιαύτην
3055 5289 3329 5360 διαθήκην
3376 5288 3571 5353 δίδως;
3612 5287 3773 5341 Κατ-ο

2187 5385 2332 5452 ἐγνω
2365 5384 2565 5453 αὐτῆςς
2618 5384 2805 5446 ἀτελὲς
2854 5378 3022 5452 εἶχεν.
3069 5379 3279 5435 Οὐκοῦν
3323 5381 3445 5432 οὐδὲ
3486 5379 3638 5449 παρὰ
3665 5380 3777 5450 τὴν

2185 5477 2360 5546 ἀρχὴν
2391 5476 2609 5546 δοθῆναι
2658 5477 2796 5530 ἔδει’
2836 5477 3113 5543 ἄνθρωποι
3146 5475 3340 5542 νόμους
3377 5473 3630 5533 τιθέασι,
3676 5473 3778 5524 καὶ

2189 5568 2465 5635 βούλονται
2522 5568 2608 5619 διὰ
2644 5568 2843 5630 παντὸς
2889 5561 3025 5619 εἶναι
3081 5564 3323 5634 κυρίους,
3353 5564 3417 5616 σὺ
3458 5562 3515 5617 δὲ
3554 5562 3773 5616 οὐκέτι.
