4054 6210
429 294 525 347 98!

1525 292 1948 349 FRAGMENTA
1993 292 2059 346 lN
2092 293 2464 352 JEREMIAM.

3595 309 3702 363 98‘!

426 413 551 467 Ὅτι
604 410 759 465 αὐτοὶ
809 410 910 464 οὐκ
962 412 1247 482 ἐνέμειναν
1288 412 1346 463 ἐν
1376 413 1442 483 τῇ
1487 412 1723 485 διαθήκῃ
1756 430 1883 482 μου,
1916 415 2007 466 καὶ

2115 415 2376 480 Quoniam
2425 418 2525 487 ipsi
2561 433 2665 472 non
2703 419 3058 488 perstiterunt
3095 423 3146 476 in
3189 431 3547 487 testamento,
3594 440 3698 495 ego

425 506 535 571 ἐγὼ
600 504 853 574 ἠμέλησα
911 502 1253 558 αὖτῶν.Καί
1300 502 1426 572 μετ’
1477 503 1688 572 ὀλίγον
1742 504 2007 556 Βούλεσθε

426 590 738 659 παραγάγω
774 588 848 642 τά
896 590 1232 643 ἀποστολικὰ
1264 593 1509 662 ῥήματα,
1558 591 1835 655 ἀϐιάστως
1872 610 2009 663 συμ-

425 679 711 748 φωνοῦντα
758 683 871 743 τοῖς
931 681 1278 752 εὶρημένοιςς
1319 683 1379 736 Τι’
1410 680 1690 746 βιάζεσθε
1722 684 2008 738 ἐπιθεῖναι

426 770 622 839 ζυγὸν,
673 771 745 824 ὃν
773 773 885 825 οὐκ
918 772 1187 841 ἴσχυσαν
1215 773 1271 825 οί
1313 771 1562 840 πατέρες
1591 773 1759 842 ὑμῶν
1775 773 2008 839 ,βαστά-

424 877 562 922 σίιι;
618 861 781 933 Ὁρᾷς
829 864 911 917 ὅτι
959 864 1047 916 διὰ
1086 862 1249 916 τοῦτο
1294 863 1487 934 χάρις,
1523 865 1609 917 ἵνα
1648 867 1792 919 κατὰ
1846 866 2007 938 χάριν

423 954 647 1023 γένηται
676 958 753 1019 είς
782 956 844 1009 τὸ
872 951 1012 1010 εἶναι
1041 956 1265 1026 βεϐαίαν
1292 957 1390 1027 τὴν
1424 956 1783 1026 ἐπαγγελίαν.

495 1044 625 1098 ’Ὅτι
654 1044 825 1099 αὐτοὶ
854 1047 963 1099 οὐκ
989 1046 1322 1115 ἐνέμειναν.

495 1136 569 1189 Τὸ
624 1138 733 1207 γὰρ
791 1137 863 1207 μὴ
918 1137 1200 1207 ἐμμένειν,
1254 1139 1351 1192 καὶ
1412 1138 1729 1209 παραϐῆναι
1784 1140 2001 1195 ταύτόν.

422 1222 571 1297 ’Λρα
606 1224 699 1281 οὖν
754 1225 835 1292 εἷς
881 1230 999 1282 ἐστι
1042 1232 1070 1282 6
1103 1230 1203 1300 τὴν
1262 1230 1454 1300 καινὴν
1497 1232 1593 1283 καὶ
1632 1232 1731 1301 τὴν
1766 1232 2006 1286 παλαιάν

424 1319 624 1383 διδούς.

496 1411 516 1432 ⁶
546 1410 907 1480 Διαθήσομαι
960 1411 1039 1476 τῷ
1075 1412 1219 1475 οἴκῳ
1281 1413 1541 1479 Ἰσραὴλ,
1585 1415 1684 1467 καὶ
1743 1415 1820 1480 τῷ
1864 1416 2006 1480 οἴκῳ

440 1501 654 1565 Ἰούδα,
686 1502 837 1571 μετὰ
861 1504 967 1568 τὰς
1000 1503 1219 1571 ἡμέρας
1245 1505 1515 1570 ἐκείνας,
1567 1505 1719 1573 φησι
1756 1509 2003 1575 Κύριος,

426 1592 630 1657 διδοὺς
665 1593 806 1658 τοὺς
833 1594 1054 1662 νόμοις
1086 1612 1204 1662 μου
1234 1597 1321 1658 εἰς
1338 1595 1452 1662 τὴν
1488 1597 1760 1650 διάνοιαν
1785 1597 2003 1666 αὐτῶν,

426 1689 522 1740 καὶ
553 1688 647 1741 ἐπί
685 1688 791 1743 τοῦ
821 1688 1085 1759 στήθους
1128 1690 1236 1757 τῆς
1267 1691 1514 1760 καρδίας
1554 1694 1755 1747 αὐτῶν
1798 1695 2005 1765 γράψω

423 1796 665 1844 aurove.

506 1872 563 1924 '0
616 1872 724 1942 γὰρ
772 1872 977 1943 Μωσῆς
1025 1874 1279 1929 ἐκέλευσε
1317 1878 1484 1929 πᾶσιν
1529 1878 2000 1947 ἀναγινώσκεσθαι

421 1965 513 2017 τὸν
544 1964 729 2035 νόμον,
775 1964 912 2018 ἀλλὰ
961 1967 1056 2018 καὶ
1082 1966 1170 2019 διὰ
1197 1968 1340 2019 ἑπτὰ
1386 1969 1545 2023 ὲτῶν.
1587 1972 1752 2040 Λέγει
1794 1971 1999 2036 τοίνυν,

421 2059 502 2111 ὅτι
533 2057 817 2128 Τυσαύτην
847 2059 1031 2122 αὐτοῖς
1057 2059 1159 2131 τὴν
1192 2060 1395 2131 εἴδησιν
1435 2064 1666 2134 παρέχω
1695 2066 1796 2135 τὴν
1838 2065 1999 2135 ἐμὴν,

421 2146 557 2202 ὥστε
598 2150 672 2221 μὴ
705 2150 913 2204 δεῖσθαι
950 2150 1313 2218 ἀναγνώσεως
1335 2193 1349 2214 ,
1394 2154 1487 2206 ἐπὶ
1533 2154 1592 2207 δὲ
1627 2155 1728 2224 τῆς
1760 2157 2002 2221 διανοίας

422 2241 565 2313 ἔχειν
588 2241 684 2312 τὴν
714 2243 840 2312 περὶ
866 2242 934 2295 τὰ
967 2242 1108 2295 καλὲ
1136 2246 1396 2314 σπουδήν.

493 2332 740 2401 Οὐδαμοῦ
792 2332 901 2385 τῶν
952 2333 1123 2387 ἐθνῶν
1165 2337 1474 2406 μέμνηται,
1510 2337 1598 2390 ἵνα
1641 2338 1717 2409 μὴ
1762 2337 1837 2407 δῷ
1869 2339 2001 2409 πρό-

423 2437 590 2487 φασιν
644 2422 850 2485 αὐτοῖς,
905 2421 1087 2485 καθὼς
1138 2426 1235 2477 καὶ
1291 2428 1320 2477 6
1354 2427 1593 2494 Χριστός
1651 2445 1839 2499 φησιν,
1881 2429 2001 2482 Οὐκ

420 2512 774 2582 ἀπεστάλην
800 2516 852 2567 εί
882 2515 967 2584 μὴ
996 2516 1085 2580 είς
1124 2517 1195 2570 τὰ
1240 2519 1505 2585 πρόϐατα
1542 2521 1614 2573 τὰ
1645 2521 2003 2575 ἀπολωλότα

420 2604 589 2659 οἴκου
624 2606 894 2673 Ἰσραήλ.

489 2696 701 2763 Διδοὺς
730 2697 922 2755 δώσω.

494 2785 648 2847 Εἰπὲ,
686 2786 789 2840 ποῦ
818 2787 977 2841 τοῦτο
1003 2790 1193 2857 γέγονε
1217 2808 1231 2857 ;
1258 2791 1352 2844 καὶ
1378 2791 1489 2864 γὰρ
1519 2794 1765 2865 γραπτὸς
1788 2795 1815 2846 6
1837 2794 2002 2867 νόμος

422 2870 516 2946 ἦν’
560 2879 745 2950 ἐπειδὴ
799 2879 959 2950 ἡμῶν
991 2879 1196 2953 [ἡμῖν]
1245 2884 1505 2948 ἐπίδειξις
1546 2884 1866 2956 Πνεύματος
1896 2905 2000 2957 μυ-

427 2968 541 3038 ρίαι
589 2970 907 3040 μαρτυρίαι.
954 2971 1124 3025 Οὐδὲν
1154 2972 1435 3042 ἔγγραφον
1476 2976 1794 3045 παρέδωκεν
1824 2978 1852 3029 6
1894 2980 2000 3048 ’1η-

2113 521 2331 575 quoque
2381 508 2592 576 neglexi
2625 525 2738 563 eos.
2774 509 2841 564 Et
2870 514 3054 580 paucis
3088 513 3394 583 iuterjéctis.
3437 513 3607 568 Vultis
3640 516 3694 568 in

2113 598 2348 651 medium
2381 598 2601 654 aderam
2667 603 2904 670 Apostoli
2943 619 3003 658 ea
3038 605 3218 669 verba,
3266 621 3388 659 cum
3427 606 3510 660 his
3538 606 3696 660 dictis

2110 686 2268 755 plane
2294 694 2646 759 congruentia
2678 707 2693 745 :
2743 691 2953 764 thuid
3014 697 3231 749 Ientatis
3250 697 3438 767 jugum
3478 713 3693 766 ponere,

2109 794 2262 847 quem
2305 796 2405 832 non
2452 792 2728 849 potuerunt
2756 795 2931 853 patres
2968 788 3121 839 vestri
3150 796 3368 854 portare
3406 788 3489 839 “?
3537 786 3697 843 Vides

2111 870 2231 923 ideo
2257 871 2437 924 datam
2462 873 2708 938 gratiam,
2754 884 2809 927 ut
2841 890 2934 945 per
2960 878 3185 946 gratiam
3224 876 3375 933 ﬁeret
3426 877 3690 932 lortitudo

2108 962 2506 1031 promissionis.

2182 1048 2323 1113 Quia
2352 1052 2450 1119 ipsi
2477 1068 2579 1105 nou
2604 1054 2968 1120 perstiterunt.

2165 1140 2297 1194 Nam
2334 1158 2438 1195 nou
2486 1146 2736 1198 insistere
2770 1155 2823 1197 et
2877 1144 3222 1212 praevaricari
3254 1145 3393 1199 idem
3423 1154 3528 1200 est.
3550 1146 3694 1215 Ergo

2110 1248 2249 1286 unus
2272 1243 2356 1286 est
2385 1234 2476 1299 qui
2515 1250 2710 1289 novum
2768 1245 3035 1302 vetusque
3068 1236 3309 1289 tradidit.

2179 1420 2193 1432 '
2215 1413 2373 1467 Vens.
2396 1414 2488 1468 35.
2520 1413 2805 1483 οἱιροηαηι
2828 1414 3006 1468 domui
3028 1414 3218 1477 Israel,
3248 1427 3293 1470 et
3312 1416 3494 1469 domui
3521 1416 3689 1481 ludo,

2107 1516 2217 1573 post
2242 1504 2353 1556 dies
2388 1505 2531 1567 illos,
2559 1505 2636 1557 ait
2664 1504 2937 1567 Dominus,
2956 1507 3087 1559 dans
3115 1506 3248 1576 leges
3278 1523 3420 1559 mea:
3456 1509 3509 1559 in
3543 1524 3690 1560 men-

2108 1607 2209 1649 tem
2228 1612 2432 1661 eorum,
2464 1604 2513 1649 et
2542 1598 2596 1650 in
2623 1606 2831 1665 pectore
2859 1598 3033 1651 cordis
3073 1613 3257 1652 eorum
3311 1597 3543 1651 scribam
3573 1613 3685 1651 eas.

2175 1868 2385 1940 Moyses
2411 1883 2642 1937 namque
2665 1877 2996 1938 praeceperat
3052 1875 3112 1920 ut
3137 1866 3391 1921 omnibus
3413 1867 3689 1937 legeretur

2104 1962 2211 2026 lex,
2245 1970 2301 2014 et
2323 1975 2420 2028 per
2449 1969 2652 2028 septem
2678 1974 2867 2013 annos.
2888 1959 2980 2012 Ait
3014 1958 3212 2026 igitur:
3240 1957 3422 2011 Talem
3460 1966 3690 2011 tantam-

2102 2069 2208 2124 que
2234 2069 2405 2107 meam
2433 2053 2513 2109 eis
2539 2053 2770 2107 tribuam
2796 2051 3102 2115 scientiam,
3136 2060 3194 2104 ut
3216 2051 3321 2105 illis
3349 2051 3497 2106 nullo
3527 2054 3693 2106 modo

2105 2146 2333 2200 lectione
2349 2160 2484 2214 Opus
2521 2146 2624 2211 sit;
2658 2145 2913 2214 quoniam
2947 2144 3358 2212 intelligentiam
3404 2146 3689 2200 habebunt

2103 2255 2289 2293 eorum
2318 2254 2438 2306 qua:
2465 2238 2531 2291 ad
2574 2236 2812 2290 studium
2853 2244 2980 2289 sunt
3010 2236 3300 2290 bonorum.

2175 2327 2387 2381 Nullam
2420 2327 2661 2395 gentium
2695 2327 3011 2380 memoriam
3049 2326 3199 2391 facit,
3242 2341 3306 2379 ne
3340 2326 3685 2379 occasionem

2105 2419 2210 2472 illis
2244 2418 2546 2487 praeberet;
2579 2418 2716 2472 sicut
2743 2425 2798 2471 et
2827 2415 3083 2470 Christus
3118 2418 3193 2469 ait
3225 2433 3239 2470 :
3274 2415 3397 2469 Non
3431 2431 3545 2467 sum
3566 2418 3692 2468 mis-

2103 2527 2192 2564 sus
2228 2510 2328 2562 nisi
2361 2510 2431 2562 ad
2476 2523 2591 2562 oves
2622 2523 2740 2577 qua:
2771 2508 3038 2575 perierunt
3077 2510 3264 2562 domus
3304 2506 3476 2561 Israel
3513 2506 3575 2559 “.

2177 2690 2324 2743 Daus
2354 2689 2513 2745 dabo.

2177 2782 2295 2843 Die,
2327 2779 2415 2835 ubi
2457 2779 2659 2833 faetum
2691 2780 2795 2833 hoc
2819 2780 2932 2833 est?
2963 2779 3166 2847 scripta
3194 2778 3394 2848 quippe
3421 2777 3522 2831 fuit
3555 2779 3638 2831 lex
3666 2797 3682 2833 :

2104 2875 2260 2928 nobis
2282 2874 2426 2926 enim
2456 2874 2522 2923 ad
2547 2871 2942 2925 ostendendum
2973 2872 3221 2940 spiritum
3251 2871 3534 2924 innumera
3565 2881 3687 2923 sum

2107 2962 2433 3017 testimonia.
2469 2959 2613 3014 Nihil
2662 2962 2921 3030 scriptum
2973 2961 3194 3015 tradidit
3224 2959 3420 3015 Jesus:
3456 2959 3554 3012 Ille
3601 2976 3689 3013 vos

428 3059 584 3124 σοῦς·
636 3060 898 3127 Ἐκεῖνος
945 3060 1098 3128 ὑμᾶς
1137 3063 1477 3133 ἀναμνήσει
1510 3066 1724 3119 πάντα.
1758 3068 1895 3138 Οὐχὶ
1921 3069 1999 3121 λί-

2115 3055 2304 3108 iacebit
2329 3053 2503 3107 omnia
2529 3053 2592 3106 ".
2623 3051 2735 3107 Non
2759 3053 2983 3123 lapidea:
3009 3053 3222 3119 tabulae,
3254 3068 3359 3106 non
3383 3052 3577 3105 litterze
3608 3051 3692 3104 iu-

334 3144 335 3147 “
428 3149 571 3203 θιναι
600 3150 828 3213 πλάκες,
859 3151 981 3204 οὐδὲ
1030 3153 1339 3223 γράμματα
1394 3156 1839 3226 ὲγκεχαραμένα,
1882 3159 2027 3212 ἀλλ’¹

428 3242 461 3308 ή
511 3240 718 3293 διάνοια
769 3239 950 3292 αὐτῶν
1012 3240 1184 3312 στήλη
1233 3241 1313 3312 τῷ
1353 3242 1504 3314 νόμῳ
1542 3244 1622 3314 τῷ
1665 3246 1794 3316 παρ’
1838 3246 2002 3299 αὐτοῦ

429 3332 739 3399 γενήσεται.

501 3422 607 3476 Καί
638 3422 735 3475 ἐπὶ
762 3422 1034 3490 καρδίας.

502 3514 609 3565 Καὶ
645 3512 753 3584 γὰρ
784 3513 907 3583 ὅραθ
944 3515 1053 3567 ἀπὸ
1081 3513 1180 3584 μὲν
1208 3516 1306 3583 τῆς
1337 3515 1547 3579 πλακὸς
1576 3519 1675 3570 οὐκ
1708 3512 1777 3589 ἦν
1797 3518 2006 3584 πάντας

360 3628 363 3631 <
430 3604 646 3667 εἰδέναι,
674 3604 781 3658 άπὸ
807 3605 863 3657 δὲ
893 3604 1002 3657 τῶν
1033 3606 1348 3660 ἀποστόλων
1377 3608 1582 3671 πάντες
1608 3609 1845 3680 ἔμψυχοι
1875 3611 2005 3679 στῆ-

435 3693 525 3747 λαι
564 3694 860 3766 περιῄεσαν
890 3695 988 3766 τὴν
1022 3697 1372 3765 οίκουμένην,
1404 3698 1663 3766 φέροντες
1707 3703 1763 3753 ὲν
1791 3702 2007 3763 ἑαυτοῖς

434 3787 528 3840 τοῦ
562 3785 696 3839 Θεοῦ
740 3788 808 3841 τὰ
838 3788 1142 3860 γράμματα
1170 3788 1315 3859 ἆπερ
1347 3786 1515 3860 εἶχον,
1549 3791 1585 3844 ἆ
1643 3792 1913 3862 ἐχάραξεν
1945 3795 2005 3845 οὐ

436 3879 700 3949 κάλαμος,
749 3880 811 3932 οὐ
841 3881 1029 3951 μέλαν,
1061 3880 1174 3934 ἀλλ’
1205 3881 1367 3943 αὐτὸς
1410 3884 1438 3935 6
1468 3881 1619 3945 Θεὸς.
1664 3884 1804 3954 Ὅρα
1841 3887 2008 3937 ίσοτι-

440 3976 568 4043 μίαν
619 3977 829 4046 Πατρὸς
873 3979 967 4030 καὶ
996 3975 1341 4046 Πνεύματος’
1392 3978 1600 4033 ἐκεῖναι
1649 3979 1727 4049 τῷ
1759 3980 2008 4053 δακτύλῳ

432 4065 527 4118 τοῦ
550 4066 686 4119 Θεοῦ
706 4069 762 4119 αἱ
787 4067 993 4131 πλάκες
1016 4069 1519 4138 ἑγκεχαραγμέναι,
1544 4064 1705 4127 αὗται
1730 4075 1796 4143 τῇ
1822 4072 2010 4143 χάριτι

439 4159 535 4211 τοῦ
586 4158 937 4231 ΙΙνεύματοςσ
987 4162 1239 4214 κάκεῖναι
1298 4163 1400 4230 μὲν
1454 4163 1882 4236 συνετρίϐησαν,
1944 4168 2009 4219 ἐκ

436 4248 736 4321 προοιμίων
781 4248 1036 4316 δηλοῦται
1078 4250 1139 4301 τὸ
1170 4249 1346 4312 τέλος,
1389 4251 1487 4302 καὶ
1540 4250 1709 4314 τύπος
1762 4253 1823 4305 τὸ
1856 4254 2010 4322 γενό-

439 4356 595 4407 μενον
638 4334 727 4409 ἦν,
763 4339 858 4391 καὶ
884 4340 966 4392 ὅτι
994 4338 1143 4409 λήξει
1178 4341 1312 4393 ποτὲ
1348 4341 1375 4391 6
1409 4341 1597 4410 νόμος,
1629 4343 1725 4395 καὶ
1758 4346 1840 4399 ὅτι
1879 4362 2006 4397 συν-

2106 3144 2264 3207 cism,
2302 3144 2394 3196 sed
2426 3156 2612 3197 eorum
2660 3156 2813 3197 utens
2842 3141 2943 3213 legi
2994 3143 3062 3197 ab
3107 3143 3224 3212 ipso
3275 3142 3394 3195 lata:
3437 3140 3689 3195 columna

2108 3234 2218 3288 ﬁet.

2180 3432 2245 3485 Et
2273 3433 2325 3485 in
2366 3432 2543 3486 corde.

2177 3521 2308 3575 Vide
2352 3521 2499 3574 enim
2541 3533 2617 3574 :e
2655 3520 2838 3574 tabula
2892 3517 3112 3590 quidem
3159 3518 3301 3573 seire
3342 3532 3532 3571 omnes
3586 3530 3693 3571 non

2110 3620 2385 3681 poterant,
2426 3610 2495 3665 ab
2544 3610 2805 3678 apostolis
2863 3626 2992 3665 vero
3041 3624 3231 3665 omnes
3286 3607 3540 3661 animata:
3596 3624 3680 3662 co-

2111 3704 2309 3756 lumnae
2358 3701 2665 3756 circuibant
2689 3711 2914 3764 terram,
2974 3715 3156 3755 secum
3208 3700 3446 3754 ferentes
3485 3698 3693 3753 litteras

2110 3808 2246 3861 quas
2276 3793 2581 3857 habebant,
2613 3808 2747 3861 quas
2802 3792 3098 3861 impressit,
3150 3809 3253 3845 non
3288 3791 3553 3853 calamus,
3585 3807 3691 3844 non

2110 3892 2501 3943 atramentum.
2537 3884 2629 3937 sed
2665 3885 2778 3952 ipse
2798 3883 2961 3938 Deus.
3004 3882 3297 3937 Considera
3325 3881 3689 3950 aequalitatem

2112 3973 2335 4027 honoris
2369 3974 2565 4037 Patris,
2599 3984 2651 4027 et
2685 3971 2939 4041 Spiritus,
2972 3973 3075 4026 illa:
3104 3973 3270 4041 digito
3306 3972 3397 4025 Dei
3423 3972 3693 4041 inscripta:

2116 4064 2345 4129 tabulae,
2391 4065 2473 4118 hac
2510 4065 2681 4133 gratia
2718 4065 2988 4130 Spiritus;
3026 4073 3082 4118 et
3115 4064 3218 4117 illa:
3262 4064 3477 4132 quidem
3509 4063 3694 4117 fracta:

2115 4166 2264 4220 sunt,
2296 4158 2363 4213 ab
2404 4157 2519 4227 ipso
2552 4157 2780 4211 exordio
2817 4159 2977 4211 finem
3011 4159 3408 4226 signiﬁcantes,
3442 4168 3496 4211 et
3526 4158 3691 4227 ligura

2116 4249 2219 4304 hoc
2257 4259 2398 4315 erat,
2432 4251 2546 4303 l’ore
2574 4250 2865 4318 aliquando
2910 4249 3044 4320 legis
3076 4253 3259 4315 linem,
3288 4258 3341 4303 et
3368 4248 3487 4303 illos
3508 4250 3693 4319 jugum

2117 4357 2273 4397 suum
2300 4342 2571 4397 lracturos
2593 4359 2750 4411 esse;
2782 4344 2867 4398 hic
2894 4359 3023 4399 vero
3056 4343 3191 4397 nihil
3223 4343 3347 4407 tale,
3379 4343 3471 4396 sed
3500 4342 3698 4395 tabula:

436 4428 686 4498 τρίψουσι
715 4428 805 4480 τὸν
866 4427 1029 4496 ζυγὸν
1098 4428 1330 4481 ἑαυτῶν.
1407 4429 1674 4485 Ἐνταῦθα
1736 4433 1790 4486 δὲ
1857 4435 2007 4488 οὐδὲν

2116 4432 2221 4488 illa:
2253 4441 2591 4501 manserunt,
2625 4432 2769 4488 nulla
2812 4432 3071 4504 temporis
3101 4432 3297 4503 injuria
3328 4430 3692 4486 contereudre.

439 4525 696 4590 τοιοῦτον,
729 4525 844 4579 ἀλλ’
887 4524 1111 4595 ἔμειναν
1145 4527 1200 4579 al
1235 4526 1443 4591 πλάκες
1470 4529 1697 4593 ἐκεῖναι,
1736 4527 1841 4580 ὑπὸ
1873 4545 2011 4580 παν-

436 4615 526 4678 τὸς
556 4616 820 4669 ἀνάλωτοι
850 4613 945 4667 τοῦ
977 4615 1175 4684 χρόνου
1203 4617 1514 4685 γενόμεναι.

503 4708 613 4761 Καὶ
641 4710 712 4761 οὺ
736 4707 823 4777 μὴ
862 4706 1199 4771 διδάξουσι.

503 4800 598 4864 Τίς
638 4795 730 4853 οὖν
772 4800 931 4870 χρεία
975 4799 1351 4865 διδασκαλίας,
1376 4800 1501 4854 είπέ.
1544 4815 1665 4871 μοις
1724 4802 1802 4863 είς
1853 4799 2013 4851 ποίαν

440 4889 622 4961 χώραν
644 4889 897 4943 ἀπελθεῖν
920 4889 1122 4959 βούλει,
1148 4891 1228 4953 εἰς
1254 4890 1414 4943 ποίαν
1444 4889 1740 4954 θάλασσαν,
1756 4892 1834 4953 είς
1854 4891 2015 4943 ποίαν

440 4982 574 5050 γῆν;
610 4981 703 5044 Εἰς
734 4980 832 5051 τὴν
868 4981 1167 5050 βάρϐαρον,
1189 4982 1267 5044 είς
1301 4981 1398 5051 τὴν
1436 4982 1682 5045 Ἐλλάδα,
1710 4982 1788 5045 είς
1810 4982 2015 5047 πόλεις,

440 5075 517 5132 εἰς
545 5073 751 5133 ἄοικον,
770 5073 885 5123 ἐκεῖ
909 5071 998 5123 τὸν
1026 5071 1257 5139 σταυρὸν
1281 5072 1556 5142 εὑρήσεις,
1574 5073 1669 5125 καὶ
1689 5072 1899 5143 ἀκούσῃ
1918 5089 2018 5141 μυ-

445 5170 535 5237 ρία
552 5168 896 5239 διηγήματα⁹
930 5167 1025 5218 καὶ
1048 5165 1276 5236 ἕρημος,
1312 5169 1405 5219 καὶ
1435 5167 1750 5237 οἰκουμένη,
1775 5168 1868 5220 καὶ
1892 5168 2015 5238 ὅρη,

443 5262 535 5312 καὶ
559 5260 728 5314 ὕπτια
769 5259 927 5312 πεδία
954 5260 1045 5311 τὸν
1075 5259 1306 5327 Χριστὸν
1342 5260 1460 5331 βοᾷ.
1504 5260 1613 5314 Καὶ
1642 5259 1773 5329 μετ’
1820 5260 2015 5329 ὀλίγαι

444 5350 706 5422 Καθάπερ
731 5350 837 5422 γὰρ
866 5354 893 5405 6
922 5350 1072 5422 ἥλιος
1096 5346 1249 5414 οὗτος
1282 5353 1342 5404 ού
1369 5354 1482 5415 τοῖς
1510 5351 1770 5421 μεγάλοις
1822 5351 1981 5420 μόνον
2002 5390 2017 5415 ,

446 5446 579 5498 ἀλλὰ
608 5446 702 5497 καὶ
725 5448 839 5507 τοῖς
871 5446 1088 5516 μικροῖς
1139 5445 1338 5512 φαίνει,
1372 5444 1517 5497 οὓτω
1541 5446 1634 5497 καὶ
1672 5446 1701 5496 6
1734 5445 1884 5513 ἥλιος
1919 5444 2019 5513 τῆς

446 5538 786 5606 δίκαιοσυνης
830 5540 1062 5609 μικρῶν,
1118 5539 1390 5609 μεγάλων,
1440 5539 1663 5602 δούλων,
1696 5538 2015 5608 ἐλευθέρων,

520 5718 563 5748 ’³
600 5719 720 5770 Act.
753 5729 843 5781 λν,
882 5715 964 5769 10.
1049 5720 1086 5749 ³³
1126 5716 1319 5772 Matth.
1352 5734 1436 5781 xv,
1471 5718 1557 5770 2i.

2192 4715 2355 4769 Vens.
2385 4714 2472 4768 '56.
2511 4713 2574 4766 Et
2611 4728 2714 4766 non
2748 4711 3023 4766 docebunt.

2209 4806 2348 4872 Quid
2384 4806 2549 4874 igitur
2573 4818 2711 4871 Opus
2748 4811 2833 4856 est
2876 4798 3275 4856 instructione?
3322 4813 3482 4867 quam
3518 4797 3694 4867 regio-

2124 4910 2246 4951 nem
2278 4905 2459 4965 petere
2485 4893 2607 4947 vis?
2639 4892 2779 4962 quod
2830 4907 2997 4956 mare,
3028 4906 3188 4960 quam
3224 4900 3419 4943 terram
3444 4889 3469 4943 ?
3494 4887 3695 4942 Barba-

2126 5003 2263 5050 ram,
2300 4985 2566 5049 Graecam,
2590 4984 2776 5048 urbes,
2800 4984 3045 5048 deserta;
3084 4982 3156 5036 ibi
3184 4996 3396 5035 crucem
3434 4979 3697 5043 invenies,

2126 5086 2523 5142 scxeeutasque
2578 5075 2767 5129 audies
2822 5074 3163 5127 narrationes
3185 5114 3198 5137 ,
3231 5082 3283 5125 et
3317 5072 3614 5131 desertum,
3645 5080 3700 5123 et

2126 5178 2268 5221 terra
2311 5165 2575 5228 habitata,
2613 5173 2669 5217 et
2697 5173 2908 5217 montes
2932 5172 2985 5217 et
3029 5161 3170 5230 plani
3200 5159 3377 5228 campi
3424 5159 3698 5214 Christum

2128 5262 2395 5315 intonaut.
2435 5256 2499 5310 Et
2533 5255 2691 5325 paulo
2717 5265 2851 5323 post.
2889 5253 3055 5307 Sicuti
3091 5253 3168 5307 sol
3206 5252 3291 5306 hic
3344 5267 3447 5305 nun
3488 5250 3698 5319 magnis

2131 5363 2363 5414 tantum,
2394 5350 2487 5406 sed
2515 5357 2569 5404 ct
2596 5346 2839 5418 parvulis
2862 5345 3127 5416 splendet,
3160 5345 3239 5398 sic
3267 5354 3321 5397 et
3348 5342 3569 5410 iustitiae
3604 5339 3696 5394 Sol

2130 5459 2443 5513 parvorum,
2475 5440 2781 5511 grandium,
2820 5452 3123 5500 servorum,
3156 5434 3472 5497 liberorum,
3498 5431 3700 5500 princi-

2126 5551 2274 5604 pum,
2331 5532 2687 5598 subditorum,
2736 5545 2943 5601 regum,
2998 5527 3354 5597 privatorum,
3392 5523 3701 5586 infantium,

1642 5720 1679 5749 ¹”
1713 5716 1865 5771 Joan.
1906 5731 2015 5779 λιν,
2046 5713 2135 5768 26.

4023 4584 4025 4693 ι
