4058 6212
347 249 452 306 9⁶13
1107 248 1668 308 ευρΡιΕΜεΝτωι
1708 250 1800 305 ΔΙ)
1841 249 1899 306 S.
1939 248 1990 306 J.
2030 250 2523 308 ειηιγδοδτυιιι
2561 254 2806 308 υνιιιιΑ.
3503 256 3610 313 981

347 376 577 429 senum,
632 361 873 419 omnium
922 366 1132 422 animos
1165 366 1367 422 lumine
1405 366 1733 439 cognitionis
1774 367 1928 422 illus-

2001 422 2004 430 ,
2030 366 2327 436 ἀρχόντων,
2380 366 2725 437 ἀρχομένων,
2774 365 3059 436 βασιλέων,
3090 365 3341 429 ίδιωτῶν,
3370 368 3603 438 νηπίων,

348 456 533 512 travil.
2030 455 2379 526 πρεσϐυτῶν,
2407 457 2506 519 τὰς
2531 455 2789 509 ἁπάντων
2821 455 3141 527 κατηὺγασε
3162 455 3341 529 ψυχὰς
3366 456 3443 528 τῷ
3465 458 3603 527 φωτὶ

2027 549 2129 617 τῆς
2161 546 2441 616 γνώσεως.

413 633 551 701 Quia
570 654 746 693 omnes
776 637 1063 708 intelligent
1104 656 1207 699 me.

2100 641 2227 692 Ὅτι
2254 639 2476 705 πάντες
2498 636 2823 706 εἰδήσουσί
2834 655 2933 707 με.

414 721 603 777 Solum
654 726 1081 795 regenerationis
1147 727 1424 783 lavacrum
1482 727 1585 783 boc
1662 729 1918 800 largitur.

2099 728 2268 782 Τοῦτο
2320 728 2378 781 τὸ
2419 728 2645 798 λουτρὸν
2696 728 2799 799 τῆς
2843 727 3269 798 παλιγγενεσίας
3314 728 3606 800 χαρίζεται

348 814 537 868 Vidisti
567 822 773 870 certum
839 816 998 883 huius
1041 818 1173 886 legis
1226 818 1482 890 signum?
1516 820 1599 876 lex
1636 835 1765 877 vero
1815 838 1918 876 non

2029 819 2208 889 μόνον.
2266 818 2418 883 Εἶδες
2472 818 2697 890 ἀκριϐὲς
2748 818 3020 890 σύμϐολον
3075 820 3171 873 τοῦ
3216 820 3422 890 νόμους
3467 822 3495 874 ὁ
3550 821 3607 873 δὲ

347 902 419 956 ita
456 920 469 957 :
507 903 772 968 Quoniam
818 917 1126 976 cognoscent
1175 925 1254 961 me
1284 925 1461 963 omnes
1489 926 1508 963 :
1542 924 1648 964 non
1682 910 1825 964 enim
1853 912 1920 965 ad

2024 912 2187 981 νόμος
2231 913 2330 983 οὐχ
2366 911 2569 976 οὕτως’
2603 912 2758 966 Διότι
2783 913 3102 982 εὶδήσουσί
3128 930 3205 983 με
3250 912 3475 979 πάντες
3497 932 3510 944 ·
3542 913 3598 966 oi

344 990 557 1048 labores
611 1002 667 1048 et
706 995 931 1050 sudores
982 1007 1273 1063 vocantur,
1342 1001 1437 1054 sed
1476 1001 1541 1055 ad
1575 1012 1918 1071 peccatorum

2023 1003 2133 1072 γὰρ
2171 1004 2263 1057 ὲπὶ
2312 1005 2505 1067 πόνους
2553 1004 2648 1056 καὶ
2685 1002 2917 1073 ἱδρῶτας
2967 1002 3283 1067 καλοῦνται,
3340 1002 3457 1056 ἀλλ’
3512 1004 3611 1056 ἐπὶ

343 1097 562 1141 suorum
592 1086 987 1156 remissionem,
1027 1100 1081 1144 et
1116 1091 1459 1161 iniquitatum
1490 1093 1835 1148 oblivionem.

2025 1094 2369 1165 συγχώρησιν
2438 1095 2546 1148 τῶν
2604 1096 3164 1167 πεπλημμελημένων
3229 1096 3445 1161 αὐτοῖς,
3508 1098 3607 1149 ἐπὶ

1538 1170 1541 1171 ν
2022 1186 2333 1258 ἀμνηστίαν
2364 1186 2472 1240 τῶν
2502 1188 2935 1258 ἡμαρτημένων.

408 1280 530 1335 Νοιι
546 1283 682 1336 enim
701 1299 878 1337 omnes
898 1286 989 1352 qui
1011 1302 1074 1339 es
1093 1286 1293 1341 Israele
1310 1299 1454 1352 sunt,
1477 1286 1739 1345 Israelita:
1762 1302 1918 1359 sunt;

2086 1279 2168 1332 Ού
2192 1280 2299 1348 γὰρ
2325 1279 2548 1345 πάντες
2572 1283 2625 1332 ol
2649 1279 2718 1343 ἐξ
2754 1279 3023 1348 Ἰσραὴλ,
3043 1280 3290 1347 Ἰσραήλ
3309 1295 3323 1310 ο
3351 1277 3476 1332 οὐδ’
3508 1277 3602 1332 ὅτι

341 1388 433 1427 nec
472 1374 601 1441 quia
626 1385 745 1427 sunt
772 1368 949 1430 semen
979 1377 1223 1447 Abralnt,
1259 1396 1433 1435 omnes
1486 1381 1591 1449 ﬁlii
1624 1383 1685 1436 ⁸⁸.

1587 1383 1591 1431 ς
1624 1383 1685 1436 ιε·
2019 1367 2137 1421 εἶσί
2172 1368 2411 1437 σπέρμα
2448 1370 2713 1437 Ἀϐραὰμ.
2736 1370 2960 1434 πάντες
2990 1370 3189 1423 τέκνα.

416 1461 490 1517 De
539 1463 737 1532 quibus
808 1481 938 1535 ergo
1000 1468 1260 1525 Israelitis
1322 1472 1575 1541 loquatur
1626 1476 1751 1527 andi
1796 1492 1811 1526 :
1856 1475 1917 1528 Si

2087 1459 2222 1525 Περὶ
2250 1458 2416 1510 ποίων
2429 1454 2521 1512 οὖν
2547 1459 2693 1527 λέγει
2709 1460 3075 1531 Ἰσραηλιτῶν,
3092 1462 3319 1515 ἄκουσον
3338 1476 3351 1490 ’
3379 1461 3520 1515 Ἐὰν
3534 1456 3598 1531 ,

340 1554 472 1617 erit,
523 1554 632 1619 ait,
690 1571 936 1611 numerus
992 1558 1222 1626 ﬁliorum
1286 1560 1459 1617 Israel
1531 1564 1687 1621 veluti
1754 1582 1915 1619 arena

2020 1555 2207 1625 φησὶν,
2226 1558 2259 1609 ὀ
2280 1555 2525 1624 ἀριθμός
2543 1554 2661 1609 τῶν
2676 1555 2821 1610 υἱῶν
2836 1556 3100 1627 Ἰσραὴλ,
3122 1558 3201 1623 ὡς
3221 1558 3257 1623 ἠ
3279 1558 3470 1627 ἅμμος
3486 1557 3602 1625 τῆς

341 1645 540 1708 maris,
607 1647 872 1700 residuum
954 1651 1335 1708 salvabitur".
1396 1655 1715 1710 Accuratius
1788 1672 1914 1712 vero

2018 1639 2369 1715 θαλάσσης,
2382 1643 2444 1696 τὸ
2468 1643 2835 1713 κοτάλειμμα
2878 1644 3237 1714 σωθήσεται.
3253 1645 3599 1716 Ἀκριϐέστε-

342 1733 529 1788 beatus
589 1734 784 1790 Paulus
843 1740 943 1792 hoc
1000 1741 1361 1809 interpretans
1418 1746 1543 1800 ait:
1589 1746 1712 1799 Non
1762 1747 1911 1810 eiecit

2018 1752 2109 1806 ρον
2122 1734 2217 1787 ste
2238 1735 2510 1805 μακάριος
2531 1736 2741 1802 Παῦλος
2764 1738 3080 1809 ἑρμηνεύων
3099 1739 3407 1807 αὐτδ,λέγει
3430 1757 3445 1771 ’
3471 1741 3597 1793 Οὐκ

345 1823 481 1878 Dcus
521 1826 768 1892 populant
824 1846 980 1883 suum
1004 1848 1023 1883 :
1047 1835 1237 1888 etenim
1283 1847 1331 1890 et
1372 1854 1468 1906 ego
1511 1837 1758 1892 Israelita
1796 1856 1912 1893 sum

2017 1826 2299 1881 ἀπώσατο
2346 1829 2379 1880 ὀ
2423 1826 2569 1892 Θεὸς
2617 1828 2724 1883 τὸν
2756 1828 2911 1882 λαὸν
2942 1829 3161 1884 αὑτοῦ·
3195 1830 3294 1884 καὶ
3344 1831 3453 1901 γὰρ
3479 1830 3599 1897 ἐγὼ

338 1917 583 1970 esemiue
623 1919 912 1988 Abraham,
970 1924 1107 1976 tribu
1161 1926 1441 1995 Benjamin
1474 1931 1548 1995 "’;
1612 1931 1785 1985 vidisti
1830 1946 1914 1987 re-

2028 1918 2397 1987 Ἰσραηλίτης
2454 1918 2605 1987 εἰμὶ,
2660 1920 3000 1990 σπέρματος
3053 1921 3327 1993 Ἀϐραὰμ,
3388 1921 3596 1989 φυλῆς

340 2005 554 2073 liquias,
581 2011 875 2075 apostolos,
913 2028 1027 2075 eos,
1054 2016 1144 2083 qui
1178 2018 1245 2071 ab
1270 2018 1400 2086 ipsis
1422 2034 1725 2076 sermonem
1761 2038 1911 2077 rece-

2015 2010 2317 2077 Βενιαμίν.
2356 2006 2511 2074 Εἶδες
2543 2011 2602 2063 τὸ
2641 2011 3021 2082 κατάλειμμα,
3072 2010 3199 2073 τοὺς
3234 2011 3592 2079 ἀποστόλους,

338 2106 567 2163 perunt,
597 2096 891 2167 Israelitas,
925 2105 1028 2158 tria
1058 2106 1221 2160 millia
1254 2109 1320 2175 ¹⁸,
1366 2120 1424 2165 et
1468 2113 1704 2182 quinque
1747 2114 1910 2168 millia

2012 2100 2140 2163 τοὺς
2166 2100 2262 2153 ἀπ’
2286 2101 2467 2155 αὐτῶν
2514 2100 2844 2172 δεξαμένους
2892 2102 2983 2155 τὸν
3017 2101 3176 2169 λόγον
3225 2101 3588 2173 Ἰσραηλίτας.

340 2186 732 2244 multitudinem
760 2230 777 2256 ,
825 2193 893 2247 de
930 2210 1037 2265 qua
1064 2197 1116 2252 in
1147 2198 1369 2257 Actibus
1398 2210 1671 2259 narratur.

2011 2192 2139 2255 τοὺς
2186 2193 2542 2264 τρισχιλίους,
2596 2194 2692 2247 καὶ
2746 2193 3243 2265 πεντακισχιλίους,
3274 2192 3335 2247 τὸ
3383 2192 3591 2264 πλῆθος

2011 2283 2070 2334 τὸ
2100 2283 2156 2334 έν
2178 2286 2297 2347 ταῖς
2321 2285 2594 2355 Πράξεσιν
2620 2285 3019 2361 ἐμφερόμενον.

412 2377 572 2432 Vsus.
596 2378 689 2434 55.
723 2377 853 2433 Hazc
874 2379 1001 2433 dicit
1028 2379 1303 2436 Dominus.

1101 2381 1303 2436 auium,
2077 2374 2277 2439 Οὕτως
2306 2370 2437 2427 εἶπε
2469 2375 2703 2445 Κύριος.

411 2465 585 2536 Opera
609 2482 704 2524 sua
736 2478 978 2533 enarrat,
1011 2479 1069 2523 ut
1096 2469 1259 2524 dictis
1298 2470 1458 2525 (idem
1484 2470 1691 2541 pariat.

2081 2464 2243 2533 Λέγει
2277 2464 2345 2519 τὰ
2371 2464 2511 2534 ἔργα
2558 2464 2749 2528 αὐτοῦ,
2782 2465 2868 2518 ἴνα
2898 2463 3189 2530 ἀξιόπιστα
3214 2462 3285 2516 τά
3314 2462 3585 2534 λεγόμενα

2012 2557 2165 2625 ποιῇ.

408 2647 423 2665 ⁸
458 2647 621 2701 Vens.
651 2647 740 2703 56.
781 2647 839 2703 Si
874 2650 1187 2704 cessaverint
1227 2650 1358 2719 leges
1382 2652 1464 2705 lue
1507 2669 1539 2705 a
1586 2652 1725 2723 [acie
1771 2670 1905 2719 mea,

2080 2648 2095 2667 °
2144 2646 2287 2701 Ἐὰν
2311 2647 2659 2703 παύσωνται
2681 2648 2735 2701 οἱ
2758 2647 2930 2715 νόμοι
2955 2639 3123 2701 οὗτοι
3153 2644 3221 2699 ἐκ
3253 2644 3582 2713 προσώπου

333 2739 461 2791 dicit
494 2738 766 2805 Dominus,
796 2750 844 2794 et
865 2755 1025 2812 genus
1056 2738 1226 2797 Israel
1244 2742 1468 2798 cessabit
1497 2759 1607 2798 esse
1637 2760 1761 2816 gens
1787 2753 1908 2800 ante

2000 2754 2141 2805 μου,
2171 2736 2326 2805 φησι
2349 2737 2584 2806 Κύριος,
2607 2737 2704 2791 καὶ
2735 2736 2801 2790 τὸ
2830 2734 3006 2806 γένος
3041 2735 3289 2803 Ἰσραὴλ
3329 2736 3583 2788 παύεται

334 2828 522 2896 [aciem
542 2844 710 2883 meam
734 2832 935 2885 cunctis
957 2831 1167 2887 diebus.

2006 2827 2286 2897 γενέσθαι
2325 2830 2413 2895 εις
2453 2827 2629 2895 ἔθνος
2678 2827 2831 2881 κατά
2866 2827 3190 2897 πρόσωπόν
3213 2842 3334 2896 μου
3378 2825 3585 2891 πάσας

2006 2920 2111 2983 τὰς
2139 2917 2380 2988 ἡμέρας.

414 3006 586 3079 Leges
606 3009 903 3066 creationis
944 3010 1139 3080 inquit,
1173 3011 1242 3069 de
1264 3012 1353 3067 illa
1379 3013 1524 3067 enim
1558 3024 1641 3072 est
1676 3030 1858 3072 sermo
1886 3037 1898 3073 :
1936 3065 1973 3080 ,,

2077 3008 2293 3080 Νόμους
2331 3009 2457 3072 τοὺς
2483 3009 2583 3078 τῆς
2616 3009 2849 3071 κτίσεως
2879 3006 3029 3076 λέγει
3054 3019 3071 3036 ⁸
3107 3009 3235 3078 περὶ
3265 3005 3376 3077 γὰρ
3405 3005 3579 3075 αὐτῆς

330 3098 806 3168 quemadmodum,
832 3100 929 3163 ait,
964 3100 1078 3155 lleri
1125 3117 1231 3157 non
1268 3111 1443 3173 potest
1493 3114 1547 3157 ut
1574 3106 1904 3161 determina-

2006 3100 2346 3168 διαλέγεται·
2373 3100 2449 3164 ὡς
2485 3101 2584 3153 οὐκ
2616 3097 2895 3170 ἐνδέχεταί
2929 3114 3020 3168 με,
3051 3100 3207 3168 φησι,
3240 3096 3583 3167 ἀναστρέψαι

335 3190 511 3246 tiones
566 3190 690 3245 lata:
745 3192 797 3244 in
848 3193 1179 3247 creationem
1229 3205 1660 3262 commutentur,
1696 3198 1772 3252 sic
1806 3214 1905 3254 nec

2006 3190 2131 3251 τοὺς
2177 3191 2237 3241 ὲν
2282 3190 2348 3259 τῇ
2379 3189 2557 3242 κτίσει
2602 3188 2860 3251 τεθέντας
2891 3187 3077 3258 ὄρους,
3125 3187 3298 3250 οὕτως
3331 3187 3454 3239 οὐδὲ
3479 3185 3580 3256 τὴν

333 3281 621 3346 promissio
648 3280 784 3334 facta
818 3282 960 3335 circa
990 3282 1217 3338 .ludatos
1245 3296 1470 3353 propter
1496 3286 1790 3343 Abraham.

2007 3277 2143 3348 πρὸς
2196 3278 2479 3342 Ἰουδαίους
2509 3278 2599 3331 διά
2636 3278 2736 3349 τὴν
2760 3278 2898 3349 πρὸς
2936 3277 3191 3349 ’Ἀϐραὰμ
3217 3276 3577 3345 ἐπαγγελίαν.

404 3373 419 3391 ⁸
438 3370 599 3423 Vens.
631 3372 719 3426 57.
748 3371 807 3425 Si
834 3372 1025 3427 elevari
1046 3375 1271 3442 potuerit
1301 3377 1485 3429 malum
1514 3392 1745 3441 sursum,
1776 3387 1823 3432 et
1859 3380 1904 3432 si

2075 3373 2092 3391 ⁹
2137 3370 2277 3423 Ἐὰν
2305 3368 2515 3437 ὑψωθῇ
2547 3372 2580 3423 d
2611 3371 2870 3437 οὐρανὸς
2912 3371 3001 3436 εις
3038 3369 3111 3424 τὰ
3147 3367 3445 3439 μετέωρα,
3480 3368 3582 3420 καὶ

334 3462 701 3515 Itnmt'lt'abitur
716 3462 1116 3529 fundamentum
1154 3475 1306 3518 teme
1331 3465 1493 3534 infra,
1527 3477 1573 3520 et
1604 3483 1697 3538 ego
1727 3484 1911 3537 repro--

2001 3458 2110 3512 ἐὰν
2137 3458 2465 3526 ταπεινωθᾶ
2498 3457 2562 3512 τὸ
2588 3458 2811 3527 ἔδαφος
2837 3458 2947 3527 τῆς
2976 3457 3092 3530 τῆς
3124 3458 3301 3523 κάτω,
3338 3457 3435 3510 καί
3463 3457 3585 3526 ἐγὼ

334 3552 464 3604 (tabo
495 3568 645 3607 omne
669 3570 829 3623 genus
852 3552 1044 3619 Israel,
1072 3553 1147 3606 ait
1185 3552 1460 3619 Dominus,
1493 3569 1701 3627 propter
1726 3561 1902 3614 omnia

2002 3546 2341 3616 ἀποδοκιμῶ
2369 3544 2494 3601 πᾶν
2524 3547 2589 3600 τὸ
2630 3546 2807 3616 γένος
2846 3547 3117 3617 Ἰσραὴλ,
3146 3547 3297 3617 φησι
3330 3547 3581 3615 Κύριος,

333 3660 449 3714 qua:
487 3647 739 3716 fecerunt.

2002 3638 2135 3705 περὶ
2163 3637 2407 3691 πάντων
2426 3631 2515 3692 ὧν
2531 3638 2849 3706 ἐποίησαν.

406 3735 516 3791 lloc
547 3747 648 3803 est,
681 3737 726 3792 si
783 3737 1090 3792 sublimitas
1142 3736 1265 3791 σαειί
1308 3722 1508 3793 elevari
1557 3743 1814 3811 potuerit,
1848 3752 1902 3797 et

2074 3730 2387 3799 Τουτέστιν,
2427 3730 2523 3784 ὲάν
2561 3729 2765 3801 δυνηθῇ
2810 3729 2873 3783 τὸ
2916 3728 3051 3798 ὕψος
3097 3729 3436 3802 μετρηθῆναι
3480 3731 3584 3782 τοῦ

333 3826 592 3894 profunda
627 3836 783 3882 terra:
827 3827 1158 3895 investigari,
1198 3827 1313 3883 licri
1373 3839 1548 3897 potest
1596 3842 1652 3885 ιιι
1701 3845 1752 3887 et
1800 3849 1901 3902 ego

1999 3820 2255 3891 οὐρανοῦ,
2299 3822 2395 3877 καὶ
2426 3821 2495 3875 τὰ
2527 3821 2667 3893 βάθη
2714 3821 3133 3893 καταληφθῆναι
3181 3824 3279 3892 τῆς
3313 3821 3418 3891 γῆς
3440 3860 3456 3885 ,
3492 3822 3585 3874 ἐν·

333 3915 583 3993 abjiciam
639 3933 808 3987 genus
854 3916 1068 3971 Israel:
1125 3934 1189 3973 ac
1216 3921 1260 3974 si
1288 3919 1528 3975 diceret:
1572 3921 1648 3977 lta
1683 3924 1797 3980 bmc
1842 3941 1901 3981 se

1998 3913 2213 3984 δέχεται
2244 3913 2393 3984 κάμὲ
2435 3913 2880 3984 ἀποποίησασθαι
2910 3913 3007 3967 τοῦ
3048 3912 3265 3985 Ἰσραὴλ
3295 3912 3356 3965 τὸ
3392 3912 3579 3981 γένος.

334 4008 625 4063 habebunt.
660 4008 725 4064 Ut
752 4008 862 4079 jam
912 4008 965 4062 iu
1005 4008 1071 4063 iis
1114 4025 1235 4080 qua:
1275 4025 1436 4078 supra
1470 4013 1783 4078 memoravi,
1823 4013 1900 4066 la-

2002 4005 2121 4059 ’Ίνα
2148 4006 2416 4081 εῐπῃ·ὀς
2446 4006 2651 4072 ταῦτα,
2677 4006 2852 4071 οὕτως
2881 4007 3089 4063 ἀνωθεν
3122 4008 3346 4076 ποιῆσαι
3395 4007 3583 4061 eam.

330 4110 418 4155 cto
449 4101 817 4171 comprobari,
867 4115 988 4167 qua:
1033 4101 1291 4155 obediunt
1329 4102 1665 4170 persistendo
1698 4104 1749 4156 in
1796 4105 1896 4159 sibi

2003 4112 2183 4166 μασα,
2239 4098 2334 4151 καὶ
2379 4098 2648 4169 γενόμενα
2690 4098 2927 4169 διέμεινε
2976 4101 3092 4162 τοῖς
3147 4098 3383 4152 τεθεῖσιν
3430 4098 3584 4169 δροις

334 4189 521 4258 positis
545 4190 820 4253 terminis,
847 4190 925 4243 sic
959 4199 1014 4244 et
1039 4192 1327 4258 promissio
1351 4192 1579 4246 Abrahae.
1606 4195 1767 4259 facta,
1795 4196 1900 4250 erit

2000 4189 2261 4258 ἑπόμενα,
2292 4188 2467 4253 οὕτως
2492 4188 2647 4243 ἔσται
2674 4190 2771 4243 καὶ
2803 4190 2837 4261 ἡ
2883 4190 3019 4261 πρὸς
3046 4189 3140 4243 τὸν
3196 4189 3447 4260 Ἀϐραὰμ
3474 4190 3581 4241 ἐπ-

333 4275 707 4334 immutabilis.
742 4277 953 4332 Etenim
985 4294 1160 4348 neque
1190 4297 1333 4335 nunc
1355 4320 1372 4344 ,
1406 4281 1531 4337 licet
1559 4285 1894 4352 permiserim

1999 4277 2226 4346 αγγελία
2270 4279 2683 4350 ἀμετάπτωτος.
2721 4279 2857 4333 Οὐδὲ
2902 4280 3012 4352 γὰρ
3063 4279 3186 4333 οὐδὲ
3235 4279 3330 4332 νῦν
3357 4279 3448 4333 διὰ
3475 4278 3583 4349 τὴν

330 4377 389 4419 ιιι
415 4366 610 4436 captivi
642 4366 1063 4437 abducerentur,
1089 4378 1302 4440 pactum
1322 4386 1441 4426 cum
1472 4388 1539 4427 eo
1562 4373 1751 4428 initum
1780 4377 1897 4432 vio-

2003 4369 2212 4423 τούτων
2270 4370 2650 4440 αἰχμαλωσίαν
2710 4371 2964 4445 παρέϐην
3012 4372 3111 4443 τὴν
3172 4370 3311 4443 πρὸς
3362 4371 3581 4425 ἐκεῖνον

330 4455 457 4511 lavi.

2005 4459 2297 4531 συνθήκην.
2861 4463 2874 4477 ⁸

400 4549 419 4568 ‘
449 4546 609 4603 Vsus.
640 4546 731 4603 38.
766 4546 899 4605 Ecce
932 4548 1045 4604 dies
1080 4551 1315 4616 veniunt,
1366 4552 1495 4607 dicit
1528 4552 1803 4626 Dominus,
1853 4569 1901 4613 et

2070 4552 2088 4573 ‘
2127 4550 2281 4606 Ἰδοὺ
2310 4551 2521 4621 ἡμέραι
2550 4551 2849 4620 ἔρχονται,
2886 4550 3039 4621 φησι
3067 4551 3301 4619 Κύριος,
3342 4549 3442 4605 καὶ
3493 4553 3581 4605 ol-

329 4640 685 4709 tedi/icabitur
705 4641 890 4697 ciuitas
919 4642 1141 4697 Domino
1170 4660 1203 4696 a
1232 4644 1370 4697 turri
1394 4644 1618 4702 Ananiel
1644 4664 1802 4719 usque
1830 4650 1901 4704 ad

1998 4643 2473 4712 κοδομηθήσεται
2499 4643 2679 4708 πόλις
2700 4642 2780 4709 τῷ
2795 4644 2987 4712 Κυρίῳ
3008 4643 3125 4699 ἀπὸ
3152 4645 3385 4713 πύργου
3401 4645 3579 4698 Ἀνα-

328 4742 536 4802 portans
560 4734 854 4805 anguli.‘,Et
880 4750 1001 4804 qua:
1019 4744 1341 4805 sequuntur.

1998 4733 2162 4802 νιήλ,
2190 4734 2300 4801 ἕως
2322 4733 2430 4804 τῆς
2455 4735 2654 4803 πύλης
2679 4734 2791 4804 τῆς
2813 4736 3051 4805 γωνίας,
3089 4735 3185 4789 καὶ
3213 4735 3282 4789 τά
3312 4734 3462 4807 ἑξῆς.

396 4823 510 4881 Hoc
533 4834 639 4890 est,
676 4840 706 4879 a
754 4826 889 4881 turri
941 4826 1576 4898 Ananiel.Civitatisque
1627 4832 1894 4901 magnitu-

2070 4828 2383 4893 Τουτέστιν,
2421 4829 2529 4882 ἀπὸ
2560 4829 2653 4883 τοῦ
2708 4830 2920 4901 πύργου
2989 4830 3265 4902 Ἀνανιήλ.
3312 4830 3575 4884 Βούλεται

330 4916 507 4970 dinem
541 4931 812 4985 exponere
834 4916 1084 4983 intendit,
1111 4925 1167 4973 et
1201 4932 1320 4971 eam
1343 4919 1599 4987 majorem
1658 4924 1889 4980 futuram

1997 4918 2055 4974 δὲ
2087 4923 2265 4975 εἰπεῖν
2308 4922 2407 4993 τῆς
2452 4923 2661 4987 πόλεως
2715 4922 2776 4977 τδ
2822 4924 3072 4993 μέγεθος,
3108 4922 3202 4976 καὶ
3245 4922 3325 4976 δτι
3367 4922 3576 4994 μείζων

329 5021 395 5061 ac
438 5005 589 5077 prius
619 5016 786 5062 esset.
819 5006 1046 5062 Ananlel
1093 5015 1276 5063 autem
1307 5017 1425 5064 erat
1461 5010 1685 5080 quidam
1714 5014 1841 5069 dux.

1998 5011 2171 5078 ἔσται,
2209 5013 2241 5084 ἢ
2280 5013 2447 5067 πάλαι
2475 5011 2775 5084 ἐτύγχανεν
2799 5007 2960 5068 οὖσα.
3006 5011 3255 5083 ’Δνανιὴλ
3293 5011 3351 5065 δέ
3384 5027 3470 5075 τις
3504 5006 3576 5081 ἦν

1997 5102 2108 5157 τῶν
2141 5105 2484 5177 στρατηγῶν.

406 5185 606 5243 ‘Vns.
636 5187 725 5244 '59.
769 5186 837 5243 Et
868 5186 1026 5244 exibit
1071 5189 1212 5247 ultra
1260 5209 1373 5264 spes
1406 5192 1758 5264 [anicularum
1816 5195 1899 5249 di-

2064 5195 2204 5252 ‘Kal
2228 5197 2666 5263 διεξελεύσεται
2686 5196 2775 5252 ἔτι
2797 5196 2972 5265 ἐλπίς
2998 5196 3116 5251 τῶν
3142 5196 3434 5267 σχοινίων
3458 5194 3571 5264 τῆς

330 5279 612 5334 mensionis
638 5279 776 5348 ejus.

1994 5285 2441 5358 ’διαμετρήσεως
2468 5288 2676 5358 αὐτῆς.

409 5370 686 5426 Mensuras
719 5380 906 5427 narrat
931 5372 1206 5439 civitatis,
1253 5374 1358 5429 boc
1402 5385 1509 5440 est,
1574 5377 1642 5431 ab
1697 5377 1897 5447 angulo

2067 5376 2150 5430 Τά
2180 5377 2354 5449 μέτρα
2389 5378 2537 5447 λέγει
2569 5379 2668 5451 τῆς
2714 5380 2953 5444 πόλεως,
2995 5378 3294 5441 τουτέστιν,
3331 5376 3445 5431 ἀπὸ
3472 5377 3572 5447 τῆς

334 5460 537 5517 directe
566 5465 936 5534 protendetur,
958 5480 1078 5519 cmn
1110 5480 1234 5535 spes
1256 5472 1401 5521 esset
1439 5466 1597 5533 bona,
1632 5467 1775 5522 illam
1829 5469 1896 5525 ad

1998 5470 2199 5538 γωνίας
2236 5471 2324 5524 ἐπ’
2356 5471 2571 5526 εὐθεῖαν
2609 5472 2929 5545 ταθήσεται,
2964 5471 3183 5535 ἐλπίδος
3214 5468 3383 5540 οὔσης
3432 5486 3564 5539 χρη-

402 5636 448 5667 ⁸⁸
484 5634 638 5692 Rom.
672 5654 744 5705 Ix,
779 5641 828 5696 (ρ.
912 5644 951 5675 ³⁸
993 5642 1094 5700 lsa.
1128 5658 1181 5708 x,
1212 5642 1313 5708 22;
1351 5641 1503 5699 Rom.
1533 5659 1603 5710 ts,
1641 5643 1729 5699 27.
1840 5649 1879 5681 ’⁷
1925 5645 2003 5702 Ro

1840 5649 1879 5681 ’⁷
1925 5645 2077 5702 Rom.
2117 5662 2189 5712 XI,
2232 5649 2274 5701 1.
2358 5650 2397 5679 ’⁸
2447 5652 2564 5706 Act.
2604 5666 2662 5715 II,
2701 5649 2786 5706 Η.
2869 5650 2908 5681 ¹⁹
2952 5651 3069 5704 Act.
3104 5664 3176 5713 tv,
3211 5648 3262 5703 4.
3287 5647 3336 5704 8.
