4058 6212
391 259 495 319 987

466 372 624 428 Vens.
661 374 746 428 17.
797 375 870 429 Tu
890 380 978 448 qui
1009 396 1085 447 es,
1123 382 1362 441 Domine.

459 465 573 520 Non
607 483 811 522 temere
848 472 947 524 bac
968 488 1096 527 voce
1121 477 1313 542 utitur,
1339 479 1443 544 Qui
1472 499 1547 547 es,
1575 483 1815 541 Domine.
1846 488 1963 544 Non

391 559 496 612 dici
524 568 719 628 potest,
752 562 1096 619 Prmteribit:
1125 582 1338 636 semper
1369 582 1541 640 potes.
1580 590 1796 647 semper
1817 582 1961 635 enim

392 649 648 703 Dominus
673 666 749 704 es.
777 650 942 721 Igitur
965 664 1161 722 potens
1189 674 1366 715 rerum
1387 677 1467 718 es.

458 740 526 795 Et
566 744 761 798 reddis.

458 830 570 884 Non
598 833 693 897 ait,
727 837 796 887 ad
822 840 1031 893 tertiam
1061 852 1107 895 et
1128 860 1372 912 quartam
1416 853 1829 918 generationem,
1865 855 1962 911 sed

388 922 602 977 silentio
629 929 910 995 punierit;
943 932 1053 985 vult
1075 937 1218 987 enim
1246 937 1350 993 illis
1384 941 1814 998 misericordiam
1840 963 1985 1000 rur-.

385 1028 478 1065 sus
525 1014 777 1084 impendi.
812 1017 1072 1076 Potentiae
1106 1040 1241 1094 opus
1268 1028 1371 1083 hoc
1397 1041 1500 1091 est.
1535 1042 1589 1087 et
1629 1035 1680 1088 in
1727 1050 1963 1102 praesens

387 1106 598 1160 salvare
620 1122 811 1174 posse,
848 1121 902 1164 et
931 1126 1177 1181 posteros
1226 1122 1434 1187 punire.
1479 1126 1641 1191 Quasi
1680 1127 1890 1183 diceret
1935 1149 1950 1186 :

387 1194 486 1259 Qui
514 1208 665 1264 potes
699 1200 836 1255 ﬁlios
868 1206 1155 1273 castigare,
1197 1211 1330 1265 alios
1359 1230 1489 1269 vero
1538 1232 1603 1270 ex
1652 1222 1962 1288 progenito-

388 1286 535 1340 ribus
580 1290 813 1346 salvare.
850 1294 1028 1360 Quare
1058 1298 1170 1352 ait:
1224 1299 1438 1357 Nullum
1476 1307 1568 1360 tibi
1596 1286 1816 1364 verbum
1859 1313 1965 1366 erit

388 1379 735 1447 impossibile,
760 1384 873 1438 sive
928 1388 1093 1443 libeat
1134 1390 1407 1460 misereri,
1450 1397 1563 1452 sive
1593 1400 1807 1466 punire,
1844 1402 1960 1458 sive

386 1470 452 1521 ad
476 1468 691 1541 longum
745 1483 976 1545 tempus.

460 1558 617 1616 Vens.
656 1564 741 1616 19.
773 1564 912 1619 Deus
951 1585 1155 1639 magne.

452 1653 603 1718 Quod
663 1658 801 1724 apud
852 1659 1098 1716 homines
1142 1666 1368 1722 divisum
1422 1680 1544 1736 est,
1583 1674 1849 1742 sapientia
1908 1685 1964 1730 et

384 1747 642 1810 potentia.

457 1835 611 1889 Oculi
637 1841 735 1901 tui,

458 1924 520 1978 Et
559 1936 703 1981 recte
730 1929 886 1998 dixit,
942 1935 1112 2003 aperti
1161 1946 1287 1991 sunt
1337 1940 1482 1993 omni
1531 1951 1794 2013 tempore,
1829 1962 1964 1999 nun-

385 2031 548 2083 quam
579 2034 672 2073 eos
724 2021 969 2090 claudis;
1028 2027 1217 2083 oculus
1268 2030 1417 2100 vigil,
1454 2033 1542 2101 qui
1577 2035 1721 2090 nullo
1772 2053 1964 2106 sepore

384 2109 701 2178 corripitur.
749 2112 860 2169 Non
897 2126 1077 2185 potest
1117 2122 1407 2190 quisquam
1456 2126 1661 2191 dicere,
1691 2128 1877 2182 videre
1913 2138 1963 2182 te

384 2199 622 2264 quidem,
649 2204 743 2255 sed
774 2218 879 2257 non
906 2209 1227 2265 retribuere.
1262 2210 1375 2268 Hoc
1419 2216 1582 2269 etiam
1617 2218 1668 2270 iu
1723 2219 1959 2272 homini-

390 2287 489 2341 bus
538 2300 643 2356 est,
675 2309 781 2347 non
816 2304 992 2352 tamen
1039 2299 1110 2353 ita
1174 2302 1226 2355 in
1279 2313 1365 2372 te;
1394 2308 1488 2362 sed
1519 2308 1661 2364 oculi
1695 2311 1769 2364 tui
1801 2325 1963 2379 super

384 2394 575 2434 ontnes
605 2383 752 2446 vias,
786 2386 950 2439 etiam
994 2392 1257 2447 occultas.

460 2467 623 2526 Vens.
648 2473 737 2531 9-0.
767 2478 869 2541 Qui
900 2482 1090 2547 fecisti.

457 2559 519 2614 Et
552 2563 650 2618 hoc
673 2567 907 2633 virtutis,
933 2582 987 2626 et
1010 2574 1255 2643 iustitiae,
1289 2585 1343 2633 et
1370 2579 1611 2650 pietatis,
1640 2591 1696 2638 et
1722 2584 1964 2641 scientiae

385 2668 520 2722 opus
553 2664 653 2708 est.

459 2744 615 2799 Vens.
648 2749 738 2803 23.
783 2750 847 2804 Et
888 2767 991 2806 non
1030 2757 1317 2812 audierunt
1353 2776 1526 2815 vacem
1577 2775 1746 2821 tuam.

453 2838 517 2891 Et
575 2838 753 2895 fecisti
793 2852 853 2896 ut
901 2847 1186 2903 evenirent
1248 2850 1353 2907 illis
1397 2855 1579 2910 omnia
1627 2857 1768 2913 mala
1826 2859 1961 2915 lucc.

464 3013 623 3069 Vnus.
652 3017 743 3071 24.
776 3019 912 3075 Ecce
938 3026 1111 3079 turba.

461 3102 742 3173 Reliquum
775 3120 959 3177 petere
989 3131 1092 3168 non
1126 3121 1316 3186 audet,
1368 3124 1460 3178 sed
1523 3131 1836 3185 memoriam
1874 3151 1962 3190 re-

388 3195 519 3262 petit
546 3210 732 3250 eorum
772 3216 893 3268 qua:
947 3204 1075 3258 olim
1108 3224 1206 3275 pro
1230 3214 1428 3278 pepqu
1459 3216 1600 3272 facta
1637 3232 1786 3277 sunt.
1823 3226 1962 3292 Quid

389 3283 565 3336 dicam
599 3303 702 3340 non
733 3290 940 3360 habeo;
967 3300 1111 3364 quod
1150 3304 1416 3359 mandasti
1449 3306 1573 3373 I’cci,
1610 3310 1737 3369 licet
1765 3317 1959 3373 civitas

387 3374 689 3438 Captivitati
738 3382 1003 3436 tradatur.

457 3461 652 3519 ‘Vsns.
682 3466 773 3519 24.
816 3468 881 3524 Et
920 3472 1114 3541 factum
1142 3489 1217 3532 est
1243 3483 1454 3539 verbum
1504 3486 1715 3544 Domini
1768 3496 1836 3546 ad
1882 3512 1962 3548 me

385 3555 595 3612 dicens:
626 3559 741 3629 Ego
760 3562 1015 3621 Dominus
1042 3568 1181 3624 Deus
1208 3578 1460 3632 universa:
1490 3584 1693 3649 carnis,
1724 3589 1959 3656 nunquid

385 3661 417 3697 a
470 3663 551 3700 me
594 3650 945 3709 abscondetur
992 3677 1140 3715 omne
1174 3666 1379 3720 verbum
1410 3673 1435 3725 Ρ

451 3737 698 3795 Praedicit
722 3757 906 3813 postea
943 3748 1185 3807 civitatis
1217 3757 1514 3826 excidium,
1556 3773 1611 3818 et
1653 3768 1959 3824 revocatio-

385 3843 506 3882 netu
529 3833 730 3901 subdit,
765 3836 865 3892 hoc
887 3842 1157 3909 propheta:
1186 3845 1487 3914 insinuans,
1518 3852 1715 3910 frustra
1743 3872 1867 3913 eum
1905 3861 1957 3914 in

384 3933 671 3977 maerorem
703 3926 1002 3998 delapsum,
1037 3935 1180 4002 quod
1231 3952 1417 4006 agrum
1448 3946 1690 4002 emisset.
1744 3950 1956 4006 Etenim

381 4017 503 4058 cum
529 4011 873 4069 exactissime
903 4032 1118 4073 nossem
1149 4038 1267 4092 qua:
1299 4039 1420 4095 post
1465 4032 1578 4086 bzec
1625 4035 1805 4093 futura
1867 4057 1955 4096 es-

384 4105 527 4159 sent,
585 4105 980 4161 revocatiouem
1033 4112 1304 4179 pollicitus
1352 4134 1495 4185 sum,
1518 4136 1571 4177 et
1598 4139 1806 4184 certum
1858 4132 1954 4187 tibi

387 4199 565 4239 rerum
602 4188 901 4248 futurarum
942 4198 1151 4265 signum
1180 4188 1299 4260 esse
1325 4218 1575 4274 poterunt
1604 4230 1690 4269 res
1716 4233 1954 4286 prasen-

390 4285 490 4329 tes.
525 4275 641 4329 Dixi
669 4295 901 4351 namque
926 4286 1200 4345 civitatem
1221 4298 1593 4364 expilandam,
1634 4314 1690 4358 et
1713 4308 1951 4377 expilata

1166 267 1731 332 SUPPLEMENTUM
1770 276 1861 331 AD
1903 278 1964 337 S.
2000 276 2049 336 J.
2090 277 2586 339 CHRYSOSTOSII
2627 281 2868 338 OPERA.

1994 407 2043 464 Λ

3548 288 3657 345 988⁷

2146 398 2208 451 '0
2230 399 2549 467 (Br,Ktipte.

2137 491 2251 561 Οὐχ
2282 492 2471 555 ἁπλῶς
2506 491 2953 560 ἐπισημαίνεται,
2982 489 3072 542 καί
3104 506 3289 561 φησιν’
3319 492 3384 543 Ὀ
3412 490 3517 555 ὢν,
3546 493 3648 545 Δε-

2065 583 2293 648 σπότα,
2327 584 2519 650 Κύριε.
2548 584 2660 635 Οὐκ
2684 582 2834 634 ἔστιν
2856 582 3053 645 εἰπεῖν,
3085 582 3167 634 ὅτι
3207 581 3610 651 παρελεύσεται
3629 599 3643 612 ·

2064 674 2285 728 δύνασαι
2317 676 2425 741 ἀεὶ,
2458 675 2543 729 ἀεὶ
2571 676 2680 746 γὰρ
2712 675 2917 746 Κύριος
2950 668 3019 726 εἴ.
3052 672 3265 727 Οὐκοῦν
3290 678 3535 746 κρατεῖς.

2133 766 2240 820 Καὶ
2275 766 2621 832 ἀποδιδούς.

2135 860 2210 911 Οὐ
2241 859 2408 927 λέγει,
2436 859 2533 912 ἐπὶ
2563 858 2678 925 τὴν
2706 859 2911 927 τρίτην
2948 857 3047 911 καὶ
3083 857 3370 927 τετάρτην
3407 862 3645 928 γενεὰν,

2064 946 2200 1001 ἀλλὰ
2233 948 2391 1001 τοῦτο
2438 951 2585 1020 σιγᾷ.
2622 949 2885 1002 Βούλεται
2933 953 3043 1018 γὰρ
3086 948 3288 1012 αὐτοὺς
3349 951 3648 1020 ἐλεηθῆναι

2065 1038 2248 1092 πάλιν.
2286 1040 2393 1108 Τῆς
2429 1041 2716 1109 δυνάμεως
2757 1038 2918 1091 τοῦτο
2952 1038 3115 1109 ἔργον
3158 1040 3298 1101 ἐστὶ,
3330 1038 3393 1092 τὸ
3429 1040 3523 1092 καὶ
3554 1042 3649 1093 ἐν·-

2063 1130 2237 1182 ταῦθα
2283 1130 2544 1184 δύνασθαι
2593 1130 2810 1195 σώζειν,
2865 1130 2961 1183 καὶ
3026 1128 3278 1193 κολάζειν
3333 1130 3460 1194 τοὺς
3523 1133 3645 1200 μετ’

2064 1219 2323 1281 ἐκείνους.
2372 1214 2519 1283 Οἷον,
2567 1220 2649 1272 ὅτι
2698 1219 2925 1274 δύνασαι
2961 1220 3089 1283 τοὺς
3144 1220 3284 1291 μετὰ
3331 1221 3506 1274 ταῦτα
3547 1239 3647 1275 κου

2062 1312 2245 1379 λάσαι,
2277 1316 2404 1378 τοὺς
2429 1315 2484 1368 δὲ
2512 1315 2682 1369 σῶσαι
2714 1318 2778 1368 ἐκ
2824 1317 2931 1369 τῶν
2973 1316 3279 1385 προγόνων.
3313 1316 3407 1369 Διό
3439 1333 3607 1385 φησιν
3627 1331 3643 1343 ο

2064 1403 2232 1454 Οὐδὲν
2272 1404 2598 1473 ἀδυνατήσει
2647 1421 2727 1457 σοι
2787 1406 2958 1477 ῥῆμα,
2997 1406 3101 1460 κᾶν
3127 1406 3348 1476 ἐλεῆσαι
3381 1405 3502 1476 δέῃ,
3537 1405 3646 1459 κᾶν

2064 1490 2315 1554 κολάσαι,
2347 1492 2451 1545 κᾶν
2478 1493 2570 1545 ἐπὶ
2596 1495 2788 1564 χρόνον
2821 1495 3013 1549 πολύν.

2146 1579 2208 1632 '0
2245 1581 2388 1649 Θεὸς
2411 1583 2623 1652 μέγας.

2137 1671 2314 1742 Ὅπερ
2360 1674 2484 1726 καθ’
2535 1676 2694 1728 ἑαυτὸ
2740 1674 3149 1747 κεχωρισμένον
3197 1675 3313 1728 ἐστὶ⁴
3346 1675 3500 1746 παρὰ
3546 1674 3645 1730 ἁν-

1994 1757 2035 1810 B
2066 1760 2326 1832 Ορώποις,
2362 1764 2526 1835 σοφίᾳ
2558 1768 2652 1817 καὶ
2682 1766 2933 1836 δυνάμει.

2136 1855 2200 1905 Oi
2223 1853 2522 1922 ὀφθαλμοί
2548 1872 2685 1910 σου.

2138 1944 2248 1997 Καὶ
2283 1945 2466 2009 καλῶς
2497 1943 2673 2009 εἶπεν,
2709 1946 3080 2017 ’Λνεῳγμένοι
3108 1948 3197 2001 διὰ
3228 1949 3427 2013 παντός
3460 1950 3599 2003 εἰσιν
3624 1965 3641 1980 ⁸

2062 2036 2185 2089 οὑδέ
2212 2053 2344 2089 ποτε
2374 2038 2572 2100 αὐτοὺς
2597 2038 2755 2107 μύεις
2777 2057 2789 2069 ·
2841 2039 3121 2109 ἄγρυπνος
3154 2040 3455 2110 ὀφθαλμὸς,
3482 2042 3642 2094 ἀκοί-

2065 2146 2234 2199 μητον
2253 2129 2427 2199 ὄμμα.
2454 2130 2567 2182 Οὐκ
2598 2128 2709 2199 ἔχει
2730 2147 2811 2192 τις
2842 2131 3038 2195 εἰπεῖν,
3069 2134 3151 2186 ὅτι
3191 2132 3353 2202 Ὁρᾷς
3389 2132 3509 2201 μὲν.
3539 2133 3645 2185 οὐκ

2063 2219 2429 2282 ἀνταποδίδως
2456 2220 2530 2273 δέ.
2565 2221 2673 2272 Καὶ
2701 2220 2832 2272 αὐτὸ
2860 2222 2974 2284 τοῖς
3000 2221 3315 2292 ἀνθρώποις
3352 2223 3641 2292 πάρεστιν,

2064 2310 2179 2363 ἀλλ’
2223 2311 2319 2380 οὐχ
2344 2310 2517 2373 οὕτως
2548 2311 2641 2365 ἐπὶ
2661 2308 2776 2375 σοῦ,
2815 2311 2930 2363 ἀλλ’
2956 2314 3037 2375 εἰς
3075 2312 3254 2375 πάσας
3280 2312 3377 2376 τὰς
3405 2313 3560 2376 ὀδοὺς
3587 2315 3643 2365 οἱ

2063 2399 2333 2468 ὀφθαλμοί
2364 2418 2481 2462 σου,
2511 2401 2607 2453 καὶ
2629 2400 2726 2464 τὰς
2757 2401 3148 2465 λανθανούσας.

2141 2491 2245 2555 ⁸³ος
2267 2490 2582 2559 ἐποίησας.

2133 2580 2241 2632 Καὶ
2266 2578 2427 2635 τοῦτο
2455 2582 2762 2653 δυνάμεως,
2798 2584 2892 2636 καὶ
2921 2582 3290 2654 δικαιοσύνης,
3326 2584 3421 2639 καὶ
3445 2584 3639 2653 φιλαν-

2065 2670 2331 2740 θρωπίας,
2364 2674 2455 2725 καὶ
2484 2672 2741 2737 γνώσεως
2776 2674 2938 2745 ἔργον
2970 2674 3108 2729 ἐστί.

2133 2763 2241 2816 Καὶ
2272 2765 2381 2816 οὐκ
2405 2762 2679 2831 ἤκουσαν
2711 2765 2819 2833 τῆς
2843 2764 3049 2835 φωνῆς
3079 2782 3216 2821 σου.

2135 2855 2244 2906 Καὶ
2273 2856 2536 2924 ἐποίησας
2567 2857 2845 2926 συμϐῆναι
2882 2859 3081 2923 αὐτοῖς
3129 2859 3347 2914 ἅπαντα
3394 2859 3464 2912 τὰ
3495 2861 3649 2913 κακά

2066 2944 2262 2999 ταῦτα.

2147 3036 2304 3090 Ἰδοὺ
2333 3037 2537 3104 ὄχλος.

2138 3129 2211 3181 Οὐ
2247 3130 2421 3199 τολμᾷ
2465 3129 2525 3181 τὺ
2554 3128 2740 3182 λοιπὸν
2775 3131 3022 3201 αἰτῆσαι,
3059 3131 3175 3185 ἀλλ’
3230 3132 3649 3201 ἀναμιμνήσκει

2064 3218 2173 3272 τῶν
2202 3221 2488 3290 προτέρων
2519 3220 2660 3291 ὑπὲρ
2689 3220 2784 3273 τοῦ
2829 3220 2961 3275 λαοῦ
3009 3223 3341 3293 γενομένων.
3390 3225 3505 3277 Οὐκ
3533 3224 3651 3294 ἔχω

2064 3309 2115 3361 τί
2145 3310 2319 3361 εἷπω’
2356 3310 2494 3362 ἀλλὰ
2535 3311 2597 3363 τὸ
2643 3312 2937 3382 ἐπιταχθὲν
2987 3314 3242 3386 ἐποίησα,
3296 3314 3503 3368 καίτοι
3544 3316 3649 3384 τῆς

2064 3399 2270 3462 πόλεως
2298 3401 2555 3470 ἁλούσης.

2137 3494 2150 3511 ⁵
2188 3491 2296 3546 Καὶ
2342 3492 2578 3561 ἐγένετο
2614 3495 2798 3563 λόγος
2832 3497 3056 3563 Κυρίου
3100 3500 3249 3567 πρός
3296 3515 3372 3567 με
3410 3498 3644 3568 λέγων’

2076 3578 2222 3649 Ἐγὼ
2246 3580 2456 3648 Κύριος
2489 3584 2521 3636 ὀ
2552 3583 2693 3649 Θεὸς
2719 3582 2923 3653 πάσης
2948 3585 3193 3654 σαρκὸς.
3233 3585 3320 3655 μὴ
3362 3588 3464 3642 ἀπ’
3493 3590 3649 3659 ἐμοῦ

2061 3670 2422 3740 κρυϐιὶσεται
2449 3672 2568 3739 πᾶς
2595 3676 2801 3743 λόγος.
3412 3698 3421 3703 ’

2131 3760 2264 3815 Εἶτα
2318 3764 2577 3834 προλέγει
2624 3766 2722 3835 τῆς
2766 3767 2975 3831 πόλεως
3006 3770 3103 3840 τὴν
3138 3770 3364 3837 ἅλωσιν,
3396 3772 3493 3826 καὶ
3540 3774 3647 3845 τὴν

2059 3856 2355 3927 ἀνάκλησιν
2391 3858 2621 3927 ἐπάγει·
2650 3857 2808 3911 τοῦτο
2841 3859 3015 3928 λέγων
3047 3863 3183 3932 πρδς
3211 3864 3302 3918 τὸν
3327 3868 3643 3935 προφήτην,

2057 3947 2138 3999 ὅτι
2168 3949 2363 4016 Μάτην
2393 3949 2475 4011 είς
2506 3950 2663 4002 ἀνίαν
2689 3950 2964 4021 κατέστης
2996 3953 3297 4023 πριάμενος
3327 3955 3419 4009 τὸν
3445 3957 3638 4028 ἀγρόν.

2071 4038 2334 4108 Ἀκριϐὧς
2353 4039 2458 4110 γὰρ
2483 4040 2552 4091 τὰ
2580 4040 2718 4109 μετὰ
2739 4040 2912 4095 ταῦτα
2932 4044 3164 4113 ἐσόμενα
3189 4044 3363 4111 εἰδὼς,
3390 4046 3487 4117 τὴν
3505 4048 3643 4101 ἀνά-

2056 4127 2248 4195 κλησιν
2281 4130 2621 4201 ὑπεσχόμην.
2665 4133 2898 4201 Σημεῖόν
2926 4133 2982 4185 δὲ
3018 4134 3161 4188 ἔστω
3200 4153 3286 4189 σοι
3314 4138 3417 4205 τῆς
3468 4140 3641 4208 ἀκρι-

2057 4219 2208 4281 ϐείας
2239 4220 2332 4273 τοῦ
2366 4220 2655 4290 μέλλοντος
2687 4223 2756 4275 τὰ
2804 4224 3047 4293 παρόντα
3103 4226 3311 4289 αὐτοῖς.
3381 4227 3471 4287 '0;
3526 4229 3640 4295 γὰρ

2056 4310 2150 4364 νῦν
2189 4312 2324 4382 ἔφην
2369 4312 2676 4368 ἁλώσεσθαι
2720 4315 2819 4386 τὴν
2866 4316 3041 4380 πόλιν,
3074 4319 3168 4370 καὶ
3202 4318 3396 4388 γέγονε
3444 4320 3634 4373 τοῦτο·

382 4375 484 4423 est.
512 4369 602 4424 Sic
624 4383 677 4425 et
694 4378 1090 4435 revocationem
1110 4388 1393 4455 annuntio,
1411 4392 1661 4464 quodque
1677 4369 1950 4468 polliceor.

2060 4369 2458 4474 οὖτιοξμηνόω
2504 4407 2598 4459 καὶ
2650 4408 2748 4477 τὴν
2774 4369 3108 4479 ’ἀνάκλησιὴ
3158 4369 3253 4462 κᾶι
3280 4369 3487 4465 τελέσω
3535 4414 3641 4481 τὴν

383 4472 442 4510 re
477 4458 588 4527 ipsa
613 4468 896 4528 praestabo.

456 4546 615 4605 Vsus.
639 4552 730 4607 27.
770 4553 882 4628 Ego
911 4559 1187 4621 Dominus.

451 4639 637 4706 Vides,
670 4646 771 4702 hoc
819 4666 942 4707 esse
974 4659 1115 4725 quod
1150 4658 1238 4716 ille
1277 4666 1515 4732 petebat,
1546 4684 1617 4725 ne
1647 4672 1778 4728 urbs
1844 4683 1955 4729 tra-

380 4730 637 4788 deretur?
660 4737 731 4792 At
764 4740 853 4796 ille
884 4743 1044 4800 veluti
1081 4763 1138 4804 se
1172 4730 1474 4824 excusans,
1508 4759 1821 4829 iniquitates
1869 4766 1954 4820 lo-

380 4840 566 4880 corum
591 4829 698 4899 igni
736 4834 1121 4894 tradendorum
1147 4882 1162 4907 ,
1200 4860 1527 4919 causamque
1576 4858 1953 4925 prosequitur.

455 5006 615 5065 Vens.
650 5013 738 5067 50.
772 5013 909 5080 Quia
941 5019 1174 5086 fuerunt.

451 5100 562 5167 Ilia,
594 5104 689 5166 ait,
729 5121 848 5173 qua:
876 5112 942 5163 ad
972 5128 1058 5167 me
1086 5119 1422 5189 spectabant,
1450 5122 1551 5179 feci
1572 5164 1587 5190 ,
1619 5126 1802 5194 docui,
1829 5145 1953 5186 eru-

380 5192 510 5247 divi.
545 5197 615 5249 At
646 5198 718 5251 illi
751 5199 803 5252 in
842 5204 1104 5259 malitiam
1139 5209 1274 5279 lapsi
1308 5226 1454 5267 sunt.
1487 5192 1856 5277 Ostenderu—ut
1890 5238 1950 5278 se

382 5286 532 5351 quasi
566 5289 910 5346 aemulatione
939 5298 1169 5364 quadam
1208 5301 1324 5357 haec
1356 5304 1573 5371 fecisse,
1604 5325 1726 5365 aras
1754 5327 1945 5368 erexe-

383 5386 507 5430 runt
544 5380 598 5433 in
651 5384 847 5454 templo
886 5403 1040 5454 meo;
1090 5403 1144 5445 et
1186 5404 1383 5450 cmtera
1431 5400 1612 5454 omnia
1655 5403 1947 5471 audebant,

379 5475 432 5516 ct
477 5468 612 5524 tilios
645 5477 1080 5549 combusscruut,
1133 5494 1185 5539 ct
1233 5497 1481 5543 naturam
1527 5492 1698 5560 ipsam
1735 5494 1949 5563 ignora-

382 5566 525 5609 ῐηιιι.

452 5644 613 5707 Vens.
646 5655 730 5711 56.
773 5658 834 5714 Et
866 5681 999 5720 nunc
1024 5668 1097 5721 sic
1123 5670 1257 5725 dixit
1286 5670 1563 5732 Dominus.

2058 4495 2372 4565 ὑπόσχεσιν.

2127 4587 2277 4656 Ἐγὼ
2299 4590 2536 4657 Κύριος.

2137 4677 2319 4749 Ὁρᾷς,
2347 4680 2430 4732 ὅτι
2476 4680 2640 4736 τοῦτο
2666 4682 2829 4736 αὐτὸν
2855 4682 3030 4752 ἠξίου,
3072 4683 3212 4738 ὥστε
3249 4685 3327 4757 μὴ
3362 4686 3641 4756 παραδοῦ-

2054 4785 2144 4823 ναι
2171 4769 2269 4840 τὴν
2288 4771 2442 4824 πόλιν
2466 4789 2481 4837 ;
2513 4773 2541 4823 ὁ
2563 4772 2620 4825 δὲ
2643 4776 2924 4845 μονονουχὶ
2950 4776 3411 4845 ἀπολογούμενος,
3440 4779 3535 4831 καὶ
3564 4782 3641 4833 τὰ

2053 4861 2428 4933 ἁμαρτήματα
2454 4863 2605 4932 λέγει
2636 4864 2744 4919 τῶν
2778 4866 2958 4921 τόπων
2987 4868 3094 4921 τῶν
3122 4868 3436 4938 μελλόντων
3461 4886 3639 4923 καταρ

2055 4954 2326 5018 καίεσθαι,
2351 4956 2444 5008 καὶ
2468 4956 2566 5026 τὴν
2598 4957 2800 5012 αἰτίαν.

2127 5047 2248 5099 Ὅτι
2279 5042 2465 5116 ἦσαν.

2124 5137 2206 5191 Τὰ
2230 5141 2359 5211 παρ’
2384 5140 2621 5210 ἐμαυτοῦ
2654 5142 2832 5197 πάντα
2866 5145 3119 5216 ἐποίησα,
3165 5148 3353 5217 φησὶν,
3388 5147 3637 5212 ἐδίδαξα,

2053 5229 2350 5283 ἐπαίδευσα
2371 5247 2382 5260 ·
2419 5233 2470 5284 ol
2495 5232 2551 5285 δὲ
2578 5235 2658 5296 εἰς
2693 5235 2894 5287 κακίαν
2922 5234 3238 5299 ἐξώκειλαν.
3273 5236 3529 5305 Ἐδειξαν
3548 5240 3637 5292 ὅτι

2053 5320 2628 5390 προσφιλονεικοῦντες
2652 5325 2826 5379 ταῦτα
2855 5327 3099 5382 ἐποίουν.
3134 5329 3362 5398 Βωμοὺς
3387 5330 3633 5400 ἔστησαν

2052 5414 2108 5465 ἐν
2135 5412 2213 5483 τῷ
2245 5413 2357 5484 ναῷ
2383 5432 2484 5481 μου
2503 5432 2516 5445 ·
2547 5416 2645 5470 καὶ
2674 5417 2743 5470 τὰ
2776 5418 2912 5472 ἄλλα
2935 5419 2993 5473 δὲ
3028 5420 3206 5475 πάντα
3231 5421 3501 5491 ἐτόλμων,
3537 5425 3635 5476 καὶ

2051 5505 2176 5568 τοὺς
2246 5507 2392 5570 υἱοὺς
2455 5507 2836 5574 κατέκαυσαν,
2894 5513 2987 5567 καὶ
3054 5512 3223 5583 αὐτὴν
3294 5514 3395 5583 τὴν
3467 5515 3636 5581 φύσιν

2054 5595 2348 5663 ἠγνόησαν.

2122 5684 2226 5739 Καὶ
2259 5686 2373 5741 νῦν
2403 5689 2589 5756 οὕτως
2614 5690 2741 5745 εἷπε
2762 5693 2996 5761 Κύριος.
