4058 6212
337 324 444 384 983

1439 335 1877 392 FRAGMENTA
1900 337 1964 391 IN
1997 339 2368 397 JERE‘dlAM.

3499 357 3606 412 9‘30

423 446 565 514 Ἐγὼ
595 447 928 518 παραδώσω,
986 453 1079 506 καὶ
1131 454 1330 508 ἀνοέσω
1391 455 1609 518 αὐτούς.
1649 457 1756 508 Καὶ
1805 457 1910 526 βίον

2096 459 2205 529 Ego
2242 461 2473 527 tradam,
2509 471 2561 516 et
2595 477 2695 533 ego
2726 478 2818 518 cos
2854 464 3128 520 reducam.
3165 465 3226 518 Et
3261 469 3601 526 admirabilia

338 539 652 607 θαυμαστὸν
692 541 1071 598 ἐπιδείκνυται
1115 546 1322 610 αὐτοῖς,
1380 549 1475 599 καὶ
1517 547 1747 618 καρδίαν
1795 549 1915 601 Oso-

339 631 493 701 φιλὴ,
517 633 656 702 ὅπερ
686 633 779 686 ἀεὶ
813 634 962 702 λέγει
1012 637 1108 690 καὶ
1141 636 1411 708 διαθήκην
1461 637 1698 692 αἰώνιον.
1732 640 1916 694 Ταῦτα

336 722 487 786 τέλος
532 724 780 796 εἴληφεν.
839 725 902 780 Ei
938 727 996 782 δὲ
1045 729 1145 782 οὐκ
1175 728 1358 796 ἔλαϐε,
1400 729 1534 784 πότε
1577 730 1752 794 ἔσται,
1793 731 1916 787 είπέ

339 829 430 883 μοι
447 829 464 876 ;

406 906 422 922 '
451 904 556 957 Kal
588 903 874 972 κτήσεται
916 904 1132 975 dumi);
1166 905 1238 959 ἐν
1263 906 1543 976 ἀργυρίῳ,
1571 910 1669 962 καὶ
1699 911 1918 979 γράψε-ο

333 1011 428 1048 ται
455 995 526 1047 ἐν
549 995 784 1062 βιϐλίῳ,
829 997 925 1050 καὶ
971 997 1518 1065 σφραγισθήσεται,
1543 999 1639 1053 καὶ
1673 1001 1917 1070 διαμαρ-

332 1087 591 1156 τυρεῖται
619 1089 946 1156 μαρτυρίας
971 1089 1041 1141 ἐν
1079 1087 1157 1156 τῇ
1193 1091 1500 1160 Βενιαμίν,
1541 1091 1638 1144 καὶ
1681 1094 1914 1146 κύκλω-

334 1182 440 1232 θεν
489 1179 912 1247 Ἰερουσαλὴμ,
945 1180 1040 1232 καί
1076 1180 1146 1233 ἐν
1171 1181 1433 1234 πόλεσιν
1463 1181 1682 1249 Ἰούδα,
1726 1185 1820 1238 καὶ
1847 1186 1916 1238 ἐν

333 1273 553 1325 πόλεσι
580 1270 686 1324 τοῦ
714 1270 911 1338 ὅρους,
939 1269 1039 1324 καὶ
1063 1271 1134 1324 ἐν
1159 1273 1376 1325 πόλεσι
1409 1271 1521 1342 τῆς
1550 1272 1794 1340 Σεφιλᾶ,
1816 1273 1914 1327 καὶ

331 1364 403 1415 ἐν
431 1364 651 1416 πόλεσι
684 1359 791 1428 τῆς
819 1362 1030 1431 Norici,
1081 1363 1171 1416 ὅτι
1208 1365 1571 1434 ἀποστρέψω
1604 1366 1712 1432 τὰς
1746 1367 1916 1422 ἀποι-

332 1456 468 1519 κίας
495 1451 716 1515 αὐτῶν,
754 1455 908 1522 φησι
945 1456 1181 1521 Κύριος.
1361 1442 1390 1458 κ

413 1548 508 1598 Ὃν
529 1545 638 1616 γὰρ
665 1545 865 1616 τρόπον
891 1547 1111 1615 ἐκτήσω
1140 1549 1203 1600 σὺ
1239 1547 1333 1600 νῦν
1369 1549 1676 1618 ἀσφάλειαν
1709 1553 1774 1623 τῇ
1805 1553 1904 1624 τῆς

331 1636 504 1704 νομῆς
533 1634 830 1702 παραδόσει
853 1634 1246 1704 ποιησάμενος,
1272 1635 1446 1700 οὕτως
1477 1637 1630 1690 ἔσται
1662 1642 1754 1694 καὶ
1775 1641 1914 1710 μετὰ

330 1727 431 1797 τὴν
459 1725 738 1780 ἐπάνοδον.
771 1726 845 1778 Τὸ
868 1726 927 1779 δὲ
956 1727 1026 1778 ἐν
1049 1729 1269 1781 πόλεσι
1307 1725 1419 1795 τῆς
1446 1728 1641 1799 Νογὲϐ
1659 1731 1914 1784 ἀποκλεί-

2023 551 2146 606 vita:
2175 552 2418 606 instituta
2448 553 2550 608 illis
2579 557 2837 622 ostendit,
2865 569 2920 612 et
2948 573 3042 611 cor
3075 559 3163 613 Dei
3200 574 3390 614 amans
3415 601 3430 627 ,
3461 549 3614 630 quod.

2019 656 2236 710 semper
2262 642 2520 708 inculcat,
2543 654 2597 698 et
2623 655 3010 701 testamentum
3039 651 3450 716 sempiternum.
3480 649 3604 703 lla-c

2020 733 2180 788 linem
2208 746 2364 790 nacta
2397 747 2544 792 sunt.
2575 736 2672 792 Sin
2703 739 2904 804 minug
2928 743 3145 810 quando
3173 754 3352 804 ciunt.
3379 745 3601 811 quarso?

2091 915 2106 932 ⁴
2147 913 2309 970 Vsus.
2342 918 2432 972 44.
2462 919 2522 972 Ει
2545 921 2828 988 possidebit
2861 938 3015 991 agros
3047 925 3098 976 in
3129 934 3365 993 argento,
3387 933 3437 978 et
3467 926 3597 979 scri-

2019 1005 2095 1059 bet
2118 1007 2172 1060 in
2201 1009 2356 1078 libro,
2382 1019 2432 1064 et
2463 1012 2754 1080 obsignabit
2773 1052 2786 1076 ,
2814 1025 2861 1066 et
2891 1017 3266 1068 contestabitur
3297 1019 3594 1072 testimonia

2020 1102 2073 1152 in
2102 1098 2403 1167 Benjamin,
2435 1112 2482 1156 et
2510 1104 2564 1156 ia
2601 1105 2900 1160 civitatibus
2922 1106 3088 1171 Juda,
3132 1121 3176 1161 et
3208 1110 3260 1162 in
3295 1111 3598 1165 civitatibus

2017 1190 2230 1255 montis,
2257 1200 2306 1243 et
2330 1192 2384 1244 in
2415 1193 2715 1249 civitatibus
2741 1195 2976 1265 Sepltila,
2996 1211 3039 1252 et
3064 1201 3116 1252 in
3147 1201 3442 1256 civitatibus
3477 1196 3594 1258 No-

2015 1279 2131 1348 geb,
2167 1283 2290 1350 quia
2319 1286 2489 1338 redire
2513 1285 2708 1354 faciam
2746 1291 3239 1360 transmigratiouss
3272 1308 3449 1345 eorum
3476 1297 3593 1358 ,ait

2015 1370 2294 1428 Dominus.

2087 1555 2201 1622 Qua
2232 1558 2375 1611 enim
2410 1561 2639 1624 ratione,
2672 1562 3036 1630 possessionis
3067 1565 3416 1620 securitatem
3446 1565 3590 1620 obii.

2017 1649 2214 1714 nuisti,
2251 1648 2485 1719 jnridica
2536 1652 2826 1707 traditione
2883 1669 3001 1707 eam
3043 1657 3354 1718 stabiliens.
3403 1659 3590 1713 eadem

2015 1740 2141 1800 erit.
2177 1749 2234 1794 et
2271 1751 2394 1810 post
2435 1743 2688 1797 reditum.
2722 1743 2854 1798 illud
2886 1761 3015 1802 vero
3055 1747 3109 1802 in
3143 1747 3440 1802 civitatibus
3487 1749 3594 1802 No-

334 1837 542 1891 σματος
563 1819 654 1872 τὸν
676 1820 840 1872 τόπον
866 1821 1128 1890 ἐμήνυσε,
1151 1819 1458 1884 τουτέστιν,
1491 1821 1550 1873 ἐν
1574 1824 1697 1885 ταῖς
1721 1823 1908 1876 πόλεσι

2013 1829 2136 1898 geb,
2163 1831 2401 1885 carceris
2425 1830 2601 1888 locum
2630 1835 2910 1902 indicavit,
2930 1839 3028 1892 hoc
3055 1849 3140 1893 est
3171 1840 3222 1893 in
3281 1840 3592 1894 civitatibus

330 1913 453 1974 ταῖς
481 1910 622 1980 πρὸς
667 1909 842 1976 νότον,
891 1910 979 1965 ἵνα
1029 1913 1184 1985 εἴπῃ,
1213 1911 1494 1983 πανταχοῦ
1537 1912 1636 1984 τῆς
1670 1915 1774 1983 γῆς
1809 1915 1912 1984 τῆς

330 2004 687 2073 ἐπαγγελίας.

1393 2061 1422 2070 .-

921 2117 1176 2172 ΚΕΦΔΛ.
1216 2118 1339 2174 ΛΡ.

403 2231 510 2285 Καὶ
547 2228 775 2299 κράξον
796 2229 945 2298 πρός
965 2247 1061 2299 με.

407 2325 570 2394 Ὅρα,
603 2324 720 2386 πῶς
770 2322 1020 2394 βούλεται
1065 2321 1348 2376 οἰκειῶσαι
1373 2322 1460 2376 διὰ
1488 2324 1588 2393 τῆς
1619 2325 1786 2396 εὐχῆς
1819 2326 1912 2380 τὸν

331 2419 654 2487 προφήτην;
707 2413 860 2467 Ἐπεὶ
890 2413 987 2466 καὶ
1013 2414 1255 2482 Μωῦσῆς
1278 2414 1411 2467 αὐτὸ
1430 2414 1624 2478 ἔπαθε,
1648 2418 1824 2485 λέγων
1852 2419 1912 2470 ἐν

328 2511 453 2570 ταῖς
483 2505 842 2574 ἐπαγγελίαις
864 2522 879 2535 ·
911 2503 1046 2570 Πῶς
1074 2503 1250 2558 τοῦτο
1268 2520 1286 2567 ;
1305 2503 1392 2571 μὴ
1423 2505 1488 2558 τὸ
1519 2505 1676 2574 ὄψον
1698 2507 1914 2574 δώσεις

329 2601 536 2666 αὐτοῖς
577 2597 687 2666 τῆς
727 2595 1068 2662 θαλάσσης,
1110 2597 1207 2648 καί
1240 2595 1426 2662 βόας,
1488 2598 1586 2650 καὶ
1645 2601 1912 2666 πρόϐατα

332 2691 540 2756 θύσεις
599 2687 846 2752 αὑτοῖς;
877 2687 940 2739 Ei
983 2686 1093 2756 γὰρ
1134 2687 1230 2739 καὶ
1293 2687 1524 2756 μεγάλοι
1576 2682 1740 2758 ἦσαν,
1793 2688 1910 2743 ἀλλ’

329 2782 482 2852 ὅμως
508 2781 760 2851 ἠγνόουν.

403 2872 526 2924 Ὅτι
570 2871 760 2936 οὕτως
807 2866 939 2925 εἶπε
980 2870 1192 2938 Κύριος
1227 2872 1260 2923 ὀ
1313 2869 1456 2936 Θεὸς
1492 2868 1744 2940 Ἰσραὴλ
1775 2873 1912 2941 περι

331 2961 540 3016 οἰκιῶν
565 2960 675 3028 τῆς
709 2962 962 3027 πόλεως,
987 2961 1082 3014 καὶ
1109 2961 1177 3014 τὰ
1207 2961 1354 3030 ἑξῆς.

415 3051 638 3124 Ἐπειδὴ
697 3053 909 3106 ἐδέδετο
939 3054 968 3106 ό
1034 3053 1305 3123 Ἱερεμίας
1341 3053 1416 3116 ὡς
1463 3053 1769 3124 δύσφημος,
1816 3055 1906 3109 καὶ

2015 1935 2135 1990 qua:
2178 1921 2244 1974 ad
2283 1932 2524 1977 austrum
2556 1936 2803 1996 vergunt,
2838 1943 2903 1982 ac
2932 1929 2976 1982 si
3024 1929 3249 1995 diceret,
3285 1931 3593 2002 ubicunque

2014 2013 2067 2066 in
2101 2022 2248 2068 terra
2275 2015 2680 2084 promissionis.

2574 2131 2731 2189 CAP.
2773 2133 3016 2191 XXXIII.

2087 2240 2251 2297 Vens.
2285 2243 2337 2299 5.
2371 2242 2439 2298 Ει
2462 2246 2634 2301 clama
2666 2249 2734 2301 ad
2762 2267 2859 2308 me.

2083 2330 2219 2388 Vide
2243 2338 2514 2404 quomodo
2544 2341 2862 2408 prophetam
2904 2359 3004 2414 per
3029 2343 3343 2406 orationem
3362 2351 3466 2407 sibi
3496 2355 3591 2408 ad-

2011 2421 2213 2479 dictum
2266 2428 2496 2482 reddat?
2534 2429 2643 2483 lloc
2679 2433 2817 2488 idem
2851 2445 2903 2489 et
2939 2435 3151 2508 Moyses
3182 2457 3373 2511 passus
3409 2453 3494 2500 est
3534 2445 3587 2499 in

2012 2519 2467 2584 promissionibns
2489 2561 2506 2585 ,
2537 2523 2724 2578 dicens
2760 2543 2774 2580 :
2813 2525 3071 2598 Nunquid
3105 2534 3270 2588 maris
3315 2541 3586 2603 opsonium

2010 2607 2161 2660 dabis
2187 2609 2312 2676 illis,
2343 2622 2388 2664 et
2425 2612 2596 2676 boves,
2629 2626 2675 2667 et
2704 2632 2892 2684 pecora
2932 2624 3098 2676 caedes
3133 2624 3238 2679 illis
3259 2625 3346 2681 ἠ
3372 2627 3504 2683 Nam
3533 2639 3590 2685 et

2011 2697 2056 2751 si
2091 2698 2268 2768 magni
2299 2711 2478 2766 erant,
2514 2702 2834 2771 ignorabant
2870 2719 3072 2767 tamen.

2081 2876 2248 2933 Vsus.
2280 2879 2334 2934 4.
2364 2879 2504 2946 Quia
2537 2883 2614 2935 sic
2648 2883 2782 2940 dixit
2831 2887 3084 2945 Dominus
3122 2892 3261 2951 Deus
3309 2895 3484 2954 Israel
3519 2903 3588 2956 de

2010 2969 2250 3023 domibus
2287 2974 2450 3036 urbis,
2485 2983 2534 3027 et
2565 2991 2684 3044 qum
2723 2990 3044 3048 sequuntur.

2077 3061 2344 3118 Jeremias
2373 3080 2496 3120 cum
2541 3068 2752 3124 vinctus
2789 3084 2931 3129 esset
2970 3085 3028 3129 ut
3071 3079 3492 3149 homoinl‘amis,
3531 3095 3584 3140 et

332 3141 545 3212 βασιλεῖ
593 3143 798 3196 ἅλωσιν
853 3143 1119 3207 ἀπειλῶν,
1144 3144 1373 3212 προεῖπε
1402 3142 1460 3195 δὲ
1486 3143 1590 3213 τὴν
1609 3143 1909 3214 ἀνάκλησιν

2016 3153 2105 3221 qui
2130 3153 2485 3222 perditionem
2513 3157 2620 3227 regi
2647 3160 2886 3217 minatus
2901 3176 3044 3220 esset
3094 3167 3186 3224 Dei
3205 3181 3382 3226 autem
3403 3141 3583 3244 jus-tl,

332 3233 474 3287 κατά
510 3235 846 3305 πρόσταγμα
876 3234 1040 3298 Θεοῦ,
1074 3236 1170 3287 καὶ
1198 3236 1264 3305 τῇ
1296 3233 1392 3287 τοῦ
1417 3237 1591 3306 ἀγροῦ
1623 3239 1760 3307 νομῇ
1789 3236 1910 3289 ἐδε-

331 3326 535 3379 σαίωσε
569 3326 658 3378 τὸν
689 3327 875 3395 λόγον,
901 3327 1077 3386 οὐδεὶς
1115 3327 1172 3379 δὲ
1217 3328 1299 3380 ἔτι
1325 3329 1584 3398 προσεῖχε
1609 3331 1724 3393 τοῖς
1753 3329 1910 3398 λεγο-

335 3419 539 3488 μένοις,
572 3417 811 3487 οίόμενοι
841 3418 1073 3488 κολακίᾳ
1101 3419 1323 3488 μᾶλλον,
1372 3420 1405 3490 ἢ
1441 3421 1661 3489 ἀκριϐεῖ
1708 3420 1906 3489 γνώσει

330 3509 438 3562 τῶν
478 3509 781 3580 μελλόντων
813 3509 994 3578 λέγειν
1041 3510 1133 3565 τὸν
1176 3513 1462 3583 προφήτην
1482 3511 1681 3576 ταῦτα,
1715 3512 1907 3584 ὥσπερ

329 3605 408 3666 εἱς
436 3603 756 3674 ἀδημονίαν,
810 3603 905 3656 καὶ
971 3604 1306 3674 ἀμφιὸολίαν
1345 3604 1598 3658 ἐκπεσὼν
1654 3605 1904 3659 διετέλει.

329 3694 494 3763 Λέγει
516 3695 698 3750 τοίνυν
725 3694 872 3766 αὐτῷ
900 3695 928 3748 ό
957 3695 1108 3760 Θεὸς,
1135 3697 1214 3749 ὅτι
1247 3697 1531 3765 Σκόπησον
1559 3697 1658 3766 τὴν
1679 3697 1908 3766 δύναμιν

327 3786 426 3858 τὴν
461 3787 620 3858 ἐμὴν,
651 3788 745 3842 καὶ
773 3789 958 3858 ὥσπερ
989 3789 1316 3859 παρήγαγον
1345 3789 1443 3857 τὴν
1466 3787 1666 3853 κτίσιν,
1699 3788 1792 3840 καὶ
1810 3788 1908 3841 τά·

329 3879 413 3945 ξιν
442 3879 688 3948 ἐπέθηκα
717 3881 854 3952 αὐτῇ
891 3880 1172 3950 προσνοῶν
1196 3880 1306 3933 τῶν
1334 3878 1658 3950 ἀνθρώπων,
1683 3880 1780 3932 καὶ
1811 3879 1908 3933 νῦν

331 3986 414 4022 σοι
441 3970 738 4024 καλέσαντι
762 3961 1086 4041 ῦπήκουσα,
1121 3971 1214 4024 καὶ
1247 3970 1499 4042 προλέγω
1526 3971 1593 4024 τὰ
1621 3971 1906 4042 μέλλοντα,

330 4063 427 4116 καὶ
457 4062 556 4134 τὴν
590 4063 859 4134 ἐσομένην
893 4063 1170 4131 εὐθηνίαν,
1212 4057 1292 4124 οἷς
1322 4063 1526 4134 ἥκιστα
1558 4065 1806 4117 ἀπιστεῖν
1849 4083 1908 4118 σε

331 4155 637 4225 προσήκει·
680 4155 910 4226 θαρρεῖν
955 4153 1033 4216 δὲ,
1061 4153 1134 4216 ὡς
1183 4155 1337 4208 οὐδὲν
1363 4155 1470 4208 τῶν
1501 4156 1651 4227 παρά
1699 4157 1793 4210 σοῦ
1821 4159 1910 4211 λε-

335 4246 582 4314 γομένων
605 4245 974 4318 ψευσθὴσεται
997 4262 1011 4276 ο
1040 4246 1353 4300 καὶ-πείθων
1373 4248 1552 4300 αὐτῶν
1585 4249 1660 4312 ὡς
1691 4250 1812 4304 οὐδὲ
1840 4250 1908 4304 τὰ

329 4336 430 4406 τῆς
452 4336 831 4406 αἰχμαλωσίας
867 4337 1047 4408 μάτην
1074 4339 1332 4403 ποιεῖται,
1357 4339 1473 4392 ἀλλ’
1506 4340 1598 4393 ἐπὶ
1633 4358 1907 4413 σωφρονι-

331 4426 456 4498 σμῷ
476 4427 586 4480 τῶν
613 4427 1022 4498 κολαζομένων,
1056 4429 1250 4499 ἐπάγει
1282 4432 1419 4502 μετά
1447 4431 1510 4485 τὸ
1538 4432 1639 4502 τὴν
1667 4433 1907 4504 ἀνάκλη-

331 4535 416 4572 σιν
449 4517 709 4590 μηνῦσαι.

402 4705 419 4724 ⁸
449 4701 558 4756 Καὶ
608 4703 849 4773 ἐγένετο
887 4706 1070 4776 λόγος
1121 4709 1341 4776 Κυρίου
1390 4707 1539 4774 πρὸς
1614 4707 1910 4778 Ἰερεμίαν

329 4790 545 4860 λέγων,
581 4790 794 4866 Ἄραγε
821 4799 933 4851 οὐκ
971 4798 1198 4865 ᾐδέσθη
1235 4802 1267 4852 ό
1304 4799 1452 4864 λαὸς
1483 4795 1696 4865 οὗτος;
1733 4799 1908 4854 Ἐλά-

329 4887 488 4951 λησε
511 4887 706 4955 λέγων
725 4905 739 4918 ·
787 4893 858 4943 Ai
891 4889 1000 4943 δύο
1024 4891 1282 4958 πατριαὶ,
1335 4891 1404 4954 ἇς
1442 4881 1762 4955 ἐξελέξατο
1788 4893 1907 4946 Κύ-

321 4993 458 5043 ριος
499 4978 571 5032 ἐν
615 4979 842 5046 αὐτοῖς,
885 4983 982 5034 καὶ
1013 4981 1143 5036 ἰδοὺ
1187 4982 1472 5035 ἀπώσατο
1515 4982 1772 5047 αὐτοὺς,
1814 4983 1913 5037 καί

329 5068 651 5137 παρώξυνα
693 5071 800 5124 τὸν
844 5073 1000 5126 λαόν
1028 5090 1148 5141 μου
1181 5071 1288 5126 τοῦ
1314 5073 1400 5142 μὴ
1436 5069 1587 5126 εἶναι
1627 5073 1713 5126 ἔτι
1741 5075 1916 5141 ἔθνος

327 5153 588 5209 ἐνώπιόν
603 5174 748 5224 μου.

397 5245 491 5316 Μὴ
514 5245 693 5310 τοῦτο,
727 5248 883 5319 φησι,
917 5249 1130 5321 λογίσῃ,
1167 5249 1249 5301 ὅτι
1270 5250 1482 5304 τελείαν
1501 5252 1702 5306 ἅλωσιν
1721 5254 1911 5322 ἐπάγω

327 5340 393 5409 τῇ
433 5337 608 5403 πόλει,
649 5340 786 5394 ἀλλὰ
817 5342 1093 5408 σκόπησον
1112 5340 1185 5404 ὠς
1215 5340 1323 5394 ἀπὸ
1354 5341 1463 5394 τῶν
1495 5344 1737 5415 μερικῶν
1768 5362 1907 5416 συμ-

327 5429 513 5502 φορῶν
560 5433 994 5504 σωφρονέστεροι
1033 5433 1234 5503 ἥκιστα
1299 5435 1586 5502 γεγόνασιν
1641 5435 1902 5489 Ἰουδαῖοι.

325 5521 393 5573 οἱ
416 5521 550 5589 γοῦν
575 5522 1036 5595 ψευδοπροφῆται,
1072 5523 1228 5595 φησι,
1260 5524 1543 5596 περιόντες
1559 5525 1905 5579 διαϐάλλουσι

328 5628 422 5682 με,
455 5617 530 5678 ῶς
560 5615 801 5670 ἐναντὲον
823 5620 890 5686 τῇ
938 5617 1176 5688 ἐμαυτοῦ
1202 5617 1541 5687 πεποιηκότα
1589 5618 1899 5688 ὑποσχέσει,

402 5791 448 5825 εί
482 5791 639 5847 Num.
675 5811 746 5857 χι,
785 5795 874 5849 22.

2011 3251 2066 3298 et
2108 3245 2502 3302 revocationem
2549 3252 2906 3320 prtedixisset,
2953 3271 3374 3335 sermonemque
3422 3281 3582 3322 somn

2011 3335 2124 3404 agri
2171 3340 2514 3404 possessione
2545 3344 2958 3413 conlirtnasset;
2998 3358 3048 3404 et
3080 3353 3437 3412 nihilominus
3468 3361 3585 3414 nui-

2009 3425 2092 3481 lns
2142 3427 2316 3484 adhuc
2355 3443 2519 3497 esset,
2566 3435 2658 3505 qui
2709 3437 2826 3506 ejus
2875 3444 3179 3499 attrnderet
3225 3447 3405 3513 dictis,
3441 3456 3583 3519 quod

2009 3526 2294 3571 censerent
2330 3521 2647 3589 prophetam
2690 3540 2750 3578 ea
2784 3528 2966 3583 dicere
2997 3535 3177 3600 potius
3204 3537 3270 3590 ad
3312 3539 3585 3594 adulatio-

2011 3621 2154 3673 nem,
2183 3623 2341 3676 quam
2372 3625 2436 3663 ex
2467 3611 2664 3666 eximia
2699 3631 2876 3672 rerum
2903 3619 3208 3678 futurarum
3242 3629 3578 3696 cognitione,

2011 3694 2249 3749 incidens
2272 3695 2324 3750 in
2351 3712 2616 3753 summum
2641 3702 2807 3757 animi
2831 3719 3138 3772 interorcm,
3161 3713 3392 3766 maxima
3420 3694 3582 3785 ange-

2010 3785 2166 3838 batur
2195 3786 2569 3855 ambiguitate.
2609 3789 2746 3845 Dicit
2776 3793 2940 3864 igitur
2970 3797 3042 3850 illi
3071 3798 3246 3854 Deus:
3276 3803 3582 3860 Potentiam

2012 3892 2186 3931 meum
2213 3879 2522 3944 considera,
2559 3884 2776 3938 modum
2835 3903 2945 3956 quo
2979 3905 3065 3942 res
3090 3901 3303 3947 creatas
3331 3897 3582 3962 produxi,

2009 3965 2250 4018 ordinem
2295 3982 2404 4036 quo
2453 3984 2548 4023 eas
2590 3972 2862 4040 disposui,
2905 3977 3180 4030 hominum
3234 3996 3424 4036 curam
3486 4000 3582 4054 ge-

2010 4071 2159 4120 rens,
2196 4067 2250 4111 et
2300 4074 2444 4114 nunc
2487 4061 2826 4120 invocantem
2877 4078 2926 4122 te
2971 4072 3250 4137 exaudiri,
3305 4078 3582 4132 et‘l‘utura

2011 4148 2265 4216 praedico,
2307 4165 2594 4221 rerumque
2642 4157 2882 4211 omnium
2923 4161 3338 4231 abundantiam.
3390 4171 3586 4238 quibus

2009 4255 2221 4308 a-quum
2265 4241 2454 4296 fuisset
2493 4257 2544 4298 ut
2583 4251 3022 4318 persuadereris,
3077 4265 3133 4310 et
3167 4259 3349 4315 animo
3390 4262 3586 4318 ﬁderes

2011 4330 2214 4384 nullum
2255 4335 2592 4391 sermonibus
2623 4340 2727 4393 tuis
2759 4341 2994 4398 futurum
3042 4351 3423 4406 mendacium:
3460 4370 3586 4422 pcr-

2012 4436 2234 4476 suasum
2279 4439 2398 4478 emn
2433 4429 2682 4496 reddens,
2721 4436 3087 4502 captivitatem
3121 4442 3260 4493 haud
3289 4441 3489 4496 frustra
3520 4445 3588 4498 il-

1939 4493 1982 4547 θ
2014 4512 2205 4579 latam,
2243 4517 2337 4570 sed
2371 4527 2427 4571 ut
2463 4521 2708 4591 casnigati
2759 4525 3161 4594 resipiscerent.
3193 4531 3328 4586 Tum
3360 4549 3584 4590 revoca-

2019 4607 2180 4660 tiunis
2207 4609 2451 4662 nuntium
2476 4612 2650 4667 aliert.

2093 4699 2106 4718 ⁵
2143 4697 2306 4752 Vens.
2332 4699 2522 4755 25-25.
2559 4701 2624 4755 Et
2656 4705 2853 4772 factum
2893 4718 2969 4762 est
3013 4708 3232 4766 Verbum
3269 4715 3477 4772 Domini
3513 4723 3583 4774 ad

2013 4786 2329 4856 Jeremiam,
2357 4792 2564 4846 dicens:
2586 4791 2838 4860 Nunquid
2860 4815 2960 4852 non
2989 4802 3195 4857 erubuit
3221 4807 3440 4874 populus
3461 4811 3584 4863 hic?

2021 4877 2252 4934 Locutus
2285 4892 2386 4944 est,
2413 4885 2588 4936 dicens
2619 4900 2636 4936 :
2671 4885 2800 4940 Data:
2825 4893 3179 4958 cognationes,
3201 4913 3334 4963 quas
3362 4899 3581 4970 elegerat

2017 4968 2273 5023 Dominus
2318 4972 2372 5023 in
2413 4974 2540 5039 ipsis
2563 5012 2577 5035 ,
2608 4984 2657 5028 et
2694 4993 2807 5032 ecce
2847 4982 3042 5048 expulit
3089 5002 3215 5052 eas,
3255 5000 3302 5042 et
3335 4968 3581 5060 populum

2015 5076 2186 5115 meum
2213 5063 2449 5129 irritavi,
2476 5075 2528 5116 ut
2561 5081 2663 5120 non
2703 5070 2770 5122 sit
2795 5071 2936 5124 ultra
2963 5091 3087 5142 gens
3122 5093 3300 5134 coram
3337 5087 3456 5138 me?

2079 5248 2158 5305 Ne
2187 5253 2289 5307 hoc
2317 5265 2515 5320 mente,
2545 5257 2640 5322 ait,
2676 5260 2973 5329 concipias,
3001 5280 3086 5318 me
3107 5268 3376 5322 excidium
3407 5286 3582 5326 extro-

2013 5359 2162 5398 mum
2221 5345 2494 5401 illaturqu
2553 5349 2790 5417 civitati;
2842 5355 2938 5408 sed
2987 5357 3269 5413 considera
3315 5367 3586 5430 quomodo

2012 5435 2182 5491 Judmi
2233 5439 2657 5508 particularihus
2689 5444 3090 5502 calamitatibus
3137 5465 3413 5521 nunquam
3462 5471 3583 5524 pru-

2012 5529 2290 5585 dentiores
2343 5529 2469 5585 facti
2525 5543 2671 5587 sunt.
2718 5533 2864 5591 Falsi
2913 5535 3096 5607 itaque
3151 5545 3428 5614 propheta:
3475 5551 3583 5603 cir-

2012 5631 2332 5677 cumeuntes
2377 5632 2670 5693 accusant,
2720 5627 2862 5696 quod
2891 5632 3163 5688 contraria
3197 5634 3265 5690 iis
3307 5651 3426 5706 quae
3458 5655 3585 5708 pro-
