4058 6212
338 351 443 408 9ῦὸ

1444 337 1862 395 ΙεῚὶΑϐΜΕΝΤΑ
1900 338 1963 392 ΙΝ
2004 338 2373 395 ΙίείΙὶΕΜΙΑΜ.

3494 347 3601 401 994

340 468 525 517 λιευον⁹
587 458 782 531 μισθὸν
827 458 1074 528 ἀπῄτουν
1122 457 1231 509 τῶν
1260 453 1614 525 εὐεργεσιῶν.
1666 454 1759 524 Μὴ
1811 453 1918 525 γὰρ

2042 457 2255 524 trtecepl
2288 471 2301 510 :
2331 455 2553 525 rependi
2579 455 2710 509 mihi
2742 470 2840 524 pro
2859 455 3074 509 collatis
3100 456 3382 513 beneﬂciis
3412 473 3603 527 posce-

339 550 547 621 δωρεάν
579 548 739 602 τοῦτο
769 547 986 617 ἔπραξα
1012 565 1027 614 ;
1062 547 1196 599 Ὅτε
1227 545 1409 606 καλῶς
1437 543 1633 597 ἔλαϐον
1658 543 1759 613 τῆς
1790 542 1916 596 δου-

340 644 487 705 λείας
511 642 613 715 τὴν
645 642 867 711 πεῖραν,
893 639 1014 692 τότε
1046 638 1251 701 αὐτοὺς
1294 635 1432 707 πρὸς
1462 634 1563 706 τὴν
1582 636 1780 704 ἄφεσιν
1810 634 1919 705 ὥρα

343 749 513 804 μησα.
554 732 617 783 Τί
647 726 742 784 οὖν
776 730 921 782 εῐποι
943 746 1030 792 τις
1074 727 1174 792 ἀν;
1208 725 1636 797 φιλοσοφώτεροι
1677 725 1921 779 Ἰουδαῖοι

341 823 519 897 ήμῶν.
555 823 665 878 Kal
706 822 835 892 μετ’
869 822 1047 890 ὀλίγα
1072 836 1088 850 ·
1130 820 1279 873 Ἐκεῖ
1338 819 1439 890 μὲν
1475 819 1588 890 γὰρ
1624 819 1766 873 έπτά
1799 836 1924 872 συν-

339 915 622 991 εχὼρησεν
636 915 754 986 ἐτη,
781 911 1019 967 ἐνταῦθα
1038 912 1095 966 δὲ
1120 911 1352 966 καθόλου
1386 911 1485 983 τήν
1503 910 1748 965 δουλείαν
1775 911 1924 965 ἀνεῖ-

342 1010 449 1063 λεν.
475 1009 598 1061 οὐκ
629 1005 761 1059 ἔστι
792 1003 1037 1069 δοῦλος,
1068 1004 1182 1058 οὐκ
1211 1002 1384 1057 ἔστιν
1400 1000 1923 1070 ἐλεύθερος.--Καί

337 1100 465 1172 μετ’
503 1098 712 1168 sane:
748 1097 869 1151 ἰνα
917 1096 995 1169 μὴ
1026 1095 1443 1167 ῥᾳθυμοτέρως
1469 1093 1628 1146 τοῦτο
1659 1094 1785 1155 τοὺς
1801 1091 1923 1145 δού-

342 1198 467 1256 λους
496 1190 823 1260 ὲργάσηται,
862 1189 956 1259 Μὴ
997 1188 1397 1258 καταφρονεῖτε
1424 1183 1626 1250 αὐτῶν,
1656 1186 1737 1239 ὅτι
1765 1184 1926 1238 ἀδελ-

343 1282 433 1352 φοί
454 1283 593 1335 είσιν
611 1280 662 1333 οί
679 1279 777 1350 τῆς
810 1278 1133 1349 εὐεργεσίας
1160 1274 1713 1347 ἀντιλαμϐανόμενοι,
1737 1273 1923 1344 φησίν.

412 1374 528 1430 Kal
567 1373 1014 1442 ὑπεστρέψατε.

414 1468 549 1539 Οὐχὶ
594 1466 695 1536 τήν
733 1466 816 1528 είς
847 1464 1096 1526 ὲκείνους
1125 1460 1345 1518 ἀδικίαν
1381 1460 1583 1515 ἐκδικῶ
1629 1457 1928 1530 γενομένην

349 1560 529 1631 μόνον,
555 1557 695 1611 ἀλλά
718 1556 812 1609 καὶ
846 1554 945 1625 τὴν
976 1553 1073 1606 τοῦ
1104 1553 1273 1624 νόμου
1306 1549 1646 1623 παράϐασιν.

426 1649 630 1720 ’Υμεῖς
657 1650 773 1702 οὐκ
799 1644 1107 1714 ἠκούσατέ
1131 1661 1274 1714 μου.

414 1719 634 1798 Τὸίπᾶν
672 1741 809 1813 ἡμῖν
834 1739 963 1811 περὶ
990 1738 1090 1807 τῆς
1124 1733 1414 1798 εὐσεϐείας
1446 1729 1837 1787 κινδυνεύεται.
1866 1719 1939 1783 Τί

2022 551 2166 603 bam.
2190 546 2327 601 Num
2357 548 2505 601 enim
2543 548 2595 601 id
2628 549 2798 618 gratis
2834 548 2962 619 egi?
2995 548 3096 603 Ubi
3130 550 3411 605 servitutis
3439 566 3605 620 expe-

2024 640 2312 694 rimentum
2339 641 2506 708 probe
2530 651 2834 712 creperum,
2868 651 2995 696 tunc
3015 657 3108 695 eos
3136 642 3205 695 ad
3224 641 3602 698 dimissionem

2025 732 2275 786 hortatus
2307 746 2450 786 sum.
2484 730 2624 796 Quid
2655 730 2822 801 igitur
2860 731 3126 802 quispiam
3149 732 3392 789 dixerit?
3427 731 3600 790 Judaei

2025 823 2384 892 sapientiores
2450 823 2626 878 nobis.
2677 821 2746 876 Et
2787 826 2971 894 paucis
3025 824 3267 882 annexis.
3311 826 3389 880 lbi
3457 827 3603 881 enim

2027 925 2233 985 septem
2266 928 2439 972 annos
2478 916 2728 985 permisit
2758 933 2772 969 :
2837 916 2924 971 hic
2950 928 3132 972 autem
3168 919 3390 971 omnino
3421 920 3599 973 servio

2030 1015 2198 1060 tutetn
2222 1007 2400 1077 exegit
2437 1023 2451 1061 :
2490 1005 2615 1061 Non
2639 1018 2714 1061 est
2755 1024 2952 1074 servus,
2980 1025 3081 1063 non
3115 1018 3191 1062 est
3211 1008 3422 1064 liber“.
3441 1037 3512 1050 --
3537 1008 3606 1064 Et

2028 1110 2141 1167 post
2192 1116 2384 1169 pauca.
2427 1100 2720 1170 Segniores
2756 1105 2857 1157 hoc
2907 1101 3143 1159 ediceret
3180 1121 3401 1172 servos;
3441 1104 3609 1160 nolite

2032 1206 2123 1245 eos
2151 1201 2530 1255 contemnere,
2568 1194 2761 1262 inquit,
2815 1193 3010 1249 fratres
3049 1195 3369 1261 enimsunt,
3392 1196 3481 1264 qui
3510 1196 3608 1250 be-

2034 1282 2230 1336 neﬁcio
2262 1283 2591 1339 adiciuntur.

2104 1371 2270 1429 Vsus.
2310 1373 2396 1429 l6.
2428 1374 2495 1429 Et
2522 1376 2712 1431 reversi
2735 1377 2883 1432 estis.

2106 1463 2228 1520 Non
2264 1465 2497 1522 ulciscor
2519 1478 2751 1532 tantum,
2771 1470 2917 1538 quod
2946 1469 3132 1539 inique
3149 1485 3270 1527 cum
3299 1470 3409 1527 illis
3426 1482 3607 1527 actum

2035 1564 2142 1619 est,
2176 1556 2269 1610 sed
2301 1566 2355 1611 et
2386 1556 2520 1628 legis
2550 1559 3061 1627 transgressionem.

2112 1645 2277 1702 Vsus.
2306 1646 2390 1702 l7.
2432 1647 2536 1702 Vos
2574 1665 2678 1702 non
2711 1650 2940 1703 audistis
2969 1667 3069 1704 me.

2114 1734 2188 1788 De
2217 1751 2426 1789 summa
2481 1734 2701 1807 pietatis
2754 1739 2954 1808 agitur.
3003 1738 3145 1805 Quid
3176 1740 3613 1815 igitur?gravis,

345 1835 462 1900 οὖν,
488 1833 653 1904 φησί;
679 1802 892 1902 iam,
909 1802 957 1900 ’ή
980 1802 1244 1898 τιμωρία,
1270 1824 1503 1888 θάνατος
1527 1824 1649 1878 ἀντὶ
1669 1820 1933 1883 δουλείας,

2041 1825 2238 1893 inquit,
2266 1825 2495 1893 punitio,
2531 1842 2681 1881 mors
2706 1842 2805 1894 pro
2838 1829 3123 1895 servitute,
3139 1842 3192 1885 et
3224 1802 3501 1900 cujusnvam
3535 1835 3611 1888 rei

354 1927 448 1980 καὶ
479 1925 627 1986 τίνος
660 1921 850 1975 ἕνεκεν
875 1914 1054 1980 οὕτως
1084 1912 1416 1987 ἀμείϐεται;
1448 1913 1601 1985 ὅρκοι
1628 1911 1941 1985 παρεϐἀθη-

350 2035 470 2081 σαν,
507 2013 735 2067 σπονδαὶ⁵
787 2006 1280 2079 κατεπατήθησαν,
1328 2006 1462 2060 αὐτὸ
1507 2006 1570 2059 τὸ
1613 2005 1755 2075 μέγα
1798 2004 1936 2059 καθ-

350 2108 580 2179 υϐρίσθη
612 2107 787 2173 δνομα
807 2104 903 2158 τοῦ
936 2099 1099 2168 Θεοῦ,
1124 2098 1268 2153 ὥστε
1296 2100 1424 2153 ὅταν
1452 2099 1569 2171 ἴδῃς
1598 2099 1794 2162 αὐτοὺς
1827 2098 1938 2150 δια-

351 2199 748 2271 σπειρομένους
771 2236 787 2261 ,
827 2197 905 2267 μὴ
943 2194 1044 2266 τὴν
1076 2195 1159 2256 εἰς
1204 2195 1339 2256 τοὺς
1378 2191 1602 2252 δούλους
1638 2190 1940 2261 γενομένην

351 2292 565 2346 ἀδικίαν
601 2290 863 2362 ἐννοήσῃς
931 2288 1118 2359 μόνον,
1177 2284 1316 2339 ἀλλά
1368 2282 1655 2355 προστίθει
1703 2282 1797 2336 καὶ
1846 2281 1940 2335 τὸν

352 2382 680 2452 ὑϐρισμένον
708 2380 841 2434 Θεὸν
871 2379 940 2433 δι’
968 2378 1229 2444 ἐκείνων,
1253 2376 1349 2429 καὶ
1374 2374 1495 2428 οὐδὲ
1515 2375 1614 2445 τὴν
1642 2372 1799 2441 ἀξίαν
1817 2373 1939 2444 ὄψει

350 2473 508 2543 δίκην
545 2470 943 2542 ὑπομένοντας.

432 2554 739 2633 ἰδοὺέγὼ
795 2558 962 2615 καλῶ
1027 2560 1173 2629 ὑμῖν
1216 2559 1473 2629 ἄφεσιν,
1516 2554 1672 2626 φησὶ
1700 2556 1936 2626 Κύριος.

355 2650 488 2707 Εἶτα
512 2652 652 2722 μετά
671 2650 901 2721 βραχέα.
921 2649 1031 2703 Kal
1063 2647 1237 2701 δώσω
1266 2646 1412 2712 τοὺς
1423 2645 1775 2713 ἀνθρώπους
1799 2643 1942 2707 τοὺς

354 2745 849 2816 παρεληλυθότας
878 2743 995 2808 τὴν
1016 2740 1317 2807 διαθήκην
1342 2756 1484 2808 μου,
1511 2735 1656 2802 τοὺς
1680 2734 1764 2805 μὴ
1791 2732 1942 2799 στή-

353 2853 584 2902 σαντας
614 2833 756 2901 τοὺς
789 2834 1014 2903 λόγους
1035 2849 1157 2901 μου
1208 2829 1317 2897 τῆς
1346 2828 1645 2896 διαθήκης
1671 2844 1788 2896 μου
1808 2864 1825 2888 ,
1865 2819 1943 2896 ἧς

353 2931 656 2998 ἐποίησαν
711 2926 864 2981 κατὰ
908 2925 1241 2994 πρόσωπόν
1267 2939 1389 2991 μου
1426 2921 1532 2974 τὸν
1574 2921 1838 2990 μόσχον,
1863 2916 1944 2984 ,ὃν

353 3022 654 3088 ἐποίησαν
702 3019 789 3081 είς
826 3015 938 3071 δύο
967 3056 982 3081 ,
1020 3014 1120 3068 καὶ
1157 3010 1423 3082 διῆλθον
1454 3009 1552 3064 διὰ
1587 3010 1785 3079 μέσου
1822 3006 1943 3061 τῶν

355 3108 841 3183 dilata}:quer
864 3105 1086 3171 αὐτῶν,
1120 3104 1261 3171 τοὺς
1283 3102 1583 3172 ἄρχοντας
1595 3099 1814 3165 Ἰούδα,
1841 3098 1942 3153 καὶ

356 3203 499 3269 τοὺς
524 3203 821 3271 ἄρχοντας
868 3196 1295 3266 Ἰερουσαλὴμ,
1331 3194 1425 3248 καὶ
1449 3192 1519 3247 τὰ
1552 3191 1701 3262 ἑξῆς.

427 3295 543 3365 Τῆς
601 3292 887 3364 συνθήκης
947 3289 1010 3343 τὸ
1062 3286 1204 3352 εἶδος
1252 3287 1504 3341 τέθεικεν
1542 3289 1571 3341 ὀ
1620 3286 1942 3357 προφήτης,

357 3386 758 3458 ἐναργέστερον
785 3382 879 3437 τὸν
916 3381 1145 3451 ἔλεγχον
1202 3378 1528 3449 ποιούμενος
1560 3394 1576 3409 ο
1608 3378 1810 3448 μόσχον
1835 3377 1945 3448 γάρ

361 3479 624 3540 θύσαντες
650 3475 731 3548 τῷ
761 3474 884 3546 Θεῷ
927 3476 1020 3528 καὶ
1067 3472 1190 3543 διχῆ
1236 3472 1551 3535 διελόντες,
1597 3469 1812 3540 διῆλθον
1855 3468 1945 3522 διὰ

364 3570 558 3640 μέσου,
591 3569 684 3622 καὶ
713 3565 1224 3638 προσκεκομικότες
1255 3562 1323 3617 τὰ
1351 3561 1786 3632 διχοτομήματα,
1814 3575 1943 3612 συν-

362 3662 553 3716 έθεντο
572 3659 870 3713 ἀπολύσειν
893 3658 1037 3713 κατά
1053 3657 1145 3710 τὸν
1169 3656 1336 3726 νόμον
1356 3655 1487 3716 τοὺς
1511 3653 1707 3716 παῖδας
1732 3651 1945 3704 ἐλευθέ-

364 3772 494 3825 ρους
536 3753 615 3824 τῷ
648 3751 788 3824 Θεῷ,
843 3750 1220 3822 ὑποσχόμενος
1256 3746 1419 3800 τοῦτο
1451 3746 1730 3815 ποιήσειν,
1773 3744 1848 3806 ὡς
1878 3742 1943 3814 δὴ

366 3846 736 3915 ὲξιλευόμενοι
761 3844 822 3898 τὸ
852 3844 1010 3897 Θεῖον
1037 3841 1132 3893 ἐπὶ
1154 3841 1222 3911 τῇ
1252 3836 1591 3910 προκειμένῃ
1625 3836 1783 3905 ὀργῇ.
1814 3832 1945 3886 Εἶτα

365 3941 430 3991 ὲκ
454 3939 553 4008 τῆς
574 3937 682 3990 τῶν
702 3932 1163 4006 ψευδοπροφητῶν
1192 3930 1394 3993 αίτίας,
1418 3928 1494 3992 ὼς
1522 3928 1624 3981 οὐκ
1650 3924 1946 3997 ὀργιζομέ-

366 4050 457 4087 νου
484 4030 617 4084 Θεοῦ
661 4027 1111 4098 μεταγράφοντες
1152 4020 1564 4078 ἀνεκαλέσαντο
1590 4018 1718 4082 τοὺς
1745 4017 1946 4071 ἀπολυ-

366 4127 580 4188 θέντας.
632 4120 947 4193 Ὀργισθεὶς
976 4120 1159 4171 τοίνυν
1186 4119 1215 4171 ό
1244 4115 1381 4177 Θεὸς
1407 4113 1497 4167 τὸν
1525 4112 1749 4181 ἔλεγχον
1775 4126 1943 4179 ποιη-

368 4219 604 4288 σάμενος
624 4255 639 4279 ,
671 4212 892 4269 ἀπειλεῖ
914 4212 1099 4273 αὐτοῖς
1127 4207 1225 4279 τὴν
1260 4206 1487 4261 ἅλωσιν.
1520 4203 1663 4274 Εῐπῃ
1697 4203 1742 4256 δ’
1772 4200 1838 4255 ἀν
1860 4216 1945 4263 τις

365 4309 593 4369 δικαίως
618 4347 634 4373 ,
681 4305 759 4367 ὡς
802 4304 1039 4358 κάκεῖνα
1078 4300 1149 4353 τά
1181 4299 1283 4369 τῆς
1328 4295 1678 4366 ἀνακλήσεως
1721 4293 1945 4363 ῥήματα

368 4403 492 4458 καθ’
522 4402 581 4455 ὃν
621 4398 814 4469 καιρὸν
848 4394 1111 4467 ἀμείνους
1143 4392 1329 4457 ἔδοξαν
1356 4386 1610 4458 γενέσθαι
1636 4427 1650 4451 ,
1674 4384 1947 4453 ὑπέσχετο

2039 1916 2214 1984 gratia
2242 1917 2314 1970 ita
2341 1918 2703 1986 rependitur?
2726 1917 3108 1989 jusjurandum
3136 1922 3419 1991 violatum,
3455 1935 3611 1994 pacta

2037 2007 2352 2062 conculcata
2388 2019 2537 2074 sunt,
2578 2010 2752 2078 ipsum
2792 2009 2883 2065 Dei
2938 2026 3190 2081 magnum
3248 2029 3443 2069 nomen
3477 2014 3610 2070 aﬂ‘e-

2038 2110 2182 2154 ctum
2227 2100 2447 2169 injuria.
2479 2100 2612 2155 Cum
2651 2117 2782 2171 ergo
2822 2102 3023 2157 videris
3054 2119 3147 2158 eos
3184 2104 3475 2174 dispersos,
3508 2124 3612 2161 non

2040 2201 2246 2245 tantum
2284 2192 2481 2246 factam
2530 2192 2583 2246 in
2629 2207 2819 2249 servos
2872 2195 3214 2264 iniquitatem
3260 2198 3486 2267 cogites,
3517 2200 3613 2252 sed

2037 2283 2224 2338 addito
2252 2293 2307 2337 et
2345 2282 2516 2337 Deum
2565 2299 2664 2353 per
2696 2285 2813 2339 illos
2868 2286 3199 2341 contumelia
3242 2285 3521 2355 all‘ectum,
3555 2298 3611 2341 et

2039 2375 2248 2431 videbis
2272 2391 2367 2431 eos
2390 2376 2540 2431 luere
2568 2390 2757 2448 pmuas
2787 2378 2923 2432 citra
2957 2378 3235 2435 meritum.

2104 2564 2123 2583 ‘
2148 2560 2315 2614 Vens.
2353 2559 2439 2613 l7.
2477 2558 2611 2614 Ecce
2636 2578 2728 2628 ego
2776 2578 2900 2614 voco
2936 2564 3078 2616 vobis
3121 2564 3503 2628 dimissionem,
3540 2568 3615 2621 ait

2039 2652 2305 2705 dominus.
2330 2651 2391 2704 Et
2428 2664 2546 2723 post
2580 2668 2771 2722 pauca.
2804 2650 2992 2722 Heus.
3014 2653 3130 2724 18.]
3151 2652 3214 2706 Et
3232 2656 3367 2708 dabo
3384 2659 3618 2711 homines

2037 2743 2126 2809 qui
2148 2745 2462 2811 transgressi
2495 2751 3000 2797 sunitestantenmm
3030 2758 3222 2807 meum,
3242 2746 3332 2812 qui
3364 2762 3468 2798 non
3496 2756 3615 2799 slus

2042 2834 2290 2887 bilierunt
2320 2850 2586 2888 sermones
2623 2835 2920 2887 testamenti
2961 2834 3060 2887 mei
3101 2834 3242 2903 quod
3282 2835 3521 2904 fecerunt
3548 2836 3618 2889 ad

2043 2926 2231 2995 facient
2266 2942 2457 2990 meant,
2510 2926 2733 2980 vitulum
2776 2942 2929 2996 quem
2988 2928 3330 2981 conciderant
3386 2930 3441 2983 in
3483 2930 3620 2983 duas

2042 3029 2239 3087 partes,
2274 3029 2320 3073 et
2343 3018 2663 3072 transierunt
2704 3034 2797 3087 per
2834 3019 3061 3071 medium
3098 3018 3418 3074 divisionum
3437 3035 3619 3074 earum

1968 3138 2011 3197 ε
2044 3111 2303 3179 principes
2333 3108 2478 3165 Iuda
2512 3118 2559 3165 et
2591 3109 2851 3179 principes
2878 3106 3177 3164 Jerusalem
3219 3126 3241 3164 :
3271 3120 3325 3165 et
3355 3126 3477 3181 qua:
3525 3126 3611 3166 si-

2045 3209 2309 3269 qttuntur.

2119 3292 2364 3348 Fwderis
2390 3291 2618 3346 formam
2661 3291 2945 3360 proposuit
3002 3291 3289 3361 pr0plteta,
3330 3293 3619 3348 clariorem

2046 3380 2287 3437 inferens
2329 3380 2765 3449 redargutionem
2803 3392 2819 3433 :
2874 3394 2997 3434 cum
3044 3382 3187 3435 enim
3224 3381 3454 3436 vitulum
3509 3382 3622 3437 Deo

2046 3473 2478 3535 sacriﬁcasseut,
2542 3480 2594 3526 et
2653 3472 2707 3525 in
2775 3472 2913 3526 duas
2963 3484 3147 3539 partes
3207 3474 3620 3538 dissecuissent,

2048 3566 2385 3618 transierunt
2408 3577 2502 3632 per
2533 3562 2791 3625 medium,
2852 3571 2905 3616 et
2938 3563 3186 3618 adductis
3210 3566 3461 3633 partibus
3484 3566 3621 3619 divi-

2046 3657 2146 3720 sis,
2180 3665 2339 3725 pacto
2386 3663 2760 3708 convenerunt
2785 3669 2845 3708 se
2876 3668 2978 3723 pro
3022 3654 3133 3709 Deo
3161 3655 3412 3711 libertate
3448 3658 3619 3712 dona-

2050 3757 2200 3802 turos
2251 3755 2409 3816 prout
2432 3745 2515 3800 lex
2557 3745 2874 3814 iubebat",
2916 3762 3150 3802 servos:
3207 3748 3529 3817 pollicentes
3562 3767 3622 3806 se

2047 3839 2098 3894 id
2127 3839 2499 3907 praestituros,
2533 3848 2592 3892 ut
2648 3838 2817 3892 Deum
2869 3852 2967 3908 pro
3003 3839 3079 3892 ira
3117 3840 3391 3908 proposita
3426 3842 3623 3897 redde-

2050 3940 2169 3985 rent
2200 3929 2515 4000 propitium.
2559 3930 2823 3997 Deinceps
2869 3930 3621 4000 pseudoprophetarumcan-

2045 4037 2129 4089 sa,
2165 4037 2229 4079 ac
2256 4024 2300 4077 si
2331 4022 2473 4076 Deus
2500 4037 2608 4075 non
2651 4020 3003 4088 irasceretur,
3045 4024 3412 4079 manumissos
3445 4026 3622 4094 paeni-

2049 4115 2219 4171 tentia
2251 4114 2397 4169 ducti
2430 4122 2778 4178 revocarunt,
2812 4112 2866 4168 in
2892 4116 3232 4171 servitutem.
3263 4115 3438 4171 Iratus
3459 4117 3625 4188 igltnr

2048 4205 2190 4261 Deus
2223 4206 2328 4261 illis
2357 4206 2623 4261 convictis
2648 4207 3014 4260 comminatur
3050 4208 3431 4275 perditionem.
3456 4208 3625 4264 Porro

2048 4298 2173 4367 quia
2228 4298 2410 4353 dicere
2455 4296 2580 4365 quis
2628 4295 2776 4364 juste
2811 4298 3098 4366 potuisset,
3132 4298 3219 4352 illa
3260 4299 3627 4354 revocationis

2048 4392 2211 4445 verba
2242 4390 2426 4444 habita
2466 4398 2595 4443 tunc
2653 4389 2936 4458 temporis,
2987 4404 3109 4444 cum
3155 4390 3338 4444 animo
3374 4390 3626 4445 meliores

365 4498 396 4549 ὁ
429 4495 562 4558 Θεός
582 4508 596 4523 ’
617 4492 739 4547 ὅθεν
770 4490 864 4544 καὶ
894 4491 921 4543 ὁ
953 4486 1245 4560 προφήτης
1276 4484 1352 4547 ὡς
1380 4480 1522 4552 ὁρῶν
1548 4478 1745 4541 αὐτοὺς
1777 4492 1939 4546 μετα-

2052 4482 2395 4547 videbantttr,
2427 4491 2478 4536 et
2534 4480 2701 4534 Deum
2732 4481 3071 4547 promisisse,
3101 4479 3330 4548 ideoque
3359 4479 3623 4550 propheta

367 4584 762 4655 ϐεϐλημένους,
794 4580 874 4642 είς
895 4577 1133 4648 ἀπορίαν
1173 4573 1438 4639 κατέστη,
1476 4565 1942 4655 πολιορκουμένης

368 4673 470 4739 τῆς
515 4670 744 4732 πόλεως.
786 4665 888 4719 Διά
918 4664 1079 4719 τοῦτο
1122 4665 1150 4717 ὁ
1200 4661 1334 4724 Θεὸς
1368 4659 1571 4713 πείθων
1616 4656 1802 4721 αὑτὸν,
1846 4654 1943 4708 καὶ

367 4764 471 4834 τὴν
503 4762 708 4817 ἀλωσιν
757 4761 1011 4831 προεῖπε,
1056 4757 1153 4810 καὶ
1198 4753 1397 4824 ήλεγξε
1434 4751 1535 4821 τὴν
1577 4748 1805 4818 γνώμην
1835 4747 1945 4799 τῶν

372 4872 475 4925 σχη
485 4852 867 4925 ματιζομένων
901 4850 1000 4921 τὴν
1038 4847 1344 4902 εὐσέϐειαν.

444 4945 558 5015 Τὴν
604 4943 759 4998 πόλιν
805 4942 960 4996 οὐδὲν
1006 4940 1196 5009 ἕτερον
1244 4935 1501 5005 ἐποίησεν
1549 4933 1607 4985 ὲν
1658 4927 1950 5000 πολιορκίᾳ

371 5036 517 5091 εἷναι
538 5079 553 5101 ,
581 5035 699 5090 ἀλλ’
732 5036 765 5105 ἢ
800 5034 861 5087 τὸ
908 5033 984 5103 μὴ
1015 5034 1198 5101 μεῖναι.
1245 5028 1347 5091 τὰς
1388 5024 1680 5095 συνθήκας,
1726 5021 1822 5075 καὶ
1850 5019 1951 5083 τὰς

374 5130 515 5202 πρὸς
549 5128 676 5192 τοὺς
714 5125 1030 5197 Βαρϐἀρους
1084 5122 1164 5194 τῷ
1208 5120 1434 5190 Σεδεκίᾳ
1459 5114 1856 5188 γεγενημένας.
1885 5112 1951 5166 Τί

374 5223 583 5277 τούτων
621 5221 819 5289 γένοιτ’
864 5218 931 5273 ἂν
977 5216 1468 5287 ἀναισθητότερονς
1522 5210 1808 5285 Ἑπιορκία
1851 5208 1953 5280 τὴν

375 5313 532 5368 πόλιν
551 5306 688 5378 εἷλε,
714 5312 810 5365 καλ⁵
835 5309 1000 5366 πάλιν
1027 5309 1086 5363 τὸ
1107 5308 1241 5364 αὐτὸ
1266 5308 1479 5377 νόσημα
1504 5306 1739 5375 γίνεται,
1760 5319 1952 5374 μονον-

375 5415 500 5473 ευχι
565 5399 1005 5472 φιλονεικοῦντες
1035 5398 1114 5468 τῷ
1155 5395 1275 5467 Θεῷ
1312 5395 1487 5449 ταῦτα
1524 5394 1767 5449 ἐποίουν.
1795 5393 1954 5447 Ὅσοι

380 5494 651 5566 κέχρησθε
664 5496 775 5557 τοῖς
798 5494 1004 5565 ὅρκοις,
1030 5490 1121 5544 καὶ
1137 5488 1509 5561 παραϐαίνετε
1527 5486 1773 5553 τούτους,
1790 5486 1955 5559 δρᾶτε

382 5583 483 5646 τὰς
508 5585 803 5657 τιμωρίας.

455 5766 499 5797 ⁸³
537 5762 713 5818 Galat.
746 5776 830 5825 ιιι,
863 5760 947 5813 18.
1027 5759 1071 5791 ’⁵
1112 5756 1283 5812 Exod.
1314 5767 1427 5817 ut,
1463 5750 1518 5805 Ξ.

2050 4573 2105 4629 in
2165 4573 2332 4628 anitni
2400 4571 2591 4626 incidit
2646 4569 3059 4639 perplexitatem
3110 4570 3334 4624 obsessa
3382 4570 3624 4634 civitate,

2052 4681 2176 4722 cum
2206 4666 2324 4719 illos
2354 4665 2564 4718 videret
2601 4664 2934 4716 immutatos.
2964 4660 3263 4729 Propterea
3310 4658 3454 4715 Deus
3478 4660 3627 4714 illum

2054 4753 2284 4807 reddens
2322 4732 2663 4821 persuasum,
2691 4758 2746 4803 et
2767 4748 3037 4803 excidium
3082 4748 3355 4818 praedixit,
3390 4757 3444 4803 et
3479 4763 3628 4803 meu-

2057 4850 2163 4894 tem
2202 4838 2572 4894 manifestavit
2599 4853 2788 4892 eorum
2824 4837 2917 4905 qui
2953 4836 3207 4905 pietatem
3235 4837 3590 4892 simulabant.

2126 4929 2271 4986 Nihil
2325 4928 2472 4984 ahud
2526 4928 2678 4983 urbis
2731 4927 3041 4983 obsidendas
3072 4942 3238 4981 causa
3292 4925 3416 4994 fuit,
3465 4942 3628 4996 quam

2057 5022 2367 5093 pactionum
2394 5018 2619 5076 violatio
2651 5019 2866 5074 illarum
2895 5019 3059 5074 etiam
3099 5035 3234 5089 quas
3267 5034 3387 5073 cum
3425 5018 3632 5074 Barba-

2058 5115 2132 5169 ris
2161 5112 2419 5169 Sedecias
2449 5113 2783 5168 coniecerat.
2826 5109 2966 5177 Quid
2996 5111 3083 5166 his
3118 5110 3234 5167 ﬁeri
3266 5111 3437 5179 possit
3461 5111 3632 5165 insul-

2057 5205 2216 5261 sius?
2276 5205 2583 5276 Perjuriutn
2634 5206 2781 5275 cepit
2832 5205 3066 5270 urbem;
3129 5216 3185 5259 et
3219 5204 3358 5259 idem
3416 5203 3634 5258 morbus

2060 5298 2256 5353 iterum
2288 5306 2572 5368 grassatur
2601 5315 2617 5351 :
2642 5304 2855 5350 tantum
2897 5311 3005 5350 non
3033 5300 3343 5365 pugnantes
3372 5309 3494 5350 cum
3522 5292 3634 5347 Deo

2061 5390 2253 5447 isthaec
2298 5390 2554 5460 agebant.
2607 5387 2711 5454 Qui
2756 5387 3072 5457 iuramenta
3123 5385 3415 5455 adhibetis,
3460 5400 3634 5457 eaque

2062 5480 2532 5553 transgredimioi,
2564 5478 2879 5551 punitiones
2896 5478 3263 5535 considerate.
