4054 6210
291 386 394 451 097

1386 381 1805 444 FRAGMENTA
1849 382 1915 444 IN
1952 375 2317 445 JEREMIAM.

3433 372 3535 433 993

289 506 384 558 θεν
435 502 631 565 αὖτοὺς
681 502 999 570 ἀφαιρεῖται
1050 501 1422 573 συγγνώμης,
1471 504 1667 572 λέγων·
1713 508 1766 555 Ὀ
1798 505 1867 558 δὲ

1992 503 2234 565 'ecIudat,
2272 502 2457 554 dicens
2494 517 2505 552 :
2554 498 2790 567 Populus
2820 506 2990 551 autem
3040 488 3124 549 hic
3173 511 3249 549 me
3307 511 3407 549 non
3443 512 3537 546 an.

294 592 448 657 λαὸς
472 587 652 655 οὗτος
679 593 791 645 οὐκ
821 590 1054 659 ἢκουσέ
1079 610 1196 660 μου

362 685 469 737 Διά
495 682 692 745 τοῦτο,
720 683 910 747 οὕτως
941 683 1069 736 εἷπε
1103 685 1337 749 Κύριος.

366 772 507 830 Τοὺς
540 771 596 824 δὲ
638 771 789 833 υἱοὺς
832 771 1084 824 Ἰωναδὰὸ
1115 772 1385 844 ἱερωσύνῃ
1429 774 1672 844 διηνεκεῖ
1700 776 1861 845 τιμᾷ,

1968 593 2110 645 dicit.

2040 677 2203 733 Vens.
2238 670 2324 731 I7.
2357 675 2642 742 Proitterea
2666 676 2739 727 sic
2768 675 2904 728 dixit
2938 670 3211 725 Dominus.

2040 770 2209 825 Filios
2253 769 2497 824 Ionadab
2544 778 2804 837 perpetuo
2829 766 3133 821 sacerdotio
3158 765 3384 819 honorat
3419 781 3538 819 cum

293 865 489 932 λέγων’
516 864 599 917 οὐ
620 862 708 932 μὴ
751 864 1001 930 ἐκλείπῃ
1038 863 1193 930 ἀνὴρ
1239 863 1357 916 τῶν
1380 865 1526 918 υἱῶν
1581 864 1871 919 Ἰωναδὰσ

1992 860 2139 913 licit;
2182 857 2302 912 Non
2338 858 2539 927 deﬁciet
2569 859 2647 911 vir
2678 857 2914 926 filiorum
2953 856 3199 909 Ionadab
3241 868 3385 910 stans
3422 873 3543 911 ante

293 954 689 1022 παρεστηκὼς
718 955 1044 1023 πρόσωπόν
1069 972 1187 1022 μου
1216 956 1421 1023 πάσας
1462 956 1571 1021 τὰς
1617 955 1865 1026 ἡμέρας.

1970 950 2159 1019 faciem
2192 967 2359 1004 meam
2404 950 2644 1003 omnibus
2691 950 2898 1003 diebus.
2949 947 3126 1004 Nolite
3170 949 3317 1004 enim
3353 960 3544 1018 putare

294 1049 387 1118 Μὴ
420 1048 529 1118 γὰρ
559 1047 816 1117 νομίσητε
859 1046 1179 1099 διαπίπτειν
1207 1045 1307 1117 τὴν
1341 1048 1595 1116 εὐλογίαν
1638 1048 1734 1102 τοῦ
1765 1065 1870 1101 πα-

1992 1042 2145 1097 ιιιιῐίε
2169 1042 2605 1096 benedictionem
2637 1042 2849 1094 irritam
2884 1048 3023 1098 esse.

293 1142 443 1210 τρός.

871 1273 1126 1327 ΚΕΦΛΛ.
1158 1272 1301 1341 aq".

365 1410 474 1462 Kal
504 1409 842 1463 ἐνετείλατο
886 1409 1192 1479 Ἱερεμίας.

369 1501 511 1568 Ὅρα
542 1498 679 1551 Θεοῦ
706 1499 984 1568 πρόνοιαν.
1022 1500 1254 1553 Ἐκεῖνοι
1287 1500 1387 1570 μὲν
1418 1500 1510 1552 τὸν
1541 1499 1726 1573 ἰατρὸν
1752 1499 1875 1570 ἔδη-

299 1606 417 1650 σαν,
444 1590 472 1639 ὁ
509 1588 565 1640 δὲ
607 1587 740 1650 θεὸς
768 1589 860 1640 καὶ
889 1588 1061 1651 οὕτως
1102 1589 1319 1651 δεικνὺς
1345 1588 1512 1643 αὐτοῦ
1547 1588 1646 1661 τὴν
1689 1589 1875 1658 φιλαν-

2550 1268 2703 1325 CAP.
2743 1268 2987 1323 XXXVI.

2049 1406 2213 1462 VEns.
2246 1406 2298 1461 5.
2337 1403 2405 1458 Et
2437 1406 2683 1475 praecepit
2712 1404 2997 1460 Jeremias.

2050 1497 2259 1568 Inspice
2289 1497 2383 1551 Dei
2432 1497 2851 1567 providentiam.
2885 1497 2962 1551 Ilii
3012 1497 3230 1567 quidem
3279 1497 3548 1551 medicum

1980 1588 2297 1658 alligarunt,
2327 1589 2471 1643 Deus
2505 1600 2687 1643 autem
2714 1589 2796 1644 vel
2826 1590 2905 1643 sic
2922 1605 3072 1643 suam
3094 1588 3347 1657 pietatem
3368 1599 3553 1641 ostcn~

296 1676 570 1749 Βρωπίαν,
616 1678 716 1730 οὐκ
753 1678 1008 1743 ἐξέϐαλεν
1057 1678 1244 1746 αὑτὸν,
1295 1680 1411 1732 ἀλλ’
1463 1679 1646 1732 εἴασεν
1696 1683 1753 1731 ὲν
1800 1678 1878 1748 τῷ

1992 1682 2115 1734 tiens
2150 1697 2253 1734 non
2278 1695 2401 1755 eum
2439 1680 2711 1742 liberavit,
2747 1681 2842 1736 sed
2885 1682 3105 1751 reliquit
3139 1681 3190 1734 in
3223 1696 3464 1744 carcere,
3496 1693 3553 1731 ιιι

297 1769 687 1840 δεσμωτηρίῳ,
722 1769 811 1822 ἵνα
825 1770 918 1822 τὸν
942 1769 1148 1823 τούτων
1180 1771 1351 1841 θυμὸν
1383 1771 1875 1843 παραμυθήσηται,

1982 1786 2169 1826 eorum
2200 1771 2336 1824 iram
2382 1771 2631 1836 sedaret,
2661 1786 2760 1826 nec
2790 1772 3241 1826 coutcutiosiores
3295 1770 3553 1832 ediceret,

302 1862 395 1914 καὶ
437 1861 512 1931 μὴ
536 1861 1010 1931 ,φιλονεικοτέρους
1035 1862 1341 1932 ἐργάσηται
1369 1903 1385 1929 ,
1415 1865 1476 1916 οὐ
1515 1863 1622 1933 μὴν
1649 1863 1749 1933 τῆς
1787 1862 1876 1915 θε-

1992 1876 2155 1931 aeque
2187 1871 2365 1916 tamen
2394 1878 2487 1917 eos
2512 1864 2778 1917 medicina
2810 1863 3067 1931 privavit,
3100 1861 3199 1918 sed
3232 1863 3545 1931 perscripta

303 1952 534 2021 ραπείας
559 1950 762 2013 αὐτοὺς
785 1949 1182 2021 ἀπεστέρησεν,
1214 1952 1351 2004 ἀλλὰ
1385 1956 1532 2006 ποιεῖ
1562 1954 1651 2005 διὰ
1691 1969 1881 2024 γραμ-

1984 1953 2114 2009 facit
2169 1965 2227 2008 ut
2283 1953 2389 2008 illis
2430 1954 2613 2007 omnia
2669 1956 2718 2007 in
2756 1955 3080 2009 memoriam
3133 1954 3549 2017 reducerentur,

305 2044 491 2114 μάτων
532 2043 731 2105 αὐτοὺς
778 2043 1201 2112 ἀναμνησθῆναι
1234 2044 1295 2097 τὸ
1323 2046 1452 2111 πᾶν,
1487 2046 1582 2099 καὶ
1613 2047 1671 2098 ὲν
1702 2045 1882 2115 καιρῷ

1992 2047 2145 2115 idque
2168 2044 2364 2116 jejunii
2408 2055 2677 2116 tempore.

303 2135 577 2205 νηστείας.

374 2226 482 2281 Καὶ
510 2227 765 2296 ἐγενήθη
802 2227 873 2280 ἐν
902 2224 982 2292 τῷ
1007 2228 1127 2281 ἔτει
1151 2226 1232 2292 τῷ
1261 2227 1470 2296 modo.

373 2319 530 2381 Τίνος
564 2318 621 2369 δὲ
648 2318 835 2370 ἕνεκεν
869 2320 941 2371 ὲν,
985 2319 1160 2390 καιρῷ
1193 2320 1480 2389 νηστείαςς
1526 2319 1611 2371 ἵνα
1651 2320 1745 2371 καὶ
1792 2319 1883 2372 τὸν

304 2412 497 2481 καιρὸν
560 2410 659 2483 ἔχῃ
710 2411 1167 2479 συμπράττοντα,
1216 2412 1312 2463 καὶ
1371 2413 1573 2473 πάντες
1632 2411 1882 2481 παρῶσιν

304 2502 613 2566 ἀκούοντες.
649 2506 828 2557 Λυπεῖ
854 2504 951 2566 τὰς
973 2504 1124 2572 δψεις
1150 2504 1248 2567 τὰς
1276 2504 1547 2574 ὑμετέρας
1580 2506 1613 2573 ἡ
1641 2504 1763 2572 ὄψις
1788 2503 1881 2556 τοῦ

308 2595 585 2663 προφήτου
617 2593 941 2663 φαινομένη.
987 2592 1116 2644 Ἰδοὺ
1143 2593 1213 2645 δι’
1265 2594 1455 2663 ἑτέρου
1497 2592 1726 2655 σκεύους
1753 2594 1884 2662 ὑμῖν

307 2687 368 2738 τὸ
403 2687 691 2755 φάρμακον
729 2685 1076 2753 παραδίδωμι
1108 2682 1460 2755 [ἐπιτίθησιῇ

378 2779 483 2832 Καὶ
519 2776 774 2847 ἐγενήθη
813 2777 1336 2846 ἀναγινώσκοντος
1388 2775 1625 2829 ἰουδίν.

378 2869 564 2924 Ταῦτα
608 2868 849 2931 ἀκούσας
883 2870 911 2921 ὁ
955 2868 1230 2938 βασιλεὺς,
1271 2867 1368 2920 καὶ
1405 2867 1647 2930 ἀκούσας
1673 2871 1742 2923 τὰ
1788 2868 1878 2923 δυ-

308 2964 517 3034 νάμενα
570 2961 666 3014 καὶ
700 2960 847 3013 λίθον
894 2960 1150 3030 μαλάξαι,
1199 2957 1463 3029 συνέκοψε
1518 2959 1579 3012 τὸ
1634 2959 1838 3029 βιϐλίον
1866 2977 1880 2991 ·

307 3054 499 3123 ὥσπερ
529 3053 595 3105 ἂν
621 3051 676 3104 ετ
701 3069 788 3114 τις
815 3052 906 3103 τὸν
939 3050 1121 3121 ἰατρὸν
1150 3052 1248 3120 οὑχ
1275 3049 1474 3121 εὑρὼν,
1504 3051 1563 3102 τὸ
1592 3053 1885 3122 φάρμακον

308 3146 508 3210 λαϋὼν,
535 3147 615 3207 εἰς
644 3144 705 3197 τὸ
742 3144 854 3210 πῦρ
890 3143 1130 3215 ἔρριψεν.
1159 3140 1312 3205 Εἶδες
1353 3142 1551 3213 μανίαν
1575 3144 1668 3195 καὶ
1696 3144 1884 3214 ἀγριό-

2049 2228 2219 2284 Vens.
2243 2228 2296 2284 9.
2341 2227 2405 2282 Et
2442 2231 2637 2299 factum
2668 2242 2741 2283 est
2771 2232 2825 2283 in
2858 2247 2995 2284 anno
3024 2241 3229 2286 octavo.

2055 2320 2166 2375 Cur
2216 2331 2396 2375 autem
2436 2333 2677 2391 tempore
2701 2323 2929 2392 Μιιηίἰῖ
2961 2334 3020 2377 ιιι
3048 2335 3104 2379 et
3137 2335 3345 2395 tempus
3395 2324 3559 2380 habe-

1987 2421 2068 2466 ret
2096 2412 2586 2478 accommodatum,
2624 2428 2923 2485 omnesque
2972 2417 3225 2469 adessent
3256 2417 3561 2472 audientes.

1989 2501 2251 2572 Displicet
2285 2506 2439 2558 vobis
2476 2516 2727 2575 aspectus
2756 2508 3067 2575 prophetae?
3094 2508 3171 2562 En
3202 2525 3298 2579 per
3330 2511 3558 2565 alterum

1987 2607 2079 2646 vas
2107 2595 2458 2661 pharmacum
2487 2591 2638 2650 vobis
2668 2596 2907 2666 porrigo.

2055 2772 2221 2829 Vens.
2258 2775 2348 2829 ‘23.
2388 2777 2455 2829 Et
2487 2780 2685 2846 factum
2722 2789 2798 2832 est
2831 2778 3027 2850 legente
3051 2778 3244 2834 Jndin.

2058 2865 2185 2920 Haec
2222 2882 2344 2921 cum
2378 2870 2618 2923 audisset
2648 2885 2762 2935 rex,
2800 2882 2920 2937 quae
2963 2878 3187 2939 possent
3238 2870 3483 2926 emollire
3509 2884 3565 2927 et

1988 2957 2213 3026 lapides,
2250 2960 2517 3015 conscidit
2540 2960 2735 3014 librum
2761 2979 2775 3027 ;
2804 2963 3025 3029 perinde
3056 2977 3119 3015 ac
3141 2963 3184 3016 si
3208 2964 3329 3033 quis
3355 2965 3567 3019 medico

1992 3062 2098 3100 non
2136 3048 2376 3114 invento,
2426 3059 2700 3119 arreptum
2734 3055 3082 3119 pharmacum
3119 3053 3170 3106 in
3212 3055 3387 3123 ignem
3434 3072 3568 3111 con-

1985 3138 2197 3207 jiceret.
2236 3138 2488 3194 Vidistin‘
2510 3142 2748 3195 furorem
2791 3153 2846 3196 et
2877 3142 3191 3198 feritatem?
3216 3146 3329 3200 Non
3360 3159 3565 3202 tantum

309 3256 481 3307 τητα;
525 3238 636 3305 Οὐχ
676 3235 863 3298 ἁπλῶς
898 3210 1112 3304 ἔκοψεν,
1159 3236 1273 3287 ἀλλ’
1310 3210 1389 3297 είς
1419 3236 1479 3288 τὸ
1527 3235 1638 3304 πῦρ
1674 3210 1877 3307 ῥίπτει’

1992 3231 2173 3298 scidit,
2205 3234 2298 3285 sed
2334 3234 2385 3285 in
2420 3233 2598 3300 ignem
2642 3235 2876 3303 conjecit
2912 3248 2925 3289 :
2964 3251 3156 3306 magna
3204 3239 3305 3293 fuit
3332 3242 3569 3295 circum-

314 3330 482 3401 πολλὴ
526 3330 635 3382 τῶν
666 3328 1091 3399 παρεστηκότων
1128 3327 1344 3380 νωθεία.
1402 3327 1885 3393 Ἠναντιώθησην

312 3423 368 3475 δέ
398 3437 562 3485 τινες,
599 3419 756 3490 φησί.
812 3418 919 3472 Καὶ
964 3419 1092 3486 μετ’
1148 3419 1343 3483 (bII-rw
1384 3417 1529 3486 Ὅρα
1565 3417 1887 3489 δαιμονικὴν

318 3515 513 3583 μανίαν
538 3531 553 3544 ·
577 3515 698 3583 οὐχὶ
730 3512 867 3582 πρὸς
888 3511 977 3563 τὸν
1010 3512 1319 3581 προφήτην,
1362 3510 1498 3563 ἀλλὰ
1529 3512 1621 3563 καὶ
1654 3512 1791 3579 πρὸς
1822 3514 1890 3565 τὰ

317 3605 537 3672 ῥήματα
568 3601 761 3664 ταῦτα,
795 3601 889 3653 καὶ
925 3600 1063 3670 πρὸς
1090 3601 1157 3651 τὰ
1201 3602 1503 3669 πράγματα
1534 3599 1889 3672 [γράμματα]

316 3690 569 3759 ἀπεχθῶς
606 3685 769 3758 εἶχεν.

391 3782 403 3798 ⁸
435 3778 544 3832 Καὶ
586 3779 924 3833 ἐνετείλατο
958 3781 990 3831 δ
1015 3776 1316 3843 βασιλεὺς
1344 3778 1423 3843 τῷ
1466 3777 1756 3847 Ἰερεμιὶιλ
1787 3780 1895 3844 υἱῷ

316 3874 425 3928 τοῦ
450 3872 760 3939 βασιιέως
780 3871 1121 3927 συλλαϐεῖν
1152 3871 1260 3923 τὸν
1296 3869 1537 3937 Βαροὺχ
1573 3871 1681 3923 τάν
1711 3887 1894 3938 γραμ-

313 3965 522 4036 ματέα,
544 3966 832 4036 (τουτέστι,
856 3965 948 4018 τὸν
980 3963 1313 4033 ὀξυγράφον)
1344 3962 1569 4016 καὶτὸν
1608 3963 1897 4030 Ἰερεμίαν

319 4058 425 4111 τὸν
447 4056 788 4126 προφήτην,
821 4056 920 4109 καὶ
951 4056 1414 4121 κατεκρύϐησαν
1442 4055 1559 4107 ὑπὸ
1583 4054 1823 4121 Κυρίου.

390 4150 500 4202 Καὶ
533 4148 622 4201 τὸν
639 4147 897 4216 ἀνωτέρω
928 4146 1097 4216 λέγει,
1133 4146 1214 4197 ὅτι
1250 4144 1343 4198 τοῦ
1388 4145 1523 4199 Θεοῦ
1557 4143 1897 4215 προστάξαν-

320 4258 408 4303 τος
429 4240 635 4309 γράψαι
671 4238 919 4303 ἅπαντας
958 4241 1083 4301 τοὺς
1125 4240 1336 4307 λόγους,
1363 4237 1456 4302 οὓς
1490 4239 1626 4309 πρὸς
1652 4238 1743 4291 τὸν
1774 4237 1898 4291 λαὸν

321 4335 424 4405 ἔφη
484 4334 593 4387 ἀπὸ
635 4332 746 4385 τῶν
800 4330 895 4384 τοῦ
941 4331 1147 4385 Ἰωσίου
1198 4330 1409 4402 καιρῶν
1444 4331 1605 4401 μέχρι
1635 4330 1896 4400 τετάρτου

321 4428 476 4490 ἔτους
506 4430 603 4497 τῆς
639 4424 916 4497 βασιλείας
959 4424 1237 4495 Ἰωακεὶμ,
1269 4428 1327 4477 ὲν
1352 4416 1395 4492 ᾧ
1423 4423 1596 4476 ταῦτα
1636 4422 1895 4493 ἔγραψεν,

321 4521 403 4573 ὅτι
431 4519 931 4589 μεταπεμψάμενος
955 4516 1045 4570 τὸν
1071 4518 1287 4589 Βαροὺχ
1322 4516 1445 4585 ἔφη·

394 4616 412 4633 ⁹
452 4611 601 4679 Ἐγὼ
629 4610 1047 4680 φυλάσσομαι,
1080 4609 1178 4663 καὶ
1208 4610 1280 4662 οὐ
1310 4607 1569 4675 δύναμαι
1598 4605 1899 4660 εἰσελθεῖν

323 4707 410 4769 εἰς
448 4700 620 4757 οἶκον
655 4704 900 4771 Κυρίου,
954 4701 1053 4755 καὶ
1100 4700 1430 4767 εἰσελεύσῃ
1471 4697 1575 4761 σὺ,
1619 4698 1715 4751 καὶ
1758 4698 1902 4750 ἀνα-

324 4797 527 4867 γνώσῃ
550 4797 621 4851 ἐν
651 4794 726 4865 τῇ
771 4793 1046 4863 κεφαλίδι
1090 4793 1297 4861 ταύτῃ,
1335 4792 1404 4845 ἐν
1435 4786 1483 4859 ᾦ
1535 4791 1805 4859 ἔγραψας
1835 4790 1903 4842 ἐκ

323 4892 622 4958 στόματός
644 4906 764 4958 μου
787 4887 930 4953 τοὺς
955 4888 1183 4956 λόγους
1207 4885 1427 4953 Κυρίου
1455 4887 1542 4947 εἰς
1570 4884 1638 4937 τὰ
1654 4878 1771 4937 ὦτα
1795 4881 1903 4934 τοῦ

322 4984 477 5036 λαοῦ
504 4983 566 5035 ἐν
601 4983 791 5051 ἡμέρᾳ
811 4980 1113 5049 νηστείας.

392 5076 457 5128 EI
489 5075 671 5129 τοίνυν
701 5074 1052 5142 ἐφυλάττετο,
1088 5068 1203 5133 πῶς
1237 5068 1483 5140 ὲκρύ6η;
1513 5066 1747 5139 Εὔδηλον
1789 5071 1903 5123 τοί-

323 5184 439 5232 νυν,
470 5166 548 5229 ὡς
597 5168 689 5219 ἐπὶ
738 5165 833 5219 τοῦ
882 5162 1193 5217 Ἐλισσαίου
1228 5161 1461 5231 ἁορασίᾳ
1491 5160 1813 5231 ἐπλήγησαν
1853 5163 1903 5215 οἱ

323 5258 575 5319 ἐλθόντες
608 5259 772 5312 αὐτὸν
807 5252 1103 5326 κατασχεῖν
1131 5254 1240 5306 τῶν
1270 5252 1480 5323 Σύρων.
1504 5251 1677 5307 Τοῦτο
1709 5253 1903 5323 γέγονε

324 5352 421 5405 καὶ
446 5352 542 5405 νῦν
568 5352 664 5404 τοῦ
690 5348 827 5404 Θεοῦ
858 5350 1086 5418 ἀφανεῖς
1111 5346 1312 5409 αὐτοὺς
1348 5344 1490 5398 κατά
1521 5362 1644 5399 τινα
1667 5344 1901 5416 ἀόρατον

323 5441 553 5511 δύναμιν
583 5439 981 5507 πεποιηκότος,
1027 5437 1102 5501 ὼς
1147 5436 1373 5489 ἑστᾶναι
1416 5434 1513 5504 μὲν
1562 5434 1760 5499 αὐτοὺς
1795 5434 1903 5507 πρὸ

324 5535 567 5595 πάντων,
596 5531 672 5602 μὴ
703 5531 987 5601 φαίνεσθαι
1011 5528 1087 5582 δέ.

396 5809 457 5881 ⁸⁸.
483 5806 684 5864 Jerem.
713 5822 901 5870 xxxvr,
933 5808 986 5870 5,
1021 5805 1074 5859 6.
1148 5804 1192 5835 ’⁷
1233 5803 1298 5858 IV
1337 5802 1467 5875 Reg.
1507 5818 1580 5871 vt,
1615 5805 1699 5859 18.

645 5901 918 5961 Ριτιιοι.
963 5902 1077 5961 Gn.
1126 5898 1340 5961 LXIV.

1990 3323 2250 3376 stantium
2279 3325 2555 3378 vecordia.
2585 3323 2814 3390 Quidam
2842 3340 2969 3380 vero
3001 3329 3078 3380 ait
3100 3344 3153 3382 se
3181 3345 3573 3398 opposuere.—

1994 3414 2060 3468 Et
2082 3417 2267 3483 paucis
2296 3418 2604 3487 interjectis.
2628 3420 2924 3474 Considera
2957 3424 3256 3478 satauicutu
3290 3424 3570 3489 furorem;

1995 3520 2101 3560 non
2144 3514 2354 3560 tantum
2389 3510 2684 3577 prophetae,
2722 3526 2907 3565 verum
2941 3521 2992 3565 et
3031 3514 3319 3571 verborum
3346 3524 3399 3567 et
3439 3516 3577 3570 scri-

1994 3604 2170 3664 ptura:
2197 3597 2321 3651 odio
2347 3592 2631 3667 ﬂagrabat.

2068 3786 2085 3801 ⁶
2118 3780 2282 3837 Vens.
2314 3782 2405 3836 26.
2446 3778 2513 3836 Et
2550 3786 2820 3840 mandavit
2855 3802 2946 3841 rex
2985 3784 3235 3843 Jeremic!
3264 3788 3378 3858 (ilio
3412 3794 3568 3859 regis,

2000 3884 2055 3926 ut
2087 3876 2542 3942 comprehenderet
2593 3875 2803 3928 Bnruch
2844 3879 3067 3932 scribam
3106 3881 3250 3950 (hoc
3296 3892 3373 3934 est
3424 3881 3574 3935 velo-

2001 3966 2141 4020 citer
2169 3966 2549 4036 scribentem),
2587 3978 2637 4020 et
2669 3968 2960 4023 Jerentiam
2986 3972 3313 4040 prophetam,
3337 3984 3383 4024 et
3408 3976 3581 4026 occul-

2000 4058 2100 4110 tati
2131 4070 2251 4110 sunt
2276 4076 2306 4111 a
2340 4052 2589 4116 Domino.

2079 4148 2145 4201 Et
2173 4159 2351 4203 tamen
2381 4153 2633 4221 superius
2677 4153 2912 4222 dixerat,
2942 4169 3064 4209 cum
3104 4156 3241 4210 Deus
3275 4154 3347 4210 illi
3378 4174 3579 4226 praece-

2003 4239 2171 4308 pisset
2201 4251 2258 4295 ut
2289 4241 2554 4296 scriberet
2596 4256 2790 4298 omnes
2825 4259 3108 4300 sermones
3154 4261 3291 4314 quos
3319 4250 3383 4301 ad
3411 4263 3578 4319 popu—

2003 4333 2111 4387 lum
2167 4334 2430 4388 habuerat
2483 4349 2512 4387 a
2559 4335 2748 4390 diebus
2804 4334 2967 4391 Josim
3007 4353 3179 4407 usque
3228 4339 3294 4391 ad
3325 4349 3578 4407 quartqu

1990 4439 2201 4481 annum
2249 4426 2399 4497 regni
2452 4425 2723 4492 Joachim,
2756 4443 2864 4498 quo
2895 4430 3009 4484 haec
3053 4430 3347 4496 scribebat,
3400 4432 3577 4486 accito

2006 4516 2247 4572 Baruch:

2072 4612 2086 4631 ‘
2106 4607 2220 4679 Ego
2259 4611 2553 4676 custodior,
2586 4622 2634 4665 et
2666 4628 2768 4667 non
2801 4627 3011 4668 nassum
3041 4612 3245 4682 ingredi
3285 4613 3339 4666 in
3367 4613 3579 4669 domum

2007 4708 2243 4762 Domini.
2278 4706 2344 4759 Et
2376 4706 2686 4776 ingrediaris
2721 4713 2796 4767 tu,
2828 4713 2875 4757 et
2907 4707 3014 4773 tege
3055 4705 3109 4756 in
3156 4703 3415 4756 volumine
3456 4704 3581 4765 isto,

1976 4793 2062 4857 ἰη
2085 4817 2185 4869 quo
2207 4799 2459 4866 scripsisti
2489 4813 2551 4850 ex
2572 4814 2661 4850 ore
2688 4812 2819 4859 meo,
2848 4796 3003 4849 verba
3034 4793 3241 4849 Domini
3264 4795 3316 4847 in
3360 4794 3579 4847 auribus

2012 4892 2219 4963 populi,
2249 4893 2304 4945 in
2325 4892 2409 4944 die
2425 4889 2622 4958 jejunii
2649 4890 2716 4940 ".

2078 5073 2134 5128 Si
2166 5071 2331 5143 igitur
2358 5073 2786 5137 custodiebatur,
2815 5070 3090 5141 quomodo
3117 5070 3425 5126 occultatus
3458 5068 3583 5123 est?

1954 5238 1967 5247 .
2008 5164 2146 5221 Hinc
2183 5164 2527 5219 manifestum
2577 5165 2716 5231 erit;
2767 5163 3221 5234 quemadmodum
3267 5162 3410 5215 enim
3443 5169 3581 5217 tem-

2007 5272 2138 5327 pore
2167 5257 2346 5312 Elisaei
2368 5258 2437 5323 ³⁷,
2463 5257 2584 5327 Syri
2612 5258 2705 5326 qui
2743 5257 2810 5311 ad
2852 5271 2976 5310 eum
3008 5252 3580 5323 comprehendendum

2009 5358 2379 5414 accesserant,
2440 5350 2683 5405 caecitate
2736 5347 2979 5418 percussi
3030 5353 3178 5409 sunt,
3226 5344 3305 5398 sic
3347 5351 3402 5411 et
3442 5359 3583 5398 nunc

2012 5440 2212 5497 tactum
2268 5450 2380 5507 est,
2451 5457 2571 5495 cum
2627 5441 2748 5496 illos
2788 5440 2931 5493 Deus
2980 5437 3029 5490 vi
3081 5436 3311 5504 quadam
3367 5434 3577 5490 occulta

2012 5534 2413 5599 abscondisset,
2447 5533 2520 5588 ita
2548 5542 2605 5588 ut
2635 5533 2670 5589 ii
2701 5546 2806 5588 non
2842 5531 3173 5611 viderentur,
3207 5526 3332 5582 licet
3349 5541 3586 5597 prasen-

2012 5632 2093 5680 tes
2121 5635 2325 5682 essent.

3198 5889 3274 5953 3h
