4054 6210
463 345 574 399 933

542 462 686 515 VERS
740 458 831 513 28.
862 457 1067 511 Rursus
1097 471 1262 511 sume.

538 551 675 609 Vide
718 550 953 605 divinam
1000 547 1412 616 benignitatem,
1448 554 1571 613 post
1614 552 1815 596 tantam
1850 553 2027 597 contu-

470 646 719 704 maciam,
772 653 959 694 rursus
1011 637 1143 706 ipsis
1192 634 1543 690 consulentis.
1596 631 1709 688 Nos
1741 647 1871 688 vero
1900 645 2042 702 εδει-θ

473 737 720 789 timentes
767 746 833 783 ne
886 728 1045 784 nobis
1095 743 1199 781 non
1249 735 1538 796 pareatur,
1599 738 1773 795 neque
1824 724 2044 778 omnino

467 823 903 879 adhortationem
936 820 1278 883 adhibemus,
1310 816 1394 871 vel
1424 815 1589 871 semel
1614 816 1757 886 quod
1784 814 1837 869 in
1864 824 2043 868 mente

466 926 582 970 crat
599 929 703 968 non
726 911 985 976 assecuti,
1014 910 1267 979 injuriam
1290 909 1449 963 nobis
1471 907 1800 961 arbitramur
1817 905 2040 970 illatam,

467 1022 565 1061 nec
601 1005 793 1059 iterum
848 1000 1049 1068 alloqui
1090 998 1447 1059 Sttstinemus,
1490 994 1598 1047 Deo
1649 1000 1857 1047 tantum
1909 992 2044 1045 tole-

468 1112 620 1156 rante
658 1096 1042 1152 contumeliam
1097 1093 1475 1148 combustione
1522 1091 1686 1153 libri,
1737 1098 1790 1143 ct
1834 1087 2044 1141 insidiis

466 1202 652 1247 contra
706 1189 1019 1260 prophetas.
1067 1186 1268 1240 Omnes
1313 1183 1491 1236 futura
1545 1183 1686 1236 scire
1731 1179 1937 1242 Volunt,
1979 1192 2041 1232 ea

468 1291 645 1335 tamen
669 1294 789 1351 qua:
814 1292 971 1330 aures
1000 1292 1105 1330 non
1128 1271 1459 1338 demnlcent,
1482 1271 1670 1325 audire
1694 1284 1802 1323 non
1835 1268 2039 1321 ferunt.

464 1372 747 1441 Propheta:
781 1382 913 1423 vero
939 1380 1119 1422 sermo
1150 1379 1286 1419 unus
1331 1376 1547 1429 semper
1573 1371 1675 1423 est,
1703 1371 1758 1413 et
1789 1359 1840 1415 in
1873 1358 2044 1415 bono-

466 1473 651 1519 rantes
701 1460 849 1518 onmi
890 1457 1201 1513 adulatione
1242 1469 1456 1509 carens.
1495 1451 1745 1508 Ostendit
1774 1460 1952 1504 autent
1985 1461 2044 1503 se

468 1558 596 1612 nulli
628 1554 878 1624 iniuriam
931 1552 1134 1616 facere,
1164 1548 1291 1603 dum
1321 1562 1448 1601 vera
1500 1544 1653 1610 dicit,
1687 1556 1789 1597 nec
1821 1540 2040 1608 dignum

466 1649 556 1718 qui
592 1645 817 1701 vinculis
849 1642 1178 1700 detineatur.
1211 1638 1342 1693 Illud
1362 1644 1539 1692 autem
1569 1631 1817 1687 Elenioth
1847 1628 2042 1701 Aquila

464 1738 714 1808 exposuit
744 1736 1010 1791 oliicinas.

1253 335 1814 393 SUPI’I.E.\lENTUM
1855 336 1944 390 ΔΙ)
1985 338 2040 392 S.
2077 338 2126 393 J.
2165 338 2660 397 CllliYSOS'l'OMl
2696 343 2949 399 OPERA.

2077 463 2120 517 Α
2217 457 2410 513 Πάλιν
2437 459 2605 517 λάϐε.

3586 350 3724 406 ίθθθ

2219 553 2358 619 Ὅρα
2401 550 2495 603 τοῦ
2523 550 2657 604 Θεοῦ
2687 551 2786 621 τὴν
2819 550 3249 622 φιλανθρωπίαν,
3284 550 3421 620 μετὰ
3446 552 3725 625 τοσαὴν

2145 642 2429 695 ἀπείθειαν
2470 643 2631 695 πάλιν
2682 643 2869 706 αὐτοῖς
2907 641 3388 712 συμϐουλεύοντος.
3434 644 3634 713 Ἡμεῖς
3670 646 3729 697 δὲ

2147 732 2405 796 πολλάκις
2441 733 2754 789 ἀντίστασιν
2807 736 3227 801 ὑποπτεύοντες,
3277 735 3375 805 τὴν
3404 737 3579 807 ἀρχὴν
3601 738 3732 791 οῦδέ

2146 824 2542 895 παραινοῦμεν,
2590 827 2624 896 ἦ
2672 827 2792 890 πῶς
2830 828 2979 892 ἅπαξ
3032 828 3420 898 ἀποτυχόντες,
3460 829 3623 900 ὓϐριν
3670 831 3736 882 τὸ

2147 918 2335 988 χρῆμα
2357 918 2670 989 νομίζομεν,
2705 919 2801 972 καὶ
2849 920 3014 974 πάλιν
3043 920 3225 988 λέγειν
3254 921 3353 974 οὐκ
3388 922 3733 992 ἀνεχόμεθα,

2145 1009 2279 1062 Θεοῦ
2310 1010 2579 1081 τοσαύτην
2606 1010 2999 1082 ὑπομείναντος
3050 1013 3211 1083 ὓϐριν
3241 1013 3372 1081 περὶ
3394 1013 3495 1083 τὴν
3524 1013 3739 1066 καῦσιν

2144 1101 2238 1153 τοῦ
2269 1101 2494 1171 βιϐλίου,
2522 1103 2616 1156 καὶ
2638 1103 2745 1156 τῶν
2777 1103 3074 1175 προφητῶν
3098 1105 3196 1174 τὴν
3224 1104 3539 1174 ἐπιϐουλήν.
3580 1104 3741 1158 Πάν-

2146 1209 2235 1253 τες
2292 1191 2515 1261 ζητοῦσι
2565 1192 2626 1244 τὸ
2672 1192 2885 1261 μέλλον,
2919 1193 3216 1247 ὑπακούειν
3243 1194 3300 1246 δὲ
3322 1197 3433 1258 τοῖς
3478 1196 3555 1264 μὴ
3596 1197 3735 1249 καθ’

2144 1280 2340 1351 ἡδονὴν
2369 1281 2468 1334 ούκ
2493 1281 2793 1351 ἀνέχονται.
2844 1278 2936 1347 Εἷς
2976 1284 3034 1337 δὲ
3084 1286 3112 1336 ό
3146 1284 3302 1351 λόγος
3334 1285 3425 1338 ἀεὶ
3464 1285 3560 1337 τοῦ
3585 1302 3738 1356 προ-

2146 1373 2340 1443 φήτου,
2370 1376 2466 1426 καὶ
2512 1374 2878 1438 ἀκολάκευτος
2902 1376 3038 1441 πρὸς
3087 1376 3215 1439 τοὺς
3264 1376 3538 1445 τιμῶντας
3575 1375 3738 1448 [ἀτι-

2148 1464 2411 1538 μῶντας].
2444 1464 2697 1520 Δείκνυσι
2729 1466 2807 1531 δὲ,
2840 1468 2923 1520 ὅτι
2957 1468 3031 1537 μὴ
3064 1468 3239 1521 ἀδικεῖ
3280 1466 3454 1535 λέγων
3487 1468 3735 1536 τάληθῆ,

2148 1556 2284 1627 μηδέ
2316 1557 2463 1623 ἄξιός
2490 1557 2612 1610 ἐστι
2644 1557 2912 1629 φυλακῆς,
2943 1559 3001 1612 τὸ
3026 1558 3085 1611 δὲ
3126 1557 3418 1621 Ἐλενιὼθ,
3483 1558 3735 1624 Ἀκύλας

2145 1648 2409 1715 ἐξέδωκεν
2436 1647 2824 1718 ἐργαστήρια.

539 1830 704 1886 Vsus.
760 1827 851 1883 ‘52.
903 1825 970 1880 Et
1028 1832 1284 1897 praeterea
1360 1817 1533 1875 additi
1603 1823 1723 1872 sunt
1784 1827 2045 1871 sermones

2214 1834 2325 1885 ttat
2351 1829 2810 1899 προσετέθησαν
2846 1830 3007 1897 αὐτῷ
3034 1833 3207 1903 λόγοι
3240 1836 3542 1901 πλείονες.

463 1924 665 1995 plures.

537 2011 602 2068 Hi
632 2013 738 2068 ﬁde
768 2008 916 2083 digni
944 2017 1121 2064 erant.

1036 2135 1189 2192 CAP.
1218 2130 1482 2188 XXXVII.

536 2281 699 2336 Vens.
727 2278 782 2332 4.
820 2275 887 2329 Et
920 2274 1203 2328 audierunt
1232 2267 1472 2324 Chaldwi
1501 2266 1699 2335 famam
1727 2275 1932 2316 eorum.

534 2375 643 2429 Cur
689 2384 819 2425 vero
863 2366 1101 2423 Chaldrei
1157 2359 1453 2417 recedunt?
1499 2364 1557 2410 ut
1606 2352 1752 2411 omni
1799 2365 1867 2405 ex
1895 2354 2047 2418 parte

467 2464 667 2523 Iudaeis
690 2463 908 2534 planum
950 2458 1103 2513 ﬁeret
1139 2468 1234 2532 eos
1263 2467 1367 2507 non
1391 2450 1598 2504 viribus
1626 2444 1859 2516 propriis
1884 2454 2045 2510 expe-

468 2532 731 2613 ditionem
786 2549 1111 2619 suscepisse,
1149 2542 1348 2600 bellum
1384 2539 1642 2611 gessisse,
1687 2533 1782 2589 sed
1814 2532 1905 2588 illo
1932 2546 2048 2602 per-

470 2652 743 2706 mittente.

536 2743 701 2797 V’ens.
746 2739 800 2793 8.
832 2734 1098 2802 Quoniam
1129 2732 1203 2785 sic
1233 2729 1394 2782 dixit.

541 2835 674 2886 Cum
711 2829 856 2884 enim
905 2826 1045 2879 Deus
1084 2838 1177 2894 per
1212 2820 1420 2889 aliquos
1467 2813 1671 2883 aliquid
1707 2811 1886 2866 facere
1911 2806 2045 2871 vult,

469 2926 645 2994 primo
674 2922 796 2977 illos
823 2917 1062 2973 ostendit
1109 2912 1378 2975 inﬁrmos,
1413 2914 1471 2961 ut
1503 2907 1577 2961 illi
1609 2914 1779 2959 totum
1810 2898 2051 2955 ascriba-

470 3029 575 3071 tur.
608 3013 760 3080 Quod
798 3011 885 3064 hic
912 3009 1078 3062 etiam
1106 3006 1311 3061 evenit.

545 3106 706 3160 Vens.
740 3101 827 3165 10,
864 3100 950 3154 Η.
979 3098 1046 3151 Et
1075 3098 1275 3167 factum
1313 3099 1389 3145 es!
1411 3087 1621 3160 quando
1650 3080 1880 3138 ascendit
1904 3094 2051 3134 exer—

2218 2008 2377 2068 Οὗτοι
2407 2012 2711 2079 ἀξιόπιστοι
2735 2009 2898 2085 ἦσαν.

2706 2144 2933 2199 ΚΕΦΔΛ
2946 2187 2959 2199 .
3001 2146 3124 2200 AZ'.

2217 2281 2328 2338 Kal
2352 2281 2631 2350 ἥκουσαν
2653 2283 2708 2333 ol
2729 2279 3039 2335 Χαλδαῖοι.
3078 2319 3084 2324 -

2218 2374 2375 2435 Τίνος
2401 2373 2586 2425 ἕνεκεν
2618 2371 2995 2443 ἀναχωροῦσιν
3041 2373 3091 2425 oi
3142 2373 3400 2428 Χαλδαῖοι
3429 2390 3444 2440 ;
3471 2375 3557 2428 ἵνα
3590 2377 3741 2430 πάν-

2147 2458 2305 2513 τοθεν
2349 2456 2594 2529 μάθωσιν
2616 2458 2665 2510 οί
2714 2457 2983 2522 Ἰουδαῖοι,
3015 2458 3098 2512 ὅτι
3143 2458 3244 2511 ούκ
3281 2460 3460 2531 οίκεία
3492 2461 3738 2532 δυνάμει

2145 2550 2385 2621 ἐπῆλθον
2415 2549 2597 2612 αὐτοῖς
2636 2550 2729 2600 καὶ
2759 2548 3126 2619 ἐπολέμησαν,
3154 2549 3270 2605 ἀλλ’
3294 2549 3464 2604 αὑτοῦ
3505 2568 3733 2623 συγχω-

2148 2643 2215 2714 ρή
2224 2657 2433 2703 σαντος.

2223 2733 2351 2786 Ὅτι
2383 2732 2579 2795 οὕτως
2606 2726 2759 2785 εἷπε.

2221 2824 2390 2875 Ὅταν
2422 2822 2530 2893 γὰρ
2564 2819 2823 2890 βούληταί
2854 2836 2903 2873 τι
2951 2819 3040 2875 διά
3063 2837 3224 2873 τινων
3258 2823 3285 2876 ὁ
3311 2822 3445 2882 Θεὸς
3488 2824 3742 2894 ἐργάζε-

2152 2912 2300 2977 σθαι,
2335 2912 2554 2983 πρῶτον
2582 2911 2778 2973 αὐτοὺς
2807 2910 3077 2967 δείκνυσιν
3115 2913 3382 2979 ἀσθενεῖς,
3413 2915 3500 2969 ἵνα
3524 2917 3586 2968 τὸ
3617 2918 3742 2969 πᾶν

2150 3004 2317 3059 αὑτοῦ
2344 3002 2600 3074 νομισθῇ.
2638 3004 2702 3056 Ὂ
2746 3002 2839 3055 καὶ
2869 3002 3104 3056 ἐνταῦθα
3131 3004 3373 3072 γέγονεν.

2236 3093 2502 3164 Ἐγένετο
2539 3092 2629 3156 δὲ,
2670 3092 2751 3158 ὡς
2802 3091 2983 3159 ἀνέϐη
3035 3094 3073 3160 ἠ
3122 3093 3377 3166 δύναμις
3416 3091 3532 3146 τῶν
3565 3096 3743 3149 Χαλ-

470 3203 604 3255 cilus
640 3196 1009 3252 Chaldazorum
1042 3207 1071 3242 a
1101 3183 1394 3241 Jerusalem
1426 3198 1459 3232 α
1484 3178 1621 3245 facie
1642 3170 2049 3229 exercitusl’ha-

2156 3160 2335 3240 ﬂatur-
2361 3184 2481 3239 ἀπὸ
2522 3184 2932 3253 Ἰερουσαλὴμ,
2972 3183 3093 3238 ἀπὸ
3123 3160 3448 3251 προσώπου
3476 3184 3587 3249 τῆς
3624 3185 3743 3240 δυ-

472 3294 677 3353 raom’s,
718 3301 952 3355 egressus
993 3292 1065 3335 est
1114 3277 1372 3333 Jeremias
1392 3269 1685 3327 Jerusalem
1706 3307 1721 3333 ,
1746 3276 1800 3320 et
1822 3279 1940 3334 qua:
1965 3276 2049 3315 se-

2156 3270 2379 3339 νὰμεως
2405 3268 2634 3338 Φαραὼ,
2662 3268 2924 3338 ἐξῆλθεν
2955 3271 3241 3340 Ἱερεμίας
3265 3272 3384 3326 ἀπὸ
3422 3273 3737 3340 Ἰερουσα-

513 3393 733 3436 unnlttt‘.

513 3402 733 3436 llilllllll'.

471 3402 505 3456 q
542 3472 772 3537 Quidam
822 3468 1074 3518 asserunt
1121 3452 1449 3527 Babylonios
1505 3450 1559 3502 in
1607 3445 1748 3501 bello
1792 3444 2049 3497 adversus

472 3564 755 3636 1Egyptios
787 3572 892 3613 non
933 3554 1003 3609 ob
1037 3552 1232 3605 virium
1274 3542 1702 3601 imbecillitatem
1738 3536 1925 3604 pedem
1962 3548 2046 3588 re-

472 3625 685 3719 tulisse,
719 3652 814 3707 sed
838 3649 905 3704 ob
937 3645 1080 3717 regis
1106 3640 1443 3704 absentiam;
1474 3649 1658 3689 verum
1694 3630 1798 3685 hoc
1825 3625 2049 3682 minime

471 3752 537 3805 ad
594 3763 705 3804 rem
760 3744 942 3799 facere
989 3736 1245 3793 existimo
1280 3750 1293 3786 :
1325 3745 1498 3799 neque
1549 3727 1696 3781 enim
1748 3723 1803 3777 in
1851 3719 2049 3777 ultimo

472 3839 686 3895 excidio
720 3846 963 3907 praesens
996 3835 1134 3885 erat.
1164 3827 1233 3879 At
1256 3825 1306 3878 in
1343 3820 1563 3875 Deblata
1593 3822 1714 3887 post
1751 3822 2048 3868 extremam

475 3931 627 3985 urbis
675 3904 884 3983 ruinam
917 3921 1173 3977 Sedecias
1211 3915 1475 3970 adductus
1503 3916 1607 3964 est.
1640 3907 1709 3961 At
1739 3904 1933 3974 opinor
1957 3913 2051 3954 eos

476 4037 634 4091 pares
672 4018 909 4074 hostium
953 4008 1282 4067 multitudini
1327 4019 1431 4059 non
1483 3998 1739 4056 habuisse
1791 3996 1959 4055 vires,
2001 3999 2054 4043 et

478 4113 644 4165 Deum
700 4111 805 4164 illis
850 4118 909 4159 ut
944 4106 1107 4175 justis
1142 4098 1461 4154 auxiliatum
1514 4092 1703 4153 fuisse,
1756 4083 2055 4141 reddidisse

477 4216 659 4257 autem
711 4200 964 4270 populum
997 4199 1064 4249 ob
1094 4192 1409 4262 iniquitates
1466 4180 1811 4239 imbecillum.
1863 4174 2055 4229 Dicere

478 4296 659 4360 itaque
686 4266 795 4354 est,
826 4286 1145 4358 praedixisse
1186 4283 1353 4337 Deum
1392 4278 1593 4337 futura,
1625 4287 1729 4326 non
1762 4266 1904 4337 quod
1941 4266 2056 4333 ipse

477 4384 815 4441 calamitates
876 4377 1127 4439 inferret,
1187 4382 1241 4427 et
1294 4371 1531 4424 minatus
1582 4380 1642 4419 ea
1696 4377 1817 4432 quae
1876 4358 2054 4411 futura

478 4485 634 4531 erant
689 4473 989 4539 denegante
1038 4466 1153 4535 ipso
1190 4459 1471 4515 auxilium.
1526 4454 1699 4509 Porro
1732 4463 1913 4505 sermo
1951 4447 2056 4500 iste
2091 4489 2131 4543 Β

480 4565 777 4621 universim
829 4559 977 4615 utilis
1025 4564 1129 4611 cst.
1167 4551 1281 4608 Non
1322 4548 1445 4619 quia
1486 4548 1624 4600 Dens
1672 4539 1936 4612 praedicit,
1972 4552 2056 4590 res

478 4657 758 4719 eveniunt,
800 4652 894 4707 sed
936 4648 1224 4719 pra-sciens
1260 4645 1305 4697 is
1333 4657 1394 4696 ea
1428 4634 1776 4707 praenuntiat,
1821 4631 1947 4700 quia
1983 4630 2056 4681 ita

480 4750 672 4805 futura:
702 4753 858 4813 sunt;
881 4743 958 4798 sic
980 4742 1145 4813 igitur
1170 4732 1514 4802 intelligenda
1538 4740 1591 4783 et
1608 4741 1727 4796 qum
1751 4724 1817 4779 de
1841 4721 2058 4777 Christo

480 4842 755 4911 prophetae
802 4834 1079 4890 vaticinati
1130 4836 1285 4893 sunt,
1336 4835 1388 4881 et
1430 4836 1550 4893 qua:
1595 4817 1745 4873 ludat:
1776 4831 1804 4869 a
1839 4813 2057 4869 Christo

481 4938 626 4991 facta
659 4932 759 4987 fuit
790 4928 1091 5001 praediCtio.

548 5120 714 5178 Vnus.
753 5118 839 5171 12.
873 5115 938 5169 Et
968 5112 1065 5183 {uit
1111 5110 1221 5177 ipse
1250 5106 1307 5159 in
1342 5103 1550 5157 civitate
1578 5097 1879 5167 Benjamin,
1914 5104 1960 5147 et
1987 5093 2057 5145 ibi

481 5220 659 5276 homo,
715 5209 855 5279 apud
890 5221 1039 5276 quem
1090 5198 1378 5254 divertebat
1432 5194 1689 5251 Ananias,
1735 5198 1784 5240 et
1823 5201 2058 5252 compre-

480 5308 656 5362 hendit
698 5277 981 5357 Jeremium
1035 5292 1364 5363 prophetam,
1403 5286 1580 5337 dicens
1613 5297 1630 5335 :
1662 5279 1742 5331 Ad
1783 5277 2056 5330 Chaldmos

483 5410 537 5452 tu
573 5393 749 5467 fugis?

553 5460 707 5552 ιὶιιῖιι,
739 5483 877 5552 apud
917 5494 1069 5551 quem
1118 5471 1430 5534 dit'erlebul,
1472 5467 1613 5520 idem
1647 5472 1728 5517 est
1753 5476 1814 5516 ac
1845 5461 1889 5515 si
1918 5460 2059 5513 dire-

485 5588 611 5634 ret:
641 5576 791 5645 Apud
830 5589 1012 5644 quem,
1052 5573 1176 5624 dum
1228 5565 1330 5619 iter
1378 5561 1625 5622 haberet,
1671 5567 1889 5609 manere
1935 5569 2059 5609 con-

486 5679 756 5727 sueverat.

560 5759 721 5815 Vms.
751 5758 839 5811 H.
865 5753 935 5806 Et
964 5752 1291 5808 tradiderunt
1338 5761 1453 5801 eum
1485 5744 1538 5797 in
1568 5744 1777 5796 domum
1829 5740 2056 5794 carceris

2144 3363 2292 3431 λὴμ,
2330 3364 2422 3415 καὶ
2444 3360 2511 3414 τὰ
2533 3359 2679 3431 ἐξὴς.

2222 3452 2379 3515 Τινές
2409 3466 2593 3518 φασιν,
2620 3450 2696 3514 ῶς
2725 3451 2826 3503 οὑκ
2855 3450 3110 3520 ἀσθενείᾳ
3151 3450 3485 3505 Βαϐυλώνιοι
3521 3451 3739 3521 ἀνεχὼ-

2153 3560 2348 3615 ρησαν,
2376 3539 2691 3609 Αἰγυπτίων
2731 3540 3136 3611 πολεμούντων,
3178 3541 3290 3594 ἀλλ’
3319 3541 3395 3604 ὡς
3434 3541 3534 3594 τοῦ
3572 3542 3738 3611 βασι-

2151 3635 2283 3696 λέως
2311 3633 2385 3703 μὴ
2409 3632 2675 3701 παρόντος
2696 3644 2711 3661 ⁸
2747 3626 2903 3700 οἶμαι
2933 3632 2989 3684 δὲ
3039 3633 3296 3701 περιττὸν
3343 3628 3483 3685 εἶναι
3518 3632 3611 3685 τὸν
3642 3634 3740 3685 λό-

2151 3742 2245 3795 γον
2267 3724 2478 3777 τοῦτοψ
2507 3724 2625 3776 οὐδὲ
2647 3723 2757 3793 γὰρ
2775 3725 2831 3776 ἐν
2854 3726 2920 3792 τῇ
2946 3724 3148 3793 ἐσχάτῃ
3167 3722 3366 3776 ἁλώσει
3393 3724 3601 3795 παρῆν.
3639 3726 3739 3779 Ἐν

2152 3817 2283 3887 γοῦν
2300 3819 2364 3888 τῇ
2386 3814 2634 3870 Δεϐλαθᾶ
2651 3816 2678 3868 ὁ
2702 3815 2957 3877 Σεδεκίας
2977 3815 3258 3885 ἀπηνέχθη
3286 3814 3427 3884 μετὰ
3442 3816 3543 3887 τὴν
3565 3818 3743 3884 ἐσχα-

2152 3927 2253 3980 την
2281 3908 2485 3961 ἅλωσιν
2525 3910 2624 3978 τῆς
2678 3907 2908 3968 πόλεως.
2948 3906 3217 3976 Ἢγοῦμαι
3277 3907 3477 3972 τοίνυν,
3508 3907 3583 3969 ὡς
3626 3910 3739 3961 οὐκ

2154 4000 2447 4069 ἀξιόμαχον
2487 3994 2629 4067 εἶχον
2684 3997 2915 4066 δύναμιν
2970 3995 3106 4065 πρὸς
3162 3996 3223 4051 τὸ
3277 3997 3385 4050 τῶν
3452 3997 3739 4067 πολεμίων

2156 4091 2382 4161 πλῆθος,
2416 4090 2512 4143 καὶ
2558 4090 2688 4150 Θεὸς
2723 4089 2780 4141 δὲ
2811 4089 2995 4152 αὐτοῖς
3046 4089 3121 4150 ὡς
3147 4088 3379 4151 δικαίοις
3421 4090 3735 4158 ἐπήμυνεν,

2156 4183 2541 4252 ἀσθενέστερον
2584 4181 2641 4233 δέ
2685 4181 2775 4233 τὸν
2825 4179 2949 4233 λαὸν
2976 4178 3064 4231 διὰ
3097 4179 3195 4241 τὰς
3236 4179 3514 4250 ἁμαρτίας
3541 4181 3741 4250 εἰργά-

2159 4293 2309 4328 σατο.
2351 4273 2508 4326 Ἔστι
2548 4272 2731 4326 τοίνυν
2787 4273 2852 4324 ἐκ
2893 4270 3085 4324 τούτου
3134 4272 3330 4336 εἰπεῖν,
3378 4272 3460 4325 ὅτι
3491 4271 3560 4324 τὰ
3603 4272 3744 4340 μὲλ-

2157 4365 2315 4417 λοντα
2369 4365 2688 4418 ἀποϐαίνειν
2728 4364 2960 4433 προεῖπε
2987 4362 3139 4425 Θεὸς,
3165 4362 3267 4414 ούκ
3313 4362 3474 4425 αὐτὸς
3509 4363 3743 4429 ἐπάγων

2160 4455 2257 4518 τὰς
2290 4456 2598 4525 συμφορὰς,
2642 4454 2759 4509 ἀλλ’
2792 4452 3033 4509 ἀπειλῶν
3064 4453 3131 4506 τὰ
3157 4453 3410 4523 ἐσόμενα,
3446 4455 3540 4507 καὶ
3566 4457 3643 4523 μὴ
3676 4457 3741 4507 τὸ

2162 4545 2374 4617 βοηθεῖν
2417 4547 2740 4617 ἀπειλήσας.
2775 4547 3058 4616 Χρήσιμος
3087 4545 3144 4599 δὲ
3180 4538 3334 4608 οὗτος
3362 4546 3391 4597 ό
3420 4546 3577 4613 λόγος
3614 4545 3740 4598 καθ’

2158 4638 2301 4690 ὅλου.
2345 4637 2467 4689 Ὅτι
2531 4637 2629 4688 οὐκ
2675 4636 2861 4704 ἐπειδὴ
2917 4636 3172 4707 προλέγει
3233 4635 3365 4689 Θεὸς
3408 4636 3618 4704 γίνεται
3668 4635 3742 4689 τὰ

2159 4724 2483 4794 πράγματα,
2514 4724 2628 4778 ἀλλ’
2658 4725 2845 4796 ἐπειδὴ
2882 4721 3017 4777 εἶναι
3064 4725 3250 4795 μέλλει
3284 4725 3414 4789 Θεὸς
3467 4725 3739 4795 προειδὼς

2160 4816 2468 4889 προμηνύει
2495 4832 2505 4845 ·
2538 4816 2679 4870 οὕτω
2709 4817 2838 4885 γοῦν
2869 4817 2961 4869 καὶ
2988 4816 3055 4872 τὰ
3077 4819 3209 4887 περὶ
3231 4816 3470 4888 Χριστοῦ
3501 4819 3607 4870 ὑπὸ
3629 4817 3741 4872 τῶν

2163 4908 2465 4980 προφητῶν
2516 4908 2782 4978 εἰρημένα
2815 4908 2958 4960 ἐστιν
2991 4907 3260 4972 ἐκλαϐεῖν,
3299 4910 3394 4963 καὶ
3423 4909 3520 4979 τὴν
3564 4908 3741 4963 ἰούδι

2161 5002 2317 5072 παρά
2346 5000 2438 5054 τοῦ
2475 5000 2711 5071 Χριστοῦ
2742 5000 3045 5072 πρόρρησιν
3070 5002 3391 5071 γενομένην.

2231 5093 2337 5147 Kal
2385 5094 2624 5163 ἐγένετο
2654 5092 2840 5157 αὐτὸς
2874 5091 2945 5144 ἐν
2969 5092 3047 5160 τῇ
3079 5094 3253 5148 πόλει
3287 5091 3592 5161 Βενιαμὶν,
3635 5093 3737 5149 καὶ

2158 5185 2285 5240 ἐκεῖ
2325 5185 2633 5254 ἄνθρωπος
2683 5185 2819 5251 παρ’
2867 5176 2915 5250 ᾧ
2982 5183 3279 5237 κατέλυεν
3313 5183 3519 5253 (ὄνομα
3573 5180 3739 5246 αὐτῷ

2173 5277 2444 5347 Ἄρουία),
2465 5277 2561 5329 καὶ
2600 5276 2943 5331 συνέλαϐεν
2977 5276 3374 5347 Ἰερεμίαντὸν
3410 5273 3738 5343 προφήτψ·

2158 5368 2371 5436 λέγων·
2402 5368 2556 5435 Πρὸς
2589 5367 2731 5432 τοὺς
2764 5367 3105 5434 Χαλδαίους
3133 5368 3214 5422 σὺ
3236 5366 3515 5435 φεύγεις

2230 5460 2323 5524 Τὸ,
2357 5459 2496 5526 Hap‘
2525 5452 2573 5526 ᾧ
2620 5460 2933 5525 κατέλυεν,
2960 5461 3079 5513 ἀντὶ
3110 5459 3202 5513 τοῦ
3225 5499 3242 5525 ,
3276 5456 3414 5529 Παρ’
3449 5449 3496 5524 ᾧ
3525 5454 3741 5510 660m.)-

2163 5550 2269 5619 ρῶν
2307 5551 2489 5622 μένειν
2513 5550 2714 5603 εἰώθει.

2231 5737 2337 5794 Kal
2369 5735 2721 5806 παρέδωκαν
2747 5735 2935 5789 αὐτὸν
2983 5736 3068 5801 εις
3111 5734 3279 5789 οἶκον
3333 5731 3608 5798 φυλακῆς
3642 5733 3731 5796 εις
