4058 6212
461 316 485 370 1
493 318 598 371 ηδε

1236 311 1791 371 SUPPLEMENTUM
1831 314 1922 369 AD
1959 314 2015 371 S.
2057 314 2107 371 J.
2149 312 2639 371 CHRYSOSTOMI
2676 309 2924 368 OPERA.

3577 307 3723 367 10οί

536 429 698 483 Vnus.
756 429 844 482 lt.
902 418 965 479 Et
1021 410 1307 493 assumpsit
1380 425 1726 481 Abdemelech
1801 429 2017 482 Imminet

2205 429 2315 483 Kal
2350 428 2568 483 ἔλαϐεν
2616 425 2962 496 Ἆϐδειιέλεχ
3004 423 3148 499 τοὺς
3192 423 3543 494 ἀνθρώπους
3577 429 3720 497 μεθ’

456 538 654 586 secum,
691 528 740 574 et
771 520 1037 589 ingressus
1083 530 1158 572 est
1202 521 1258 572 in
1310 520 1525 574 domum
1584 536 1719 589 regis
1763 522 2030 575 subterra-

456 631 631 668 mam.

520 703 632 757 lloc
675 711 762 757 est
811 702 864 756 in
908 700 1205 755 stabulum.
1258 700 1690 766 Sublerraneam,
1721 710 1781 756 ut
1804 700 2029 766 diceret,

451 811 572 866 quae
604 803 722 850 erat
744 795 797 850 in
830 803 1038 865 aperto.
1068 792 1160 849 Sic
1185 794 1328 849 enim
1371 803 1424 849 et
1450 793 1709 849 Hebraeus
1737 793 1920 850 habet.

516 1001 582 1055 Et
606 1002 825 1071 sumpsit
857 1002 979 1054 inde
1011 1011 1205 1055 veteres
1243 1016 1487 1070 pannos;
1519 1012 1565 1054 et
1595 1011 1786 1054 veteres
1816 1000 2028 1069 funicu-

451 1096 550 1163 los,
584 1107 630 1149 et
658 1095 877 1165 projecit
923 1111 985 1147 ea
1017 1093 1085 1147 ad
1114 1092 1400 1148 Jeremiam
1453 1096 1756 1161 prophetam
1782 1132 1796 1157 ,
1834 1101 1887 1147 et
1910 1107 2030 1162 qua:

450 1196 770 1257 sequuntur.

517 1278 765 1348 Sumpsit
813 1292 1079 1349 equorum
1135 1277 1400 1345 stragula,
1455 1285 1511 1330 et
1554 1291 1761 1345 pannos
1793 1291 1854 1331 ex
1889 1276 2029 1330 lanis

447 1380 782 1439 praeparatos
851 1380 1006 1437 aptos
1048 1369 1114 1423 ad
1168 1368 1509 1429 cubandum,
1575 1381 1714 1435 quos
1771 1366 2027 1423 sedilibus

444 1472 691 1516 sternere
717 1462 769 1514 in
805 1476 906 1515 usu
950 1470 1053 1514 est.
1102 1458 1255 1525 Quod
1289 1459 1432 1512 enim
1467 1467 1623 1510 antea
1666 1457 1922 1511 dixerat:
1958 1455 2028 1509 Et

444 1559 637 1603 veteres
664 1551 848 1614 panni,
878 1559 924 1601 et
958 1548 1190 1613 maleim,
1238 1548 1341 1601 hoc
1375 1546 1708 1615 signiﬁcant,
1737 1547 1791 1601 id
1819 1556 1926 1611 est,
1960 1562 2025 1601 ex

445 1638 583 1693 lanis
619 1648 919 1707 prmparata
948 1639 1015 1691 ad
1044 1638 1373 1693 cubandum.
1426 1636 1581 1693 Unde
1606 1646 1660 1692 et
1689 1645 1905 1693 veteres
1943 1638 2027 1691 l’u-

443 1731 655 1785 niculos
701 1732 901 1799 posuit,
960 1744 1059 1798 pro
1088 1745 1155 1783 eo
1182 1730 1322 1797 quod
1371 1738 1476 1795 est,
1519 1738 1707 1783 vetera
1759 1743 2021 1797 equorum

442 1822 829 1877 substramina.
860 1821 988 1875 Haec
1011 1836 1132 1876 cum
1159 1819 1473 1891 projecissut
1495 1821 1771 1890 prophetae
1798 1819 1874 1874 ait
1900 1835 1915 1872 :

517 1932 681 1989 Vnus.
714 1933 801 1988 12.
842 1932 988 1988 l'one
1014 1932 1117 1986 ista
1140 1934 1233 1987 sub
1262 1932 1491 1986 brachii:
1528 1948 1778 1986 manuum
1812 1941 2025 1985 tuarum

444 2029 539 2081 sub
568 2026 843 2096 funiculis.

512 2120 676 2187 Quasi
707 2119 915 2175 diceret
955 2118 1060 2174 sub
1091 2117 1293 2181 axillis,
1331 2128 1390 2170 ut
1416 2117 1497 2171 sic
1531 2117 1737 2185 absque
1783 2113 2024 2184 periculo

440 2213 639 2282 ligatus
665 2211 1007 2266 eveheretur.

508 2326 677 2381 Vsus.
717 2324 801 2377 15.
829 2321 898 2375 Et
927 2323 1059 2375 dixit
1086 2320 1370 2375 Jeremias.

515 2418 629 2471 Cur
673 2415 863 2469 audire
892 2414 1012 2468 vis?
1043 2425 1099 2467 ut
1128 2428 1213 2469 me
1255 2414 1371 2468 neci
1424 2413 1648 2467 tradas?
1681 2413 1755 2470 ita
1785 2414 2023 2469 maxime

444 2511 581 2564 iram
616 2508 664 2563 ei
710 2508 893 2562 tollit:
930 2516 984 2561 et
1028 2522 1161 2561 sane
1212 2505 1445 2559 maxima
1497 2504 1775 2575 prophetae
1825 2506 2019 2571 virtus.

440 2603 567 2656 dum
623 2615 729 2654 non
774 2599 937 2655 modo
982 2598 1230 2669 praedicit
1276 2611 1395 2666 quae
1428 2597 1752 2665 displicent;
1791 2599 1883 2653 sed
1916 2611 1967 2654 et
1994 2615 2023 2656 e

438 2694 600 2749 malis
646 2692 851 2747 exitum
884 2690 1183 2747 adiuvenit.
1220 2688 1332 2743 Hoc
1378 2690 1520 2743 enim
1552 2704 1680 2743 vere
1715 2691 2021 2758 praedictio-

441 2788 525 2841 nis
554 2795 656 2841 est.
694 2784 831 2852 Quid
869 2784 1012 2839 enim
1059 2782 1301 2852 prodest,
1336 2796 1539 2851 quaeso,
1580 2798 1866 2840 niteroretn
1901 2797 2020 2841 tan-

438 2883 552 2929 tum
586 2884 642 2929 et
674 2873 952 2929 tristitiam
1005 2870 1230 2934 lucrari,
1266 2870 1408 2925 sicut
1440 2871 1530 2939 qui
1576 2871 1715 2939 apud
1764 2872 2021 2927 exteros?

440 2969 545 3021 Sed
576 2982 680 3021 non
704 2966 798 3020 ita.

500 3056 677 3113 νεεδ.
711 3057 802 3111 16.
845 3055 984 3109 Vivit
1031 3053 1285 3109 Dominus
1308 3056 1397 3124 qui
1433 3053 1556 3122 fecit
1596 3055 1741 3109 nobis
1785 3056 2017 3110 animum

437 3148 595 3212 hanc,
624 3147 671 3200 si
704 3146 1015 3214 inter/icium
1044 3154 1111 3197 te.

510 3236 625 3292 lloc
652 3246 755 3303 est,
784 3236 921 3291 Vitae
949 3234 1215 3289 Dominus
1261 3234 1377 3304 ipse
1406 3232 1563 3289 testis
1594 3234 1686 3301 sit,
1712 3236 1853 3305 quod
1882 3236 2018 3291 nihil

438 3332 567 3388 mali
603 3330 702 3385 tibi
744 3329 966 3384 faciam.

504 3418 640 3479 Cum
692 3435 790 3491 pro
841 3434 904 3474 ea
959 3417 1272 3488 expavescit
1313 3424 1367 3473 et
1413 3417 1587 3483 timet,
1642 3428 1770 3473 tunc
1815 3433 1934 3474 eam
1962 3420 2016 3474 in

434 3512 815 3585 jusjurandum
847 3510 1101 3566 assumit.

508 3645 678 3703 Vsus.
714 3646 800 3701 l7.
835 3643 904 3698 Et
935 3642 1072 3696 dixit
1103 3644 1149 3696 ei
1177 3641 1459 3699 Jeremias.

510 3741 650 3806 Quid
675 3741 838 3812 igitur
878 3739 1180 3797 Jeretnias?
1206 3740 1556 3809 houajpritno
1582 3735 1794 3801 effatur,
1827 3737 2019 3792 deinde

437 3836 688 3891 molesta.

513 3944 678 4001 Vnus.
736 3945 820 4000 19.
866 3944 934 3999 Ει
970 3945 1102 3999 dixit
1151 3960 1244 3999 rea:
1290 3943 1575 3999 Sedeeias:
1602 3941 1714 4011 Ego
1762 3942 2020 3995 rationem

437 4035 599 4090 habeo
639 4036 951 4090 Iudaeorum
979 4038 1068 4105 qui
1101 4035 1346 4106 fugerunt
1392 4036 1461 4088 ad
1494 4032 1803 4098 Cltaldteos,
1834 4050 1897 4087 ne
1919 4034 2017 4087 da-

437 4126 547 4179 turi
577 4126 678 4179 sint
714 4142 793 4179 me
826 4128 882 4180 in
910 4142 1097 4179 manus
1127 4140 1329 4187 eorum,
1364 4134 1412 4179 et
1442 4123 1668 4178 illudant
1712 4123 1865 4179 mihi.

511 4301 817 4356 Obscurum
849 4310 933 4355 est
968 4301 1020 4355 in
1056 4309 1202 4355 textu
1227 4300 1455 4367 Graeco;
1488 4314 1677 4356 verum
1715 4300 1858 4357 illius
1897 4316 2021 4357 sen-

438 4407 530 4447 sus
558 4401 641 4446 est
676 4412 690 4446 :
723 4393 835 4447 Rex
887 4408 1031 4458 sum,
1067 4402 1122 4448 et
1151 4392 1299 4447 solus
1334 4392 1514 4460 egredi
1549 4408 1655 4447 non
1686 4407 1938 4462 possum;
1969 4394 2014 4449 si

436 4483 599 4554 igitur
627 4481 850 4536 voluero
880 4482 1054 4544 exire,
1084 4490 1137 4534 et
1164 4479 1540 4549 memetipsum
1571 4478 1840 4534 Chaldaeis
1857 4493 2004 4534 com-

437 4579 676 4643 mittere,
705 4578 761 4632 hi
790 4578 883 4647 qui
915 4577 967 4630 in
996 4577 1216 4632 civitate
1243 4583 1391 4642 sunt,
1421 4590 1507 4631 me
1546 4574 1705 4645 prius
1728 4572 2001 4629 occident.

512 4756 636 4811 "ac
661 4756 876 4812 occasio
906 4764 1047 4819 erat,
1076 4763 1480 4825 praztextusque
1510 4755 1868 4811 inﬁdelitatis.
1895 4755 2010 4811 Non

436 4850 618 4905 credis
645 4848 963 4918 prOphetaa?
993 4848 1131 4903 Num
1164 4864 1228 4906 ex
1265 4867 1325 4907 se
1359 4851 1475 4919 ipso
1521 4848 1804 4920 loquitur?

501 5054 669 5111 Vns.
690 5054 782 5110 20.
815 5052 879 5110 Et
908 5057 1043 5111 dixit
1077 5056 1336 5112 Jeremias
1359 5074 1379 5113 :
1412 5057 1535 5116 Non
1562 5062 1774 5117 tradent
1800 5071 1868 5116 te.

506 5147 739 5215 Quidam
786 5147 865 5202 sic
908 5147 1255 5217 interpretati
1291 5160 1441 5205 sunt.
1494 5151 1691 5207 Verum
1733 5152 2008 5208 meliorem

434 5240 581 5296 hunc
626 5256 748 5297 esse
784 5242 975 5310 opinor
1015 5256 1233 5295 sensum
1265 5260 1277 5296 :
1312 5241 1479 5298 Judaei
1533 5245 1771 5299 universi
1816 5259 2006 5313 pacem

434 5332 565 5385 mihi
603 5333 985 5394 vaticinantur,
1015 5339 1069 5384 et
1097 5331 1240 5399 quod
1270 5347 1369 5388 nec
1405 5334 1456 5386 in
1494 5333 1869 5389 Chaldaeorum
1902 5344 2008 5388 tra-

433 5418 641 5475 dendus
691 5422 791 5475 sim
830 5436 1043 5487 manus,
1098 5422 1337 5491 nihilque
1373 5438 1458 5477 me
1489 5423 1556 5478 ab
1583 5425 1690 5479 illis
1722 5425 1846 5478 mali
1885 5438 2008 5491 pas~

434 5523 645 5563 surum.
683 5512 868 5582 Itaque
904 5513 1046 5581 quod
1077 5512 1258 5566 statim
1307 5513 1571 5570 Jeremias
1599 5513 1797 5583 adjecit
1832 5540 1843 5571 :
1883 5515 2009 5570 Non

431 5600 638 5651 tradent
674 5610 741 5667 te,
792 5618 887 5671 per
932 5606 1162 5664 ironiam
1192 5607 1394 5663 dictum
1420 5616 1523 5675 est,
1557 5609 1708 5676 quasi
1756 5609 1958 5666 diceret
1988 5627 2001 5662 :

431 5678 511 5734 Ne
539 5686 730 5741 credas
752 5688 877 5743 illis.

2132 520 2373 584 ἑαυτοῦ,
2412 521 2514 574 καὶ
2559 518 2849 587 similae?
2894 521 2982 585 είς
3018 517 3132 585 τὴν
3152 519 3350 573 οὶκίαν
3392 518 3500 574 τοῦ
3527 521 3717 595 ,ϐαφ-

2132 608 2287 674 λέως
2321 608 2438 677 τὴν
2463 608 2756 678 ὑπόγεων.

2204 700 2498 754 Τουτέστιν
2528 740 2544 765 ,
2593 702 2675 763 είς
2717 698 2809 752 τὸν
2856 698 3107 752 στάὅλον.
3159 699 3451 769 ’Υπόγεων
3483 701 3592 772 γὰρ
3627 702 3718 754 ἵνα

2131 792 2287 863 εῐπῃ,
2335 791 2437 862 τὴν
2488 792 2570 855 είς
2611 789 2671 843 τὸ
2717 788 2953 859 φανερὸν
2985 783 3173 845 οὖσαν.
3205 787 3365 842 Οὕτω
3398 789 3509 861 γὰρ
3555 791 3652 842 καὶ
3685 792 3715 842 ὁ

2148 886 2398 959 Ἐϐραῖος
2421 887 2594 956 λέγε..

2201 997 2312 1053 Καὶ
2337 997 2555 1052 ἐλαϐεν
2575 998 2808 1053 ἐκεῖθεν
2853 997 3083 1051 παλαιὰ
3111 996 3294 1065 ῥάκη,
3345 997 3443 1051 καὶ
3482 1001 3713 1052 παλαιὰ

2131 1091 2394 1157 σχοινία,
2450 1089 2551 1143 καὶ
2589 1089 2840 1158 ἔρριψεν
2882 1089 3036 1143 αὐτὰ
3069 1088 3220 1157 πρὸς
3278 1089 3569 1159 Ἰερεμίαν
3605 1089 3716 1142 τὸν
3755 1154 3761 1161 ἡ

2131 1180 2468 1249 προφήτην,
2490 1181 2586 1234 καὶ
2613 1181 2682 1234 τὰ
2712 1179 2837 1251 ἑξῆς
2854 1217 2873 1235 .

2206 1271 2405 1323 Ἐλαῦε
2439 1272 2545 1325 τῶν
2576 1273 2761 1328 ἵππων
2793 1274 2862 1327 τὰ
2898 1273 3221 1345 στρώματα,
3251 1273 3346 1325 καὶ
3368 1272 3439 1326 τὰ
3475 1270 3709 1335 πιλωτὰ,

2130 1361 2167 1416 ἃ
2203 1361 2321 1425 ἔθος
2376 1360 2807 1433 ὲπιστρωννύειν
2844 1366 2958 1427 τοῖς
3000 1363 3420 1432 ὲπικαθίσμασι.
3475 1363 3550 1415 Τὸ
3601 1363 3713 1433 γὰρ

2130 1452 2446 1522 ἔμπροσθεν
2478 1452 2641 1506 πάλιν
2673 1452 2974 1522 λεγόμενον
2999 1468 3015 1485 ·
3047 1451 3156 1506 Kal
3182 1454 3254 1506 τὰ
3274 1453 3500 1505 παλαιὰ
3524 1451 3710 1519 ῥάκη,

2129 1544 2225 1597 καὶ
2249 1543 2317 1596 τὸ
2333 1543 2593 1613 μαλέην,
2622 1543 2784 1597 τοῦτο
2818 1543 3017 1613 μηνύει
3040 1562 3057 1577 ·
3079 1544 3349 1606 τουτέστι,
3377 1543 3448 1595 τὰ
3476 1542 3705 1596 πιλωτά.

2129 1639 2293 1692 Ὥστε
2353 1639 2650 1693 κάντεῦθεν
2685 1640 2755 1693 τὰ
2812 1641 3021 1695 παλαιὰ
3042 1641 3276 1712 σχοινία.
3322 1642 3470 1694 Ἀντὶ
3504 1641 3601 1695 τοῦ
3644 1643 3715 1695 τὰ

2129 1732 2337 1787 παλαιὰ
2371 1733 2786 1804 ὑποστρώματα
2818 1734 2929 1787 τῶν
2966 1733 3152 1786 ἵππων
3179 1732 3352 1799 λέγει.
3378 1732 3566 1787 Ταῦτα.
3594 1734 3711 1786 τοί-

2062 1786 2098 1841 Β
2129 1842 2224 1879 νυν
2255 1825 2418 1896 ῥίψας
2438 1824 2518 1897 τῷ
2545 1786 2799 1898 πρδφήτῃ
2829 1825 2964 1895 φησί
2988 1839 3005 1858 ⁶

2206 1940 2315 2005 Θὲς
2345 1939 2500 1994 αὐτὰ
2530 1940 2649 1994 ὑπὸ
2689 1940 2830 2005 τοὺς
2851 1938 3128 2008 ἀγκῶνας
3171 1938 3290 1993 τῶν
3328 1942 3544 2009 χειρῶν
3565 1956 3707 2005 σου,

2126 2030 2267 2083 ὑπό
2281 2030 2438 2083 κάτω
2476 2030 2599 2085 τῶν
2627 2032 2941 2100 σχοινίων.
3515 2023 3531 2040 ’

2210 2122 2355 2174 Ἀντὶ
2404 2121 2523 2187 τοῦ,
2555 2123 2662 2176 ὑπὸ
2692 2122 2793 2187 τὰς
2844 2123 3044 2194 μάλας,
3072 2123 3187 2195 ,ἵνα
3236 2123 3411 2189 οὕτως
3444 2124 3707 2194 ἀσφαλῶς

2129 2212 2409 2283 δεδεμένος
2442 2214 2676 2285 ἀναχθῇ.

2196 2326 2305 2382 Καὶ
2331 2322 2501 2381 εἶπεν
2536 2328 2832 2398 Ἱερεμίας.

2200 2419 2357 2483 Τίνος
2402 2421 2589 2474 ἕνεκεν
2651 2421 2884 2475 ἀκοῦσαι
2943 2420 3176 2491 βούλει;
3232 2421 3318 2474 ἵνα
3373 2437 3439 2491 με
3484 2420 3707 2491 ἀνέλῃς,

2125 2512 2297 2585 ταύτῃ
2335 2513 2572 2582 μάλιστα
2632 2512 2799 2567 αὑτοῦ
2828 2513 3001 2583 θυμὸν
3050 2513 3307 2583 κατασπᾷ
3334 2530 3348 2543 θ
3399 2513 3572 2565 καίτοι
3603 2530 3709 2582 μευ

2123 2602 2284 2674 γίστη
2318 2601 2488 2672 ἀρετὴ
2530 2604 2836 2676 προφήτου,
2876 2604 3004 2657 ὅταν
3050 2601 3124 2674 μὴ
3158 2602 3318 2674 μόνον
3356 2602 3597 2673 προλέγῃ
3630 2604 3710 2657 τὰ

2126 2691 2383 2762 φορτικὰ,
2436 2691 2576 2745 ἀλλὰ
2630 2693 2723 2745 καὶ
2763 2692 2995 2757 διέξοδον
3046 2691 3295 2764 εὑρίσκει
3340 2692 3451 2745 τῶν
3489 2691 3707 2746 δεινῶν.

2124 2783 2296 2837 Τοῦτο
2347 2783 2457 2853 γὰρ
2507 2784 2676 2847 ὄντως
2726 2786 3110 2855 προρρήσεως.
3155 2784 3376 2856 Ἐπειδὴ
3422 2784 3476 2837 τί
3513 2784 3710 2853 κέρδος

2124 2873 2248 2926 εἰπέ
2271 2891 2382 2943 μοι,
2402 2874 2581 2944 λύπην
2604 2876 2699 2928 καὶ
2731 2874 2971 2944 ἀθυμίαν
2996 2875 3306 2945 κερδαίνειν
3329 2876 3515 2946 μόνον,
3532 2876 3709 2930 καθά-

2122 2980 2230 3037 περ
2262 2965 2311 3017 οἱ
2339 2964 2449 3019 τῶν
2481 2964 2709 3032 ἔξωθενς
2755 2966 2892 3018 Ἀλλ’
2929 2966 3026 3036 οὐχ
3057 2967 3218 3021 οὕτω.

2193 3054 2279 3124 Ζῇ
2305 3057 2519 3125 Κύριος
2546 3057 2614 3123 ὂς
2647 3058 2939 3127 ἐποίησεν
2968 3058 3112 3128 ἡμῖν
3160 3058 3277 3127 τὴν
3312 3059 3528 3129 ψυχὴν
3562 3062 3711 3115 ταύ-

2044 3118 2086 3178 C
2122 3161 2253 3213 την,
2282 3148 2333 3199 εί
2371 3144 2681 3199 ἀποκτενῶ
2701 3162 2798 3200 σε.

2187 3235 2499 3302 Τουτέστιν,
2541 3236 2597 3290 Ὀ
2635 3238 2733 3307 τῆς
2762 3236 2907 3308 ζωῆς
2928 3237 3140 3309 Κύριος
3170 3237 3333 3303 αὐτὸς
3366 3239 3599 3310 μάρτυς,
3623 3240 3709 3303 ὡς

2116 3326 2268 3380 οὐδέν
2290 3344 2349 3379 σε
2381 3327 2622 3399 διαθήσω
2654 3330 2914 3399 πονηρόν.

2189 3419 2318 3471 Ὅτε
2364 3418 2505 3490 ὑπὲρ
2537 3420 2708 3490 αὐτῆς
2738 3422 2947 3493 ἀγωνιᾷ
2989 3425 3082 3477 καὶ
3108 3424 3337 3502 δέδοικε,
3368 3424 3491 3477 τότε
3526 3421 3708 3495 αὐτὴν

2117 3510 2277 3581 ὅρκον
2311 3514 2565 3566 ποιεῖται.

2192 3643 2301 3696 Kal
2327 3639 2498 3697 εἶπεν
2529 3644 2688 3710 αὐτῷ
2724 3645 3029 3717 Ἱερεμίας.

2191 3735 2257 3788 Τί
2286 3732 2378 3790 οὖν
2423 3737 2730 3809 Ἰερεμίας;
2780 3740 2852 3792 τὰ
2883 3740 3097 3810 χρηστὰ
3120 3740 3270 3808 λέγει
3306 3742 3543 3813 πρῶτον,
3576 3739 3708 3798 εἶτα

2118 3827 2188 3881 τὰ
2218 3832 2470 3901 φορτικά.

2190 3942 2299 3997 Kal
2345 3944 2516 3997 εἶπεν
2550 3947 2583 3998 ὁ
2624 3945 2926 4012 ,βασιλεὺς
2971 3946 3256 4014 Σεδεκίας
3296 3947 3376 4013 τῷ
3426 3949 3705 4020 Ἰερεμίαο

2132 4033 2279 4103 Ἐγὼ
2308 4036 2493 4105 ,λόγον
2520 4035 2639 4105 ἔχω
2673 4036 2792 4089 τῶν
2830 4037 3136 4091 Ἰουδαίων
3172 4036 3291 4091 τῶν
3314 4040 3706 4109 πεφευγότων

2120 4126 2269 4194 πρὸς
2301 4127 2445 4193 τοὺς
2477 4126 2816 4194 Χαλδαίους
2856 4128 2943 4198 μὴ
2990 4128 3212 4185 δώσειν
3249 4146 3328 4199 με
3376 4134 3464 4197 εἰς
3491 4130 3703 4200 χεῖρας

2117 4216 2336 4281 αὐτῶν,
2376 4217 2474 4271 καὶ
2510 4218 3049 4288 καταμωκήσονταί
3068 4237 3209 4289 μου.

2205 4308 2453 4377 ’Δσαφῶς
2488 4311 2667 4362 κεῖται
2698 4309 2849 4380 παρὰ
2878 4309 2958 4379 τῷ
3002 4310 3331 4383 Ἑλληνικῷ·
3361 4312 3390 4366 ὃ
3423 4327 3531 4383 γαρ
3563 4312 3701 4383 βού-

2119 4399 2273 4453 λεται
2331 4401 2528 4464 εἰπεῖν,
2584 4400 2745 4453 τοῦτό
2770 4403 2940 4466 ἐστιν,
2975 4402 3059 4456 ὅτι
3116 4402 3380 4467 Βασιλεύς
3419 4407 3555 4475 εἰμι,
3599 4407 3703 4458 καὶ

2122 4492 2283 4561 μόνος
2304 4490 2541 4556 ἐξελθεῖν
2576 4491 2636 4543 ού
2662 4489 2918 4561 δύναμαιο
2951 4492 3047 4546 ἐὰν
3067 4493 3161 4546 οὖν
3187 4494 3402 4564 θελήσω
3435 4494 3697 4560 ἐξελθεῖν,

2117 4584 2210 4635 καὶ
2244 4582 2430 4636 δοῦναι
2458 4585 2571 4645 τοῖς
2594 4583 2883 4646 Χαλδαίοις
2914 4586 3172 4652 ἑμαυτδν,
3201 4585 3354 4638 αὐτοὶ
3384 4587 3433 4638 oi
3466 4586 3564 4656 τῆς
3594 4588 3693 4641 πό-

2116 4676 2254 4739 λεως
2286 4675 2587 4745 φθάνουσιν
2615 4677 2826 4730 ἀνελεῖν
2863 4695 2950 4747 με.

2189 4767 2407 4821 Τούτων
2458 4767 2735 4837 πρόφασις
2782 4765 2871 4841 ἦν,
2918 4771 3012 4823 καὶ
3052 4771 3253 4841 σκῆψις
3297 4772 3581 4837 ἀπιστίας.
3616 4774 3693 4826 Ού

2117 4860 2398 4925 πιστεύεις
2452 4860 2531 4932 τῷ
2596 4865 2900 4937 προφήτῃ;
2953 4865 3042 4936 Μὴ
3091 4865 3201 4937 γὰρ
3247 4866 3358 4920 ἀπὸ
3414 4866 3700 4937 λογισμῶν

2114 4954 2433 5022 φθέγγεται.

2183 5067 2292 5122 Kal
2316 5064 2485 5123 εἶπεν
2542 5069 2826 5138 Ἱερεμίας
2848 5086 2861 5101 ο
2902 5070 2985 5124 Οὐ
3016 5070 3100 5140 μὴ
3131 5071 3563 5141 παραδώσουσί
3597 5088 3699 5127 σε.

2187 5159 2344 5224 Τινὲς
2381 5160 2482 5230 μὲν
2532 5160 2704 5223 οὓτως
2754 5163 3135 5233 ἡρμήνευσαν.
3178 5159 3346 5234 Οἶμαι
3384 5164 3441 5217 δὲ
3487 5164 3701 5236 ταύτην

2116 5250 2321 5321 μᾶλλον
2342 5251 2614 5315 σώζεσθαι
2647 5252 2748 5321 τὴν
2782 5253 3011 5318 ἔννοιαν,
3046 5255 3130 5306 ὅτι
3176 5256 3398 5325 εἰρήνην
3435 5273 3527 5325 μοι
3556 5274 3701 5327 προ-

2112 5340 2441 5410 φητεύουσιν
2471 5342 2710 5405 ἅπαντες
2769 5344 3034 5406 Ἰουδαῖοι,
3066 5346 3162 5398 καὶ
3205 5344 3280 5415 μὴ
3312 5346 3698 5416 παραδοθῆναι

2115 5448 2181 5501 με
2215 5432 2292 5494 είς
2338 5434 2529 5504 χεῖρας
2571 5434 2679 5486 τῶν
2706 5434 3011 5501 Χαλδαίων,
3046 5435 3181 5505 μηδὲ
3213 5435 3502 5490 πείσεσθαί
3541 5440 3613 5508 μέ
3642 5426 3700 5493 τι

2111 5522 2239 5591 παρ’
2267 5522 2449 5576 αὐτῶν
2477 5523 2668 5578 δεινόν.
2703 5525 2776 5578 Τὸ
2806 5525 2900 5580 οὖν
2944 5526 3106 5591 εὐθὺς
3137 5528 3483 5598 ἐπαγόμενον
3536 5531 3699 5601 παρὰ

2108 5609 2202 5664 τοῦ
2242 5611 2529 5683 Ἰερεμίου,
2572 5616 2653 5669 Οὐ
2679 5614 2764 5685 μὴ
2791 5615 3222 5685 παραδώσουσί
3249 5632 3345 5684 σε,
3376 5621 3497 5673 κατ’
3528 5622 3700 5692 εξρω-

2110 5700 2257 5755 νείαν
2282 5699 2523 5773 εἴρηται·
2560 5705 2831 5773 τουτέστι,
2864 5706 2956 5778 Μὴ
2981 5707 3169 5763 πείθου
3194 5709 3375 5773 αὐτοῖς
