4058 6212
330 289 469 346 ιθθὸ

1424 288 1849 344 FRAGMLN'IA
1892 288 1955 336 IN
1991 288 2361 340 JERLMIAM.

3457 291 3475 340 Ι
3487 291 3595 339 υυθπ

400 407 711 460 Ἀκουσον
741 404 819 473 δὴ
856 404 962 459 τὸν
993 406 1183 474 λόγον
1219 405 1457 475 Κυρίου,
1491 405 1564 459 ὃν
1591 404 1707 475 ἐγὼ
1742 402 1911 458 λαλῶ

2074 400 2221 456 Audi
2254 403 2462 477 verbum
2514 402 2748 469 Domini,
2780 404 3038 479 quodego
3069 405 3186 458 dico
3221 405 3289 457 ad
3313 414 3383 471 te,
3410 414 3459 459 st
3486 422 3591 458 ms-

325 497 476 566 πρὸς
506 497 602 562 σὲ,
660 497 760 551 καί
800 495 1056 562 ,βέλτιον
1084 497 1257 553 ἔσται
1303 512 1422 564 σοι,
1465 496 1564 551 κ(ιί
1602 495 1842 566 ζήσεται
1867 496 1906 563 ἠ

324 589 497 659 ψυχή
518 605 654 644 σου.

401 681 711 745 Τουτέστιν,
735 681 994 749 Ἀμεινόν
1020 681 1102 734 σοί
1128 683 1244 735 ἐστι
1273 680 1563 751 πεισθῆναί
1588 698 1698 752 μοι,
1720 681 1815 733 καὶ
1834 679 1909 751 μὴ

327 774 645 829 ἀπατᾶσθαι
676 778 793 837 τοίς
830 775 1057 828 ἐκείνων
1100 776 1304 843 λόγοις,
1342 777 1424 829 ὃτι
1468 774 1524 827 δὲ
1573 773 1780 844 ταύτην
1808 773 1909 844 τὴν

328 867 539 919 ἔννοιαν
577 865 778 936 μᾶλλον
830 865 948 919 ἐστι
994 866 1176 920 λαϐεῖν
1208 868 1273 920 ὲκ
1292 866 1400 920 τῶν
1431 867 1634 938 ῥητῶν,
1668 866 1778 919 ἀπὸ
1800 865 1909 919 τῶν

328 956 640 1011 ἀκολούθων
661 958 726 1012 ἄν
759 974 844 1019 τις
875 957 1107 1011 κατίδοι.
1142 958 1371 1026 Ἐπάγει
1398 959 1507 1030 γὰρ
1532 957 1697 1023 εὐθύς
1716 974 1730 989 ο

401 1049 511 1102 Kal
542 1050 595 1102 εἰ
628 1048 714 1117 μὴ
741 1048 938 1114 θέλεις
969 1048 1242 1112 ἐξελθεῖν
1261 1064 1275 1079 ο
1318 1046 1496 1116 οὗτος
1525 1053 1558 1104 ὁ
1594 1050 1795 1116 λόγος,
1838 1047 1912 1102 ὃν

330 1140 525 1204 ἔδειξέ
560 1159 665 1210 μοι
705 1141 954 1209 Κύριος·
1000 1141 1154 1196 Ἰδοὺ
1193 1140 1384 1196 πᾶσαι
1419 1145 1479 1196 αἰ
1521 1141 1802 1211 γυναῖκες
1849 1143 1911 1195 αι

331 1234 870 1301 καταλελειμμέναι
908 1233 978 1286 ἐν
1022 1234 1182 1301 οἰκίᾳ
1219 1234 1530 1299 ,βασιλέως
1593 1232 1781 1288 Ἰούδα
1807 1232 1909 1297 ἐξ·

333 1322 578 1393 ἄγονται
656 1322 806 1390 πρὸς
857 1322 1001 1388 τοὺς
1028 1324 1332 1388 βασιλέας
1380 1322 1775 1389 Βαϐυλῶνος,
1812 1322 1911 1376 καί

332 1414 509 1468 αὺταί
538 1413 850 1477 λέξουσιν·
888 1414 1243 1483 Ἠπάτησὰν
1268 1432 1362 1480 σε,
1394 1416 1490 1469 καί
1515 1414 1914 1484 ἠδυνήθησαν

334 1520 434 1557 σοι
459 1503 674 1571 ἄνδρες
701 1507 991 1573 εἰρηνικοι
1035 1522 1174 1571 σου,
1197 1506 1295 1560 καί
1323 1507 1395 1561 οὐ
1428 1506 1914 1574 κατισχύσουσιν

333 1596 404 1647 ἐν
430 1594 787 1665 ὀλισθήματι
820 1596 1010 1662 ποδός
1060 1613 1199 1663 σου,
1261 1598 1361 1652 καί
1411 1597 1915 1667 ἀποστρέψουσιν

332 1687 451 1743 ἀπὸ
483 1686 623 1740 σοῦ.

2011 492 2118 548 lius
2154 484 2257 548 erit
2298 483 2413 558 tilii,
2450 503 2498 547 et
2530 490 2662 549 uiuet
2697 496 2877 548 animo
2909 506 3020 549 tuo.

2084 677 2195 733 Hoc
2226 688 2328 745 est,
2379 678 2575 735 melius
2614 693 2701 735 εει
2758 691 2816 734 ιιι
2861 682 2989 735 mihi
3025 682 3235 746 credas,
3270 695 3371 736 nec
3402 695 3591 735 eorum

2013 771 2305 840 decipiaris
2350 772 2712 827 sermonibus.
2768 771 2923 827 Hunc
2962 788 3124 841 porro
3172 787 3389 827 sensum
3425 777 3597 841 magis

2011 876 2313 918 consonum
2341 877 2480 919 esse
2513 864 2671 919 dictis
2700 879 2765 919 ex
2792 863 3248 933 subsequentibus
3285 863 3440 918 facile
3473 864 3596 934 quis

2012 955 2263 1024 percipit.
2300 953 2496 1009 Subdit
2522 958 2666 1009 enim
2699 956 2882 1010 statim
2912 973 2925 1008 :

2083 1044 2252 1100 Vnus.
2279 1046 2373 1111 2i,
2400 1045 2489 1099 92.
2526 1045 2683 1111 Quod
2709 1048 2756 1099 si
2803 1047 3036 1101 nolueris
3070 1056 3126 1099 tu
3174 1046 3320 1099 exire
3347 1061 3365 1099 .'
3395 1039 3489 1099 iste
3521 1056 3594 1098 est

2011 1152 2202 1204 sermo,
2246 1152 2397 1207 quem
2428 1138 2656 1191 ostendit
2713 1139 2844 1191 mihi
2894 1138 3198 1193 Dominus:
3230 1138 3365 1192 Ecce
3418 1156 3595 1192 ontnes

2012 1228 2260 1281 mulieres
2314 1244 2433 1297 quae
2497 1240 2860 1283 remanserunt
2903 1230 2957 1283 in
3015 1232 3169 1283 domo
3224 1233 3358 1300 regis
3416 1229 3599 1294 Juda,

2014 1320 2301 1373 educentur
2350 1325 2422 1374 ad
2474 1324 2737 1392 principes
2784 1322 3094 1394 Babylonis,
3149 1334 3195 1377 et
3244 1324 3325 1379 lia:
3374 1323 3542 1380 dicent
3577 1340 3596 1378 :

2016 1408 2350 1465 Seduxerunt
2382 1424 2452 1479 te,
2481 1424 2529 1467 et
2563 1414 2949 1480 prwvaluerntit
2996 1417 3093 1469 tibi
3128 1417 3225 1469 viri
3252 1417 3463 1486 paciﬁci
3497 1420 3597 1483 lui,

2014 1513 2187 1555 etnon
2218 1504 2571 1571 prmvalsbunt
2604 1506 2656 1558 in
2677 1506 2975 1560 lubricilote
2998 1507 3145 1571 pedis
3168 1510 3267 1572 tui,
3296 1519 3343 1561 et
3362 1517 3600 1563 averten-

2016 1601 2104 1645 tur
2124 1609 2154 1644 a
2180 1600 2251 1645 te.

406 1777 718 1842 Τουτέστιν,
736 1777 1093 1850 ’Υφεστώσης
1112 1779 1213 1850 τῆς
1225 1778 1626 1845 ἀλώσεως,τότε
1647 1778 1914 1850 ὁμολογή--

2090 1780 2202 1835 Hoc
2225 1789 2331 1847 est,
2364 1797 2485 1837 cum
2522 1785 2676 1838 ruina
2706 1784 2817 1853 iam
2855 1786 3160 1853 immineat,
3218 1797 3344 1840 tunc
3394 1800 3604 1841 sermo-

337 1887 491 1923 σουσι
532 1870 642 1923 τῶν
678 1870 829 1940 ἐμῶν
873 1871 1048 1939 λόγων
1086 1871 1182 1942 τὴν
1234 1871 1516 1943 ἀλήθειαν,
1560 1873 1657 1926 καὶ
1699 1871 1916 1938 λέξουσι

337 1964 472 2033 πρὸς
498 1963 578 2027 σὲ,
610 1964 687 2027 ὡς
732 1966 781 2017 οἰ
831 1964 930 2033 τὴν
968 1965 1194 2036 εἰρήνην
1230 1981 1311 2017 σοι
1366 1963 1777 2034 προμηνύοντες
1811 1964 1917 2033 μά-

335 2072 435 2125 την
464 2055 781 2125 ἠπάτησαν,
820 2055 1165 2127 ἰσχυρότερον
1204 2055 1430 2109 ἐκείνων
1474 2057 1566 2108 τὸν
1607 2055 1781 2123 λόγων
1821 2054 1914 2107 σοῦ

336 2148 687 2214 νενομικότος
724 2147 836 2200 τῶν
879 2147 1007 2216 παρ’
1050 2146 1188 2217 ἐμοῦ
1232 2164 1314 2201 σοι
1357 2146 1687 2217 λεγομένων.
1726 2146 1799 2200 Τὸ
1837 2146 1913 2213 δὲ,

335 2241 409 2293 ἐν
438 2240 798 2309 ὀλισθήματι
828 2239 1008 2306 ποδός
1045 2255 1185 2305 σου,
1210 2239 1480 2304 τουτέστι,
1516 2238 1915 2311 Παρατρέψαν-

335 2330 561 2394 τέςῖσου
581 2331 680 2402 τὴν
714 2331 807 2383 ἐπὶ
829 2334 943 2395 τοῖς
973 2330 1193 2402 ἀληθῶς
1234 2330 1550 2402 λεγομένοις
1599 2331 1805 2384 πίστιν.
1844 2331 1917 2383 Τὸ

338 2422 419 2486 δὲ,
468 2424 577 2477 Καὶ
638 2425 1140 2493 ἀποστρέψουσιν
1198 2424 1319 2479 ἀπὸ
1374 2422 1534 2489 σοῦ,
1594 2423 1916 2485 τουτέστιν,

340 2516 687 2585 Αἰχμάλωτοι
730 2515 1042 2586 ληφθεῖσαι,
1074 2516 1510 2588 ἀπαχθήσονται,
1566 2515 1663 2572 καὶ
1705 2516 1919 2579 οὐδενος

339 2607 693 2674 ἀπολαύσεις,
728 2602 802 2661 ὧν
830 2606 926 2660 νῦν
960 2608 1279 2671 ἀπολαύεις.

414 2698 522 2751 Kal
545 2694 721 2752 εἶπεν
753 2697 935 2764 αὐτῷ.

414 2792 525 2844 Καὶ
562 2792 671 2862 μὴν
703 2792 874 2864 χωρὶς
910 2791 1335 2863 προσδιορισμοῦ
1373 2791 1617 2863 ὤμοσας.

913 2907 1142 2959 ΚΕΦΑΛ
1155 2946 1167 2960 .
1197 2908 1300 2961 ΛΘ¹
1309 2950 1321 2962 .

418 2998 575 3072 ἰΚιιί
612 3018 943 3075 κατέλαϐον
972 3022 1078 3077 τὸν
1118 3022 1401 3078 Σεδεκίαν
1442 3024 1511 3078 ἐν
1562 3023 1782 3080 Ῥαϐὼθ
1828 3024 1922 3078 Ἰε-

332 3108 506 3179 ριχώ.

416 3202 727 3267 Τουτέστιν,
759 3205 816 3259 ὲν
845 3208 913 3276 τῇ
944 3206 1159 3260 πεδιάδι
1182 3207 1283 3277 τῆς
1320 3208 1734 3280 Ἱερουχοῦντος.

418 3295 437 3312 ⁹
458 3293 567 3347 Kal
588 3294 1026 3368 ἑδωκανιιὺτὸν
1047 3297 1197 3365 πρὸς
1214 3299 1515 3353 Γοδολίαν
1537 3300 1670 3354 υἱὸν
1687 3301 1924 3371 Ἁχικὰμ

346 3384 483 3438 vim?
516 3385 748 3454 Σαφὰμ,
787 3386 885 3440 καί
921 3387 1221 3458 ἐξήγαγον
1247 3389 1435 3445 αὐτὸν
1466 3396 1555 3458 εἰς
1585 3392 1792 3461 Σαφίς,
1826 3392 1924 3446 καὶ

349 3472 631 3528 ἐκάθισεν
662 3475 918 3545 ἐνμέσῳ
947 3477 1052 3531 τοῦ
1083 3480 1254 3534 λαοῦ.

425 3568 597 3637 Σαφίς
627 3570 799 3640 ὄνομα
821 3570 1004 3625 τόπου.

420 3662 530 3713 Καὶ
559 3661 945 3719 ἀπέστειλαν.

422 3751 537 3803 Καὶ
571 3752 620 3804 οἰ
654 3754 753 3821 μὲν
797 3754 1048 3825 πολέμιοι
1089 3755 1321 3809 δεθέντα
1360 3757 1451 3808 τὸν
1488 3743 1776 3826 προφήτην
1821 3756 1921 3810 υπὸ

350 3841 461 3894 τῶν
494 3842 710 3896 οἰκείων
742 3844 970 3912 λύουσι,
1018 3848 1116 3900 καὶ
1153 3846 1344 3917 κύριον
1375 3847 1600 3916 ἀφιᾶσιν
1643 3848 1765 3900 ὅποι
1802 3846 1926 3917 βού-

351 3934 500 3987 λοιτο
544 3936 906 4008 πορευθῆναι.
939 3940 1003 3991 Οἰ
1044 3939 1102 3992 δὲ
1130 3939 1544 4009 τεσσαράκοντα
1589 3938 1683 4008 ἐτη
1730 3940 1926 3993 ἀπολε-

369 4024 634 4089 λαυκότες
664 4031 868 4098 φωνῆς,
920 4030 980 4082 οὐ
1036 4030 1376 4097 συγγένειαν,
1419 4028 1778 4100 οὺ.,πατρίδα,
1828 4029 1928 4083 οὐκ

354 4117 489 4170 ἄλλο
516 4118 856 4182 αἰδεσθέντες
883 4120 1058 4187 οὐδὲν,
1095 4121 1301 4191 θηρίων
1336 4120 1665 4192 ἀγριώτεροι
1698 4122 1926 4191 γεγόνα-

354 4224 458 4262 σιν.
488 4207 599 4260 Kal
620 4209 741 4277 μετ’
776 4209 950 4279 ὀλίγα
970 4226 982 4240 ·
1021 4210 1139 4263 Ἵνα
1160 4210 1286 4263 ὅταν
1311 4209 1424 4281 ἴδῃς
1448 4211 1543 4263 καὶ
1572 4210 1665 4263 ὲπί
1690 4211 1927 4281 Χριστοῦ

351 4296 511 4351 τοῦτο
570 4298 881 4368 γενόμενον,
962 4300 1365 4371 σταυρούμενον
1445 4300 1551 4353 ὑπὸ
1617 4301 1923 4365 Ἰουδαίων,

353 4387 832 4459 προσκυνούμενον
886 4389 943 4441 δὲ
983 4390 1087 4443 ὑπὸ
1132 4390 1321 4451 ἐθνῶν,
1368 4390 1535 4460 μηδὲν
1588 4390 1738 4452 ξένον
1787 4388 1928 4446 εἶναι

352 4478 616 4550 νομίσῃς,
656 4480 791 4551 μηδὲ
841 4480 1167 4552 θορυϐηθῇς,
1210 4481 1345 4551 μηδὲ
1384 4482 1585 4555 λέγῃς·
1640 4482 1751 4536 Καὶ
1810 4483 1929 4548 πῶς

356 4570 424 4624 ἂν
455 4571 570 4641 ἔχοι
600 4572 780 4640 λόγον,
820 4573 911 4628 τὸν
941 4572 1033 4626 ἐπὶ
1066 4573 1312 4645 σωτηρίᾳ
1343 4575 1439 4627 καὶ
1485 4576 1790 4648 προστασίᾳ
1819 4592 1929 4631 πα-

364 4664 753 4734 ραγενόμενον,
786 4666 1069 4729 τοσούτοις
1099 4665 1365 4720 διαθεῖναι
1403 4670 1615 4731 κακοῖς.

428 4755 537 4809 Kal
564 4757 637 4809 οὐ
657 4755 744 4825 μὴ
772 4754 945 4810 δώσω
974 4770 1069 4811 σε.

427 4848 504 4900 Οὐ
533 4847 642 4917 γάρ
680 4847 1077 4903 συναπόλλυται
1106 4847 1316 4912 δίκαιος
1349 4846 1488 4919 μετά
1524 4846 1800 4912 ἀσεύείας.

959 4964 1212 5017 ΚΕΦΑΛ.
1240 4964 1330 5017 Μ’.

442 5075 556 5129 Καὶ
584 5075 803 5131 ἐλαϐεν
834 5078 1041 5131 αὐτόν.

437 5170 715 5223 Μανθάνει
747 5169 927 5223 λοιπὸκ
989 5170 1134 5223 ’πᾶσα
1168 5171 1201 5239 ἡ
1236 5170 1467 5241 στρατιά
1499 5170 1604 5239 τὴν
1640 5170 1798 5240 ἰσχὺν
1837 5169 1939 5240 τῆς

366 5261 730 5331 προφητείας.
748 5262 807 5314 '0
828 5262 884 5314 δὲ
910 5260 1167 5325 Σεδεκίας
1198 5260 1364 5330 ἔφυγε
1383 5277 1398 5292 ·
1433 5260 1802 5333 προσεδόκησε
1831 5260 1940 5332 γὰρ

366 5353 757 5423 παραγράφειν
777 5353 878 5424 τὴν
907 5354 1272 5425 προφητείαν.
1290 5354 1429 5407 Ἀλλ’
1458 5355 1624 5421 ἑάλω,
1650 5354 1745 5409 καὶ
1769 5354 1941 5409 δεινὸν

366 5444 474 5513 ὁρᾷ
493 5442 666 5506 πάθος
693 5459 705 5472 ’
732 5443 943 5515 μάρτυς
970 5444 1188 5512 ἐγένετο
1213 5444 1310 5515 τῆς
1338 5444 1555 5515 σφαγῆς
1580 5445 1688 5498 τῶν
1706 5445 1938 5499 παίδων.

370 5531 638 5585 Τοσοῦτον
689 5533 872 5586 εἴασεν
909 5533 1195 5603 ἀνοιγῆναι
1238 5535 1368 5597 τοὺς
1399 5529 1716 5605 ὀφθαλμοὺς
1749 5533 1939 5601 αὑτοῦ,

370 5622 496 5675 ὅσον
527 5624 721 5693 μαθεῖν
749 5625 848 5688 τὰς
873 5624 1077 5689 οἰκείας
1110 5628 1415 5697 συμφοράς.
1449 5626 1559 5679 Kal
1589 5626 1712 5696 μετ’
1746 5628 1940 5696 ὀλίγαο

372 5740 440 5757 -—
464 5716 577 5770 Kal
605 5716 792 5773 ἔδωκε
822 5714 901 5783 τῷ
936 5719 1199 5787 Γοδολίᾳ
1231 5720 1335 5775 τὸν
1369 5720 1676 5788 Ἱερεμίαν.
1708 5719 1819 5775 Καὶ
1846 5721 1945 5790 ὅρα

2019 1888 2145 1926 num
2172 1889 2412 1929 meorum
2435 1876 2840 1931 conﬁtebuntur
2855 1877 3166 1944 veritatem,
3197 1886 3249 1931 et
3274 1879 3454 1932 dicent
3484 1878 3598 1943 tibi,

2017 1979 2110 2019 eos
2128 1966 2216 2034 qui
2242 1967 2335 2021 tibi
2368 1983 2553 2036 pacem
2584 1969 3046 2037 praenuntiabant,
3072 1970 3271 2024 frustra
3296 1971 3599 2040 decepisse;

2018 2056 2453 2125 quandoquidem
2485 2066 2539 2112 tu
2573 2071 2761 2113 eorum
2801 2073 3083 2115 sermones
3137 2061 3272 2115 meis
3320 2059 3470 2115 hisce
3515 2062 3601 2114 di-

2017 2147 2123 2201 etis
2156 2146 2446 2202 validiores
2479 2149 2827 2204 existimasti.
2869 2149 2937 2204 In
2977 2150 3282 2206 lubricitate
3328 2152 3473 2221 pedis
3502 2154 3600 2216 tui,

2020 2247 2106 2292 tua
2139 2252 2304 2308 super
2334 2239 2618 2294 veracibus
2638 2239 2798 2296 dictis
2832 2241 2936 2296 (ide
2968 2251 3320 2297 commutata.
3354 2243 3603 2296 Aoerten-

2020 2339 2167 2383 tura
2206 2339 2276 2395 te,
2325 2331 2554 2401 captivae
2602 2345 2799 2402 nempe
2850 2333 3135 2399 ducentur,
3187 2344 3244 2388 et
3287 2347 3407 2403 quae
3463 2347 3605 2388 nunc

2019 2425 2286 2495 possides,
2325 2442 2431 2482 non
2472 2428 2719 2497 potieris.

2096 2699 2256 2753 Vens.
2289 2697 2379 2752 24.
2414 2696 2485 2753 Ει
2511 2699 2646 2752 dixit
2670 2700 2737 2754 ei.

2092 2791 2156 2844 Et
2187 2800 2363 2847 tamen
2395 2791 2600 2863 absque
2626 2790 2732 2847 ulla
2769 2793 3082 2848 conditione
3114 2794 3421 2864 juraveras.

2496 2907 2519 2918 ⁵
2587 2903 2742 2959 CAP.
2784 2902 3030 2958 XXXIX.

2098 3028 2115 3042 '
2151 3021 2316 3076 Vsus.
2353 3022 2405 3076 5.
2448 3021 2519 3075 Et
2558 3021 3058 3090 comprehenderunt
3090 3020 3366 3076 Sedecimn
3402 3021 3453 3074 in
3494 3019 3603 3073 lla-

1949 3097 1989 3154 C
2026 3114 2144 3167 both
2174 3112 2409 3167 Jericlto.

2099 3204 2153 3257 Id
2186 3214 2289 3269 est,
2318 3206 2368 3257 in
2399 3218 2589 3275 campo
2624 3204 3022 3259 Jerichuntino.

2093 3293 2117 3318 "
2152 3295 2311 3351 Vens.
2337 3295 2425 3350 14.
2451 3295 2519 3348 Et
2555 3296 2806 3350 dederunt
2859 3295 3081 3364 eumad
3120 3292 3397 3349 Godolium
3434 3295 3608 3362 ﬁlium

2027 3388 2276 3442 Acliicam
2297 3389 2397 3456 ﬁlii
2436 3388 2699 3457 Sapiiam,
2733 3400 2781 3442 et
2810 3396 3109 3444 eduxerunt
3145 3404 3265 3444 eum
3302 3388 3357 3441 in
3394 3388 3606 3455 Snpln’s,

2028 3489 2076 3533 et
2105 3479 2238 3533 sedit
2266 3481 2321 3532 in
2350 3479 2520 3532 mrdio
2545 3486 2744 3548 populi.

2101 3565 2296 3635 Saphis
2325 3580 2519 3619 nomen
2560 3577 2644 3620 est
2672 3567 2796 3620 loci.

2103 3652 2167 3704 Et
2189 3654 2463 3706 miserunt.

2102 3743 2168 3797 Et
2212 3745 2396 3799 hostes
2460 3745 2679 3821 quidem
2732 3747 2970 3801 vinctum
3040 3765 3067 3800 a
3117 3754 3230 3803 suis
3291 3752 3605 3823 prophetam

2030 3831 2277 3902 solvunt,
2304 3835 2526 3916 ejusque
2545 3838 2859 3915 relinquunt
2887 3838 3151 3894 voluntati
3184 3842 3266 3896 ire
3294 3857 3400 3910 nuo
3430 3842 3606 3900 vellet.

2032 3928 2131 3995 Qui
2159 3944 2287 3984 vero
2322 3944 2417 4012 per
2449 3921 2813 4009 quadraginta
2858 3947 3029 3987 annos
3069 3934 3215 3988 vocis
3241 3923 3391 3988 illius
3406 3926 3607 3990 beneﬁ-

2034 4015 2119 4076 cio
2150 4022 2231 4075 usi
2274 4034 2419 4090 sunt,
2452 4038 2557 4078 non
2615 4023 3020 4091 cognationem,
3049 4040 3154 4079 non
3207 4027 3455 4094 patriam,
3503 4043 3608 4084 non

2033 4111 2308 4183 quidpiam
2378 4114 2521 4168 aliud
2562 4114 2744 4179 veriti,
2784 4113 2983 4168 belluis
3043 4114 3169 4179 ipsis
3229 4132 3335 4171 non
3394 4119 3608 4173 fuerunt

2034 4205 2401 4261 humaniores.
2457 4204 2527 4259 Et
2590 4223 2705 4274 pou
2765 4223 2958 4276 pauca.
3047 4210 3116 4265 Ut
3170 4223 3291 4262 cum
3359 4210 3498 4264 idem
3558 4211 3611 4267 in

2033 4295 2492 4367 Christovideris,
2518 4312 2640 4352 eum
2665 4297 2878 4353 scilicet
2903 4297 2956 4350 in
2997 4312 3218 4353 crucem
3244 4313 3272 4352 a
3291 4297 3495 4354 Judaeis
3524 4316 3610 4354 ac-

2037 4397 2170 4459 tum,
2197 4404 2227 4443 a
2268 4390 2520 4459 gentibus
2553 4404 2681 4444 vero
2727 4390 3033 4455 adoratum,
3060 4390 3195 4445 nihil
3237 4393 3359 4445 novi
3413 4390 3612 4444 factum

2038 4464 2341 4546 arbitreris,
2380 4496 2556 4550 neque
2583 4483 2774 4537 dicas:
2812 4482 2926 4548 Qua
2963 4482 3175 4537 ratione
3213 4484 3414 4535 laetum
3442 4493 3526 4536 est
3552 4494 3608 4535 ut

2038 4576 2084 4628 is
2115 4575 2203 4643 qui
2236 4574 2301 4629 ad
2336 4574 2567 4630 salutem
2594 4576 3076 4643 defensionemque
3115 4574 3285 4639 venit,
3315 4574 3482 4629 tantis
3511 4591 3607 4627 ma-

2038 4666 2103 4719 lis
2130 4665 2354 4720 alfectus
2385 4665 2491 4719 sit?
2572 4652 2575 4655 ’

2109 4756 2278 4812 Vens.
2315 4757 2402 4811 17.
2432 4750 2502 4813 Et
2529 4774 2632 4812 non
2657 4757 2866 4810 tradant
2889 4768 2957 4811 te.

2114 4850 2298 4921 Neque
2323 4852 2474 4908 enim
2512 4855 2649 4920 perit
2681 4864 2785 4904 una
2817 4863 2938 4903 cum
2966 4846 3131 4918 impio
3160 4847 3358 4918 justus.

2679 4962 2832 5018 CAP.
2860 4959 2974 5015 XL.

2128 5081 2289 5134 Vsus.
2316 5079 2370 5132 2.
2404 5077 2474 5131 Et
2497 5076 2620 5131 tulit
2651 5093 2768 5132 eum
2788 5078 3034 5146 princeps
3064 5088 3371 5145 coquorum.

2121 5172 2359 5241 Percipit
2390 5170 2607 5226 tandem
2663 5178 2947 5226 universus
2999 5168 3277 5225 exercitus
3324 5164 3623 5236 prophetiae

2047 5264 2175 5319 vim.
2209 5262 2468 5319 Sedecias
2495 5277 2623 5317 vero
2657 5261 2829 5333 fugit;
2857 5262 3083 5332 putabat
3114 5260 3259 5314 enim
3285 5254 3621 5327 prophetiam

2050 5355 2276 5422 irritam,
2321 5352 2522 5409 facere.
2573 5351 2680 5409 Sed
2714 5367 2907 5422 captus
2946 5361 3050 5415 est,
3107 5358 3161 5405 et
3210 5346 3444 5416 ingentis
3498 5344 3624 5401 mali

2054 5454 2327 5513 spectator
2349 5444 2443 5511 iit;
2475 5445 2632 5500 testis
2662 5445 2899 5501 ﬁliorum
2951 5443 3109 5497 necis
3128 5439 3247 5503 fuit,
3276 5446 3328 5494 et
3360 5451 3426 5492 eo
3456 5449 3626 5506 usque

2051 5538 2166 5608 ejus
2194 5539 2391 5596 ‘oculos
2432 5545 2649 5608 apertos
2694 5551 2817 5591 esse
2859 5535 3047 5598 voluit,
3090 5534 3264 5598 quoad
3323 5529 3454 5584 vidit
3498 5542 3626 5582 suas

2051 5644 2340 5686 mrutunas.
2370 5628 2436 5682 Et
2459 5636 2572 5698 post
2602 5642 2792 5695 pauca.
2821 5653 2891 5664 —
2920 5624 3178 5693 Deditque
3214 5621 3495 5676 Jeremiam
3516 5617 3627 5674 Go-

2060 5720 2236 5777 doliw.
2263 5718 2328 5775 Et
2350 5717 2634 5776 considera
2659 5712 3313 5786 divinantprovidentiam
3345 5727 3360 5767 :
3388 5719 3631 5782 spectan-
