4058 6212
370 242 499 302 1009

1446 243 1871 305 FRAGMENTA
1909 246 1975 303 IN
2017 246 2384 306 JEREMIAM.

3474 240 3617 298 i0l0

363 361 555 423 ’ὕδατος
580 354 672 430 ἦν,
694 360 869 431 ὤρυξε
892 363 1147 431 μέγιστον
1169 364 1370 435 φρέαρ,
1396 363 1537 418 ὥστε
1562 368 1674 429 τοῖς
1696 366 1936 420 οἰκοῦσιν

2043 365 2241 434 inopia,
2275 364 2570 418 maximum
2631 369 2851 431 puteum
2887 355 3099 423 effudit,
3133 365 3190 408 ut
3236 355 3612 409 habitantibus

362 450 502 507 εἶναι
524 453 885 522 παραμυθίαν
910 455 1019 508 τῶν
1048 456 1255 511 ὑδάτων
1285 458 1387 528 τὴν
1420 461 1762 531 συναγωγήν.
1797 460 1934 532 Περὶ

362 544 572 597 ἐκείνου
606 544 786 598 τοίνυν
815 546 966 615 λέγει
996 547 1112 601 νῦν.
1250 538 1255 544 ’

430 634 633 689 Πάντα
651 637 721 690 τὰ
746 640 901 691 κακά
925 636 962 691 ἅ
981 638 1275 708 ἐποίησεν
1305 639 1571 709 Ἰσραὴλ,
1595 642 1694 695 καὶ
1710 641 1938 711 ᾤχοντο

363 727 651 796 πολεμεῖν
680 726 831 796 μετὰ
876 730 1122 798 Ἱσμαὴλ
1149 732 1284 785 υἱὸν
1330 732 1665 799 Ἀθαναίου,
1704 734 1803 788 καὶ
1835 731 1937 791 εὗ-

353 836 469 887 ρον
498 818 685 872 αὐτὸν
712 819 803 887 ἐφ’
828 820 1044 887 ὓδατος
1075 823 1363 893 πολεμίου
1383 824 1453 877 ἐν
1487 827 1755 880 Γαϐαών.

431 910 713 977 Τουτέστι,
752 911 860 964 τῶν
894 913 1105 967 ὑδάτων
1127 916 1228 986 τὴν
1254 916 1594 989 πλημμύραν
1628 920 1937 991 παρεληλυ-

363 1002 496 1056 θότα
521 1041 536 1067 ,
573 1001 713 1055 ὥστε
748 1004 882 1074 μηδὲ
924 1005 1129 1058 ἁλῶναι
1157 1006 1437 1061 δύνασθαιο
1469 1008 1787 1078 τριϐόμενοι
1829 1012 1939 1081 γὰρ

362 1096 492 1164 περὶ
536 1095 635 1164 τὴν
665 1093 775 1146 τῶν
817 1095 1028 1149 ὑδάτων
1059 1097 1227 1150 δίοδον
1249 1138 1262 1163 ,
1307 1098 1492 1168 χώραν
1524 1098 1723 1172 ἐκεινῳ
1762 1100 1940 1158 ἐδίδο-

369 1195 467 1231 σαν
498 1181 578 1240 εἰς
614 1181 850 1251 παντελῆ
892 1182 1105 1253 φυγήν·
1139 1182 1393 1252 περιττὸν
1440 1185 1620 1239 τοίνυν
1653 1188 1943 1258 ἡγησάμε-

364 1286 452 1331 νος
480 1269 560 1323 ἔτι
591 1270 807 1324 διώκειν
836 1273 923 1327 τὸν
949 1273 1009 1326 οὐ
1034 1273 1573 1347 συλληφθησὸμενον,
1601 1278 1943 1355 ὑπέστρεψεν

364 1365 443 1427 εἰς
472 1363 572 1434 τὴν
601 1364 879 1422 Ἰουδαίαν,

924 1468 1176 1526 ΚΕΦΑΛ.
1213 1476 1352 1536 MB'.

433 1576 541 1630 Καὶ
570 1580 928 1649 προσῆλθον
957 1582 1207 1653 πάντες.

2037 457 2232 513 solatio
2280 465 2428 511 esset
2474 468 2736 522 aquarum
2794 450 3043 505 collectio
3101 447 3191 501 "".
3226 445 3300 501 De
3338 460 3402 501 eo
3448 446 3609 513 igitur

2036 566 2180 604 nunc
2219 548 2479 617 loquitur.

2108 641 2272 695 Vens.
2314 639 2399 693 12.
2461 637 2591 702 Qua:
2630 636 2751 705 fecit
2796 634 3012 697 Island,
3036 641 3085 686 et
3127 630 3350 699 profecti
3386 638 3526 693 sunt,
3550 632 3605 681 ut

2039 731 2290 787 bellarent
2320 730 2573 784 adversus
2607 726 2804 781 lsmael
2859 725 3029 793 ﬁlium
3098 722 3401 787 Atlmnuice,
3431 729 3478 775 et
3528 721 3610 772 in—

2038 830 2283 878 venerunt
2303 838 2422 875 eum
2451 819 2519 873 ad
2558 834 2747 889 aquam
2778 817 3048 870 adversum
3082 816 3136 869 in
3156 811 3398 868 Gabaon.

2114 914 2225 968 lloe
2251 922 2334 966 est
2367 926 2626 981 aquarum
2656 908 3065 963 inundationem
3101 921 3223 961 eum
3282 902 3613 974 pertransis-

2039 1016 2141 1070 set,
2164 1009 2235 1060 ita
2265 1016 2321 1059 ut
2343 1005 2460 1072 capi
2488 1019 2591 1055 non
2613 1001 2813 1071 possit:
2840 1004 2966 1054 dum
2991 1000 3133 1054 enim
3165 1010 3375 1067 tempus
3408 1007 3610 1060 terunt,

2041 1110 2097 1150 ut
2118 1112 2287 1167 aquas
2304 1105 2608 1166 permeent,
2633 1092 2875 1163 fugiendi
2904 1092 2952 1145 ei
2979 1092 3260 1159 praebuere
3294 1087 3614 1158 Opportuni-

2043 1196 2243 1255 talem;
2290 1199 2751 1255 supervacaneum
2807 1183 2970 1253 igitur
3000 1196 3119 1238 esse
3150 1191 3340 1252 putans
3400 1178 3612 1247 insequi

2039 1294 2158 1349 quae
2202 1293 2397 1349 capere
2426 1291 2532 1331 non
2578 1285 2777 1346 posset,
2810 1289 3063 1330 reversus
3115 1285 3199 1330 est
3252 1274 3303 1328 in
3340 1268 3609 1326 Judaeam.

2644 1477 2794 1532 CAP.
2836 1475 2995 1531 XLII.

2112 1590 2276 1644 Vens.
2304 1591 2354 1644 1.
2396 1588 2460 1642 Et
2484 1599 2817 1644 accesserunt
2848 1604 3047 1641 omnes.

436 1667 642 1771 :loactv
672 1672 928 1738 ἀναξίους
974 1676 1202 1740 ἑαυτοὺς
1235 1679 1397 1744 ὄντας
1435 1683 1530 1735 τοῦ
1578 1686 1764 1754 τυχεῖν
1802 1686 1936 1739 ἀπο-

2113 1682 2319 1737 Norunt
2348 1695 2408 1738 se
2458 1682 2707 1753 indignos
2748 1682 3122 1751 responsione,
3147 1680 3398 1747 quoniam
3462 1693 3604 1748 saepe

365 1756 597 1827 κρίσεως
624 1800 643 1826 ,
670 1761 863 1835 ἐπειδὴ
917 1766 1182 1831 πολλάκις
1214 1771 1530 1841 ἠπίστησαν
1560 1777 1676 1838 τοῖς
1705 1777 1936 1847 εἰρημέ-

2043 1776 2196 1829 dictis
2227 1790 2330 1829 non
2395 1775 2768 1829 credidissent.
2812 1772 2937 1828 Ideo
2970 1773 3045 1827 ait
3081 1790 3095 1828 :
3131 1772 3388 1828 Miserere
3415 1772 3607 1837 nostri,

365 1865 494 1912 νοις.
535 1851 635 1905 Διὰ
672 1852 831 1907 τοῦτό
876 1872 1065 1927 φησιν,
1105 1859 1356 1934 Ἐλέησον
1383 1865 1531 1935 ἡμᾶς
1555 1906 1568 1927 ,
1606 1867 1653 1919 εἰ
1688 1868 1783 1919 καὶ
1808 1870 1938 1922 ἀνά·-

365 1940 467 2006 ξιοί
498 1944 688 2009 ἐσμεν.

436 2034 631 2101 Καθὼς
662 2040 719 2091 οὶ
740 2038 1038 2111 ὀφθαλμοί
1068 2058 1184 2097 σου
1203 2044 1537 2110 βλέπουσι.

434 2126 701 2199 Μάρτυρα
755 2149 830 2185 ων
881 2138 1181 2206 συμφορῶν
1230 2155 1322 2202 σε,
1373 2140 1560 2210 φησιν.
1601 2140 1818 2213 ἔχομεν.
1853 2146 1940 2198 Ei-

366 2216 544 2281 πέιτω,
576 2221 763 2289 φησὶν,
815 2222 948 2293 ἡμῖν
983 2225 1011 2276 ὁ
1034 2227 1187 2290 Θεὸς,
1226 2227 1280 2280 τί
1317 2228 1402 2282 δεῖ
1429 2231 1655 2299 πρᾶξαι.
1685 2234 1749 2287 0i
1789 2218 1941 2305 περι-

366 2307 699 2365 σπούδαστον
744 2312 888 2367 οὕτω
917 2318 1151 2386 πρᾶγμα
1179 2319 1528 2389 νομίσαντες,
1584 2324 1723 2394 μετὰ
1754 2325 1815 2378 τὸ
1845 2342 1939 2378 τυ-

363 2398 485 2469 χεῖν
518 2399 635 2463 πῶς
670 2402 851 2457 ὕπτιοι
875 2406 1115 2473 γίνονται
1141 2410 1154 2462 ε

443 2490 552 2544 Καὶ
577 2494 746 2548 αὐτοὶ
767 2491 947 2550 εἶπον
967 2497 1048 2563 τῷ
1081 2500 1348 2571 Ἱερεμίᾳ.

442 2580 633 2650 Ἡμεῖς
654 2600 713 2636 σε
736 2586 1165 2656 ἀπεστείλαμεν,
1198 2592 1293 2645 καὶ
1324 2594 1811 2664 παρεκαλέσαμεν,
1847 2601 1939 2652 καὶ

366 2672 610 2744 ἀνάγκην
640 2676 860 2747 ἔχομεν,
896 2680 1032 2751 ὅπερ
1066 2681 1131 2735 ἂν
1158 2683 1413 2757 ἐπιτάξῃ,
1448 2687 1658 2750 πάντας
1684 2689 1942 2745 ἀκούσειν

365 2765 485 2857 εἴτε
504 2768 732 2835 ἀγαθὸν,
765 2771 877 2825 εἴτε
913 2776 1087 2829 κακόν
1108 2792 1121 2807 ⁸
1166 2778 1449 2851 πρόχειροι
1479 2782 1609 2852 περὶ
1638 2782 1737 2848 τὰς
1764 2786 1941 2855 ἐπαγ-

363 2858 572 2927 γελίας,
606 2864 739 2932 περὶ
774 2864 832 2918 δὲ
863 2866 963 2931 τὰς
995 2868 1225 2940 πράξεις
1254 2871 1516 2943 οὐδαμοῦ.

448 2948 589 3005 Ἐὰν
612 2954 971 3022 καθίσαντες
996 2958 1305 3027 καθίσητε.

430 3042 541 3095 Καὶ
573 3043 627 3097 τί
654 3042 717 3098 τὸ
742 3045 954 3114 ὄφελος,
986 3047 1083 3101 ἐὰν
1110 3048 1175 3103 τὸ
1200 3050 1331 3105 αὐτὸ
1358 3050 1622 3122 πάθωμεν
1645 3071 1658 3118 ;

438 3135 547 3189 Καὶ
584 3138 864 3204 φυτεύσω
891 3138 1066 3208 ὑμᾶς.

465 3227 732 3283 Ἐδώκατε
761 3232 1034 3303 τιμωρίαν
1060 3233 1123 3286 οὐ
1142 3234 1243 3305 τὴν
1258 3234 1552 3305 τυχοῦσαν.

439 3322 499 3373 Μ
503 3318 535 3387 ὴ
558 3321 787 3389 φοϐήθη
798 3339 877 3376 τε.

441 3410 507 3462 Τί
538 3412 731 3465 τούτου
773 3414 1221 3489 ἀξιοπιστότερον
1249 3419 1346 3473 τοῦ
1377 3422 1544 3493 ῥητοῦ
1572 3440 1588 3489 ;

440 3501 552 3556 Καὶ
580 3506 633 3558 ει
658 3505 896 3574 ἐλέγετε
930 3509 1093 3577 ὑμεῖς
1114 3527 1134 3575 ;

449 3592 636 3665 Ὁρᾷς,
665 3595 779 3659 πῶς
811 3600 997 3664 αὐτοῖς
1033 3598 1415 3657 ἀποκαλύπτει
1450 3604 1549 3669 τὰς
1598 3605 1805 3670 οἰκείας
1831 3607 1947 3660 δια·

369 3680 554 3750 νοῑας;
587 3685 724 3756 ὅπερ
762 3689 1024 3757 μέγιστον
1053 3693 1352 3763 τεκμήριον
1376 3690 1445 3765 ἦν
1480 3694 1575 3747 τοῦ
1607 3696 1944 3766 προφητείαν

369 3772 508 3832 εἶναι
533 3778 597 3832 τὸ
622 3783 878 3853 πρᾶγμα,
915 3784 1014 3855 οὐχ
1046 3786 1128 3838 ὅτι
1162 3786 1323 3856 μόνον
1349 3787 1635 3842 ἐϐούλοντο
1656 3788 1945 3857 εἰσελθεῖν,

369 3869 511 3941 ᾁλλά
544 3873 637 3925 καὶ
661 3873 715 3926 τι
746 3875 1158 3945 προσδοκῶντες
1178 3877 1385 3946 ἔλεγον.

931 3989 1185 4043 ΚΕΦΑΛ.
1217 3991 1355 4047 Mf".

442 4101 463 4123 ⁶
493 4102 600 4155 Kal
628 4100 799 4157 εἶπεν
827 4102 1085 4173 Ἀζαρίας
1107 4107 1239 4171 υἱὸς
1269 4107 1516 4172 Ἰωσίου,
1539 4106 1639 4161 καὶ
1659 4107 1948 4163 Ἰωαννὰν

371 4190 499 4256 υἱὸς
541 4195 740 4262 Καρίε,
779 4196 877 4249 καὶ
910 4197 1133 4264 πάντες
1158 4200 1212 4252 oi
1233 4198 1449 4266 ἄνδρες
1478 4203 1530 4254 οἱ
1552 4201 1945 4271 ὑπερήφανοι,

2039 1865 2287 1934 quamvis
2319 1863 2521 1933 indigni
2554 1863 2746 1917 simus.

2116 2047 2274 2101 Vens.
2302 2046 2357 2100 ‘2.
2389 2045 2533 2099 Sicut
2563 2044 2699 2097 oculi
2727 2046 2802 2097 tui
2828 2046 3016 2097 vident.
3378 2102 3383 2105 ,

2110 2141 2349 2204 Testem,
2382 2139 2573 2208 inquit,
2598 2153 2963 2191 mrumnarum
3023 2146 3331 2192 nostrarum
3362 2145 3411 2190 te
3440 2136 3612 2191 habe-

2042 2247 2186 2299 mus;
2217 2233 2361 2286 dicat
2395 2231 2570 2297 nobis,
2620 2230 2714 2292 ait,
2747 2211 2908 2293 Deus,
2955 2245 3075 2298 qua:
3131 2243 3292 2298 agere
3325 2228 3608 2285 debemus.

2040 2324 2138 2392 Qui
2192 2338 2301 2378 rem
2336 2323 2476 2378 hanc
2523 2322 2657 2376 tanti
2709 2322 3009 2375 faciendam
3068 2328 3348 2389 putarunt,
3386 2320 3609 2375 utillam

2040 2416 2269 2470 assecuti
2300 2422 2443 2477 sunt,
2486 2427 2647 2482 quam
2676 2414 2877 2468 inertes
2916 2413 3171 2466 evadunt.

2119 2503 2286 2559 Vens.
2319 2501 2372 2556 5.
2403 2500 2468 2555 Et
2496 2502 2596 2567 ipsi
2622 2501 2863 2555 dixerunt
2886 2500 3154 2555 Jeremiw.

2116 2594 2225 2650 Nos
2254 2602 2306 2648 te
2362 2593 2625 2660 legamus,
2651 2603 2705 2647 et
2736 2606 3010 2661 rogamus,
3056 2605 3277 2647 necesse
3320 2589 3480 2645 nobis
3528 2598 3611 2644 est

2041 2685 2300 2757 quidquid
2332 2684 2586 2753 praecepit
2620 2692 2675 2736 ut
2720 2683 3027 2748 audiamus,
3070 2684 3187 2738 sive
3245 2683 3465 2748 bonum,
3495 2681 3609 2736 sive

2044 2777 2265 2842 malum,
2295 2775 2531 2846 prorupti
2572 2774 2639 2828 ad
2691 2774 3138 2843 promittendum,
3168 2787 3513 2843 nequaquam
3542 2771 3608 2826 ad

2044 2870 2330 2940 agendum.
2740 2874 2743 2875 ⁷

2118 2961 2282 3015 Vens.
2326 2959 2413 3014 10.
2440 2958 2499 3013 Si
2522 2950 2756 3013 sedentes
2774 2956 3041 3012 sedebltis.

1969 3058 2012 3116 c
2110 3053 2171 3107 Et
2200 3068 2319 3121 quae
2347 3052 2449 3107 erit
2474 3050 2708 3115 utilitas,
2728 3048 2773 3104 si
2806 3049 2945 3104 idem
2981 3048 3297 3119 patiemur?

2123 3143 2188 3198 Et
2220 3142 2467 3213 plantabo
2492 3158 2602 3197 vos.

2117 3233 2313 3289 Panas
2340 3248 2449 3287 non
2475 3232 2619 3287 leves
2648 3229 3004 3301 persolvistis.

2119 3324 2281 3381 Vens.
2314 3324 2402 3379 ll.
2448 3322 2629 3376 Nolite
2660 3322 2861 3376 timere.

2116 3420 2254 3487 Quid
2290 3419 2394 3473 hoc
2425 3416 2570 3472 dicto
2608 3415 2711 3470 fide
2742 3411 2996 3481 dignius?

2114 3510 2282 3567 Vens.
2316 3509 2404 3563 l5.
2435 3507 2575 3574 Quid
2600 3507 2649 3559 si
2668 3505 2846 3559 dicitis
2875 3520 2961 3559 vos
2994 3503 3019 3557 ?

2119 3599 2281 3658 Vides
2314 3598 2583 3668 quomodo
2611 3595 2715 3650 illis
2752 3596 2961 3662 aperiat
2988 3592 3348 3661 cogitationes
3387 3592 3616 3647 eorum?

2046 3695 2188 3764 quod
2252 3690 2550 3746 maximum
2592 3696 2712 3742 erat
2775 3685 3059 3750 indicium,
3106 3699 3226 3753 qua:
3293 3684 3617 3738 dicebantur

2046 3783 2387 3856 prophetiam
2418 3795 2561 3844 esse,
2598 3793 2702 3833 non
2739 3777 2881 3846 quod
2911 3782 3116 3829 tantum
3147 3774 3353 3845 ingredi
3396 3774 3612 3838 vellent,

2048 3877 2141 3930 sed
2166 3874 2330 3930 etlam
2358 3870 2487 3942 quid
2514 3878 2895 3940 exspectantes
2928 3867 3195 3921 dicerent.

2655 3981 2806 4040 CAP.
2846 3979 3034 4039 XLIII.

2118 4104 2134 4119 ⁴
2151 4101 2310 4155 Vens.
2329 4097 2384 4163 2,
2405 4098 2461 4153 ὅ.
2488 4094 2558 4151 Et
2588 4098 2722 4151 dixit
2755 4096 2978 4151 Azarias
2999 4093 3142 4164 ﬁlius
3166 4091 3354 4158 Jositv,
3376 4099 3426 4145 et
3452 4089 3620 4144 Joan-

2050 4209 2172 4247 nam
2202 4191 2345 4261 ﬁlius
2377 4190 2553 4245 Caria:
2577 4231 2594 4254 ,
2638 4200 2685 4244 et
2735 4204 2912 4243 omnes
2950 4187 3050 4242 viri
3076 4186 3323 4256 superbi,
3350 4184 3437 4254 qui
3475 4186 3620 4237 dixe—

373 4285 426 4335 ol
455 4286 730 4351 εἰπόντες
787 4289 1062 4359 Ἱερεμίᾳ,
1096 4291 1344 4359 Δεήθητι
1390 4293 1543 4361 ὑπὲρ
1586 4292 1756 4363 ἡμῶν
1796 4294 1941 4362 πρὸς

2051 4292 2175 4337 runt
2199 4283 2445 4337 Jeremite
2484 4298 2503 4337 :
2543 4282 2653 4338 Ora
2686 4299 2780 4351 pro
2821 4281 2969 4335 nobis
3022 4279 3091 4333 ad
3121 4279 3310 4333 Deum.
3357 4277 3618 4330 Dixerunt

371 4375 610 4442 Κύριον.
649 4376 840 4433 Εἶπον
866 4382 1150 4450 λέγοντες
1178 4382 1259 4449 τῷ
1309 4382 1591 4452 Ἱερεμίᾳ·
1630 4382 1831 4454 Ψευδῆ
1861 4384 1941 4439 σὺ

2049 4377 2276 4429 dicentes
2305 4372 2552 4428 Ieremia:
2580 4388 2599 4428 .'
2633 4373 2910 4427 Mendacia
2937 4382 2991 4426 tu
3031 4371 3260 4441 loqueris
3286 4387 3304 4434 ;
3348 4385 3450 4423 non
3479 4368 3617 4420 misit

370 4468 601 4534 λαλεῖς.
636 4473 758 4525 Οὐκ
797 4472 1120 4527 ἀπέστειλέ
1162 4491 1236 4527 σε
1282 4476 1490 4543 Κύριος
1528 4478 1560 4530 ό
1603 4476 1746 4543 Θεὸς
1784 4475 1941 4546 ἡμῶν

2049 4475 2099 4520 te
2134 4466 2388 4520 Dominus
2424 4465 2562 4519 Deus
2592 4476 2766 4519 noster
2793 4465 2861 4517 ad
2889 4480 2981 4517 nos
3018 4464 3219 4526 dicens,
3247 4461 3328 4514 Ne
3351 4460 3617 4529 ingredia-

370 4565 522 4631 πρὸς
570 4567 728 4635 ’ἡμᾶς
777 4568 989 4638 λέγων·
1029 4570 1126 4639 Μὴ
1176 4572 1488 4640 εἰσέλθητε
1524 4575 1611 4641 εὶς
1650 4575 1941 4645 Αἴγυπτον

2047 4561 2180 4615 mini
2208 4562 2261 4613 in
2295 4559 2582 4630 Egyptian
2603 4600 2618 4626 ,
2640 4559 2708 4611 ad
2734 4556 3076 4610 habitandum
3104 4555 3232 4608 illic.
3278 4552 3382 4608 Sed
3408 4553 3620 4607 Baruclt

372 4654 559 4707 οἰκεῖν
590 4657 734 4710 ἐκεῖ.
766 4659 939 4713 Ἀλλὰ
956 4661 1193 4729 Βαροὺχ
1208 4662 1338 4728 υἱὸς
1360 4661 1585 4731 Νηρίου
1612 4644 1941 4734 συμϐάλλει

2048 4653 2193 4722 ﬁlius
2228 4651 2408 4705 Neria:
2453 4651 2680 4704 concitat
2725 4659 2773 4701 te
2801 4647 3048 4701 adversus
3086 4662 3201 4708 nos,
3235 4653 3289 4697 ut
3323 4644 3412 4697 des
3440 4661 3532 4698 nos
3566 4646 3619 4696 in

2048 4760 2237 4797 manus
2268 4742 2667 4803 Chaldworum,
2699 4740 2766 4791 ad
2792 4738 3135 4790 occidendum
3170 4752 3285 4800 nos,
3317 4745 3366 4789 et
3394 4738 3622 4804 transte-

2052 4836 2267 4890 rendum
2292 4851 2386 4888 nos
2414 4834 2467 4887 in
2491 4830 2832 4900 Babylonem.

371 4762 448 4799 σε
486 4749 636 4814 πρὸς
677 4749 861 4819 ἡμᾶς,
896 4752 997 4805 ἵνα
1026 4752 1207 4807 δώσει
1236 4752 1394 4821 ἡμᾶς
1427 4758 1508 4819 εὶς
1541 4756 1746 4825 χεῖρας
1791 4760 1949 4813 Χαλ·

371 4836 577 4903 δαίων,
607 4840 715 4895 τοῦ
738 4843 1074 4899 θανατῶσαι
1105 4845 1281 4916 ἡμᾶς,
1316 4846 1414 4900 καὶ
1436 4847 1746 4902 ἀποικίσαι
1786 4848 1943 4920 ἡμᾶς

369 4933 458 4997 εὶς
482 4934 829 4990 Βαϐυλῶνα.

442 5022 761 5093 Τουτέστιν,
809 5031 885 5083 Οὐ
942 5033 1087 5086 κατὰ
1114 5032 1341 5103 γνώμην
1391 5031 1528 5085 Θεοῦ
1568 5031 1743 5086 ταῦτα
1805 5032 1944 5104 πρὸς

371 5117 521 5186 ἡμᾶς
544 5120 818 5188 ἐφθέγξω,
851 5122 986 5175 ἀλλά
1010 5124 1183 5177 ταῦτά
1205 5141 1288 5176 σοι
1313 5122 1699 5177 συνεϐούλευσε
1729 5123 1945 5196 Βαροὺχ

371 5210 548 5264 εἰπεῖν
571 5212 708 5283 πρὸς
734 5214 903 5283 ἡμᾶς,
928 5216 1041 5277 τοῖς
1080 5213 1371 5279 Χαλδαίοις
1394 5214 1771 5285 χαριζόμενος,
1795 5215 1945 5266 ἐπει·-

372 5300 550 5374 δὴπερ
583 5306 784 5357 ἐκεῖνοι
813 5304 908 5361 νῦν
936 5308 994 5359 ὲν
1029 5306 1106 5378 τῷ
1137 5309 1359 5379 κρατεῖν
1385 5306 1742 5376 τυγχάνουσι..

445 5393 605 5460 Τίνος
651 5397 865 5464 ἕνεκεν,
899 5376 1188 5464 elaterii
1210 5398 1411 5461 παντὸς
1462 5396 1557 5451 τοῦ
1609 5396 1803 5467 χρόνον
1850 5394 1941 5448 οὐκ

2119 5389 2229 5445 Cur
2275 5388 2384 5453 ita,
2420 5384 2653 5456 quaeso?
2704 5399 2799 5454 per
2835 5391 3001 5438 totum
3036 5391 3249 5450 tempus
3277 5394 3386 5434 non
3417 5376 3621 5433 fecistis

376 5488 604 5543 ἐλάϐετε
641 5493 840 5561 πεῖραν
896 5490 1065 5546 αὐτοῦ
1094 5492 1189 5564 τῆς
1239 5491 1501 5566 γνὼμης;
1547 5492 1610 5545 Εἰ
1639 5490 1733 5544 καὶ
1788 5487 1941 5561 unde.»

2054 5481 2355 5555 periculum
2380 5477 2545 5535 animi
2575 5477 2735 5546 ejus?
2767 5477 2829 5533 Et
2853 5478 2896 5532 si
2924 5474 3059 5531 nihil
3082 5473 3225 5529 aliud
3251 5472 3387 5529 foret
3410 5488 3424 5525 :
3448 5485 3625 5531 nonne

2123 5016 2236 5073 lloe
2259 5024 2359 5081 est,
2388 5028 2493 5069 non
2518 5014 2584 5067 ad
2610 5011 2704 5067 Dei
2734 5019 2966 5066 mentem
2990 5010 3105 5064 haec
3128 5009 3194 5063 ad
3229 5022 3326 5064 nos
3355 5007 3618 5074 habuisti,

2053 5113 2146 5168 sed
2185 5110 2278 5164 tibi
2303 5108 2571 5178 suggessit
2602 5117 2661 5160 ut
2718 5104 2876 5160 nobis
2918 5118 2981 5159 ea
3034 5102 3338 5173 loquereris
3380 5099 3617 5165 Baruch,

2046 5201 2440 5266 Chaldaeorum,
2459 5199 2548 5270 qui
2568 5214 2712 5255 nunc
2734 5198 3102 5265 dominantur,
3122 5196 3350 5268 gratiam
3372 5202 3615 5264 captans.

451 5663 509 5692 "‘
536 5663 602 5720 Ill
635 5663 765 5733 Reg.
804 5681 885 5736 xv,
921 5667 1008 5735 Π,
1034 5666 1122 5728 22.
