4054 6210
408 243 538 299 1011

1152 243 1715 301 SUPPLEnENTUM
1752 247 1841 300 AD
1878 249 1932 302 S.
1974 248 2025 303 J.
2067 248 2550 306 CIIRYSOSTOMI
2588 249 2837 305 OPERA.

3515 251 3656 306 50!!

408 376 533 413 eum
566 359 641 414 illi
676 370 823 415 esset
858 361 1123 431 integrum
1177 363 1256 415 ire
1298 378 1404 429 quo
1446 362 1627 427 vellet,
1658 365 1842 418 maluit
1883 381 1971 419 vo-

2102 370 2308 436 ζτερον,
2346 368 2467 438 οὐχὶ
2517 366 2706 438 κύριος
2754 367 2832 421 ὢν
2885 366 3143 421 ἀπελθεῖν
3202 368 3329 420 ὅποι
3383 365 3658 435 βούλεται,

409 450 614 506 biSt-um
638 453 901 507 manere?

482 544 647 599 Vens.
678 545 731 599 6.
767 544 834 597 Et
857 544 1143 598 Jeremiam
1173 545 1499 613 praphetant.

482 635 595 690 Cur
623 636 795 689 secuti
826 644 955 689 sunt
989 635 1084 689 bi?
1119 653 1184 689 ne
1218 637 1346 705 quid
1378 638 1535 706 pejus
1555 638 1823 693 eveniret.
1846 637 1980 694 Vide

412 728 689 795 antiquum
722 727 994 790 morbum,
1029 743 1218 781 rursus
1263 729 1314 781 in
1346 726 1663 799 Egyptutn.
1700 728 1981 796 Quomodo

414 820 464 869 in
495 819 703 885 seipsos
744 818 880 871 mala
932 834 1147 887 semper
1195 822 1564 884 attrabebant,
1619 832 1796 878 tamen
1857 822 1982 877 illuc

413 907 685 974 profectos
727 909 1014 979 dereliquit
1052 911 1215 975 Deus,
1254 927 1428 980 neque
1462 914 1600 967 dixit
1633 930 1645 965 :
1675 913 1828 979 Quod
1859 915 1981 967 inde

414 1000 659 1053 lucrum?
692 1001 952 1055 Abierunt
977 1017 1106 1073 ergo
1156 1003 1207 1057 in
1251 1003 1564 1073 Egyptum.
1600 1005 1705 1059 Sed
1740 1008 1985 1074 perspice

412 1106 534 1159 qua:
568 1092 697 1159 ipsis
728 1094 986 1160 prtcdieat
1028 1092 1316 1161 Jeremias,
1370 1096 1461 1164 qui
1499 1097 1587 1150 Dei
1626 1112 1687 1151 os
1729 1107 1849 1150 erat
1877 1113 1983 1149 non

414 1183 725 1249 attendens,
759 1186 804 1239 si
835 1186 962 1253 quid
994 1186 1067 1239 illi
1097 1186 1465 1254 deliquerant,
1488 1188 1581 1240 sed
1629 1188 1790 1241 veluti
1836 1196 1987 1256 pater

416 1275 823 1329 atttantissimus
856 1276 1024 1330 lilium
1055 1277 1321 1331 furentem
1354 1277 1552 1346 ubique
1577 1292 1834 1345 sequens.
1868 1275 1984 1329 Non

419 1377 623 1421 temere
678 1379 854 1423 autem
890 1370 1064 1438 posita
1109 1371 1301 1424 deinde
1329 1383 1453 1423 sunt
1510 1385 1629 1439 quze
1666 1371 1733 1424 ad
1775 1369 1984 1422 Barueb

415 1469 685 1527 spectant.

488 1550 652 1607 νεεδ.
677 1553 730 1607 9.
761 1552 945 1607 Sumes
970 1553 1064 1606 tibi
1088 1553 1289 1621 lapides
1320 1555 1563 1622 grandes.

486 1642 644 1697 Ponit
670 1642 877 1710 lapides
900 1642 1001 1697 sub
1032 1658 1187 1696 muro
1224 1642 1460 1698 lateritio
1487 1660 1500 1696 :
1533 1656 1747 1707 semper
1793 1657 1987 1710 corpo-

2086 457 2206 526 μεθ’
2241 457 2393 528 ὑμῶν
2420 456 2594 509 εἵλετο
2630 457 2813 526 μένειν
2841 475 2855 523 ;

2153 550 2262 602 Kal
2305 550 2593 618 Ἰερεμίαν
2619 549 2727 602 τὸν
2757 550 3093 618 προφήτην.

2154 640 2313 703 Τίνος
2344 640 2530 694 ἕνεκεν
2550 639 2926 711 ἠκολούθησαν
2949 634 3097 694 οὗτοι
3126 658 3139 705 ;
3172 642 3260 695 ἵνα
3287 642 3363 713 μὴ
3390 641 3573 714 χεῖρόν
3610 660 3667 694 τι

2085 730 2310 800 γένηται
2344 730 2535 784 κακόν.
2582 731 2726 802 Ὅρα
2747 730 2847 801 τὴν
2885 731 3111 802 πρώτην
3146 731 3322 785 νόσον.
3377 733 3550 785 Πάλιν
3582 735 3671 795 εἰς

2084 822 2379 889 Αἴγυπτον.
2418 822 2545 884 Πῶς
2587 823 2801 884 ἑαυτοῖς
2858 822 2945 874 ἀεὶ
2991 822 3061 875 τὰ
3110 823 3257 875 κακὰ
3287 824 3664 879 ἐπισπῶνται.

2099 913 2238 965 Ἀλλ’
2267 913 2415 983 ὅμως
2444 912 2564 965 οὐδὲ
2584 914 2700 964 ἐκεῖ
2722 912 3200 982 παραγενομένους
3237 912 3422 965 εἴασεν
3453 916 3482 965 0
3505 913 3669 977 Θεὸς,

2086 1005 2205 1057 οὐδὲ
2227 998 2348 1056 εἷπε
2367 1019 2381 1031 ·
2419 1002 2484 1055 Τί
2514 1003 2574 1055 τὸ
2606 1002 2794 1073 κέρδος
2821 1020 2835 1069 ;
2862 1003 3048 1055 λοιπὸν
3090 1002 3358 1071 κατῆλθον
3390 1005 3471 1065 εἰς
3498 1008 3673 1071 Αἴγυ-

2088 1115 2243 1151 πτον.
2296 1096 2437 1149 Ἀλλ’
2466 1097 2566 1165 ὅρα
2603 1097 2786 1158 αὐτοῖς
2813 1089 2900 1148 οἷα
2946 1096 3326 1166 προφητεύειό
3369 1094 3670 1164 Ἱερεμίας,

2090 1190 2265 1259 στόμα
2283 1188 2417 1242 Θεοῦ
2444 1187 2538 1241 ὧν.
2564 1188 2673 1242 Καὶ
2696 1187 2933 1258 οὐδαμοῦ
2959 1186 3177 1240 σκοπῶν
3201 1188 3253 1239 ετ
3275 1204 3328 1240 τι
3354 1187 3670 1258 ἐλύπησαν,

2091 1282 2230 1335 ἀλλὰ
2282 1280 2537 1350 καθάπερ
2571 1282 2753 1351 πατὴρ
2788 1280 3143 1350 φιλόστοργος
3190 1280 3469 1351 πανταχοῦ
3517 1298 3673 1350 παρ-

2090 1373 2373 1427 ακολουθεῖ
2394 1373 2470 1443 τῷ
2501 1372 2655 1426 παιᾶ
2689 1370 3001 1442 μαινομένῳ
3023 1387 3035 1400 ·
3068 1372 3172 1440 οὐχ
3224 1370 3413 1434 ἁπλῶς
3438 1373 3494 1425 δὲ
3525 1372 3676 1441 μετα

2090 1463 2261 1516 ταῦτα
2286 1465 2354 1515 τὰ
2388 1462 2483 1516 τοῦ
2521 1463 2739 1531 Βαροὺχ
2766 1460 2988 1532 ἔθηκεν.

2162 1553 2315 1608 Λάϐε
2340 1552 2575 1618 σεαυτῷ
2595 1553 2806 1617 λίθους
2825 1551 3150 1621 μεγάλους.

2164 1643 2360 1714 Τίθησι
2392 1643 2573 1706 λίθους
2595 1645 2654 1696 ἐν
2685 1643 2762 1713 τῷ
2789 1643 3031 1713 πλινθίῳ.
3086 1645 3232 1696 [Ιοιεῖ
3261 1660 3314 1695 τι
3362 1644 3449 1696 ἀεὶ
3492 1661 3679 1713 σωμα-

420 1752 568 1788 reum
596 1735 801 1803 aliquid
842 1736 972 1805 agit,
1013 1745 1069 1788 ut
1107 1737 1188 1790 eis
1221 1737 1467 1799 suadeat,
1502 1735 1689 1789 utitlis
1730 1734 1989 1803 majorem

2102 1738 2266 1799 τικδν,
2299 1738 2385 1790 ἵνα
2427 1737 2613 1809 πείσῃ,
2652 1736 2792 1790 ὥστε
2844 1737 3043 1801 αὐτοὺς
3096 1736 3449 1807 καταπλῆξαι
3482 1737 3673 1791 πλέον.

420 1827 665 1879 timorem
692 1826 964 1880 incutiat:
1010 1827 1105 1880 sed
1150 1842 1245 1881 eos
1298 1842 1517 1895 capere,
1543 1836 1638 1880 aut
1662 1826 1991 1895 persuadere

418 1934 523 1972 non
551 1916 735 1971 valuit.

492 2009 652 2064 Vens.
705 2010 790 2065 10.
824 2010 966 2075 Eos,
1001 2011 1077 2065 sic
1126 2010 1262 2064 dixit
1317 2007 1574 2063 Dominus
1630 2008 1905 2071 uirtutum,
1938 2017 1992 2062 et

417 2117 538 2170 quae
581 2110 903 2171 sequuntur.

490 2194 554 2248 Et
581 2196 836 2265 pra-cepit
873 2196 945 2248 illi
988 2194 1130 2253 Deus
1173 2194 1225 2249 in
1273 2193 1391 2248 loco
1426 2193 1675 2258 laterum,
1711 2193 1809 2246 boc
1850 2191 1991 2244 enim

418 2295 502 2339 est
524 2284 732 2354 lapides
771 2302 975 2354 ponere
1026 2287 1078 2339 in
1115 2284 1235 2339 loco
1287 2298 1394 2353 quo
1433 2282 1736 2337 formantur
1767 2281 1988 2340 lateres,

423 2386 480 2427 ut
521 2375 703 2428 throni
731 2377 1027 2429 referretur
1061 2377 1231 2444 tigura
1257 2383 1312 2428 et
1344 2376 1456 2428 luto
1484 2373 1752 2426 liniretur.
1792 2372 1993 2439 Sicque

422 2466 804 2535 praenuntiavit
825 2465 1380 2519 Nabuchodonosoris
1400 2477 1700 2532 regressum
1730 2479 1742 2513 :
1774 2469 1827 2514 et
1853 2460 1995 2528 quod

422 2569 578 2626 capta
610 2558 762 2621 urbe,
794 2557 849 2611 in
880 2556 1108 2613 locoillo
1126 2557 1321 2611 solium
1345 2572 1501 2611 suum
1527 2554 1804 2623 positurus
1827 2561 1994 2607 esset.

423 2647 539 2707 lloc
574 2662 704 2702 vero
733 2649 990 2717 praecepit
1024 2660 1081 2702 ut
1114 2648 1337 2712 taceret,
1369 2662 1437 2701 ne
1470 2654 1656 2700 essent
1691 2643 1785 2713 qui
1809 2645 1999 2698 inanes

425 2742 566 2810 apud
626 2740 883 2809 papulum
924 2749 1246 2809 spargerent
1310 2752 1611 2793 sermones.
1671 2735 1805 2790 Cum
1852 2735 1997 2789 enim

424 2848 614 2888 manes
644 2835 890 2889 viderent
920 2835 1034 2888 haec
1075 2834 1143 2887 ab
1200 2833 1315 2901 ipso
1348 2833 1463 2885 ﬁeri
1508 2832 1560 2885 in
1594 2830 1829 2901 z‘Egypto
1857 2869 1872 2893 ,
1908 2829 1999 2882 ubi

428 2942 520 2979 rex
551 2924 772 2995 )Egypti
805 2926 1047 2995 regimen
1105 2924 1394 2978 exercebat
1426 2924 1829 2983 universorum,
1894 2934 1993 2972 nec

2106 1830 2245 1885 Ἀλλ’
2273 1832 2375 1883 ούκ
2401 1831 2621 1900 ἴσχυσεν
2656 1830 2854 1891 αὐτοὺς
2876 1828 3018 1882 ἑλεῖν
3062 1828 3183 1883 οὒδὲ
3214 1831 3424 1884 πεῖσαι.

2168 2013 2367 2080 Οὕτως
2388 2008 2519 2068 εἶπε
2550 2012 2763 2079 Κύριος
2788 2010 2904 2067 τῶν
2932 2010 3274 2081 δυνάμεων,
3302 2008 3483 2079 καὶιτίι
3516 2007 3670 2078 ἑξῆς.

2169 2196 2510 2267 Προσέταξεν
2548 2194 2697 2265 αὑτῷ
2722 2193 2853 2256 Θεὸς
2893 2194 2987 2247 ἐπὶ
3032 2194 3126 2246 τοῦ
3166 2193 3333 2246 τόπου
3364 2190 3476 2244 τῶν
3516 2189 3681 2243 πλίν-

2098 2288 2237 2343 θων·
2268 2287 2429 2339 τούτο
2455 2286 2562 2355 γάρ
2588 2285 2736 2336 ἐστιν
2764 2283 2823 2335 ὲν
2856 2281 2935 2351 τῷ
2970 2280 3233 2349 πλινθείῳ
3272 2278 3459 2340 λίθους
3491 2294 3668 2330 κατα-

2099 2378 2321 2440 θέσθαι,
2382 2376 2523 2430 ὥστε
2600 2370 2737 2427 εἶναι
2822 2372 3009 2443 σχῆμα
3085 2372 3301 2442 θρόνου,
3376 2370 3471 2422 καὶ
3517 2367 3685 2437 πηλῷ

2100 2468 2448 2539 καταχρίσαι.
2489 2467 2598 2521 Καὶ
2620 2465 2762 2519 οὓτω
2788 2466 3018 2535 προεῖπε
3050 2462 3144 2516 τοῦ
3187 2460 3680 2530 Ναϐουχοδονόσορ

2100 2560 2198 2631 τὴν
2229 2559 2436 2623 ἄνοδον,
2467 2558 2560 2610 καὶ
2586 2557 2662 2621 ὡς
2693 2556 2829 2610 ἐλὼν
2860 2555 2963 2626 τὴν
2998 2555 3155 2607 πόλιν
3191 2552 3283 2605 ὑπ’
3329 2550 3540 2604 ἐκείνου
3578 2549 3679 2601 τοῦ

2099 2652 2267 2705 τόπου
2298 2649 2390 2703 τδν
2424 2647 2617 2707 ἑαυτοῦ
2641 2648 2830 2719 θρόνον
2856 2646 3034 2718 θήσει.
3058 2646 3101 2697 Τ
3104 2644 3231 2697 οὖτο
3253 2643 3309 2696 δὲ
3340 2639 3686 2712 προσέταξεν

2101 2740 2247 2811 αύτῴ
2276 2739 2525 2809 ποιῆσαι,
2545 2738 2694 2800 ὃπως
2718 2737 2783 2791 ἂν
2808 2736 2881 2815 μὴ
2915 2736 3092 2805 μάτην
3116 2730 3683 2803 φθέγγησθε.⁹υρῶνο

2102 2851 2192 2897 τες
2218 2834 2347 2903 γὰρ,
2376 2835 2458 2886 ὃτι
2489 2834 2546 2885 ὲν
2590 2830 2853 2900 Αἰγύπτῳ
2883 2830 3013 2883 ἔνθα
3042 2831 3070 2881 0
3093 2827 3349 2898 βασιλεὺς
3384 2824 3691 2888 ἐκαθέζετο

2104 2928 2201 2996 τῆς
2220 2925 2496 2994 Αἰγύπτου
2524 2925 2613 2977 ὑπ’
2640 2922 2820 2976 αὐτῶν
2846 2922 2955 2974 τῶν
2986 2919 3272 2991 βασιλειῶν
3294 2918 3455 2972 τοῦτο
3481 2916 3687 2979 ἐποίει,

428 3033 531 3070 non
566 3027 620 3071 et
651 3033 834 3073 coram
878 3018 1066 3073 iisdem
1112 3017 1352 3085 regibus,
1381 3015 1562 3068 dicere
1609 3013 1723 3082 jam
1777 3010 1995 3063 minime

2106 3020 2205 3071 ούκ
2238 3018 2316 3070 ἔτι
2336 3016 2517 3086 λέγειν
2546 3015 2800 3070 ἐδύναντο
2828 3014 2971 3069 κατὰ
2999 3015 3161 3082 χάριν
3192 3011 3286 3064 τοῦ
3323 3008 3687 3062 Βαϐυλωνίου

428 3119 699 3177 poterant,
753 3111 805 3164 in
844 3108 1125 3180 Babylonii
1175 3109 1406 3175 gratiam
1462 3106 1634 3175 ipsum
1672 3105 1815 3159 illius
1861 3120 2003 3174 prae-

430 3202 682 3255 nuntiare
724 3200 977 3255 reditum.
1022 3200 1161 3265 Quin
1200 3199 1379 3269 potius
1435 3214 1539 3251 non
1603 3197 1866 3262 absentis,
1909 3196 2005 3250 sed

430 3292 576 3343 illius
607 3290 698 3358 qui
731 3290 800 3344 ibi
829 3290 1066 3343 dominio
1104 3290 1411 3358 potiebatur
1447 3287 1585 3340 inire
1608 3285 1873 3350 favorem,
1908 3300 1998 3339 ne-

432 3398 535 3450 que
562 3382 636 3433 illi
669 3381 969 3442 adnlatum,
1005 3381 1097 3450 qui
1136 3394 1234 3433 nec
1260 3395 1381 3433 eum
1417 3378 1651 3432 audiret.

506 3471 669 3526 Vens.
725 3469 811 3538 10,
853 3473 936 3526 ll.
976 3471 1039 3525 Et
1067 3481 1224 3540 ponet
1260 3488 1409 3526 arma
1450 3486 1607 3535 super
1653 3486 1792 3532 eum,
1826 3478 1874 3523 et
1900 3468 2004 3523 ele-

431 3565 572 3616 vubit
602 3581 755 3616 arma
788 3580 884 3617 sua
923 3578 1081 3632 super
1112 3578 1220 3627 eos,
1246 3571 1296 3616 et
1328 3561 1657 3633 ingredietur
1684 3569 1731 3613 et
1756 3559 2007 3629 percutiet

432 3672 625 3714 terram
656 3655 897 3727 zEgypti.

503 3748 746 3808 Obscure
775 3749 1006 3818 positum
1047 3757 1132 3802 est
1176 3748 1229 3801 in
1274 3746 1463 3803 Gratco
1537 3760 1547 3795 :
1599 3742 1693 3797 sed
1741 3736 2006 3797 sententia

436 3841 982 3895 ltmcestztentorium
1018 3854 1198 3901 suum,
1231 3839 1373 3907 quod
1416 3836 1640 3905 regibus
1701 3835 1757 3889 in
1814 3835 2010 3889 castris

434 3935 645 4003 erigere
672 3943 1096 3997 consueverunt,
1126 3931 1215 3984 bic
1237 3939 1459 3985 statuet.
1492 3928 1621 3981 Illud
1648 3927 1828 3997 igitur,
1856 3933 2009 3996 ponet

435 4043 584 4089 arma
609 4043 731 4091 sua,
764 4024 1045 4089 Hebraeus,
1099 4032 1145 4076 et
1193 4020 1437 4075 extendet
1496 4019 1779 4072 tentorium
1831 4032 2008 4076 suum,

437 4116 576 4169 dixit
610 4134 624 4168 :
654 4127 845 4185 estque
875 4116 1063 4169 eadem
1116 4114 1167 4167 in
1213 4113 1458 4180 utrisque
1512 4109 1803 4163 sententia.
1839 4106 2003 4159 Mani-

438 4209 632 4263 festum
663 4206 809 4261 enim
832 4217 918 4269 est
972 4205 1116 4275 regia
1158 4219 1308 4258 arma
1358 4203 1412 4256 in
1452 4199 1687 4258 tentorio
1738 4198 1878 4268 regis
1913 4214 2011 4267 po-

438 4301 540 4356 sita
572 4297 762 4357 tuisse.

520 4486 584 4541 Et
614 4502 807 4557 ponam
839 4485 1083 4538 thronum
1112 4481 1248 4551 ejus.

518 4581 725 4641 Deinde
747 4596 814 4634 ne
842 4578 1211 4645 conjecturam
1238 4578 1377 4630 banc
1403 4588 1525 4631 esse
1549 4574 1809 4644 opineris,
1841 4571 2015 4627 locum

440 4675 606 4729 etiam
641 4672 913 4740 designat,
945 4670 996 4724 in
1030 4684 1140 4739 quo
1173 4667 1382 4737 lapides
1424 4675 1608 4736 ponat.

514 4762 673 4817 Vens.
716 4762 804 4816 12.
841 4760 908 4815 Et
942 4746 1216 4814 succendat
1254 4759 1445 4828 ignem.

513 4858 577 4910 Et
607 4858 672 4911 de
694 4828 884 4911 e‘orum
921 4854 1023 4909 diis
1052 4854 1312 4923 loquitur,
1340 4868 1407 4906 ne
1444 4852 1511 4906 ad
1551 4851 1885 4919 impietatem
1925 4851 2018 4904 de-

443 4949 746 5013 clinarent;
782 4946 876 5000 sed
908 4944 1041 4998 nihil
1076 4955 1256 4998 actum
1288 4950 1395 4997 est.

514 5038 581 5105 Et
606 5037 885 5108 transferet
906 5053 1014 5101 eos,
1041 5045 1090 5089 et
1113 5033 1368 5104 pediculis
1390 5035 1613 5088 excutiet
1638 5044 1829 5087 terram
1853 5032 2020 5102 zEgy-

444 5135 540 5204 pti,
570 5135 705 5187 sicut
727 5132 921 5186 excutit
944 5112 1124 5197 pastor
1141 5127 1497 5180 vestimentum
1527 5143 1699 5179 suum.

520 5225 634 5279 Hoc
663 5232 747 5278 est
777 5234 953 5285 vetus,
1003 5220 1077 5274 ita
1128 5217 1289 5272 facile
1322 5216 1616 5289 Egyptum
1656 5214 2022 5271 Nabuchodo-

447 5334 608 5377 nosor
632 5313 951 5388 possidebit.

520 5410 685 5466 Vens.
732 5408 817 5462 15.
872 5407 939 5472 Et
994 5414 1220 5465 conteret
1270 5403 1540 5473 columnas
1581 5400 1887 5471 Heliopolis,
1935 5401 2024 5470 qui

456 5502 643 5566 Euam,
666 5512 716 5557 et
744 5503 925 5555 domos
948 5502 1165 5561 deorum
1192 5513 1374 5552 eorum
1408 5498 1671 5551 comburet
1704 5486 1830 5564 igni.

525 5680 695 5745 Etiam
736 5700 931 5740 nomen
965 5684 1110 5738 urbis
1162 5695 1327 5755 prope
1369 5678 1644 5749 Tapbnas,
1706 5689 1758 5734 et
1790 5680 2019 5733 fortasse

2112 3108 2339 3179 μηνύειν
2365 3108 2575 3160 ἐκείνου
2611 3107 2708 3176 τὴν
2725 3105 2930 3160 ἄνοδον.
2955 3103 3173 3157 Μᾶλλον
3200 3103 3310 3171 γὰρ
3335 3101 3403 3154 ἂν
3428 3099 3506 3169 τῷ
3542 3115 3693 3168 παρέ

2108 3195 2221 3248 όντι
2260 3193 2398 3265 πρὸς
2426 3193 2587 3264 χάριν
2609 3191 2933 3261 ἐφθέγξατο,
2955 3192 2989 3263 ἢ
3011 3191 3101 3245 τὸν
3137 3191 3346 3245 ἀπόντα
3380 3190 3476 3243 καὶ
3517 3188 3691 3258 μηδὲν

2110 3287 2380 3341 ἀκούοντα
2413 3286 2797 3349 ἐκολάκευσεν.

2183 3481 2292 3535 Καὶ
2327 3478 2499 3546 θήσει
2539 3478 2611 3533 τὰ
2653 3477 2816 3531 ὅπλα
2863 3477 3051 3531 αὐτοῦ
3093 3472 3294 3529 ἐπάνω
3346 3467 3558 3531 αὑτοῦ,
3590 3465 3690 3518 καὶ

2110 3573 2244 3643 ἀρεῖ
2265 3572 2338 3626 τὰ
2360 3572 2520 3624 ὅπλα
2533 3567 2723 3624 αὑτοῦ
2750 3568 2842 3622 ἐπ’
2872 3566 3115 3633 αὐτοὺς,
3133 3564 3232 3619 καὶ
3248 3561 3693 3620 εἰσελεύσεται,

2111 3666 2211 3722 και
2252 3662 2503 3727 πατὰεει
2524 3662 2639 3729 τὴν
2670 3661 3120 3731 γῆν-Αἰγύπτου.

2195 3752 2447 3822 ’Δσαφῶς
2475 3754 2654 3806 κεῖται
2684 3752 2743 3804 ὲν
2765 3748 2843 3819 τῷ
2878 3746 3177 3818 Ἑλληνικῷ
3196 3763 3210 3776 ·
3238 3745 3266 3798 ὃ
3298 3743 3411 3814 γὰρ
3436 3740 3695 3812 βούλεται

2112 3850 2307 3912 εἰπεῖν,
2340 3845 2500 3898 τοῦτό
2530 3847 2700 3907 ἐστιν,
2749 3843 2832 3903 ὅτι
2883 3841 2983 3912 τὴν
3020 3838 3226 3910 σκηνὴν
3261 3834 3427 3891 αὑτοῦ
3462 3836 3531 3903 ἦν
3571 3831 3698 3894 ἔθος

2111 3940 2224 4002 τοῖς
2258 3934 2572 4008 βασιλεῦσιν
2624 3934 2681 3986 ὲν
2744 3934 2867 3995 ταῖς
2920 3928 3337 4001 στρατοπεδίαις
3387 3922 3694 3985 ποιεῖσθαι,

2113 4029 2350 4084 ἐνταῦθα
2383 4026 2582 4099 πήξει·
2616 4025 2678 4079 τὸ
2717 4020 2835 4088 οὖν,
2872 4022 3047 4091 θήσει
3091 4020 3166 4074 τὰ
3217 4020 3379 4073 ὅπλα
3414 4014 3630 4078 αὐτοῦ,
3670 4016 3704 4065 0

2127 4120 2403 4189 Ἐϐραῖος,
2449 4116 2548 4170 καὶ
2588 4115 2837 4168 τανύσει
2869 4112 2987 4179 τὴν
3025 4109 3270 4178 σκηνὴν
3303 4105 3511 4169 αὑτοῦ,
3543 4106 3652 4187 ἔφη
3682 4120 3695 4131 ·

2116 4186 2351 4276 σώζεται
2380 4209 2437 4262 δὲ
2464 4211 2497 4277 ἡ
2518 4207 2655 4278 αὑτὴ
2680 4206 2860 4258 ἔννοια
2886 4206 2944 4256 ὲν
2972 4201 3241 4272 ἑκατέρῳ.
3273 4199 3442 4270 Δῆλον
3460 4186 3601 4266 γὰρ,
3618 4195 3700 4258 ὡς

2114 4303 2186 4356 τὰ
2230 4301 2489 4371 βασιλικὰ
2538 4299 2679 4353 ὅπλα
2731 4298 2825 4350 ἐπὶ
2874 4296 2973 4365 τῆς
3033 4293 3241 4364 σκηνῆς
3292 4288 3388 4345 τοῦ
3423 4286 3699 4361 βασιλέως

2045 4385 2090 4440 Ι)
2119 4395 2317 4449 ἔκειτο.

2187 4487 2292 4541 Kal
2320 4486 2488 4551 θήσω
2513 4481 2699 4539 αὐτοῦ
2722 4482 2828 4534 τὸν
2851 4479 3090 4547 θρόνον.

2189 4574 2321 4630 Εἶτα
2355 4576 2445 4629 ἵνα
2478 4574 2554 4645 μὴ
2588 4573 2895 4643 στοχασμὸν
2941 4570 3193 4643 νομίσῃς,
3241 4568 3338 4624 καὶ
3378 4566 3471 4620 τὸν
3524 4565 3700 4619 τόπον

2115 4669 2287 4737 λέγει,
2324 4665 2455 4719 ἔνθα
2486 4665 2646 4735 θήσει
2674 4665 2804 4727 τοὺς
2848 4661 3055 4725 λίθους.

2194 4757 2307 4812 Καὶ
2328 4756 2543 4809 καύσει
2582 4754 2725 4821 πῦρ.

2190 4852 2297 4904 Καὶ
2334 4848 2464 4919 περὶ
2491 4845 2602 4899 τῶν
2633 4845 2771 4899 θεῶν
2798 4844 2979 4899 αὐτῶν
3006 4844 3177 4910 λέγει,
3202 4844 3289 4897 ἵνα
3327 4843 3403 4912 μὴ
3437 4843 3519 4902 εἰς
3566 4840 3702 4894 ἀσέ-

2119 4943 2274 4997 ϐειαν
2305 4940 2649 5004 ὲκκλίνωσιν,
2686 4937 2802 4992 ἀλλ’
2836 4938 2991 4991 οὐδὲν
3020 4937 3183 4990 πλέον
3210 4937 3452 5004 ἐγένετο.

2191 5032 2298 5087 Kal
2326 5029 2589 5085 ἀποικιεῖ
2611 5029 2855 5095 αὐτοὺς,
2879 5027 2979 5081 xal
3000 5027 3209 5097 φθερεῖ
3231 5026 3349 5097 γῆν
3368 5025 3699 5094 Αἰγύπτου,

2120 5128 2200 5191 ὼς
2217 5123 2470 5194 φθερίζει
2495 5121 2721 5192 ποιμὴν
2746 5121 2812 5175 τὸ
2840 5121 3073 5189 ἱμάτιον
3101 5120 3311 5174 αὑτοῦ.

2193 5216 2472 5280 Τουτέστι,
2497 5214 2557 5267 τὸ
2588 5212 2821 5266 παλαιόν
2841 5228 2854 5242 ·
2881 5211 3057 5275 οὕτως
3086 5212 3328 5275 εὐκόλως
3351 5209 3572 5277 καθέξει
3598 5212 3703 5279 τῆς

2122 5308 2400 5381 Αἰγύπτου
2433 5310 2461 5361 0
2490 5306 2991 5377 Ναϐουχοδονόσορ.

2194 5402 2304 5458 Kal
2352 5400 2677 5467 συντρίψει
2722 5399 2865 5465 τοὺς
2925 5400 3199 5464 στύλους
3256 5396 3708 5462 Ἡλιουπόλεως

2126 5494 2265 5559 τοὺς
2291 5492 2491 5555 Ἐγὼν,
2516 5492 2613 5545 καὶ
2633 5492 2772 5559 τοὺς
2793 5493 2997 5557 οἴκους
3014 5489 3131 5544 τῶν
3145 5486 3503 5543 θεῶν-αὐτῶν
3523 5504 3673 5539 xara
3688 5518 3706 5528 ο

2128 5587 2339 5639 καύσει
2370 5585 2531 5650 πυρί.

2210 5674 2389 5729 Ἐγὼν
2414 5674 2581 5746 ὄνομα
2619 5674 2823 5739 πόλεώς
2859 5676 2971 5728 ἐστι
3005 5672 3232 5744 πλησίον
3271 5673 3489 5739 Τάφνας
3543 5668 3705 5731 Ἴσως
