4058 6212
362 295 496 349 υ)Ιὸ

1450 301 1877 359 FRAGMENTA
1911 302 1979 356 IN
2017 303 2386 359 JEREMIAM.

3478 304 3614 360 10H

348 415 410 470 δὲ
440 409 580 463 κατὰ
613 425 713 479 μεν
738 410 1009 482 ’Έλληνας
1049 413 1431 480 annexam
1480 416 1753 479 ἐκαλεῖτο,
1791 417 1932 470 κατὰ

2040 433 2156 484 qua:
2188 416 2395 471 Gmcis
2425 414 2628 470 dicitur
2653 414 2969 489 Heliopolis,
3016 412 3397 486 [Egyptiornm
3431 414 3613 485 lingua

352 504 406 556 δὲ
438 502 536 569 τὴν
570 504 887 569 Αἰγυπτίων
916 506 1102 576 φωνὴν
1140 506 1338 561 Ἑνών.

950 596 1203 652 ΚΕΦΑΛ.
1242 599 1374 652 ΜΔθ.

429 687 629 752 Οὕτως
652 681 785 739 εἷπε
811 688 1045 756 Κύριος.

425 781 591 852 Ὅρα,
633 778 686 833 τί
709 779 901 833 τούτου
934 780 1001 833 ἂν
1024 780 1236 851 γένοιτο
1264 783 1640 853 σαφέστερον;
1666 782 1934 852 ἔν’ὅψεσιν

353 865 500 938 εἶχον
549 869 618 922 τὰ
671 870 1118 939 παραδείγματα.
1173 872 1287 925 Οὐκ
1339 869 1409 943 ἦν
1450 873 1625 927 ταῦτα
1685 876 1930 946 ῥήματα,

351 959 490 1013 ἀλλὰ
514 960 820 1031 πράγματα
842 960 877 1014 ἃ
906 962 1055 1015 ἐϐόα.
1076 962 1187 1033 Τὴν
1203 964 1385 1017 αἰτίαν
1418 963 1620 1034 ᾔδεσαν
1651 964 1761 1018 τῶν
1788 982 1932 1035 συμ-

352 1052 687 1122 ϐεϐηκότων.

426 1148 443 1164 ⁹
472 1144 583 1197 Καὶ
623 1146 735 1198 οὐκ
779 1144 1025 1199 ἔσονται
1077 1146 1284 1213 αὐτοῖς
1325 1147 1740 1216 σεσωσμένος,
1811 1146 1933 1200 οὐδὲ

354 1236 816 1307 περιλειπόμενος
894 1238 1072 1299 οὐδεὶς
1150 1237 1258 1290 τῶν
1334 1238 1635 1291 ἐπιλοίπων
1737 1237 1934 1291 Ἰούδα

354 1327 474 1381 τῶν
512 1328 816 1381 ἐλθόντων
864 1328 1175 1396 παροικεῖν
1227 1329 1298 1382 ἐν
1346 1328 1421 1397 τῇ
1469 1330 1770 1398 Αἰγύπτῳ,
1824 1330 1933 1384 τοῦ

354 1418 733 1488 ἀποστρέψαι
788 1421 876 1486 είς
908 1418 1026 1489 γῆν
1073 1419 1264 1475 Ἰούδα
1293 1421 1385 1490 ἐφ’
1431 1420 1512 1489 ἣν
1539 1422 1708 1475 αὐτοὶ
1759 1422 1932 1476 ἐλπί-

355 1506 512 1572 ζουσι
540 1510 670 1576 ταῖς
696 1512 925 1580 ψυχαῖς
952 1511 1171 1576 αὐτῶν,
1197 1512 1304 1567 τοῦ
1333 1512 1689 1582 ἐπιστρέψαι
1716 1514 1837 1567 ἐκει
1859 1508 1933 1570 οὗ

354 1603 437 1672 μὴ
462 1603 960 1672 ἀποστρέψουσιν
980 1608 1032 1659 ol
1054 1604 1538 1678 διαπεφευγότες.

417 1697 589 1749 Πᾶσιν
647 1695 869 1748 ἀπειλεῖ
918 1696 1151 1750 θάνατον
1204 1700 1319 1762 τοῖς
1378 1699 1459 1762 είς
1512 1698 1613 1764 τὴν
1650 1697 1931 1766 Αιγυπτον

2036 509 2189 563 Euan
2228 510 2543 564 vocabatur.

2627 598 2778 653 CAP.
2833 596 3020 652 XLIV.

2104 691 2267 748 Vens.
2299 692 2357 746 2.
2392 692 2486 747 Sic
2519 691 2647 745 dicit
2670 690 2950 744 Dominus.

2107 783 2264 849 Vide,
2290 783 2421 853 quid
2444 781 2684 836 clarius?
2708 796 2819 850 pra:
2838 779 3012 833 oculis
3035 779 3313 834 habebant
3341 780 3615 849 exempla.

2032 870 2152 927 Non
2177 882 2338 927 erant
2360 872 2475 926 lucc
2504 872 2689 932 verba,
2723 869 2816 925 sed
2849 883 2935 923 res
2968 882 3089 935 qua:
3120 869 3450 927 clamabant.
3473 869 3608 925 Cau.

2034 980 2149 1019 sam
2184 965 2320 1019 bene
2349 973 2547 1019 norant
2571 979 2760 1019 eorum
2796 978 2916 1032 qua:
2942 964 3308 1033 contigerant.

2106 1151 2123 1169 '
2149 1148 2309 1204 Vens.
2344 1146 2517 1204 H.151
2548 1164 2651 1202 non
2681 1148 2778 1200 erit
2809 1146 2985 1200 salvus
3003 1146 3286 1215 quispiam,
3316 1160 3493 1213 neque
3528 1160 3616 1200 re-

2034 1242 2227 1298 siduus
2259 1243 2326 1295 de
2353 1240 2599 1309 reliquiis
2625 1238 2792 1302 Iuda,
2823 1240 2910 1307 qui
2934 1248 3182 1292 venerunt
3211 1249 3264 1291 ut
3291 1238 3520 1291 habitent
3562 1241 3617 1292 in

2035 1344 2174 1390 terra
2232 1332 2478 1403 Egypti,
2514 1332 2584 1385 ad
2629 1330 2992 1385 revertendum
3049 1332 3103 1382 in
3154 1339 3298 1383 terra
3336 1328 3505 1393 Juda,
3547 1328 3617 1382 ad

2034 1440 2192 1497 quam
2221 1424 2322 1493 ipsi
2356 1431 2569 1489 sperant
2597 1420 2876 1474 animabus
2902 1420 3017 1475 suis
3042 1422 3227 1474 reverti
3260 1420 3369 1485 ibi;
3395 1436 3496 1473 non
3533 1435 3614 1473 re-

2036 1527 2322 1580 vertentur,
2350 1515 2454 1569 nisi
2473 1514 2563 1585 qui
2591 1514 2874 1568 evaserint.

2106 1703 2373 1761 Omnibus
2401 1702 2486 1757 bis
2515 1711 2744 1757 mortem
2777 1700 3037 1764 minatur,
3081 1698 3170 1768 qui
3206 1697 3502 1769 Egyptum
3534 1698 3618 1752 in-

356 1785 780 1857 είσεληλυθόσιν,
817 1787 891 1850 ὡς
926 1789 1257 1860 μαιχομένοις
1302 1793 1368 1860 τῇ
1405 1790 1500 1844 τοῦ
1549 1790 1686 1844 Θεοῦ
1734 1791 1930 1862 γνώμῃ

2040 1800 2207 1869 gressi
2235 1806 2382 1861 sunt,
2416 1806 2604 1866 utpote
2634 1795 2700 1849 iis
2716 1786 2827 1863 'qui
2866 1794 3134 1849 voluntati
3186 1792 3386 1847 divinae
3421 1806 3482 1845 se
3514 1806 3615 1860 op-

354 1880 448 1931 καὶ
476 1878 699 1949 χείρονα
743 1879 1051 1944 πείσεσθαι,
1108 1881 1142 1951 ἢ
1175 1882 1302 1945 τοὺς
1354 1883 1412 1934 ὲν
1484 1880 1884 1952 Ἰεροσολύμοις
1914 1900 1928 1913 ο

358 1974 623 2039 σώζεσθαι
651 1974 848 2045 μόνους
882 1977 988 2044 ἔφη
1019 1976 1283 2041 ἐκείνους,
1316 1975 1366 2029 οἳ
1402 1976 1512 2031 τῶν
1538 1975 1727 2030 κακῶν
1758 1993 1933 2028 κατα-

356 2066 632 2120 λαϐόντων
657 2066 755 2136 τὴν
792 2066 1053 2121 Ἰουδαίαν
1102 2066 1515 2137 μεταδιώξουσι,
1548 2068 1623 2130 ὼς
1656 2067 1722 2120 ἂν
1755 2068 1933 2136 γνοῖεν

355 2159 566 2228 ἄμαχον
591 2153 759 2212 οὖσαν
788 2159 884 2212 τοῦ
925 2159 1061 2212 Θεοῦ
1092 2160 1192 2231 τὴν
1226 2160 1405 2230 ἰσχὺν,
1436 2161 1530 2228 ἀφ’
1572 2153 1649 2213 ὧν
1677 2158 1772 2212 καὶ
1806 2159 1932 2221 τοὺς

354 2249 645 2315 δοκοῦντας
674 2246 813 2303 εἶναι
844 2253 901 2304 ὲν
926 2252 1181 2320 depulsi,
1223 2252 1570 2322 ὑποχειρίους
1611 2251 1797 2304 δίδωσι
1821 2254 1935 2314 τοῖς

356 2343 595 2414 ἐχθροίς,
622 2344 716 2397 καὶ
766 2344 975 2415 ἔρημον
1013 2342 1182 2399 οὖσαν
1223 2345 1323 2416 τὴν
1356 2346 1460 2415 γῆν
1495 2346 1713 2409 οἰκίζει,
1749 2343 1935 2407 σώζων

357 2435 608 2497 ἅπαντας
638 2437 768 2499 τοὺς
800 2438 889 2489 ἐπ’
930 2436 1108 2506 αὐτὴν
1159 2435 1646 2503 καταφεύγοντας·
1699 2436 1796 2489 καὶ
1849 2437 1935 2489 ὅτι

357 2526 517 2579 τοῦτο
566 2526 742 2592 οὕτως
778 2530 915 2599 ἔχει,
948 2529 1103 2600 δηλοῖ
1152 2527 1359 2599 προῖὼν
1408 2527 1745 2599 σαφέστερον
1791 2528 1935 2582 οὕτω

357 2618 553 2688 λέγων·

443 2709 506 2761 '0
532 2711 717 2780 λόγος
749 2709 824 2764 ὃν
857 2710 1149 2779 ἐλάλησε.

429 2800 578 2871 Αὕτη
597 2802 885 2871 βασίλισσα
907 2804 1164 2875 οὐρανοῦ,
1190 2805 1312 2858 είπὲ
1342 2822 1434 2876 μοι
1461 2821 1475 2872 ;
1508 2804 1653 2870 Θεὸς
1670 2803 1935 2872 ποιήσας

357 2892 465 2945 τὸν
490 2894 769 2963 οὐρανὸν,
795 2894 895 2947 καὶ
930 2895 1044 2963 τὴν
1074 2896 1214 2965 γῆν,
1252 2896 1341 2951 ἀεὶ
1370 2896 1615 2962 ἀκούεις,
1654 2895 1896 2966 συνεχῶς
1918 2912 1931 2925 ο

359 2984 453 3034 καί⁸
477 2984 681 3053 ταύτην
738 2984 1062 3054 βασίλισσαν
1113 2987 1322 3051 καλεῖς,
1363 2987 1462 3056 τὴν
1502 2986 1770 3058 σελήνηνς
1825 2986 1935 3039 Καὶ

2036 1889 2341 1960 posuerint,
2400 1897 2456 1943 et
2493 1886 2768 1941 atrociora
2829 1900 3105 1954 passuros,
3156 1884 3252 1948 ait,
3322 1884 3388 1937 iis
3417 1884 3507 1951 qui
3561 1882 3617 1936 in

2035 1980 2423 2051 Hierosolymis
2453 1986 2748 2042 steterunt,
2782 1987 2837 2031 et
2886 1976 3009 2031 illos
3064 1985 3273 2030 tantum
3326 1974 3616 2029 salvandos

2035 2073 2151 2144 qui,
2194 2071 2571 2143 grassantibus
2612 2069 2790 2133 malis,
2820 2066 3067 2122 Judatam
3099 2065 3523 2134 conquirerent:
3560 2072 3618 2116 ut

2035 2166 2414 2234 perciperent,
2473 2162 2568 2216 Dei
2620 2162 2874 2214 virtutent
2936 2173 3056 2213 esse
3108 2154 3618 2225 inexpugnabilem;

2034 2271 2157 2310 eum
2192 2252 2445 2308 hostibus
2476 2252 2637 2306 dedat
2664 2251 2757 2319 qui
2789 2249 2965 2305 securi
2995 2246 3347 2309 videbantur,
3379 2243 3619 2298 elliciens

2037 2356 2095 2400 ut
2125 2346 2403 2400 habitetur
2427 2353 2481 2397 et
2512 2353 2656 2397 terra
2690 2342 2945 2405 deserta,
2979 2339 3210 2394 servatis
3234 2336 3484 2391 omnibus
3524 2334 3617 2402 qui

2035 2438 2103 2492 ad
2128 2450 2249 2491 eam
2275 2435 2644 2503 confugerint.
2674 2430 2787 2486 lloc
2811 2439 2992 2484 autem
3024 2429 3098 2481 ita
3119 2442 3180 2482 se
3215 2426 3419 2481 habere
3446 2424 3619 2478 inani-

2036 2528 2230 2584 iestius
2253 2528 2306 2581 in
2337 2524 2795 2595 subsequentibus
2824 2522 2978 2586 facit,
3010 2520 3094 2576 sic
3129 2519 3320 2574 dicens
3352 2534 3366 2570 :

2111 2709 2275 2764 Vens.
2303 2707 2392 2763 16.
2417 2707 2723 2763 Sermonem
2748 2720 2901 2774 quem
2930 2704 3135 2756 locutus
3158 2711 3257 2755 est.

2111 2803 2328 2867 Haecine,
2362 2815 2567 2871 συοιευ,
2604 2796 2789 2866 regina
2818 2794 2975 2850 caeli?
2998 2792 3169 2845 Audis
3194 2789 3436 2856 assidue,
3475 2788 3619 2842 Deus

2036 2896 2126 2967 qui
2166 2894 2288 2964 fecit
2323 2891 2511 2946 caelum
2545 2898 2593 2943 et
2635 2898 2855 2950 terram,
2898 2895 2953 2938 et
2993 2884 3132 2937 banc
3186 2880 3423 2950 appellas
3474 2880 3618 2947 regi-

2040 3002 2189 3051 nam,
2243 2983 2471 3037 lunam?
2507 2979 2667 3035 Certe
2720 2983 2858 3032 bene
2910 2983 3056 3030 esset
3110 2972 3285 3027 vobis.
3336 2969 3617 3025 Undenam

360 3074 539 3139 καλῶς
572 3071 639 3148 ἦν
673 3076 825 3145 ὑμῖν.
865 3076 1037 3129 Πόθεν
1060 3073 1155 3131 οὖν
1188 3081 1215 3131 ὁ
1248 3079 1425 3149 λιμὸς,
1448 3078 1569 3132 είπέ
1601 3095 1691 3149 μοι
1718 3094 1732 3143 ;
1767 3075 1933 3130 πόθεν

2042 3079 2203 3150 igitur
2242 3076 2450 3131 iantes?
2498 3073 2641 3129 unde
2677 3070 2855 3126 mors?
2884 3085 2917 3124 υ
2954 3063 3343 3136 impudentiam
3372 3063 3385 3117 l
3414 3061 3535 3117 Ideo
3565 3061 3618 3114 in

356 3172 386 3220 ὸ
418 3167 646 3232 θάνατος
675 3187 688 3236 ;
733 3169 797 3221 Ὢ
831 3172 931 3240 τῆς
958 3170 1377 3241 ἀναισχυντίαςὲ
1411 3170 1512 3224 Διὰ
1542 3170 1703 3223 τοῦτο
1733 3170 1933 3233 αὐτοὺς

2040 3172 2357 3227 memoriam
2382 3169 2552 3224 ducit.

358 3263 795 3332 ἀναμιμνήσκει.

433 3356 578 3421 Οὐχὶ
608 3355 716 3408 τοῦ
748 3356 1112 3425 θυμιάματος
1136 3351 1208 3411 οὗ
1240 3355 1623 3424 ἐθυμιάσατε.

429 3446 561 3515 Οὐχί
601 3446 689 3500 διὰ
718 3448 877 3500 τοῦτο
907 3450 940 3518 ἡ
1001 3448 1374 3517 αίχμαλωσία,
1434 3450 1640 3518 (malit;
1693 3450 1814 3518 οὐχὶ
1848 3449 1936 3502 διὰ

356 3536 515 3589 τοῦτο
549 3539 726 3591 πάντα
755 3539 824 3591 τὰ
871 3541 1057 3604 mni;
1106 3540 1231 3603 Πῶς
1294 3540 1476 3601 καλῶς
1511 3537 1579 3610 ἦν
1613 3542 1774 3609 ὑμῖν;
1811 3542 1936 3610 οὐχὶ

356 3626 449 3681 διὰ
483 3629 642 3681 τοῦτο
669 3633 768 3683 οὐκ
802 3630 1039 3702 ἡδυνὴοη
1085 3632 1230 3702 ὑμᾶς
1281 3632 1531 3700 ἐνεγκεῖν
1573 3635 1602 3685 ὁ
1652 3632 1821 3699 Θεό;;
1870 3633 1936 3685 Τί

360 3720 560 3783 κακίας
590 3723 773 3792 χεῖρον
806 3723 1019 3791 γένοιτο
1051 3724 1154 3790 av;
1207 3726 1352 3777 ποῖοι
1382 3724 1704 3795 μαινόμενοι
1736 3726 1936 3793 ἐφοέγο

359 3810 518 3875 ξαντο
539 3810 606 3865 ἂν
634 3813 805 3867 ταῦτα
831 3814 898 3867 τὰ
926 3817 1149 3886 ῥήματα
1177 3834 1194 3882 ;

430 3905 573 3958 Ἐὰν
598 3906 838 3974 γένηται
864 3907 949 3961 ἔτι
982 3909 1170 3977 ὄνομά
1203 3928 1323 3978 μου
1349 3910 1419 3964 ἐν
1450 3910 1529 3977 τῷ
1558 3912 1827 3979 στόματι.

431 3998 675 4051 Ἄπειλεῖ
702 4000 866 4053 πάλιν
889 4000 1046 4071 λιμὸν
1074 4002 1169 4055 καὶ
1200 4001 1433 4071 δεσμοὺς
1459 4000 1935 4072 ἀνασωζομένους,

362 4090 449 4149 ἵνα
469 4089 828 4159 μάθωσιν,ὂτι
846 4092 1020 4163 ἀληθῆ
1049 4093 1224 4147 ταῦτά
1246 4095 1416 4147 ἐστιν.
1450 4093 1558 4148 Kal
1575 4096 1704 4163 μετ’
1735 4095 1934 4165 ὀλίγα·

362 4181 462 4233 Διὰ
490 4182 650 4245 τοῦτο
683 4184 857 4246 οὕτως
906 4186 1105 4248 αὐτοὺς
1158 4185 1405 4255 ἀφῆκεν,
1458 4187 1549 4239 ἴνα
1604 4187 1940 4259 ἀπολογῆται

364 4272 499 4345 πρὸς
531 4274 610 4339 σὲ,
638 4275 722 4328 ὅτι
746 4275 971 4340 δικαίως
1004 4276 1187 4330 αιῦτῶν
1240 4276 1341 4347 τὴν
1390 4277 1546 4331 πόλιν
1606 4280 1936 4350 ἐνέπρησεν.

363 4365 531 4418 Ὅταν
563 4367 670 4437 γὰρ
695 4367 744 4419 οἱ
777 4367 1133 4437 διαφυγόντες
1157 4368 1389 4423 τοιοῦτοί
1421 4371 1549 4435 εἱσι,
1574 4371 1626 4424 τί
1659 4372 1767 4443 χρὴ
1799 4373 1931 4442 περὶ

362 4457 473 4508 τῶν
499 4458 675 4511 ἄλλων
706 4462 881 4513 εἰπεῖν
902 4478 917 4526 ;

438 4548 923 4620 Καὶέιιλείψουσι
945 4550 1064 4618 πᾶς
1088 4553 1244 4621 ἀνὴρ
1274 4553 1484 4617 Ἰούδα,
1508 4557 1562 4608 οί
1588 4555 1938 4609 κατοικοῦν-

373 4654 470 4703 τες
502 4640 573 4692 ἐν
612 4638 687 4708 τῇ
715 4642 992 4710 Αἰγύπτῳ
1008 4641 1078 4694 ἐν
1103 4644 1393 4712 ῥομφαίᾳ,
1419 4643 1515 4697 καὶ
1548 4643 1619 4696 ἐν
1633 4642 1806 4713 λιμῷ,
1829 4644 1933 4711 ἕως

366 4730 444 4781 ἂν
472 4731 785 4796 bellatum,
825 4734 924 4787 καὶ
957 4737 1011 4787 οὶ
1053 4735 1433 4803 σεσωσμένοι
1473 4736 1591 4790 ἀπὸ
1639 4737 1942 4806 ,ῥομφαίας

367 4822 865 4891 ἀποστρέψουσιν
887 4826 956 4878 ἐκ
1001 4824 1116 4893 γῆς
1154 4826 1455 4893 Αίγύπτου
1501 4827 1571 4879 ἐν
1608 4825 1685 4894 τῇ
1712 4827 1902 4880 Ἰούδα
1925 4842 1938 4852 ·

370 4914 562 4983 ὀλίγοι
615 4915 840 4984 ἀριθμῷ
892 4918 1130 4987 ἄνδρες.
1170 4920 1290 4970 ’Ὁτι
1334 4918 1649 4982 ποιοῦντες
1696 4920 1943 4985 ποιήσο-

363 5024 480 5074 μεν
518 5009 716 5063 πάντα
755 5009 863 5062 τὸν
912 5012 1119 5079 λόγον,
1173 5010 1241 5077 ὃς
1289 5010 1676 5075 ἐξελεύσεται
1715 5013 1784 5065 ἐιι
1837 5011 1943 5071 τοῦ

368 5101 669 5169 στόματος
693 5101 861 5171 ἡμῶν
882 5101 1101 5171 θυμιᾷν
1128 5102 1201 5170 τῇ
1219 5104 1589 5171 βασιλίσσῃ.

442 5191 725 5255 Τουτέστι,
757 5194 827 5263 τῇ
861 5194 1089 5263 στρατιᾷ
1118 5191 1213 5245 τοῦ
1264 5192 1521 5264 οὐρανοῦ.
1566 5193 1859 5247 Κάνταῦθα
1889 5193 1945 5247 δὲ

368 5283 405 5352 ἡ
428 5284 717 5353 ὁμωνυμία
733 5284 832 5353 τὴν
857 5283 1159 5353 ἐναλλαγὴν
1180 5285 1278 5353 τῆς
1301 5284 1603 5356 ἑρμηνείας
1624 5286 1921 5357 ἐποιήσατο

367 5373 583 5446 Μελχὲδ
628 5375 739 5448 γὰρ
788 5379 1022 5446 στρατιά
1075 5381 1213 5445 ἐστι,
1264 5380 1478 5451 Μελχὲο
1527 5380 1584 5433 δὲ
1633 5380 1940 5450 βασίλισσα.

369 5463 558 5529 υῦτως
582 5466 637 5519 δὲ
657 5467 1032 5538 ἀναισχύντως
1055 5468 1153 5541 τὴν
1184 5469 1443 5524 ἀσέϐειαν
1491 5471 1771 5540 μετιοῦσιν
1785 5466 1943 5535 αὖθις

370 5559 678 5630 ἀπειλήσας
730 5561 972 5630 παντελῆ
1031 5562 1435 5633 αἰχμαλωσίαν,
1494 5563 1773 5629 ἀπόδειξιν
1836 5562 1945 5616 τῶν

377 5646 553 5725 “nov
586 5652 910 5707 ποιεῖταιτὰ
941 5654 1221 5724 παρόνταο
1256 5657 1391 5725 φησὶ
1425 5655 1553 5725 γάρ.

2112 3357 2277 3412 Vens.
2321 3356 2414 3411 2|.
2444 3352 2636 3408 Nonne
2668 3351 2867 3406 incensi
2894 3348 3035 3419 quod
3071 3344 3406 3401 redolebatis.

2109 3451 2302 3505 Nonne
2341 3457 2561 3519 propter
2609 3446 2733 3510 hoc,
2780 3444 2877 3507 ait,
2918 3439 3241 3512 captivitas?
3269 3452 3446 3492 nonne
3482 3433 3620 3489 mala

2039 3542 2261 3601 omnia?
2288 3541 2568 3609 Quomodo
2614 3540 2750 3592 bene
2780 3536 2933 3589 vobis
2971 3532 3134 3587 erat?
3183 3546 3364 3585 nonne
3394 3537 3621 3596 propter

2043 3639 2146 3692 hoc
2178 3637 2318 3689 Deus
2343 3631 2488 3686 ferre
2516 3645 2611 3683 vos
2641 3643 2747 3681 non
2783 3626 2961 3694 potuit
2984 3624 3007 3675 ?
3032 3622 3169 3688 Quid
3205 3621 3321 3689 ipsa
3354 3618 3621 3688 improbi-

2043 3738 2154 3781 tate
2203 3723 2497 3793 improbius
2538 3718 2739 3774 I‘uerit?
2780 3714 2882 3781 Qui
2930 3713 3176 3767 furentes
3217 3709 3382 3764 locuti
3433 3716 3622 3763 essent

2040 3819 2204 3873 verba
2240 3816 2391 3871 ιιικεῖ

2116 3907 2277 3962 Vsus.
2314 3906 2404 3960 96.
2442 3905 2505 3959 Si
2545 3904 2643 3958 erit
2680 3901 2824 3956 ultra
2862 3913 3049 3954 nomen
3088 3910 3259 3949 meum
3286 3894 3341 3948 in
3364 3908 3471 3947 ore.

2114 4000 2353 4055 Minatur
2391 4013 2605 4051 rursum
2644 3995 2838 4049 futuam
2879 4001 2935 4046 et
2963 3989 3201 4052 vincula,
3240 3989 3333 4056 qui
3362 4002 3468 4041 non
3500 4000 3622 4055 per.

2043 4094 2220 4149 ibunt.
2256 4092 2328 4149 Ut
2350 4107 2478 4147 vera
2516 4092 2630 4145 haec
2655 4101 2775 4143 esse
2808 4087 3193 4156 intelligerent.
3226 4082 3291 4136 Et
3321 4080 3503 4151 paucis
3538 4079 3624 4133 in-

2043 4186 2297 4255 terjectis.
2335 4183 2460 4239 Ideo
2492 4183 2570 4238 sic
2591 4195 2685 4236 eos
2718 4179 2955 4248 reliquit,
2986 4184 3045 4230 ut
3090 4191 3150 4231 se
3185 4174 3279 4228 tibi
3319 4173 3511 4241 probet
3536 4168 3621 4226 of-

2043 4277 2278 4341 fensum,
2302 4285 2359 4331 et
2387 4276 2530 4330 scias
2555 4273 2701 4343 iuste
2731 4271 3008 4327 civitatem
3054 4281 3244 4322 eorum
3279 4264 3621 4330 absumptam

2045 4373 2316 4428 incendio.
2377 4372 2605 4437 Quando
2656 4370 2802 4426 enim
2838 4367 2972 4422 tales
3002 4372 3130 4420 sunt
3182 4360 3275 4430 qui
3310 4362 3621 4415 evaserunt,

1968 4471 2013 4528 Ι)
2041 4466 2168 4533 quid
2188 4463 2472 4518 dicendum
2502 4460 2571 4515 de
2592 4460 2752 4515 aliis?

2121 4555 2284 4609 Vens.
2319 4554 2410 4607 27.
2463 4551 2531 4605 Et
2559 4551 2765 4619 deﬁciet
2798 4548 2967 4603 omnis
2997 4546 3076 4598 vir
3098 4543 3268 4605 Iuda,
3320 4540 3621 4594 habitantes

2042 4650 2097 4702 in
2127 4660 2271 4702 terra
2302 4646 2522 4715 Afgypti
2554 4646 2607 4697 in
2633 4643 2814 4713 gladio
2848 4650 2897 4693 et
2933 4640 2987 4691 in
3024 4634 3381 4715 [ante,_donec
3415 4631 3620 4699 defece-

2044 4742 2170 4794 rint.
2205 4738 2271 4791 Et
2304 4710 2397 4811 qui
2414 4710 2681 4791 evaserint
2725 4749 2758 4786 ο
2800 4731 3002 4801 gladio,
3026 4710 3354 4781 revertantur
3376 4739 3440 4776 ex
3480 4733 3621 4777 terra

2042 4828 2262 4899 Αἰαίη)ιὶ
2300 4829 2354 4882 in
2384 4839 2579 4881 terram
2618 4821 2788 4886 Iuda,
2850 4819 3006 4890 pauci
3033 4832 3251 4871 numero
3304 4815 3424 4869 uiri.
3476 4813 3621 4878 Quo-

2045 4924 2187 4975 niam
2231 4921 2478 4989 facientes
2527 4918 2781 4987 faciemus
2814 4929 2966 4969 omne
3008 4912 3219 4967 verbum
3246 4909 3401 4980 quod
3458 4907 3622 4961 exibit

2047 5028 2111 5066 ea:
2143 5027 2231 5065 ore
2256 5020 2457 5074 nostra,
2498 5010 2713 5063 adolere
2742 5007 2958 5076 reginaa.

2122 5193 2324 5248 Militia:
2345 5191 2471 5246 (ιωῐὶ
2503 5189 2772 5244 videlicet.
2806 5186 2900 5241 llic
2925 5187 3090 5241 etiam
3127 5196 3403 5237 nominum
3434 5179 3625 5233 simili-

2050 5288 2175 5342 tudo
2198 5284 2530 5341 diversitatis
2566 5281 3028 5350 interpretationis
3061 5294 3222 5333 causa
3259 5285 3363 5330 est.
3406 5272 3620 5328 Etenim

2047 5379 2289 5434 Melcbed
2336 5377 2525 5431 militia
2577 5384 2680 5439 est,
2736 5373 2979 5429 Melcbed
3033 5372 3239 5439 regina.
3302 5367 3395 5422 Sic
3439 5375 3622 5420 autem

2050 5469 2396 5539 impudenter
2428 5467 2691 5536 impietati
2723 5463 3167 5520 incumbentibus
3210 5461 3404 5515 iterum
3438 5467 3622 5511 extre-

2050 5576 2193 5615 mam
2222 5560 2595 5629 captivitatem
2630 5558 2888 5621 minatus,
2929 5572 3014 5611 res
3058 5564 3353 5624 praesentes
3402 5552 3454 5606 in
3498 5564 3625 5605 suo-

2050 5670 2167 5707 rum
2250 5655 2518 5712 dictorum
2583 5654 3051 5711 conﬁrmationem
3106 5651 3389 5708 adducit:
3451 5648 3626 5718 inquit

2048 5761 2210 5797 enim.

3656 5090 3663 5135 l

3656 5410 3669 5463 ι
