4054 6210
415 254 557 309 1035

502 377 726 433 Verbum
756 380 909 451 cujus
934 392 1257 448 permaneat.

488 473 646 535 Illud,
672 471 824 537 cujus
860 487 1040 527 sermo
1067 474 1448 541 complcbitur,
1476 474 1746 544 signiﬁcat
1778 488 1874 528 vos
1905 487 1991 526 me

418 565 741 632 qmesituros
792 565 844 617 in
884 563 1057 627 malis,
1095 580 1192 617 nec
1240 567 1577 630 inventuros,
1632 566 1831 620 residui
1861 581 1990 621 vero

419 672 515 724 per
549 666 758 710 vestras
790 654 1127 709 calamitates
1162 658 1287 710 [ient
1329 658 1603 713 meliores.

494 744 653 799 Vens.
682 745 774 799 29.
812 746 881 798 Et
916 746 1013 799 hoc
1044 748 1251 815 signum
1274 748 1439 802 vobis.

487 836 804 890 Vestrorum
830 838 1039 906 signant
1081 838 1344 892 malorum
1379 840 1504 903 erit,
1531 838 1742 893 Pharao
1771 840 1990 909 capien-

419 927 537 979 dus.
573 924 706 981 Nam
739 935 792 979 et
822 940 941 980 meo
984 929 1209 982 consilio
1241 945 1349 983 non
1383 931 1616 997 prepriis
1656 930 1861 984 viribus
1894 930 1993 984 Se-

417 1016 625 1069 deciam
683 1015 1007 1085 Babylonius
1052 1020 1213 1087 cepit,
1263 1020 1400 1074 feret
1443 1036 1568 1074 vero
1615 1030 1669 1075 et
1712 1021 1798 1076 ille
1852 1021 1991 1074 mala

421 1108 559 1172 haec,
598 1117 708 1160 tum
738 1109 863 1176 quia
899 1109 1095 1177 impius
1126 1120 1227 1175 est,
1266 1121 1373 1165 tum
1401 1123 1458 1166 ut
1499 1128 1594 1166 vos
1620 1113 1869 1167 sentiatis
1900 1128 1994 1180 per

419 1212 542 1250 eum
579 1215 592 1251 :
628 1196 836 1252 Bonum
860 1216 971 1253 esse
992 1216 1204 1268 sperare
1228 1202 1281 1253 in
1317 1200 1565 1265 Domino,
1588 1218 1744 1271 quam
1772 1203 1827 1254 in
1846 1204 1999 1270 priu-

420 1288 622 1355 cipibus
658 1291 725 1345 “.
762 1291 1079 1346 Terminato
1108 1302 1285 1346 autem
1328 1294 1429 1347 hoc
1467 1295 1725 1348 vaticinia
1755 1308 1880 1348 cum
1906 1295 1993 1348 hi-

421 1383 595 1435 storia
636 1382 945 1451 conjuncta,
1001 1384 1328 1454 antiquioris
1384 1385 1628 1441 meminit
1674 1388 1993 1455 prophetizc,

420 1484 582 1539 quam
651 1475 983 1543 temporibus
1043 1473 1248 1532 Joacim
1299 1475 1511 1532 Barucli
1568 1477 1751 1533 dicere
1811 1477 1999 1547 jussus

425 1563 617 1618 fuerat.

497 1653 654 1707 Vsus.
688 1654 775 1708 30.
810 1653 901 1711 Sic
929 1659 1063 1711 dixit
1101 1658 1356 1712 Dominus
1384 1674 1402 1712 :
1432 1658 1567 1713 Ecce
1595 1661 1733 1714 enim
1756 1676 1848 1729 ego
1882 1669 1992 1715 tra-

1183 261 1749 321 SUI’PLEMENTUM
1784 261 1876 315 AD
1918 262 1975 316 S.
2016 259 2069 315 Ι.
2112 258 2596 318 CHRYSOSTOMI
2636 260 2882 317 OPERA.

2018 383 2063 440 Α
2163 382 2355 450 Λόγος
2374 381 2537 447 τινος
2553 379 2814 448 ἐμμανεῖ.

3522 265 3660 321 i016

2156 473 2221 524 Τί
2245 472 2323 536 δὲ,
2352 472 2498 534 τίνος
2535 473 2563 523 6
2592 471 2750 539 λόγος
2786 473 2961 540 μενεῖ,
3001 470 3278 523 δείκνυσιν
3312 471 3388 534 ὡς
3439 473 3498 524 ὲν
3550 479 3665 538 τοῖς

2091 564 2282 624 κακοῖς
2319 578 2388 630 με
2423 560 2719 631 ζητοῦντες
2744 561 2842 630 οὐχ
2874 562 3135 631 εὑρήσετε
3160 577 3175 592 ⁸
3212 561 3261 611 οἱ
3308 560 3367 613 δὲ
3405 564 3667 616 κατάλοι-

2093 670 2184 705 ποι
2212 652 2297 705 διά
2326 652 2436 706 τῶν
2471 652 2753 722 ὑμετέρων
2797 651 3146 723 παθημάτων
3183 651 3666 723 ὠφεληθήσονται.

2163 743 2275 797 Καὶ
2309 743 2484 797 τοῦτο
2518 744 2584 796 τὸ
2605 742 2880 811 σημεῖον.

2162 836 2396 905 Σημεῖον
2416 834 2525 886 τῶν
2557 834 2839 903 ὑμετέρων
2872 832 3057 887 κακῶν
3084 836 3113 886 6
3151 833 3349 903 Φαραὼ
3386 835 3673 904 ἁλωσόμε-

2092 945 2203 991 νος.
2268 929 2401 998 Ἐμῇ
2452 927 2560 997 γὰρ
2619 927 2780 997 βουλῇ
2815 928 2910 980 καὶ
2950 929 2978 980 6
3016 926 3361 992 Βαϐυλώνιος
3406 930 3675 983 Σεδεκίαν

2094 1018 2339 1089 εἴληφεν,
2374 1020 2474 1071 οὐκ
2524 1019 2630 1089 ἰδίᾳ
2658 1019 2922 1088 δυνάμει’
2961 1018 3213 1071 πείσεται
3260 1019 3317 1070 δὲ
3361 1020 3453 1073 καὶ
3487 1013 3673 1085 οὗτος,

2094 1112 2212 1179 ἅμα
2242 1110 2418 1180 μένων
2447 1110 2669 1180 ἀσεϐὴς,
2695 1110 2811 1180 ἅμα
2848 1110 2903 1162 δὲ
2942 1110 3034 1162 καὶ
3067 1111 3207 1182 πρὸς
3232 1110 3485 1180 αῖσθησιν
3517 1110 3676 1179 ἄγων

2094 1204 2261 1272 ἡμᾶς,
2310 1203 2383 1266 ὡς
2435 1202 2687 1271 Ἀγαθὸν
2733 1201 2996 1261 ἐλπίζειν
3020 1202 3122 1255 ἐπὶ
3155 1203 3376 1270 Κύριον
3418 1203 3458 1271 ἢ
3494 1204 3679 1258 ἐλπί-

2094 1291 2317 1354 ζεινέπ’
2370 1294 2647 1361 ἄρχουσι.
2677 1293 3039 1363 Συμπεράνας
3067 1294 3123 1346 δὲ
3157 1294 3362 1363 ταύτην
3393 1294 3490 1363 τὴν
3533 1312 3681 1365 προ-

2095 1379 2328 1450 φητείαν
2410 1380 2623 1451 ἱστορίᾳ
2683 1380 3210 1452 συμπεπλεγμένην,
3288 1384 3680 1453 πρεσϐυτέρας

2093 1471 2503 1543 ἀναμιμνήσκει
2535 1473 2894 1543 προφητείας,
2923 1474 2990 1543 ἥν
3012 1475 3070 1526 ὲν
3097 1477 3217 1537 ταῖς
3251 1475 3488 1546 ἡμέραις
3517 1478 3680 1531 Ἰωα-

2096 1564 2227 1630 κεὶμ
2265 1561 2342 1632 τῷ
2375 1562 2588 1633 Βαροὺχ
2617 1563 2793 1615 εἰπεῖν
2816 1562 3191 1632 προσετάχθη.

2160 1653 2361 1719 Οὕτως
2386 1651 2518 1708 εἷπε
2543 1654 2777 1722 Κύριος
2822 1651 2968 1707 Ἰδοὺ
2996 1652 3109 1719 γὰρ
3141 1650 3256 1720 ἐγὼ
3309 1651 3519 1719 δίδωμι
3564 1654 3681 1707 tor

423 1744 545 1795 dum
603 1741 939 1800 Pharaonem
1002 1746 1194 1816 Vaphri
1232 1766 1399 1819 regem
1459 1750 1683 1820 lEgypli
1718 1755 1769 1805 in
1807 1769 1988 1807 manus

2098 1746 2307 1814 Φαραὼ
2355 1747 2579 1815 Οὔαφρι
2602 1744 2872 1810 βασιλέα
2912 1746 3217 1814 Αἰγύπτου
3277 1745 3530 1800 ἔκδοτον
3575 1750 3673 1811 εις

419 1834 747 1888 inimicorum
794 1836 937 1905 ejus,
981 1841 1113 1893 etin
1163 1857 1348 1895 manus
1377 1845 1721 1911 qumreutium
1761 1847 1995 1898 animam

421 1927 559 1993 ejus,
582 1929 720 1981 sicut
756 1931 874 1982 dedi
910 1929 1182 1986 Sedecium
1218 1949 1387 2003 regem
1412 1934 1555 1990 Juba
1576 1937 1632 1989 in
1659 1954 1843 1991 manus
1874 1937 1992 1993 Na-

419 2018 814 2075 buchodonosor
834 2025 991 2093 regis.

488 2204 660 2275 Capta
694 2206 837 2260 enim
880 2204 1198 2273 Jerusalem,
1234 2208 1300 2262 de
1341 2222 1551 2263 summa
1612 2223 1793 2263 rerum
1824 2209 1995 2281 ngy-

420 2296 567 2363 ptins
613 2294 811 2349 timens
846 2298 994 2351 circa
1032 2298 1362 2366 Euphratem
1417 2313 1520 2351 una
1547 2313 1673 2352 cum
1697 2298 1993 2371 Babylonio

419 2397 614 2436 [nanus
653 2386 896 2439 emiserit
926 2402 943 2439 :
969 2390 1190 2455 quando
1223 2398 1276 2441 et
1302 2397 1490 2457 captus
1517 2396 1621 2442 est.
1650 2388 1838 2459 Itaque
1869 2405 1991 2444 cum

418 2473 520 2526 hoc
551 2472 735 2528 adhue
752 2474 1037 2540 lateret,et
1069 2476 1209 2531 bello
1232 2476 1286 2530 in
1318 2486 1605 2543 utramque
1636 2488 1845 2547 partem
1871 2494 1994 2533 ver-

416 2574 596 2633 gente,
626 2564 847 2635 Aigypti
875 2568 1147 2622 excidium
1170 2568 1428 2633 minatus,
1450 2579 1503 2623 et
1530 2568 1730 2624 Iudaeis
1756 2572 1989 2635 ruinam,

417 2658 469 2710 in
503 2672 721 2712 suorum
751 2674 1062 2717 sermonum
1109 2660 1483 2731 probationem
1534 2662 1836 2720 Pharaonis
1874 2666 1990 2721 cla—

415 2752 543 2805 dem
561 2751 789 2807 inducit.

1010 2890 1163 2947 CAP.
1219 2892 1383 2949 XLV.

2093 1842 2297 1911 χεῖρας
2328 1838 2558 1906 ἐχθρῶν
2586 1838 2796 1902 αὐτοῦ,
2839 1837 2937 1890 καὶ
2967 1839 3056 1903 εὶς
3083 1837 3288 1905 χεῖρας
3332 1836 3678 1904 ζητούντων

2092 1929 2208 1997 τὴν
2252 1928 2467 1997 ψυχὴν
2514 1927 2723 1993 αὐτοῦ,
2761 1926 2917 1982 καθὰ
2963 1925 3191 1981 δέδωκα
3230 1928 3339 1981 τὸν
3378 1927 3683 1981 Σεδεκίαν

2088 2020 2352 2087 βασιλέα
2390 2018 2579 2073 Ἰούδα
2612 2021 2699 2084 είς
2727 2017 2933 2088 χεῖρας
2971 2018 3510 2088 Ναϐουχοδονόσορ
3551 2021 3679 2084 βα-

2092 2113 2313 2176 σιλέως
2340 2110 2723 2176 Βαϐυλῶνος.

2165 2204 2277 2273 Τῆς
2305 2202 2414 2273 γάρ
2461 2202 2817 2271 Ἰερουσαλὴμ
2868 2199 3128 2272 ἀλούσης,
3160 2198 3344 2262 δείσας
3379 2199 3508 2270 περὶ
3559 2199 3680 2252 τῶν

2092 2298 2228 2352 ὅλων
2268 2298 2296 2349 6
2336 2295 2661 2362 Αἰγύπτιος,
2713 2293 2843 2364 περὶ
2897 2293 2987 2347 τόν
3018 2292 3311 2364 Εὐφράτην
3361 2290 3680 2361 συμϐάλλει

2090 2388 2169 2460 τῷ
2219 2386 2577 2440 Βαϐυλωνίων
2628 2384 2863 2455 βασιλεῖ,
2921 2384 3084 2455 ἡνίκα
3128 2384 3222 2437 καὶ
3293 2381 3455 2436 ἑάλω.
3500 2378 3680 2435 Οὔπω

2090 2482 2273 2536 τοίνυν
2300 2478 2497 2532 τούτου
2531 2477 2694 2549 δήλου
2727 2477 3117 2547 τυγχάνοντος,
3156 2475 3272 2530 ἀλλ’
3312 2474 3392 2528 ἔτι
3454 2472 3675 2545 μετεώ-

2096 2592 2188 2645 ρου
2206 2574 2301 2627 τοῦ
2330 2572 2569 2642 πολέμου
2595 2570 2964 2638 καθεστῶτος,
3004 2569 3313 2639 ἀπειλήσας
3337 2568 3437 2639 τῆς
3488 2565 3677 2634 Δίγὺσ

2092 2682 2228 2718 πτου
2264 2663 2490 2728 ἅλωσιν,
2524 2664 2617 2716 καὶ
2668 2660 2939 2725 Ἰουδαίοις
2992 2659 3271 2715 ἀπώλειαν
3310 2699 3327 2726 ,
3386 2654 3677 2725 ἀπόδειξιν

2091 2756 2201 2810 τῶν
2222 2756 2397 2824 λόγων
2422 2754 2518 2823 τὴν
2545 2747 2715 2828 ἧτταν
2735 2751 2830 2805 τοῦ
2860 2750 3061 2823 Φαραὼ
3089 2750 3219 2822 ἔφη.

2684 2884 2935 2941 ΚΕΦΑΛ.
2973 2885 3108 2940 ME'.

482 3024 503 3048 ‘
538 3019 705 3080 Vnus.
742 3026 795 3080 ι.
829 3024 1055 3081 Verbum
1084 3009 1447 3098 quodlocutus
1468 3042 1544 3084 est
1565 3029 1826 3086 Ieremia:
1858 3036 1988 3096 pro-

2162 3022 2179 3042 '
2223 3021 2285 3075 Ὀ
2306 3021 2515 3091 λόγος,
2545 3020 2617 3075 ὃν
2634 3020 2943 3087 ἐλάλησεν
2986 3019 3262 3089 Ἱερεμίας
3291 3022 3324 3073 ό
3351 3018 3678 3089 προφήτης

415 3117 593 3185 pheta,
616 3119 686 3169 ad
718 3117 927 3170 Baruch
945 3119 1118 3185 ﬁlium
1146 3120 1345 3186 Neriw,
1369 3122 1582 3189 quando
1602 3123 1808 3189 scripsit
1830 3122 1985 3176 verba

2092 3113 2242 3181 πρὸς
2270 3112 2508 3181 Βαροὺχ
2539 3112 2675 3167 υίὸν
2700 3112 2945 3181 Νηρίου,
2973 3111 3061 3164 ὅτι
3084 3112 3309 3181 ἔγραψε
3371 3111 3515 3176 τοὺς
3566 3113 3678 3165 ..ἱό-

416 3209 528 3261 hwc
565 3224 631 3262 ex
663 3224 751 3261 ore
782 3208 1024 3262 Ieremia:
1047 3210 1099 3261 in
1123 3226 1259 3263 anno
1281 3222 1468 3278 quarto
1493 3209 1738 3263 Joachim
1765 3210 1867 3278 ﬁlii
1896 3210 1988 3265 Jo-

414 3300 510 3353 siw
528 3299 662 3367 regis
694 3298 725 3351 J
735 3303 860 3352 uda.

493 3482 783 3537 Existimat
804 3497 934 3537 sane
962 3483 1183 3553 quidam
1208 3484 1323 3540 haec
1350 3486 1489 3555 apud
1517 3486 1853 3555 prephetam,
1880 3502 1986 3542 non

415 3586 477 3629 ut
509 3576 644 3631 ordo
677 3575 1004 3645 postulabat,
1040 3576 1213 3645 posita
1237 3591 1377 3643 esse,
1403 3580 1545 3633 unde
1569 3578 1645 3633 ait
1666 3583 1983 3642 notandum,

406 3665 561 3721 hunc
582 3666 903 3736 plerumque
924 3666 1121 3720 essein
1148 3664 1362 3737 Seriptu
1373 3684 1428 3723 ra
1453 3683 1655 3723 morem
1683 3684 1871 3724 eorum
1894 3670 1987 3739 qui

410 3760 671 3814 historias
685 3761 1080 3830 conscripsere,
1110 3770 1168 3815 ut
1192 3778 1294 3816 non
1321 3763 1515 3819 seriem
1538 3765 1836 3833 spectarint
1855 3774 1988 3820 tento

414 3853 580 3920 poris,
597 3853 693 3907 sed
712 3860 942 3915 tantum,
960 3863 1219 3921 proutres
1243 3854 1471 3920 ferebat,
1490 3855 1541 3909 in
1560 3857 1851 3922 legentium
1870 3870 1989 3909 con-

414 3942 651 3997 texerint
666 3943 973 3998 utilitatem.
1000 3940 1105 3998 Sed
1128 3944 1318 4000 tnelius
1349 3946 1462 4001 haec
1477 3962 1597 4001 cum
1616 3947 1987 4017 superioribus

411 4047 551 4088 nexa
590 4048 709 4089 esse
743 4044 1032 4090 assereret.
1079 4034 1293 4089 Etenim
1340 4051 1461 4091 cum
1511 4036 1756 4103 dixisset.
1795 4051 1987 4101 eorum

411 4124 503 4192 qui
546 4124 599 4177 in
631 4123 867 4192 Egypto
903 4136 1060 4180 erant
1095 4135 1303 4182 tantum
1337 4142 1431 4183 eos
1466 4128 1753 4184 salvandos
1787 4132 1879 4198 qui
1933 4133 1987 4187 in

420 4212 662 4269 Judaeum
720 4213 1131 4283 confugissent,
1178 4217 1417 4285 reliquos
1456 4232 1583 4271 vero
1613 4234 1807 4274 omnes
1860 4236 1986 4290 per-

415 4305 663 4367 dendos,
701 4304 768 4358 iis
828 4320 934 4358 non
983 4307 1334 4362 credentibus
1384 4309 1674 4363 conﬁrmat
1707 4324 1987 4369 sermones

2090 3223 2235 3274 γους
2296 3205 2548 3269 τούτους
2611 3202 2729 3257 ἀπὸ
2768 3204 3065 3271 στόματος
3119 3201 3404 3271 Ἰερεμίου
3471 3204 3540 3255 ἐν
3590 3202 3676 3269 τῷ

2089 3297 2208 3351 ἔτει
2245 3293 2326 3359 τῷ
2351 3293 2607 3362 τετάρτῳ
2667 3293 2927 3363 ἰωακεὶμ
2981 3294 3118 3349 υἱοῦ
3191 3294 3425 3349 Ἰωσίου
3478 3294 3675 3357 βασι-

2089 3385 2244 3451 λέως
2278 3383 2493 3439 Ἰούδα.

2162 3476 2391 3550 Οίηθείη
2425 3476 2522 3547 μὲν
2548 3476 2613 3530 ἄν
2642 3494 2726 3539 τις
2758 3476 2820 3529 οὐ
2853 3477 2998 3531 κατά
3024 3474 3179 3540 τάξιν
3210 3475 3388 3531 ταῦτα
3446 3476 3672 3531 κεῖσθαι

2091 3565 2244 3636 παρὰ
2271 3564 2347 3636 τῷ
2378 3566 2657 3636 προφήτῃ,
2692 3564 2815 3617 ὅθεν
2862 3566 3020 3636 φησὶ,
3041 3566 3151 3618 δεῖν
3173 3564 3667 3635 ἐπισημαίνεσθαι,

2089 3656 2166 3718 ὡς
2220 3654 2493 3726 πολλαχοῦ
2526 3656 2644 3707 ἐστι
2696 3654 2854 3707 τοῦτο
2909 3655 3011 3725 τῆς
3058 3656 3284 3726 Γραφῆς
3341 3655 3403 3707 τὸ
3443 3655 3665 3724 ἰδίωμα,

2088 3748 2198 3802 τῶν
2248 3747 2552 3801 συνθέντων
2595 3744 2695 3809 τὰς
2744 3746 3006 3816 ἱστορίας,
3052 3747 3113 3799 οὐ
3178 3747 3280 3816 τῆς
3336 3746 3670 3810 ἀκολουθίας

2091 3839 2525 3910 φροντισάντων,
2568 3838 2707 3893 ἀλλά
2755 3834 2849 3891 τοῦ
2905 3839 3053 3902 ὅπως
3111 3838 3312 3908 δήποτε
3390 3838 3670 3892 συνθεῖναι

2091 3932 2232 4003 πρὸς
2279 3932 2553 4000 ὠφέλειαν
2585 3931 2692 3983 τῶν
2732 3931 3245 3999 ἀναγινωσκόντων.
3274 3930 3495 3985 Μᾶλλον
3528 3930 3573 3983 δ’
3601 3932 3672 3985 ἄν

2088 4042 2174 4089 τις
2211 4023 2635 4095 ήρμόσθαιαύτό
2665 4039 2797 4092 φησι
2833 4022 2968 4093 πρὸς
3001 4022 3071 4074 τά
3092 4022 3391 4093 ἡγούμενα.
3439 4021 3669 4093 Ἐπειδὴ

2089 4116 2199 4187 ’γὰρ
2239 4116 2346 4187 ἔφη
2394 4113 2502 4168 τῶν
2539 4115 2595 4166 ὲν
2633 4112 2897 4183 Αἰγύπτῳ
2953 4113 3150 4183 μόνους
3207 4114 3481 4179 σώζεσθαι
3535 4114 3671 4176 τοὺς

2088 4212 2169 4274 είς
2194 4210 2296 4280 τὴν
2338 4207 2596 4262 Ἰουδαίαν
2628 4212 2955 4276 φεύγοντας,
2997 4208 3334 4262 ἀπόλλυσθαι
3359 4207 3415 4261 δὲ
3451 4207 3671 4271 πάντας

2087 4303 2215 4365 τοὺς
2242 4302 2487 4365 λοιποὺς,
2510 4300 2610 4353 οὐκ
2639 4300 2977 4369 ἐπείσθησαν
3028 4301 3104 4364 δὲ,
3143 4302 3250 4354 ἀπὸ
3272 4301 3379 4353 τῶν
3414 4301 3668 4354 παλαιῶν

412 4410 539 4449 suos
568 4411 633 4449 ex
658 4395 1057 4463 antiquioribus
1087 4397 1269 4452 rebus.
1307 4398 1376 4454 Ut
1403 4400 1547 4453 enim
1574 4400 1725 4466 olim,
1748 4403 1858 4466 'ait,
1883 4403 1986 4457 Ba-

2092 4391 2435 4445 ὲπιστὼσατο
2463 4390 2525 4443 τὸ
2552 4390 2870 4460 λεγόμενον.
2928 4391 3014 4455 Ὠς
3043 4392 3154 4463 γὰρ
3187 4393 3378 4453 πάλαι,
3418 4395 3607 4463 φησιν,
3637 4396 3667 4446 6

411 4484 544 4541 rncb
578 4484 815 4539 infausta
849 4488 1149 4555 prredicens
1199 4489 1540 4557 periclitatus
1588 4506 1693 4545 non
1747 4501 1851 4559 est,
1885 4495 1981 4549 sed

411 4585 469 4633 ut
495 4576 567 4630 illi
602 4578 744 4632 Deus
776 4577 1096 4646 promiserat
1133 4579 1283 4634 solus
1307 4581 1548 4636 omnium
1576 4582 1833 4638 immunis
1861 4599 1987 4641 ser-

407 4678 566 4727 vatus
593 4678 679 4724 est
707 4683 722 4722 :
751 4660 832 4725 sic
857 4678 912 4725 et
942 4686 1087 4726 nunc
1111 4672 1398 4728 credentes
1428 4684 1633 4730 servat.

483 4847 645 4903 Vens.
669 4849 726 4902 2.
757 4848 845 4904 Sic
865 4851 998 4905 dixit
1033 4851 1311 4908 Dominus.

477 4933 596 4990 Non
630 4947 831 4994 temere
862 4954 961 4993 nec
1003 4941 1309 5009 importune
1339 4959 1482 4998 nunc
1514 4944 1784 4999 sermonis
1816 4943 1978 5013 hujus

409 5028 679 5092 meminit,
713 5029 809 5083 sed
838 5039 895 5084 ut
920 5031 1186 5101 intelligas
1210 5049 1319 5102 quo
1346 5034 1400 5087 in
1444 5048 1537 5089 eos
1562 5035 1772 5089 Baruch
1799 5036 1981 5088 animo

409 5118 571 5172 foret.
627 5116 698 5173 Ut
728 5118 925 5173 deﬂeat
968 5129 1023 5174 et
1055 5120 1225 5188 ploret
1278 5138 1472 5190 rogans
1514 5139 1611 5191 pro
1646 5124 1753 5180 illis
1788 5124 1978 5179 Deum.

407 5206 503 5267 Ille
531 5224 659 5262 vero
688 5209 793 5274 ait,
824 5209 929 5263 noli
959 5226 1205 5279 quaerere
1239 5214 1487 5282 grandia.

479 5297 646 5355 Vnus.
674 5301 729 5357 5.
766 5300 1049 5373 Postquam
1080 5312 1136 5356 tu
1164 5302 1374 5357 Baruclt
1404 5302 1592 5356 dixisti
1618 5317 1637 5356 :
1676 5301 1794 5357 Heu
1827 5302 1974 5367 mihi,

409 5391 533 5457 quia
559 5392 763 5447 addidit
789 5393 1044 5449 Dominus
1068 5394 1297 5448 laborem
1321 5411 1475 5463 super
1497 5394 1733 5449 datorem
1763 5411 1930 5449 meum
1957 5408 1977 5448 :

409 5483 635 5538 dormivi
655 5485 707 5538 in
737 5486 1037 5554 gemitibus,
1053 5498 1100 5542 et
1129 5487 1352 5558 requiem
1374 5503 1476 5543 non
1504 5487 1698 5544 inveni.

478 5656 523 5687 ³⁸³
565 5655 705 5711 Psal.
731 5629 902 5723 εῖν-ιι,
944 5660 997 5713 9.

2085 4485 2299 4556 Βαροὺχ
2349 4483 2442 4536 ἐπὶ
2481 4481 2578 4535 τοῦ
2623 4483 2883 4554 Ὶωακεὶμ
2932 4480 3221 4555 προλέγων
3274 4484 3341 4537 τά
3375 4484 3523 4538 δεινά
3582 4486 3661 4556 μὴ

2084 4576 2387 4640 ἀπολεῖται,
2440 4574 2909 4645 ἐπαγγειλάμενος
2952 4576 3009 4629 δε
3064 4576 3215 4648 αὐτῷ
3261 4577 3390 4641 Θεὸς
3444 4578 3662 4651 ἀϐλαϐῆ

2085 4665 2318 4735 ἐφύλαξε
2349 4665 2511 4737 μόνον
2544 4664 2604 4730 ἐξ
2630 4666 2914 4733 ἁπάντων,
2946 4665 3089 4719 οὕτω
3123 4668 3222 4720 καὶ
3252 4666 3345 4720 νῦν
3373 4668 3501 4731 τοὺς
3539 4685 3667 4722 πει-

2087 4757 2349 4828 θομένους
2377 4755 2563 4821 σώζει.

2165 4850 2363 4914 Οῦτως
2388 4845 2519 4902 εἷπε
2546 4850 2781 4917 Κύριος.

2161 4939 2274 5009 Οὐχ
2307 4937 2492 5001 ἁπλῶς
2526 4940 2804 5008 μέμνηται
2837 4936 3031 4990 τούτου
3063 4936 3157 4990 τοῦ
3189 4937 3348 5006 λόγου
3377 4937 3493 5002 νῦν,
3540 4937 3666 4990 οὐδὲ

2089 5030 2355 5100 ἀκαίρως,
2387 5029 2504 5083 ἀλλ’
2551 5030 2640 5083 ἴνα
2672 5029 2875 5101 μάθῃς,
2910 5030 3005 5081 καὶ
3048 5023 3161 5093 οἷος
3212 5032 3240 5084 6
3281 5029 3499 5100 Βαροὺχ
3531 5030 3667 5102 περὶ

2087 5122 2288 5185 αὐτοὺς
2316 5116 2406 5191 ἦν,
2441 5120 2556 5185 πῶς
2586 5120 2777 5191 θρηνεῖ
2798 5119 2892 5172 καὶ
2915 5120 3269 5191 ἀποδύρεται,
3315 5120 3484 5188 ἀξιῶν
3534 5125 3669 5194 περὶ

2088 5214 2270 5268 αὐτῶν
2298 5214 2389 5268 τὸν
2424 5213 2578 5268 Θεόν.
2615 5212 2787 5276 Αὐτὸς
2819 5212 2875 5264 δέ
2905 5229 3037 5282 φησι
3066 5229 3078 5242 ·
3106 5214 3198 5283 Μὴ
3226 5214 3378 5284 ζήτει
3424 5214 3664 5283 μεγάλα.

2172 5305 2328 5359 Ἐπεὶ
2354 5305 2436 5360 σὺ
2466 5304 2703 5375 Βαροὺχ
2733 5301 2925 5370 εἴπας·
2962 5304 3130 5373 Οἷμοι
3176 5304 3265 5358 ὅτι
3321 5308 3669 5374 προσέθηκε

2090 5397 2307 5465 Κύριος
2341 5399 2533 5452 κόπον
2584 5398 2686 5451 ἐπὶ
2741 5399 2934 5450 πόνον
2994 5412 3137 5463 μου.
3196 5392 3556 5467 Ἐκοιμήθην
3595 5398 3670 5451 ἐν

2096 5490 2475 5559 στεναγμοῖς,
2511 5490 2608 5544 καὶ
2642 5488 2993 5545 ἀνάπαυσιν
3014 5488 3130 5556 οὐχ
3161 5482 3361 5557 εὗρον.
