4054 6210
382 332 519 385 ,(⁵1⁸7

1482 309 1909 373 FRAGMENTA
1946 308 2012 363 IN
2050 303 2416 364 JEREMIAM.

3514 288 3649 348 ιθιε

455 446 518 499 '0
563 439 783 512 Βαροὺχ
837 436 1305 507 ἀποστελλόμενος
1340 430 1493 501 παρά
1529 427 1625 483 τοῦ
1691 426 1961 497 Ἱερεμίου

2138 417 2350 471 Baruch
2379 415 2580 469 missus
2614 424 2642 463 ιι
2667 405 2924 469 Jeremia,
2953 413 3012 460 ut
3042 404 3096 459 in
3129 403 3409 459 civitatem
3438 404 3637 459 vatici-

379 536 449 589 τά
487 534 633 586 κατά
649 533 751 602 τῆς
775 530 989 594 πόλεως
1028 527 1292 593 ἐξειπεῖν,
1315 520 1575 583 δεδοικὼς
1599 518 1702 589 τὴν
1727 516 1823 573 τοῦ
1858 515 1984 587 βα·-

377 627 571 688 σιλέως
594 625 786 696 ὀργήν,
827 623 925 676 καὶ
953 620 1064 674 τῶν
1097 616 1302 673 λοιιαῖιν
1331 616 1434 685 τὴν
1466 612 1753 683 ὠμότητα,
1798 608 1961 665 dmi-

375 735 464 773 ναι
490 717 590 770 οὐκ
630 715 907 779 ἐϐούλετο,
950 712 1149 767 ἐννοῶν
1177 710 1237 762 δὲ
1278 707 1465 771 πάλιν,
1524 706 1609 759 ὃτι
1655 705 1757 775 οὐχ
1791 706 1820 757 6
1859 718 1962 755 τυ-

375 808 490 879 χὼν
526 802 773 868 κίνδυνός
821 805 939 857 ἔστι
981 799 1300 873 παραϐῆναι
1355 794 1456 850 τοῦ
1511 794 1797 866 προφήτου
1832 792 1959 854 τοὺς

374 902 571 969 λόγους
601 897 784 970 (τοῦτο
804 897 913 965 γάρ
931 898 1048 949 ἐστι
1068 894 1145 963 τῷ
1168 890 1288 962 Θεῷ
1318 889 1601 961 πέμποντι
1632 884 1958 956 ἀντειπεῖν),

377 993 437 1048 ἐν
468 990 808 1061 στενοχωρίᾳ
855 986 1143 1056 κατείχετο
1171 1000 1187 1017 ο
1236 981 1420 1037 ἀπιών
1455 997 1516 1037 τε
1576 978 1688 1049 γὰρ
1729 976 1961 1030 θάνατον

385 1081 697 1152 προσεδόκα
717 1123 731 1146 ,
766 1078 860 1133 καὶ
893 1080 971 1149 μὴ
993 1076 1324 1147 πειθόμενος
1353 1074 1415 1127 οὒ
1450 1068 1836 1140 διαφεύξεσθαι
1856 1067 1958 1137 τὴν

375 1170 671 1241 τιμωρίαν,
702 1170 827 1227 οὔτε
848 1168 927 1239 τῷ
957 1167 1080 1237 Θεῷ
1108 1164 1492 1237 προσκρούων.
1520 1163 1594 1216 Τὸ
1615 1157 1731 1217 οὖν·
1753 1162 1956 1227 Προσ-

376 1264 553 1330 eorm
576 1262 793 1331 Κύριος
820 1260 1016 1315 κόπον
1052 1258 1153 1312 ἐπὶ
1182 1258 1377 1312 πόνον
1414 1272 1537 1326 μου
1557 1266 1574 1285 '
1619 1257 1809 1309 πόνον
1857 1249 1959 1321 μὲν

377 1353 535 1407 καλεῖ
563 1351 663 1420 τὴν
689 1350 865 1419 λύπην
893 1344 964 1420 ἦν
984 1346 1137 1416 εἶχον
1154 1345 1286 1417 περὶ
1313 1344 1410 1399 τοῦ
1438 1339 1568 1396 λαοῦ
1590 1355 1603 1370 ·
1658 1334 1849 1387 κόπον
1898 1332 1958 1388 δὲ

376 1443 479 1513 τῆς
512 1440 697 1511 ψυχῆς
719 1441 820 1511 τὴν
856 1439 1040 1504 ἀνίαν,
1065 1438 1165 1492 καὶ
1206 1438 1311 1507 τὴν
1352 1434 1483 1504 περὶ
1513 1430 1609 1484 τοῦ
1666 1426 1957 1498 μέλλοντος

379 1536 657 1607 φροντίδα.
688 1535 762 1587 Τὸ
794 1534 875 1599 δὲ,
912 1531 1272 1602 Ἔκοιμήθην
1310 1528 1382 1582 ἐν
1427 1519 1810 1591 στεναγμοῖς,
1856 1520 1957 1573 καὶ

378 1626 729 1683 ἀνάπαυσιν
758 1627 872 1694 οὐκ
898 1620 1083 1692 εὗρον
1104 1641 1118 1655 ο
1148 1623 1225 1686 ὡς
1246 1624 1304 1675 ὲν
1337 1617 1583 1692 φροντίδι
1613 1612 1868 1685 ἐσχηκὼς
1896 1610 1956 1666 τὸ

378 1718 633 1793 πρᾶγμα,
668 1714 811 1770 ὥστε
838 1717 977 1789 μήτε
1008 1714 1181 1770 ὕπνου
1207 1712 1354 1786 μετά
1374 1711 1616 1773 ἀνέσεως
1640 1708 1847 1776 τυχεῖν.

436 1991 637 2059 οὕτως
653 1987 783 2045 εἷπε
805 1991 1041 2059 Κύριος⁶
1062 1988 1221 2044 Ἰδοὺ
1240 1988 1280 2044 ἆ
1300 1987 1662 2057 ᾠκοδόμησα
1677 1984 1795 2055 ἐγὼ
1814 1988 1955 2039 καθ-

372 2080 519 2151 ελῶ,
549 2083 589 2139 d
622 2084 934 2153 ἐφύτευσα
986 2081 1105 2152 ἐγὼ
1155 2082 1433 2146 emunt,
1480 2078 1582 2134 καὶ
1616 2078 1955 2147 σύμπασαν

372 2174 489 2245 τὴν
514 2174 634 2245 γῆν
659 2175 926 2243 ἐκείνην,
952 2174 1052 2227 καὶ
1090 2173 1172 2227 σὺ
1201 2172 1393 2241 ζητεῖς
1417 2168 1653 2237 σεαυτῷ
1679 2167 1953 2238 perdiu;

367 2265 454 2335 μὴ
486 2265 662 2337 (ritsc-

446 2359 756 2425 Τουτέστιν,
789 2360 867 2414 Οὔ
896 2360 1252 2431 προσήκοντα
1280 2355 1533 2426 λογισμῷ
1574 2353 1779 2425 δικαίῳ
1805 2353 1958 2425 amr.

376 2468 504 2520 φας.
531 2451 628 2504 Διά
662 2452 773 2521 γὰρ
799 2452 902 2522 τὴν
934 2451 1196 2506 ἀσέϐειαν
1232 2450 1330 2504 τοῦ
1358 2448 1602 2519 πλήθους
1645 2446 1791 2501 κατά
1816 2447 1953 2500 adv-

372 2558 483 2594 των
520 2542 977 2614 ἀποφηναμένου,
1023 2543 1116 2597 καὶ
1163 2541 1497 2613 βουλομένου
1568 2556 1671 2611 μου
1713 2538 1806 2592 διὰ
1853 2538 1954 2607 τῆς

377 2633 606 2704 ἀπειλῆς
639 2634 952 2700 ἀπαλλάξαι
1004 2636 1116 2688 τῶν
1154 2635 1442 2700 κινδύνων,
1478 2635 1543 2687 σὺ
1569 2631 1695 2686 οὐδὲ
1722 2632 1954 2702 ἀθυμεῖν

377 2724 486 2790 [Ion
520 2726 804 2799 εὐθυμετν]
840 2727 1068 2794 ἐθέλεις,
1115 2727 1149 2799 ἢ
1179 2726 1440 2798 φροντίδα
1468 2726 1593 2780 τινὰ
1626 2724 1722 2779 τοῦ
1768 2723 1953 2794 πρᾶγ-

377 2833 545 2888 ματος
573 2818 865 2873 ποιεῖσθαι.
915 2819 990 2872 Τὸ
1035 2820 1168 2892 γὰρ,
1216 2820 1301 2873 Σὺ
1332 2816 1527 2889 ζητεῖς
1575 2812 1816 2882 σεαυτῷ
1854 2830 1953 2885 μευ

375 2909 552 2981 τάλα,
569 2911 727 2965 τοῦτο
752 2912 1010 2983 σημαίνει
1036 2929 1049 2943 ’
1078 2912 1350 2975 τουτέστι,
1378 2911 1442 2964 τὸ
1473 2910 1609 2982 μηδὲ
1635 2909 1949 2962 λυπεῖσθαιο

373 3002 588 3075 ὅτιγὰρ
613 3006 674 3058 οὐ
700 3008 829 3077 περὶ
867 3006 1156 3077 συμφορᾶς
1186 3004 1320 3057 αὐτό
1359 3018 1519 3073 φησι,
1548 3002 1743 3073 μηνύει
1771 3002 1834 3054 τὺ
1857 3002 1952 3053 έπ-

374 3096 646 3167 αγόμενον
663 3112 679 3126 °
707 3099 842 3169 φησι
868 3099 977 3169 γάρ
996 3110 1011 3130 ⁸

461 3144 609 3243 ’ἱὸοὺ
770 3144 979 3259 ’ἐπάγω
996 3187 1151 3244 κακὰ
1177 3184 1278 3241 ἐπὶ
1306 3186 1519 3243 πᾶσαν
1541 3185 1766 3253 σάρκα,
1789 3185 1955 3255 λέγει
1985 3144 2028 3201 c

375 3280 610 3347 Κύριος,
645 3280 743 3333 καί
774 3279 947 3333 δώσω
974 3278 1089 3346 τὴν
1116 3278 1330 3347 ψυχήν
1360 3293 1482 3331 σου
1510 3279 1599 3342 εις
1630 3276 1852 3346 εὕρεμα
1885 3276 1957 3330 ἐν

378 3371 557 3425 παντὶ
585 3376 768 3437 τόπῳ,
806 3367 878 3427 οὗ
903 3372 1013 3425 ἐὰν
1031 3370 1267 3439 βαδίσῃ
1285 3368 1430 3424 ἐκεῖ.

449 3465 738 3517 Τουτέστι’
767 3465 860 3536 Μὴ
887 3463 1055 3533 φοϐοῦ
1083 3481 1097 3493 ·
1156 3461 1411 3517 ἀπελθὼν
1464 3461 1587 3515 εῑπὲ
1620 3459 1700 3530 τῷ
1735 3459 1853 3531 λαῷ
1888 3458 1961 3513 τὰ

379 3556 534 3626 παρά
555 3557 648 3611 τοῦ
677 3558 960 3628 προφήτου
990 3557 1285 3626 λεγόμενα,
1312 3554 1373 3611 εὖ
1413 3554 1591 3620 εἰδὼς,
1626 3556 1702 3618 ὡς
1749 3555 1809 3607 οὐ
1842 3568 1958 3607 κοι-

380 3650 642 3719 νωνήσεις
665 3650 849 3713 αὐτοῖς
880 3649 982 3721 τῆς
1031 3650 1342 3720 συμφορᾶς,
1372 3647 1497 3701 οὐδέ
1547 3664 1602 3701 τι
1639 3645 1956 3717 διαθήσουσί

384 3755 446 3793 σε
469 3741 637 3795 κακόν
662 3755 676 3772 ο
703 3742 796 3795 τὸν
822 3742 881 3796 δὲ
911 3742 1115 3813 τρόπον
1139 3741 1242 3812 τῆς
1269 3739 1548 3813 σωτηρίας
1586 3737 1847 3808 ἀνωτέρω
1875 3732 1960 3789 τέ-

381 3832 565 3887 θεικεν
590 3834 619 3887 6
646 3835 960 3906 Προφήτης,
979 3834 1180 3904 φήσας
1204 3836 1315 3887 Kal
1335 3824 1716 3902 κατέκρυψεν
1732 3829 1959 3895 αὐτοὺς

378 3927 597 3996 Κύριος
634 3926 732 3981 καὶ
774 3930 887 3997 οὺχ
922 3926 1301 3996 εὑρίσκοντο.

449 4019 557 4072 Καὶ
587 4018 669 4073 σὺ
699 4018 1005 4087 ζητήσεις.

450 4108 594 4162 Μίαν
630 4110 785 4163 πόλιν
806 4110 937 4181 ὃλην
966 4109 1277 4181 ἐξαρπάσαι
1319 4108 1584 4164 κινδύνων
1641 4123 1957 4180 προσκρου-

384 4201 555 4255 σασάν
598 4219 687 4272 μοι
720 4200 925 4273 ζητεῖς.

450 4291 561 4345 Kal
584 4291 757 4347 δώσω
794 4293 911 4363 τὴν
922 4295 1155 4364 ψυχήν.

450 4382 629 4437 Ὅπου
654 4384 699 4437 δ’
735 4384 805 4439 ἂν
834 4381 920 4461 ᾗς,
945 4385 1007 4439 οὗ
1059 4384 1133 4457 μὴ
1164 4386 1327 4457 πείσῃ
1372 4385 1566 4440 δεινόν.
1607 4384 1749 4439 Ἀλλ’
1807 4385 1960 4454 ὅμως

2068 510 2158 563 nia
2195 508 2459 571 ediceret,
2490 518 2614 558 cum
2643 502 2777 555 iram
2815 498 2955 566 regis
2993 504 3049 550 et
3090 496 3421 564 reliquorum
3458 492 3647 549 imma-
3678 560 3684 585 τ

2064 601 2299 654 nitatem
2328 606 2577 665 paveret,
2607 607 2804 647 munus
2841 590 2945 644 hoc
2976 589 3265 643 recusabat
3303 604 3316 641 :
3344 595 3399 641 et
3426 602 3492 641 ex
3540 587 3645 641 alia

2061 699 2240 761 parte,
2273 704 2396 744 cum
2422 702 2528 741 una
2554 701 2741 740 secum
2770 680 3171 745 consideraret,
3200 677 3500 747 periculum
3537 692 3643 732 non

2062 784 2519 838 contemnendum
2565 778 2852 832 imminere
2892 775 2938 830 si
2977 772 3138 827 verba
3173 786 3281 825 non
3315 784 3644 837 exsequere-

2064 884 2168 936 tur.
2227 875 2330 928 hoc
2365 874 2511 927 enim
2545 881 2629 925 est
2666 868 2776 923 Deo
2830 868 3063 923 niittenti
3112 879 3172 919 se
3219 876 3513 933 opponere,
3544 876 3644 914 an-

2060 964 2253 1035 gustiis
2298 964 2464 1017 animi
2520 963 2903 1032 premebatur;
2952 974 3076 1011 nam
3126 965 3201 1020 et,
3251 955 3299 1009 si
3334 954 3460 1019 iret,
3497 968 3644 1006 morr

2063 1071 2170 1111 tetu
2205 1057 2307 1111 sibi
2330 1066 2576 1126 paratam
2607 1053 2994 1124 exspectabat,
3027 1061 3105 1115 et,
3134 1051 3312 1103 sinon
3346 1047 3641 1109 obedisset,

2062 1166 2170 1203 non
2208 1164 2366 1217 posse
2402 1161 2461 1202 se
2506 1146 2744 1215 ell‘ugere
2778 1144 3115 1214 punitionem
3151 1148 3329 1205 uorat,
3366 1153 3486 1208 qua:
3508 1136 3645 1190 divi-

2063 1244 2150 1294 nis
2198 1240 2468 1295 mandatis
2520 1238 2870 1293 resistentem
2926 1238 3207 1289 inuitabat.
3244 1231 3413 1301 Igitur
3465 1230 3641 1284 illud:

2063 1333 2282 1386 Addidit
2333 1331 2593 1385 Dominus
2653 1330 2889 1381 laborem
2942 1342 3099 1395 super
3146 1324 3382 1377 dolorem
3434 1336 3642 1384 meum,

2062 1425 2310 1480 dolorum
2369 1432 2527 1477 vocat
2582 1435 2897 1483 munerem,
2938 1434 3098 1488 quem
3129 1415 3366 1471 habebat
3400 1429 3498 1481 pro
3549 1428 3649 1482 po-

2061 1519 2222 1587 pulo;
2288 1517 2553 1578 laborem,
2602 1513 2768 1566 animi
2823 1511 3211 1575 alilictionem,
3260 1516 3315 1563 et
3359 1507 3508 1561 circa
3557 1518 3645 1558 res

2062 1607 2272 1663 futuras
2299 1606 2745 1668 sollicitudinem,
2776 1601 3011 1656 Dormivi
3063 1601 3119 1656 in
3151 1601 3449 1671 gentilibus,
3477 1610 3525 1653 et
3564 1613 3645 1651 re-

2062 1701 2234 1770 quiem
2274 1716 2378 1753 non
2431 1698 2603 1752 inveni
2654 1710 2675 1749 ε
2724 1696 2879 1766 quasi
2933 1711 3046 1749 rem
3099 1710 3226 1750 cum
3281 1693 3646 1749 sollicitudine

1989 1786 2033 1842 Β
2064 1794 2352 1859 meditans,
2410 1796 2484 1847 ita
2544 1802 2604 1846 ut
2661 1806 2763 1847 nec
2810 1804 3003 1846 somno
3063 1788 3247 1858 quiete
3300 1785 3462 1855 potiri
3513 1784 3644 1838 mihi

2063 1900 2381 1942 concessum
2406 1884 2591 1939 fuerit.

2136 1978 2299 2032 Vitas.
2325 1978 2382 2032 Δ.
2418 1976 2509 2032 Sic
2537 1976 2672 2029 dixit
2703 1974 2960 2028 Dominus
2986 1988 3005 2025 :
3042 1974 3177 2026 Ecce
3208 1988 3325 2041 qua:
3356 1970 3643 2038 aediﬁcavi,

2079 2086 2174 2141 ego
2206 2070 2494 2128 destruant.
2521 2085 2639 2139 qua!
2658 2069 2911 2136 plantavi,
2938 2082 3031 2136 ego
3059 2064 3242 2131 evello,
3269 2074 3316 2119 et
3355 2064 3644 2115 universam

2063 2171 2258 2214 terram
2278 2161 2447 2226 illum,
2474 2170 2521 2214 et
2555 2172 2610 2214 tu
2626 2161 2820 2229 qua‘ris
2846 2162 2940 2213 tibi
2964 2158 3231 2229 grandia?
3256 2156 3362 2209 noli
3388 2170 3643 2224 quaerere.

2133 2345 2247 2400 Hoc
2267 2354 2374 2410 est,
2407 2346 2663 2416 cogitasti
2686 2361 2805 2415 qua;
2831 2345 2997 2415 justm
3049 2344 3273 2398 minime
3289 2330 3648 2397 “conveniunt

2062 2436 2503 2504 ratiocinationi;
2548 2451 2671 2492 cum
2720 2437 2864 2490 enim
2897 2446 3119 2505 propter
3168 2434 3350 2504 populi
3390 2434 3643 2501 impieta-

2067 2539 2176 2585 tem
2211 2541 2400 2587 contra
2431 2545 2621 2586 omnes
2648 2528 3022 2594 decernerem,
3060 2543 3126 2582 ac
3155 2542 3255 2596 per
3284 2526 3461 2580 minas
3487 2541 3520 2581 e
3554 2540 3645 2594 pe-

2062 2624 2247 2680 riculis
2272 2623 2431 2677 velim
2463 2638 2682 2689 eruere,
2711 2631 2766 2675 tu
2799 2637 2898 2675 nec
2946 2621 3187 2675 dolorem
3222 2634 3325 2675 nec
3378 2619 3645 2673 sollicitu-

2062 2716 2240 2771 dinem
2276 2715 2359 2770 vis
2388 2714 2689 2769 dimittere.
2739 2710 2957 2766 Etenim
3001 2710 3131 2765 illud
3161 2729 3176 2765 :
3220 2711 3298 2765 Tu
3328 2710 3521 2780 quaeris
3554 2710 3647 2762 tibi

2060 2807 2310 2876 grandia,
2353 2806 2458 2861 hoc
2488 2805 2761 2876 signiﬁcat
2804 2821 2821 2859 :
2870 2802 2949 2858 Ne
2978 2817 3217 2869 tumrore
3246 2812 3475 2873 angatur
3498 2804 3646 2856 vidc-

2061 2899 2188 2954 licet
2214 2916 2226 2952 :
2258 2898 2361 2953 hoc
2391 2907 2572 2952 autem
2608 2911 2714 2950 non
2747 2894 3130 2965 pronuntiasse
3157 2895 3222 2949 de
3252 2894 3559 2949 calamitate
3588 2893 3641 2948 id

2063 2992 2258 3047 indicat
2290 2992 2434 3063 quod
2458 2989 2706 3060 sequitur
2724 3012 2747 3053 :
2771 2990 2904 3045 dicit
2928 2989 3074 3043 enim
3100 3004 3117 3043 ι

2131 3177 2268 3232 Ecce
2304 3191 2397 3248 ego
2441 3178 2638 3233 induco
2668 3178 2811 3230 male
2861 3191 3019 3245 super
3050 3190 3256 3229 omnem
3296 3191 3531 3235 carnem.
3563 3184 3641 3227 ait

2059 3270 2350 3334 Dominus,
2374 3280 2423 3324 et
2449 3270 2587 3323 dabo
2610 3270 2846 3323 animum
2871 3278 3015 3321 tatam
3039 3268 3099 3321 in
3127 3283 3235 3321 rem
3266 3268 3528 3321 inuentam
3546 3282 3565 3321 :
3587 3269 3645 3321 in

2060 3365 2203 3419 omni
2228 3364 2342 3418 loco
2396 3377 2708 3434 quocunque
2736 3360 2891 3415 ireris
2913 3360 3004 3413 ibi.

2139 3454 2305 3521 Quasi
2339 3451 2734 3509 dicerettNoli
2790 3452 2985 3505 timere
3029 3450 3250 3517 abiens;
3302 3450 3387 3504 die
3449 3449 3647 3517 populo

2059 3546 2200 3600 dicta
2232 3545 2533 3614 prophetae,
2566 3556 2664 3611 pro
2691 3550 2845 3595 certo
2889 3540 3100 3595 habens
3122 3549 3175 3593 te
3223 3539 3383 3608 hujus
3413 3538 3643 3591 calami-

2061 3638 2190 3692 tatis
2220 3637 2445 3690 minime
2472 3635 2587 3690 fore
2623 3632 2968 3703 participem,
3002 3646 3181 3700 neque
3203 3630 3407 3699 aliquid
3431 3629 3525 3683 tibi
3556 3631 3642 3681 iu-

2058 3731 2234 3783 ferent
2267 3727 2397 3781 mali
2442 3743 2458 3780 :
2510 3726 2728 3780 modum
2787 3721 3103 3777 salvationis
3161 3737 3325 3790 supra
3392 3721 3645 3788 exposuit

2058 3820 2355 3891 Pmpheta,
2382 3832 2504 3877 cum
2533 3818 2709 3872 dixit:
2737 3814 2807 3868 Et
2841 3814 3129 3869 occultavit
3161 3830 3249 3869 eos
3280 3813 3561 3877 Dominus,
3592 3821 3642 3866 et

2059 3928 2161 3966 non
2196 3910 2614 3965 inveniebantur.

2132 4005 2293 4059 Vsus.
2331 4002 2384 4057 5.
2428 4001 2497 4055 Et
2527 4015 2583 4054 ιιι
2611 4015 2841 4070 quiens.

2133 4094 2308 4149 Unam
2364 4094 2631 4163 integram
2691 4091 2971 4145 civitatem
3019 4103 3052 4143 ο
3103 4084 3362 4157 periculis
3427 4082 3643 4153 eripere

2061 4184 2191 4239 tnihi
2214 4181 2477 4238 oﬂ'ensam
2511 4181 2731 4250 quarris.

2135 4274 2200 4328 Et
2230 4274 2366 4328 dabo
2389 4275 2627 4350 animam
2656 4281 2827 4327 tuam.

2133 4368 2456 4437 Ubicunque
2486 4366 2676 4433 fueris,
2713 4365 2840 4421 mali
2871 4364 3008 4419 nihil
3056 4364 3279 4435 patieris
3307 4379 3320 4415 :
3351 4370 3405 4414 et
3453 4369 3633 4413 tamen

381 4474 476 4527 καὶ
502 4474 678 4540 οὕτως
704 4450 979 4532 ἐπέκειτο.
1010 4450 1133 4532 Ἵνα
1166 4450 1368 4551 μάθῄς,
1405 4478 1488 4532 ὅτι
1516 4478 1637 4548 οὐχὶ
1665 4477 1725 4530 τὸ
1763 4450 1958 4529 ἑαυτοῦ

2066 4460 2155 4514 ille
2183 4460 2438 4514 instabat.
2473 4458 2581 4512 Sed
2615 4467 2671 4511 et
2699 4458 2779 4512 sic
2805 4466 2863 4510 ut
2900 4456 3051 4510 noris
3081 4455 3228 4507 illum
3256 4467 3359 4505 nou
3390 4450 3515 4515 sibi,
3545 4450 3640 4503 sed

380 4567 629 4636 ἐσκόπει,
658 4568 797 4622 ἀλλά
846 4570 908 4622 τὸ
940 4570 1053 4623 τῶν
1098 4570 1332 4623 πολλῶν.
1366 4568 1587 4641 ,Ἤμεῖς
1636 4569 1727 4633 δὲ,
1755 4569 1843 4621 ὅτε
1893 4567 1963 4621 τὰ

381 4659 629 4729 ἡμέτερα
645 4660 705 4713 ὲν
732 4661 1006 4732 ἀσφαλείᾳ
1021 4657 1108 4732 ἢν,
1138 4661 1257 4716 τότε
1277 4660 1386 4716 τῶν
1401 4661 1604 4715 λοιπῶν
1628 4658 1964 4731 ἐποιούμεθα

382 4749 559 4818 λόγον.

454 4844 473 4865 ⁸
494 4842 610 4895 Eni
638 4843 901 4913 δύναμιν
945 4844 1157 4914 Φαραὼ
1182 4846 1394 4913 Νεχαὼ
1444 4842 1754 4909 ,ϐασιλέως
1783 4844 1962 4912 Αἰγύ-

384 4944 556 4997 πτου,
582 4930 650 4997 ὃς
676 4928 756 5003 ἦν
780 4932 1025 5003 ποταμῷ
1045 4936 1333 5006 Εὐφράτῃ
1356 4935 1426 4987 ἐν
1447 4930 1708 5001 Κάρμης,
1731 4933 1804 4986 ὃν
1819 4933 1966 4986 ἐπά-

382 5021 529 5085 ταξε
583 5023 1124 5091 Ναϐουχοδονόσορ
1156 5022 1468 5087 ,βασιλεὺς
1505 5021 1866 5087 Βαϐυλῶνος
1894 5022 1965 5075 ἐν

380 5111 461 5178 τῷ
512 5112 631 5167 em
680 5113 761 5179 τῷ
824 5117 1085 5184 τετάρτῳ
1138 5116 1273 5171 υἱοῦ
1339 5112 1601 5185 Ἰωακείμ
1651 5115 1964 5181 ,ϐασιλέως

396 5204 609 5260 Ἰούδα.

452 5292 580 5348 Ὅτι
610 5295 783 5350 ταῦτα
812 5297 933 5350 τότε
984 5296 1221 5368 εἴρηται·
1253 5298 1314 5352 οὔ
1346 5297 1455 5371 γάρ
1500 5301 1648 5352 ἐστιν
1675 5298 1820 5370 ἀρχὴ
1866 5299 1965 5370 τῆς

382 5384 661 5453 Αἰγύπτου
689 5386 957 5455 ὁράσεως,
998 5387 1135 5451 ἀλλ’,
1166 5388 1241 5452 ὡς
1292 5390 1561 5461 προέφην,
1618 5389 1686 5443 τά
1715 5392 1835 5442 τότε
1869 5394 1967 5462 ρη-

384 5475 545 5530 θέντα
568 5477 998 5551 ὑπομιμνήσκει.
1030 5473 1202 5545 Οὗτος
1218 5480 1331 5553 γάρ
1357 5484 1387 5535 ὁ
1420 5481 1619 5553 Νεχαὼ
1646 5481 1856 5537 ἀνελὼν
1876 5484 1966 5538 τὸν

394 5566 610 5621 Ἰωσίαν
668 5568 1003 5640 κατέστησεν
1046 5573 1298 5645 Ἰωάχαζ.
1368 5574 1645 5641 Ἐπελθῲν
1673 5575 1730 5629 δὲ
1779 5577 1808 5629 ὁ
1855 5578 1966 5631 Να-

384 5656 793 5732 ϐουχοδονόσορ,
825 5664 1005 5717 ἀνεῖλε
1065 5665 1164 5735 μὲν
1212 5666 1302 5720 τὸν
1361 5665 1613 5737 Ἰωάχαζ,
1658 5668 1961 5739 κατέστησε

1044 5756 1069 5775 τ
1162 5760 1185 5770 ι-
1296 5756 1418 5775 ’,γ’

2068 4554 2357 4607 moltorum
2387 4550 2551 4607 saluti
2575 4550 2881 4607 consulere.
2914 4549 2985 4602 At
3029 4561 3130 4600 nos
3167 4559 3289 4599 cum
3323 4557 3410 4597 res
3444 4552 3644 4599 nostra:

2068 4652 2182 4699 tuto
2208 4644 2327 4699 loco
2366 4652 2517 4710 sunt,
2549 4650 2678 4695 tunc
2713 4639 2943 4694 aliorum
2984 4636 3225 4706 gerimus
3257 4647 3464 4687 curaui.

2134 4835 2150 4853 ‘
2184 4833 2349 4888 Vens.
2380 4831 2435 4885 2.
2471 4830 2643 4895 Super
2675 4828 2917 4881 virtutem
2944 4824 3242 4877 Pharaonis
3268 4821 3483 4875 Nechao
3507 4822 3645 4890 regis

2066 4923 2305 4994 Egypti.
2341 4922 2563 4991 quierat
2598 4918 2668 4972 ad
2689 4920 2887 4987 [lumen
2933 4916 3255 4984 Euphratem
3299 4916 3353 4966 in
3379 4912 3644 4974 Charmis,

2064 5032 2215 5085 quem
2225 5013 2474 5082 percussit
2496 5006 2984 5065 Nabuchodonosor
3007 5021 3096 5059 rex
3116 5003 3407 5074 Babylonis
3430 5004 3485 5054 in
3504 5017 3649 5055 anno

2067 5115 2252 5177 quarto
2287 5103 2538 5157 Joachim
2583 5104 2720 5171 regis
2746 5099 2913 5154 Iuda.

2137 5290 2288 5359 Quod
2308 5290 2421 5345 haec
2440 5297 2569 5342 tunc
2588 5287 2733 5341 dicta
2757 5285 2892 5351 sint,
2916 5299 3021 5337 non
3045 5283 3189 5338 enim
3211 5289 3293 5335 est
3316 5279 3643 5349 principium

2068 5386 2290 5439 visionis
2318 5380 2559 5452 Egypti,
2588 5376 2707 5444 sed,
2744 5386 2803 5431 ut
2838 5373 3157 5443 prmmouui,
3183 5369 3428 5425 meminit
3452 5383 3644 5422 eorum

2067 5494 2188 5547 qua:
2218 5486 2340 5531 tunc
2367 5481 2676 5528 evenerant.
2723 5469 2822 5523 llic
2855 5468 3052 5537 quippe
3104 5462 3345 5529 Nechao,
3377 5460 3527 5516 Josia
3562 5461 3643 5513 iu-

2072 5567 2318 5632 terfecto,
2344 5566 2465 5619 loco
2516 5564 2662 5617 illius
2706 5559 2947 5616 Joachaz.
2976 5555 3260 5611 constituit
3296 5571 3312 5608 :
3350 5568 3474 5608 cum
3516 5565 3646 5605 vero

2070 5660 2570 5716 Nabuchodonosor
2600 5652 2936 5717 advenisset,
2965 5649 3169 5705 occidit
3202 5646 3463 5710 ioachaz,
3501 5653 3558 5697 et
3589 5642 3643 5693 in

2069 5758 2186 5827 ejus
2223 5756 2403 5813 locum
2429 5753 2611 5825 posuit
2643 5749 2927 5815 Joachitn;
2976 5747 3119 5804 velut
3156 5747 3319 5817 igitur
3353 5757 3453 5802 suo
3478 5750 3650 5806 regno
