4054 6210
386 293 523 351 1019

1134 288 1696 346 SUPPLEMENTUM
1736 291 1828 346 AD
1870 291 1923 347 S.
1967 292 2019 347 Ι.
2063 294 2561 355 CIIRYSOSTOMI
2598 295 2851 352 OPERA.

3500 293 3641 350 10ξο

386 407 677 474 discerpto,
702 402 992 475 Egyptius
1014 404 1065 457 in
1086 402 1419 471 Euphratem
1440 415 1498 454 se
1520 403 1826 469 conferens,
1850 421 1951 457 una

2062 410 2356 479 σπωμένης
2388 409 2417 460 ὁ
2449 408 2754 478 Αἰγύπτιος
2787 408 2870 469 εἰς
2891 405 2982 460 τὸν
3017 404 3318 477 Εὐφράτην
3345 406 3642 477 γενόμενος

382 513 505 552 cum
541 495 1073 552 Nabuchodonosore
1107 509 1297 548 manus
1346 497 1607 550 conserit.
1638 494 1803 565 Igitur
1831 510 1953 551 cum

380 591 552 643 Judaei
589 603 777 658 magna
807 587 909 641 sibi
939 587 1006 642 de
1029 586 1407 658 Egyptiorum
1443 590 1636 643 robore
1671 589 1954 657 promitte-

384 690 523 744 rent,
556 680 899 748 maximeque
931 679 984 732 in
1017 692 1205 733 eorum
1244 680 1476 735 fiderent
1508 681 1732 744 auxilio,
1765 691 1818 733 et
1838 679 1954 733 cla-

382 774 501 827 dem
536 772 792 836 minatur,
820 781 874 827 et
913 772 1124 826 ruinam
1150 772 1390 839 Nechao,
1418 781 1472 827 et
1494 773 1692 827 bellum
1725 773 1913 827 indicit
1938 790 1952 827 :

381 876 433 917 et
460 864 841 934 Egyptinrum
862 865 1127 918 auxilium
1152 864 1315 919 inane
1336 864 1451 920 fore
1477 865 1803 919 determinat
1825 880 1957 917 cou-

384 968 465 1010 tra
500 955 819 1011 resistentes
850 955 1088 1014 Judaeos.

452 1047 604 1100 Alius
627 1056 743 1099 erat
775 1045 985 1099 Pharao
1016 1047 1102 1101 hic
1132 1045 1350 1114 Vaphre
1381 1061 1410 1099 a
1449 1044 1689 1100 Nechao.
1719 1042 1952 1115 (Consi-

380 1139 509 1191 dera
552 1137 821 1205 quomodo
851 1146 1007 1189 antea
1049 1151 1264 1206 quoque
1302 1137 1445 1190 Deus
1479 1136 1747 1204 exemplis
1779 1136 1829 1188 in
1867 1148 1956 1190 sa-

381 1242 505 1281 nam
535 1242 629 1281 eos
661 1236 895 1281 mentem
938 1229 1274 1296 revocabat.)
1305 1226 1551 1281 Victoria
1593 1228 1678 1281 hic
1722 1228 1958 1282 maxime

378 1334 674 1389 oppressus
697 1320 913 1390 quando
932 1328 986 1374 et
1012 1318 1255 1374 Joachim
1290 1321 1507 1375 occisus
1558 1332 1678 1388 est;
1712 1320 1845 1374 nihil
1874 1329 1955 1374 ta-

381 1426 501 1465 men
541 1414 823 1480 probiores
871 1423 1187 1469 evaserunt.
1224 1413 1290 1467 Et
1326 1414 1446 1467 vide
1476 1413 1620 1481 quod
1678 1413 1957 1483 profectus

380 1512 467 1558 est
492 1504 558 1557 ad
592 1505 906 1573 Ephratem.

457 1594 617 1649 Vsus.
646 1595 699 1648 5.
727 1595 1009 1650 Assumile.

452 1688 631 1753 Quare
658 1686 823 1755 igitur
857 1687 1158 1757 pr0phelia:
1184 1688 1284 1741 hoc
1335 1689 1500 1742 sumit
1524 1688 1736 1741 initium
1768 1686 1957 1740 dicens

2060 500 2357 571 συμϐάλλει
2406 501 2486 572 τῷ
2538 499 3038 571 Ναϐουχοδονόσορ.
3127 498 3408 551 Ἰουδαίων
3456 499 3643 551 τοίνυν

2061 592 2272 661 μεγάλα
2304 591 2433 661 περὶ
2467 591 2564 661 τῆς
2600 590 2889 660 δυνάμεως
2920 586 3234 655 Αἰγυπτίων
3263 586 3637 656 φρονούντων,

2058 681 2152 735 καὶ
2183 680 2320 751 πρὸς
2348 681 2447 751 τὴν
2463 681 2691 734 ἐκείνων
2722 677 3041 749 συμμαχίαν
3065 677 3395 747 κεχηνότων,
3421 677 3645 730 ἀπειλεῖ

2058 772 2153 825 καὶ
2182 773 2279 843 τὴν
2312 768 2503 844 ἦτταν,
2551 773 2645 825 καὶ
2683 773 2783 842 τὴν
2827 769 3103 823 ἀπώλειαν
3141 768 3233 822 τοῦ
3287 767 3508 837 Νεχαὼ,
3546 770 3646 821 καὶ

2060 863 2303 934 κηρύξας
2338 863 2601 934 πόλεμον,
2640 863 2735 915 καὶ
2785 860 3022 931 ματαίαν
3061 859 3382 928 συμμαχίαν
3422 859 3647 927 ἀποφη-

2058 956 2291 1025 νάμενος
2316 954 2392 1018 ὼς
2420 955 2558 1024 πρὸς
2599 954 2893 1015 Ἰουδαίους
2918 950 3402 1019 ἀποτεινομένους.

2135 1047 2326 1110 Ἀλλος
2368 1042 2436 1117 ἦν
2466 1049 2494 1099 ὁ
2521 1045 2726 1116 Φαραὼ
2777 1047 2806 1098 ὁ
2848 1043 3112 1114 Οὐαφρὴν
3158 1035 3315 1105 οὗτος
3363 1043 3391 1093 ὁ
3418 1041 3648 1112 «Naxum

2061 1139 2179 1212 [τοῦ
2238 1139 2481 1211 Naxum].
2519 1140 2663 1209 Ὅρα
2722 1139 2840 1201 πῶς
2896 1138 2983 1190 διὰ
3031 1137 3494 1206 παραδειγμάτων
3547 1138 3648 1189 καὶ

2060 1233 2371 1304 ἔμπροσθεν
2425 1231 2626 1294 αὐτοὺς
2664 1230 3034 1300 ὲσωφρόνιζεν
3075 1231 3104 1281 ὁ
3147 1229 3300 1291 Θεὸς.
3355 1225 3646 1295 Ἠττηθεὶς

2062 1324 2269 1393 σφόδρα
2304 1320 2483 1387 οὗτος,
2520 1324 2608 1375 ὅτε
2638 1323 2733 1376 καὶ
2774 1321 3032 1390 Ἰωακεὶμ
3069 1318 3314 1392 ἀνῃρέθη
3344 1335 3358 1349 ·
3398 1320 3493 1372 καὶ
3547 1320 3646 1372 οῦ-

2058 1417 2146 1471 δὲν
2178 1416 2579 1485 ἐπιεικέστεροι
2620 1415 2906 1483 γεγόνασι.
2934 1414 3045 1466 Καὶ
3096 1413 3198 1483 ὅρα
3235 1412 3338 1465 ποῦ
3391 1414 3648 1481 ἀπήντη-

2062 1525 2176 1574 σεν,
2201 1509 2294 1560 ἐπὶ
2324 1507 2610 1578 Εὐφράτῃ.

2144 1597 2523 1654 Ἀναλὰϐετε.

2131 1691 2291 1753 Τίνος
2320 1686 2413 1743 οὖν
2438 1689 2626 1741 ἕνεκεν
2665 1688 2897 1759 ἄρχεται
2930 1687 3032 1757 τῆς
3060 1687 3419 1758 προφητείας,
3455 1687 3645 1755 λέγων

383 1786 440 1830 ιιι
469 1792 527 1831 se
550 1777 718 1831 armis
745 1776 1069 1832 induerent?
1097 1787 1151 1831 et
1175 1787 1430 1832 accurate
1452 1777 1712 1845 exprimit
1735 1777 1957 1831 univer-

2063 1780 2526 1844 καθοπλίςεσθαις
2591 1781 2686 1832 καὶ
2737 1779 2876 1849 μετά
2932 1778 3137 1849 πολλῆς
3188 1777 3290 1845 τῆς
3349 1778 3647 1848 ἀκριϐείας

382 1885 499 1923 sam
532 1883 717 1923 eorum
748 1880 1082 1924 armaturam
1120 1870 1230 1924 fere
1266 1871 1439 1924 instar
1470 1872 1757 1925 ductorum
1788 1884 1953 1924 exer-

382 1964 544 2024 citus,
580 1960 673 2030 qui
725 1961 928 2016 milites
960 1964 1027 2014 ad
1076 1976 1313 2031 pugnam
1365 1962 1645 2015 instruunt
1675 1970 1731 2015 et
1765 1961 1959 2015 cohor-

385 2053 599 2107 tantur?
632 2053 714 2107 An
743 2068 873 2109 vero
902 2055 1017 2109 haec
1049 2054 1255 2109 ironice
1280 2052 1508 2124 profert.

454 2237 618 2290 Vlns.
648 2238 702 2291 5.
724 2238 861 2302 Quia
886 2237 1071 2308 fortes.

457 2330 614 2395 Vide,
644 2333 862 2386 modum
892 2332 1057 2386 etiam
1088 2333 1207 2388 belli
1235 2334 1389 2400 quasi
1414 2347 1653 2405 przescns
1681 2331 1961 2401 prosequi-

387 2432 493 2484 tur,
528 2423 795 2490 quomodo
827 2424 1128 2491 capientur.

456 2514 621 2569 Vsus.
654 2514 707 2569 6.
742 2513 864 2569 Non
888 2516 1080 2586 fugiat.

456 2606 574 2662 Non
629 2608 823 2678 pedum
872 2611 1148 2677 celeritas,
1187 2627 1293 2667 non
1355 2611 1603 2681 corporis
1638 2613 1821 2675 robur,
1858 2626 1961 2664 nec

384 2696 677 2764 quidquam
705 2697 850 2753 aliud
880 2700 1121 2768 prodest,
1157 2716 1280 2755 cum
1310 2702 1492 2756 omnia
1543 2701 1816 2767 deficiant,
1857 2701 1959 2755 nisi

384 2784 525 2840 adsit
550 2786 642 2841 Dei
667 2789 946 2845 auxilium.

457 2966 622 3022 Vens.
654 2966 707 3021 7.
738 2965 867 3033 Qui:
905 2977 981 3023 est
1006 2970 1103 3023 iste
1135 2971 1225 3040 qui
1252 2942 1406 3040 quasi
1426 2973 1643 3041 ﬂumen.

455 3056 573 3111 Non
627 3066 835 3112 tantum
890 3069 1113 3129 propter
1157 3075 1346 3116 eorum
1409 3063 1813 3117 multitudinem
1865 3079 2031 3156 eosc

2062 1874 2244 1927 ἔπεισι
2292 1873 2392 1943 τὴν
2425 1872 2641 1926 ὅπλισιν
2685 1871 2868 1925 αὐτῶν
2908 1872 3124 1935 πᾶσαν,
3172 1870 3460 1939 μονονουχὶ
3511 1870 3647 1931 τοὺς

2064 1966 2403 2038 στρατηγοὺς
2438 1962 2777 2034 μιμούμενος
2824 1962 2951 2026 τοὺς
2994 1962 3230 2030 ἄγοντας
3263 1962 3347 2024 εἰς
3378 1961 3642 2031 πόλεμον,

2062 2058 2157 2111 καὶ
2212 2054 2798 2125 παρακελευομένους;
2831 2054 2953 2124 ἦτοι
3000 2052 3433 2124 εἰρωνευόμενος
3479 2050 3647 2104 τοῦτό

2064 2166 2222 2219 φησα

2133 2240 2288 2292 Διότι
2320 2241 2374 2292 οἱ
2399 2238 2659 2305 ίσχιιροί.

2135 2330 2300 2398 Ὅρα,
2328 2328 2538 2381 καὶτὸν
2562 2326 2762 2397 τρόπον
2807 2326 2956 2396 λέγει
3007 2326 3102 2380 τοῦ
3159 2326 3420 2396 πολέμου,
3451 2327 3650 2398 ὥσπερ

2062 2423 2276 2493 παρὼν,
2306 2421 2413 2474 τίνι
2447 2420 2636 2491 τρόπῳ
2659 2419 2981 2475 ἁλώσονται.

2134 2513 2230 2582 Μὴ
2271 2513 2555 2584 φευγέτω.

2133 2602 2269 2657 Οὔτε
2313 2604 2490 2656 ποδῶν
2519 2602 2779 2673 ταχύτης,
2816 2601 2939 2655 οὔτε
2988 2600 3242 2671 σώματος
3290 2602 3462 2671 ἰσχὺς,
3512 2600 3646 2655 οὗτε

2064 2693 2191 2746 ἄλλο
2247 2693 2404 2747 οὐδὲν
2457 2691 2679 2761 ὠφελεῖ,
2730 2691 2949 2744 πάντων
3005 2690 3489 2761 περιϐεϐλημένων
3524 2689 3646 2763 [ἷσ.

2063 2781 2577 2854 ἁποὸεὸλημένων],
2615 2783 2662 2834 εἰ
2717 2782 2792 2852 μὴ
2826 2780 3099 2853 πάρεστιν
3124 2782 3157 2851 ἡ
3187 2780 3282 2834 τοῦ
3311 2780 3450 2834 Θεοῦ
3509 2780 3652 2852 βοη-

2064 2876 2206 2929 θεια.

2140 2967 2234 3031 Τίς
2250 2959 2428 3031 οὗτος
2456 2965 2536 3030 ὡς
2559 2966 2847 3033 ποταμός.

2135 3059 2209 3112 Οὐ
2238 3058 2326 3110 διὰ
2367 3058 2427 3110 τὸ
2464 3057 2693 3128 μέγεθος
2736 3057 2831 3109 καὶ
2883 3056 3045 3127 μόνον
3099 3056 3282 3109 αὐτῶν
3320 3055 3399 3127 τῷ
3461 3056 3653 3127 Νείλῳ

385 3146 505 3200 Nilo
535 3159 833 3219 comparat,
877 3151 970 3205 sed
1006 3152 1171 3206 etiam
1219 3154 1359 3222 quod
1413 3155 1617 3209 scirent
1648 3154 1869 3216 ﬂumen.
1901 3166 1957 3210 et

2065 3150 2431 3223 παραϐάλλει,
2468 3150 2604 3203 ἀλλὰ
2643 3151 2736 3203 καὶ
2763 3150 2851 3204 διὰ
2879 3150 2940 3203 τὸ
2972 3150 3169 3204 εἰδέναι
3192 3150 3393 3213 αὐτοὺς
3422 3148 3514 3202 τὸν
3547 3167 3651 3201 πο-

385 3240 722 3295 subitaneum
771 3241 891 3307 ejus
936 3241 1366 3307 incrementum;
1416 3255 1470 3298 et
1518 3246 1810 3299 ostendite
1849 3248 1958 3301 Deo

384 3342 756 3401 comparatum
782 3332 1010 3400 bellum;
1050 3350 1175 3388 nam
1200 3347 1256 3391 et
1283 3334 1477 3391 ﬂuvius
1510 3336 1771 3392 divinitus
1799 3352 1959 3405 auge-

389 3432 496 3476 ltll'.

459 3515 618 3569 Vens.
656 3515 743 3572 10.
781 3515 1007 3573 Victima
1039 3519 1199 3574 enim.

454 3608 524 3664 Ut
557 3611 872 3664 ostenderet
912 3626 1075 3679 quam
1121 3612 1230 3666 Deo
1258 3619 1470 3679 gratum
1501 3620 1647 3666 esset
1675 3612 1796 3677 hoc,
1826 3612 1959 3667 nihil

386 3703 695 3757 humanitus
720 3703 797 3759 iit.
831 3703 1085 3773 Alioquin
1123 3703 1471 3773 accingimini
1508 3719 1600 3759 vos
1638 3724 1651 3758 :
1699 3721 1802 3759 non
1835 3721 1961 3775 pru-

387 3794 576 3859 hibeo;
610 3800 668 3847 ut
715 3794 975 3850 noveritis
1005 3795 1209 3850 frustra
1261 3810 1383 3851 esse
1438 3796 1549 3852 Deo
1591 3797 1789 3852 bellum
1821 3798 1959 3851 iudi-

384 3899 531 3938 cere.

458 3974 621 4030 Vnus.
663 3977 747 4030 11.
778 3978 1011 4032 Ascende
1034 3976 1262 4041 Galaad,
1289 3987 1498 4032 etsume
1521 3978 1743 4031 resinam
1771 3979 1961 4047 virgini

382 4068 511 4135 ﬁliae
547 4067 785 4137 Egypti.
842 4068 910 4124 In
958 4087 1145 4125 vanum
1208 4071 1570 4140 multiplicaui
1614 4072 1960 4125 medicamina

387 4174 502 4213 tua.
546 4156 763 4212 Ulilitas
793 4176 894 4212 non
931 4171 1003 4214 est
1036 4163 1093 4215 in
1116 4172 1185 4216 te.

460 4248 572 4303 lloc
599 4257 699 4312 est,
729 4258 786 4303 et
818 4259 873 4303 tu
910 4266 1012 4303 una
1048 4267 1170 4305 cum
1203 4252 1423 4323 reliquis
1463 4269 1618 4324 opem
1672 4254 1814 4310 feres
1859 4256 1957 4311 illi.

387 4342 590 4398 Galaad
616 4340 762 4395 enim
796 4340 1071 4397 lsraelitas
1111 4354 1405 4413 nuncupat,
1439 4361 1502 4401 ex
1550 4346 1668 4403 loco
1716 4348 1936 4403 nomine

2060 3239 2255 3309 ταμὸν,
2287 3240 2382 3294 καὶ
2428 3238 2528 3309 τὴν
2556 3239 2777 3309 ιάθρόαν
2836 3241 3019 3309 ὁρμήν
3051 3255 3065 3267 ·
3121 3241 3215 3292 καὶ
3258 3238 3495 3303 δεικνὺς,
3555 3240 3651 3292 ὅτι

2063 3334 2212 3405 παρὰ
2242 3334 2337 3386 τοῦ
2366 3331 2501 3385 Θεοῦ
2528 3333 2561 3402 ἡ
2591 3332 2896 3404 στρατηγία
2923 3349 2937 3364 ·
2979 3333 3076 3386 καὶ
3127 3332 3238 3404 γάρ
3286 3333 3500 3395 ἐκεῖνος
3534 3332 3650 3385 ὑπὸ

2061 3426 2197 3480 Θεοῦ
2238 3425 2418 3490 αὔξει.

2132 3519 2261 3571 Ὀτι
2287 3517 2491 3573 θυσία.

2133 3611 2254 3664 Ἵνα
2283 3610 2453 3682 δείξῃ,
2491 3610 2609 3674 πῶς
2633 3609 2921 3681 εὐφραίνει
2952 3608 3043 3662 τὸν
3071 3608 3203 3661 Θεὸν
3261 3607 3323 3661 τὸ
3371 3609 3637 3679 πρᾶγμα,

2061 3701 2213 3755 οὐδὲν
2263 3700 2607 3771 ἀνθρώπινον
2654 3701 2931 3770 γίγνεται.
2959 3700 3118 3754 Ἐπεὶ
3153 3697 3648 3769 παρασκευάζεσθε

2062 3794 2241 3863 ὁμεῖς,
2261 3793 2414 3846 οὐδὲν
2443 3793 2661 3861 κωλύω,
2691 3795 2779 3847 ἵνα
2814 3794 3049 3865 μάθητε,
3102 3792 3165 3846 τὸ
3222 3793 3330 3863 πρὸ
3378 3792 3473 3847 τὸν
3502 3792 3645 3845 Θεὸν

2062 3885 2322 3955 πολεμεῖν
2352 3886 2628 3956 περιττόν.

2146 3980 2424 4047 Ἀνάόηθι
2447 3980 2715 4045 Γαλαὰδ,
2750 3980 2849 4034 καὶ
2876 3982 3024 4035 λάϐε
3061 3982 3322 4049 ῥητίνην
3373 3977 3650 4046 παρθένῳ

2062 4072 2304 4140 θυγατρί
2331 4072 2650 4139 Αἰγύπτου.
2688 4073 2791 4139 Εἰς
2820 4072 3001 4126 κενὸν
3044 4071 3397 4139 ἐπλήθυνας
3424 4069 3650 4139 ίάματά

2062 4173 2202 4213 σου.
2236 4159 2512 4228 Ὠφέλειιι
2545 4163 2655 4214 οὐκ
2688 4164 2819 4214 ἐστι
2840 4177 2961 4215 σοι.

2133 4252 2415 4313 Τουτέστι,
2454 4250 2787 4321 Σύμπραξον
2813 4252 2951 4322 αὐτῇ
2984 4252 3081 4303 καὶ
3115 4252 3177 4304 σὺ
3208 4250 3352 4321 μετὰ
3383 4250 3492 4303 τῶν
3523 4250 3645 4303 λοι-

2064 4341 2202 4395 πῶν.
2233 4341 2446 4396 Γαλαὰδ
2476 4341 2584 4412 γάρ
2618 4344 2744 4405 τοὺς
2784 4342 3131 4413 Ἰσραηλίτας
3178 4340 3352 4410 λέγει,
3403 4341 3518 4396 άπὸ
3543 4341 3645 4394 τοῦ

388 4436 587 4491 accolis
612 4437 737 4490 dato
767 4454 780 4490 :
815 4445 935 4490 erat
959 4445 1015 4489 et
1043 4438 1388 4491 sacerdotum
1412 4439 1626 4505 civitas,
1662 4442 1802 4495 unde
1833 4442 1910 4495 ait
1943 4458 1956 4495 :

2069 4436 2236 4488 τόπου
2260 4434 2534 4504 ὀνομάσας
2562 4434 2689 4497 τοὺς
2724 4434 3096 4499 ἐνοικοῦντας.
3124 4430 3232 4488 Ἦν
3256 4435 3312 4488 δὲ
3335 4437 3427 4489 καὶ
3450 4435 3648 4505 ἱερέων

391 4530 553 4582 Sume
574 4529 821 4595 resinam,
853 4527 956 4583 hoc
982 4537 1090 4595 est,
1120 4528 1495 4598 emplastrum.
1520 4531 1599 4587 Ac
1623 4533 1667 4586 si
1714 4534 1917 4588 diceret
1943 4551 1957 4588 :

389 4621 852 4687 Quemadmodum
882 4621 1012 4675 olim
1048 4623 1214 4676 Deum
1246 4622 1433 4678 colens
1463 4624 1658 4694 populo
1694 4640 1849 4695 opem
1881 4624 1962 4680 fe-

392 4714 548 4768 rebas
575 4729 670 4783 per
703 4713 1092 4779 sacerdotium,
1117 4714 1195 4768 sic
1221 4730 1385 4783 nunc,
1415 4731 1538 4771 cmn
1569 4717 1752 4786 iniqua
1778 4733 1959 4787 geras,

390 4804 699 4860 vulneratos
728 4803 782 4858 in
819 4804 961 4860 bello
1010 4804 1282 4859 medicare
1319 4805 1403 4860 fac
1428 4806 1627 4861 valeas.
1682 4804 1961 4877 lmprope-

393 4896 581 4951 rabant
611 4895 757 4949 enim
793 4895 899 4950 illis
941 4911 1085 4965 saepe
1113 4896 1166 4949 in
1210 4896 1410 4965 praeliis
1432 4913 1553 4952 cum
1589 4898 1836 4954 hostibus
1867 4899 1960 4952 ha-

392 4986 519 5042 bitis
552 4987 776 5042 salutem
816 5001 911 5041 eos
940 4988 1163 5057 adeptos
1194 4988 1263 5041 ob
1301 4990 1705 5056 prophetarum,
1760 4990 1851 5057 qui
1888 4986 1961 5042 ibi

392 5079 727 5144 habitabant,
759 5079 971 5144 merita,
1002 5094 1065 5135 ac
1098 5082 1142 5135 si
1178 5081 1387 5135 diceret
1416 5099 1429 5135 :
1469 5080 1626 5135 Nunc
1653 5094 1772 5149 qua:
1799 5080 1963 5150 impie

393 5171 530 5240 agis,
571 5170 836 5226 idolorum
871 5181 1022 5226 utere
1055 5171 1259 5225 auxilio
1294 5171 1345 5224 in
1387 5172 1547 5227 rebus
1579 5171 1960 5241 prmsentibus,

393 5272 448 5316 et
476 5262 739 5319 auxiliare
760 5260 1035 5334 Egyptio,
1063 5278 1224 5331 quem
1260 5268 1452 5320 ducem
1485 5262 1749 5334 sequeris.

466 5445 580 5503 Hoc
609 5453 774 5505 etiam
820 5452 1023 5507 ironice
1064 5452 1160 5507 ait.
1187 5450 1321 5506 Nam
1347 5451 1605 5521 quidquid
1644 5453 1963 5521 tentaveris,

398 5545 452 5591 et
478 5553 827 5609 quoscunque
853 5544 1146 5599 auxiliares
1173 5542 1478 5605 vocaveris,
1508 5540 1668 5596 inane
1690 5542 1813 5595 erit.

474 5625 636 5684 Vna.
669 5631 756 5684 12.
787 5633 924 5697 Quia
965 5646 1224 5705 pugnator
1249 5639 1495 5689 adversus
1525 5645 1886 5703 pugnatorem.

469 5712 584 5770 Hoc
615 5727 719 5785 est,
752 5728 804 5773 ct
833 5721 1147 5781 auxiliarius
1177 5735 1229 5780 ct
1264 5727 1509 5795 princeps
1536 5728 1587 5780 in
1625 5726 1849 5792 idipsum
1887 5740 1967 5777 ce-

2066 4528 2242 4592 πόλις,
2273 4527 2355 4580 διό
2382 4542 2550 4597 φησι·
2606 4526 2763 4581 Λάϐε
2777 4528 3057 4595 ῥητίνην,
3091 4527 3397 4591 τουτέστιν,
3430 4527 3647 4596 ἐμπλα-

2067 4636 2246 4690 στρον.
2285 4620 2402 4673 Ἵνα
2436 4618 2566 4689 εῖπη
2588 4658 2602 4683 ,
2639 4620 2730 4684 Ὠς
2755 4621 2922 4674 πάλαι
2953 4619 3256 4673 εὐσεϐοῦσα
3288 4619 3532 4690 ὲ6οήθεις
3559 4620 3646 4690 τῷ

2065 4710 2176 4782 λαῷ
2203 4711 2291 4764 διά
2319 4712 2422 4781 τῆς
2449 4712 2749 4782 ίερατείας,
2783 4713 2926 4766 οὕτω
2962 4711 3057 4765 νῦν
3102 4711 3495 4783 παρανομοῦσα
3545 4712 3645 4764 δυ-

2066 4803 2256 4874 νήθητι
2279 4803 2532 4858 ἰάσασθαι
2553 4805 2679 4869 τοὺς
2697 4823 2724 4857 τ
2733 4803 3205 4875 ραυματισθέντας
3223 4806 3281 4857 ὲν
3303 4804 3381 4875 τῷ
3398 4805 3643 4876 πολέμῳ-

2066 4895 2340 4961 ὠνείδιζον
2369 4896 2426 4949 δὲ
2455 4897 2665 4961 αὐτοῖς,
2690 4896 2765 4959 ὡς
2801 4894 3063 4958 πολλάκις
3097 4896 3187 4949 διὰ
3210 4896 3507 4967 προφητῶν
3530 4897 3645 4949 τῶν

2067 4988 2254 5042 αὐτόθι
2280 4988 2682 5042 κατοικούντων
2726 4987 2828 5057 τῆς
2883 4988 3164 5058 σωτηρίας
3204 4987 3545 5053 ἀξιωθέντων
3579 4989 3643 5041 ὲν

2063 5084 2187 5143 ταῖς
2204 5081 2338 5153 πρὸς
2361 5082 2488 5144 τοὺς
2514 5081 2796 5147 ἐναντίους
2836 5082 3059 5152 μάχαις.
3096 5082 3215 5134 Ἵνα
3243 5080 3394 5151 εἴπῃ,
3418 5081 3497 5133 ὅτι
3524 5078 3643 5132 Νῦν

2066 5173 2361 5235 ἁσεὸοῦσα,
2401 5172 2606 5243 χρῆσαι
2661 5174 2725 5225 ὲκ
2769 5175 2868 5243 τῆς
2909 5174 3019 5227 τῶν
3066 5172 3303 5229 εἰδώλων
3344 5173 3642 5242 συνεργίας

2065 5268 2179 5327 τοῖς
2207 5264 2614 5335 προκειμένοις,
2649 5265 2747 5318 καὶ
2790 5264 3060 5335 βοήθησον
3104 5264 3183 5336 τῷ
3234 5264 3537 5333 Αἰγυπτίῳ,
3581 5263 3644 5318 ὃν

2070 5354 2379 5425 προστάτην
2408 5356 2517 5425 ἡγῇ
2529 5392 2542 5405 .

2142 5446 2253 5498 Καὶ
2279 5445 2443 5497 τοῦτο
2493 5446 2923 5517 εἰρωνευόμενος
2952 5464 2966 5477 ·
3005 5449 3087 5502 ὅτι
3140 5448 3241 5501 ὃσα
3274 5446 3339 5501 ἂν
3385 5448 3643 5517 ποιήσῃς.

2071 5537 2162 5590 καὶ
2197 5539 2517 5606 συμμάχους
2548 5538 2707 5601 ὅσους
2762 5539 2827 5593 ἂν
2862 5540 3120 5613 καλέσῃς,
3160 5540 3336 5592 ταῦτα
3386 5538 3640 5608 περιττά.

2144 5630 2273 5681 ’Ότι
2302 5628 2581 5698 μαχητὴς
2616 5632 2765 5698 πρὸς
2785 5632 3069 5700 μαχητὴν
3098 5632 3428 5700 ἠσθένησε.

2146 5719 2428 5787 Τουτέστι,
2461 5722 2554 5775 καὶ
2576 5724 2603 5775 ὁ
2643 5721 2950 5795 σύμμαχος,
2979 5725 3071 5778 καὶ
3103 5722 3395 5790 ὀέξαρχος,
3428 5717 3527 5776 ἐπὶ
3568 5717 3637 5771 τὸ
