4058 6212
369 307 503 364 ιοιιι

1469 300 1897 358 FRAGMENTA
1935 300 2001 355 IN
2040 300 2410 357 JEREMIAM.

3478 310 3617 365 ιοενι

356 422 503 475 αὐτὸ
548 417 780 472 ἔπεσον
827 415 1172 485 ἀμφότεροι·
1208 416 1297 470 ἵνα
1336 416 1490 487 εἴπῃ,
1552 413 1743 476 Οὐδεὶς
1774 430 1931 485 περιρ

2041 414 2281 467 ciderunt
2324 416 2553 483 utrique.
2586 413 2754 481 Quasi
2779 400 2991 473 diceret
3024 434 3037 471 :
3070 416 3259 475 Nullus
3294 431 3362 475 ex
3411 422 3493 475 his
3521 427 3611 491 qui

354 516 582 585 ελείφοη
605 515 714 567 τῶν
740 517 881 584 μετὰ
909 515 1004 566 τοῦ
1028 511 1243 581 Νεχαὼ.
1281 511 1425 575 Ἕως
1451 510 1640 562 τούτου
1666 514 1734 562 τά
1765 509 1935 562 πάλαι

356 608 623 681 διηγητά,
662 609 759 661 καὶ
802 608 990 661 λοιπὸν
1022 607 1254 678 ἄρχεται
1306 605 1410 675 τῆς
1456 603 1576 657 κατ’
1617 603 1934 671 Αἰγυπτίων

356 703 624 772 ὁράσεως.

428 792 502 844 Τὸ
538 788 789 858 διάδηλον
810 788 913 858 τῆς
943 788 1253 859 συμφορᾶς,
1286 787 1368 840 ὅτι
1416 786 1726 857 ὴσθένησαν
1780 785 1838 837 ἐν
1866 785 1932 854 τῇ

355 883 693 955 παρατάξει.

428 978 761 1042 Ἐπίστηθι,
824 972 921 1026 καὶ
972 971 1299 1039 sto/Macr
1334 969 1587 1039 σεαυτῇ,
1654 969 1745 1023 ὅτι
1790 984 1932 1022 κατ-

356 1070 541 1139 έφαγε
559 1066 825 1138 μάχαιρα
854 1064 969 1131 τὴν
997 1061 1268 1132 σμίλακά
1292 1079 1432 1118 σου.

432 1158 714 1220 Ίόυτέστι,
756 1156 853 1225 τὴν
899 1155 1131 1225 δύναμίν
1187 1172 1305 1216 σου,
1346 1154 1378 1223 ἢ
1431 1154 1531 1223 τὴν
1584 1150 1887 1219 ἀσφάλειαν
1916 1164 1930 1179 ·

360 1253 631 1322 ἐχρήσατο
661 1247 716 1299 δὲ
752 1246 1058 1317 μεταφορᾷ.
1111 1244 1320 1314 Σμίλαξ
1368 1243 1476 1312 γάρ
1516 1241 1728 1296 ἇκανΘά
1779 1240 1928 1292 ἐστιν

361 1347 454 1396 ἐπὶ
484 1342 617 1394 πολὺ
643 1338 1020 1407 ἐκτεινομένη,
1115 1337 1412 1407 κέχρηνται
1434 1333 1671 1403 μάλιστα
1718 1331 1775 1383 ὲν
1822 1331 1935 1392 τοῖς

361 1436 576 1505 ἀγροῖς,
601 1432 651 1484 οἱ
688 1429 979 1500 φραγμοὺς
1011 1426 1314 1488 ποιοῦντες,
1350 1425 1438 1477 διὰ
1470 1423 1530 1475 τὸ
1575 1421 1936 1493 περιπλοκαῖς

363 1523 667 1595 κεχρῆσθαι
692 1519 937 1583 πολλαῖς,
974 1519 1070 1572 καὶ
1102 1518 1325 1587 ἀσφαλῆ
1349 1516 1439 1570 τὸν
1472 1514 1729 1586 φραγμὸν
1766 1511 1935 1582 me-

364 1618 422 1682 ζε
433 1619 572 1670 σθαι.

435 1709 560 1760 Ὅτι
590 1707 871 1775 κατέφαγε
901 1704 1151 1775 μάχαιρα
1179 1701 1276 1772 τὴν
1312 1699 1553 1771 σμίλακά
1578 1714 1700 1748 σου-
1736 1695 1934 1767 βοτάνη

362 1798 478 1850 ἐστὶ⁸
518 1796 694 1849 πάντα
729 1794 1184 1863 κατατρώγουσα.

435 1887 600 1941 Διατί
633 1886 860 1955 ἔφυγεν
899 1886 929 1937 ὀ
961 1885 1196 1953 μόσχος
1228 1898 1344 1935 σου
1369 1883 1401 1933 ὀ
1439 1878 1758 1943 ἐκλεκτός;

447 1977 534 2039 Ὠς
574 1976 711 2046 πρὸς
748 1973 1040 2035 Ἰουδαίους
1085 1972 1257 2040 λέγει.
1292 1971 1510 2040 Μόσχον
1563 1969 1618 2022 δε
1658 1969 1806 2035 λέγει
1846 1967 1936 2019 τὸν

363 2068 683 2136 Αἰγύπτιον,
719 2065 794 2128 ὡς
822 2065 1064 2135 ἰσχυρόν.
1097 2063 1317 2131 Ἐπειδὴ
1363 2060 1622 2130 τοιαύτην
1660 2062 1793 2132 περὶ
1841 2058 1937 2111 αὑ-

362 2160 458 2213 τοῦ
480 2159 576 2229 τὴν
608 2156 876 2227 ὑπόληψιν
908 2152 1078 2227 εἶχον.
1101 2151 1233 2207 Εἶτα
1257 2155 1289 2224 ἡ
1325 2152 1473 2207 αἰτία
1497 2169 1511 2183 ο

439 2253 559 2305 Οὐκ
587 2252 844 2319 ἔμεινεν,
870 2249 958 2301 ὅτι
987 2248 1199 2316 Κύριος
1223 2245 1573 2314 παρέλυσεν
1605 2244 1815 2298 αὐτόν.

437 2344 512 2399 Οὐ
539 2344 645 2413 γάρ
662 2343 727 2412 τῇ
751 2339 845 2393 τοῦ
866 2339 999 2392 Θεοῦ
1023 2340 1295 2412 ἀποφάσει
1336 2338 1568 2409 ἠδύνατο
1596 2336 1933 2405 ἀντιστῆναι.

446 2525 506 2579 Ὅ
528 2524 781 2595 βασιλεύς
844 2540 960 2586 σου,
1002 2520 1369 2591 ἀληθέστερον
1416 2519 1472 2571 δὲ
1520 2520 1548 2570 ὁ
1596 2519 1719 2583 Θεὸς
1767 2521 1938 2588 Αἰγυ-

369 2616 560 2682 πτίων,
596 2618 625 2668 ὁ
644 2618 811 2678 "Am;
836 2630 849 2644 '
884 2614 1026 2668 οὕτω
1055 2614 1163 2682 γὰρ
1192 2613 1419 2664 ἐκάλουν
1437 2612 1528 2663 τὸν
1560 2611 1781 2682 μόσχον,
1813 2613 1941 2681 ἀχυο

371 2710 608 2779 ροφάγον
638 2707 767 2761 ὄντα
797 2707 889 2760 καὶ
912 2706 1044 2758 Θεὸν
1080 2703 1460 2773 νομιζόμενον.

439 2800 745 2864 Ἕκαστος
776 2797 927 2864 πρὸς
955 2800 1061 2849 τὸν
1112 2795 1384 2861 πλησίον
1422 2792 1610 2845 αὑτοῦ
1652 2792 1938 2856 ἐλάλουν,

367 2889 465 2943 καὶ
504 2885 698 2942 εἶπονο
747 2886 1138 2955 Ἀναστῶμεν,
1164 2887 1261 2939 καὶ
1295 2885 1764 2954 ἀναστρέψωμεν
1794 2888 1942 2953 πρὸς

364 2982 471 3035 τὸν
501 2980 656 3035 λαὸν
690 2978 860 3049 ἡμῶν
879 2979 993 3033 ἀπὸ
1020 2977 1347 3046 προσώπου
1386 2978 1687 3046 μαχαίρας
1724 2977 1941 3045 Ἐλλη-

366 3073 563 3142 νικῆς.

437 3169 531 3234 Τὸ,
581 3168 861 3233 ἕκαστος,
928 3165 1207 3231 τουτέστι,
1281 3165 1390 3217 τῶν
1443 3166 1767 3236 συμμάχων.
1824 3167 1939 3220 Ἵνα

367 3261 519 3330 εῐπη·
555 3261 621 3311 Ἐ
634 3276 840 3327 γνωσαν
870 3260 991 3311 τότε
1022 3259 1199 3327 μάτην
1229 3257 1648 3326 ἐπικουροῦντες
1681 3258 1756 3324 τῷ
1777 3260 1942 3325 Λίγυ-

366 3352 527 3420 πτίῳ.
552 3351 625 3404 Τὸ
643 3352 719 3414 δὲ,
741 3351 860 3405 ἀπὸ
882 3348 1207 3418 προσώπου
1226 3349 1525 3416 μαχαίρας
1550 3347 1938 3415 Ἑλληνικῆς,

369 3442 467 3493 οὐκ
499 3441 673 3504 ἄλλως
708 3441 819 3513 [ϊσ.
885 3442 945 3493 οὐ
995 3440 1202 3511 καλῶς]
1264 3442 1632 3511 ἡρμήνευται.
1719 3441 1776 3492 Ὀ
1834 3441 1942 3509 γὰρ

380 3531 629 3601 Ἐϐραῖος
659 3531 832 3594 οὕτως
867 3532 1014 3600 ἔχει·
1060 3532 1204 3584 Ἀπὸ
1239 3534 1541 3599 μαχαίρας
1594 3529 1797 3595 ὀξείας
1843 3530 1942 3582 καὶ

368 3623 658 3691 σφοδρᾶς.
694 3624 883 3674 Ἔστιν
909 3623 966 3675 δὲ
1007 3622 1289 3675 κάν-ταῦοα
1331 3622 1437 3674 ἀπὸ
1472 3622 1575 3690 τῆς
1620 3621 1941 3689 ἐπωνυμίας

370 3714 404 3780 ἠ
438 3711 707 3781 ὲναλλαγὴ
745 3710 845 3779 τῆς
873 3711 1191 3780 ἑρμηνείας.
1219 3710 1292 3761 Τὸ
1343 3709 1449 3778 γάρ
1500 3709 1793 3761 Ἰωάνναν
1843 3726 1941 3779 ση-

372 3803 554 3870 μαίνει
589 3802 914 3867 Ἕλληνες,
944 3798 1131 3869 ἐπειδὴ
1170 3798 1278 3851 ἀπὸ
1306 3798 1499 3849 τούτου
1539 3800 1747 3860 Ἴωνες.
1790 3798 1864 3850 Τὸ
1884 3799 1941 3851 δὲ

370 3892 513 3947 Mira
538 3893 797 3963 σημαίνει
830 3893 889 3943 τὸ
920 3890 1031 3955 ὀξὺ
1062 3892 1157 3943 καὶ
1211 3890 1515 3958 τμητικόν.
1552 3889 1684 3940 Ἀπὸ
1712 3884 1805 3941 οὖν
1842 3890 1943 3958 τῆς

366 3984 705 4054 ὁμοιότητος,
736 3985 856 4036 ἀντὶ
884 3983 999 4045 τοῦ,
1025 3983 1335 4051 Μαχαίρας
1377 3980 1599 4045 ὀξείας,
1626 3982 1943 4050 Μαχαίρας

382 4072 745 4142 Ἑλληνικῆς
766 4074 1014 4144 ήρμήνευ
1024 4088 1140 4125 σαν.

439 4166 601 4235 Ὅρα,
632 4165 748 4227 πῶς
782 4164 961 4217 πάντα
999 4161 1246 4233 ἀκριϐῶς
1273 4162 1586 4233 διαγράφει,
1623 4163 1720 4215 καὶ
1772 4162 1945 4217 ἐνδια-

367 4257 546 4329 τρίϐει
584 4258 692 4311 ἀπὸ
713 4257 805 4310 τοῦ
832 4257 1035 4327 σφόδρα
1067 4256 1312 4327 Θαῤῥεῖν.

487 4351 797 4405 Καλέσατε
844 4352 912 4404 τὸ
948 4350 1136 4418 ὄνομα
1174 4349 1383 4419 Φαραὼ
1421 4349 1732 4417 βασιλέως
1771 4350 1945 4420 Αίγύ-

2036 518 2160 556 cum
2211 503 2428 558 Nechao
2466 515 2645 568 erant,
2700 509 2983 561 remansit.
3040 507 3333 580 [lucusque
3380 512 3616 580 antiqua:

2037 597 2406 661 narrationes,
2430 608 2488 651 ct
2526 598 2650 652 hinc
2673 609 2859 653 contra
2882 599 3169 670 Egyptios
3206 602 3431 656 visionis
3462 604 3616 658 ducit

2039 689 2390 757 principium.

2112 778 2294 834 Palam
2326 781 2465 835 facta
2494 781 2795 845 calamitas,
2828 781 2881 837 in
2911 783 3029 838 acie
3054 782 3399 839 defecerunt.

2106 964 2269 1022 Vens.
2305 967 2392 1021 14.
2425 966 2546 1030 Sta,
2586 977 2633 1022 et
2654 985 2896 1037 praepara
2923 970 3041 1038 tibi,
3060 970 3184 1039 quia
3209 972 3612 1041 devoravitgla-

2035 1059 2155 1111 dius
2177 1058 2440 1113 smilacem
2466 1070 2631 1112 tuam.

2111 1149 2378 1204 Virtutem
2410 1159 2555 1203 tuam
2590 1166 2804 1220 nempe,
2837 1151 2917 1206 vel
2948 1153 3294 1206 securitatem
3325 1170 3340 1206 :
3374 1167 3502 1207 usus
3532 1163 3616 1208 est

2040 1252 2219 1297 autem
2249 1245 2587 1313 metaphora.
2617 1243 2820 1297 Smilax
2848 1245 2990 1297 enim
3014 1255 3096 1297 est
3119 1245 3292 1313 spina,
3318 1260 3435 1312 qua:
3463 1246 3616 1299 valde

2038 1334 2372 1397 extenditur,
2404 1350 2580 1404 eaque
2619 1344 2846 1387 utuntur
2880 1336 2971 1405 qui
3024 1351 3184 1399 agros
3230 1337 3450 1405 sepihus
3504 1338 3613 1389 cir-

2038 1427 2315 1487 cumdant,
2347 1426 2592 1495 plurimis
2615 1426 2759 1479 enim
2789 1426 3244 1496 circumplexibus
3271 1437 3415 1482 tutas
3440 1429 3616 1482 reddit

2039 1531 2217 1586 sepes.

2106 1699 2372 1766 Quoniam
2401 1701 2681 1755 devoravit
2708 1702 2916 1773 gladius
2940 1704 3218 1759 smilaccm
3246 1713 3423 1771 tuam;
3451 1706 3616 1761 herba

2039 1803 2121 1846 est
2145 1793 2323 1845 omnia
2357 1796 2671 1847 corrodens.

2109 1883 2270 1937 Vens.
2306 1885 2389 1938 15.
2430 1886 2611 1950 Quare
2632 1888 2765 1956 fugit
2794 1889 2983 1941 vitulus
3020 1899 3140 1940 tuus
3167 1888 3361 1942 electus
3388 1890 3413 1941 Ρ

2121 1977 2198 2029 Ad
2223 1975 2445 2031 Iuda-os
2478 1989 2687 2047 spectat
2711 1980 2796 2035 hic
2830 1995 3028 2034 sermo.
3058 1979 3293 2035 Vitulum
3326 1993 3503 2035 autem
3525 1996 3618 2050 ap-

2039 2067 2203 2135 pellat
2256 2066 2569 2137 IEgyptimn
2623 2068 2698 2122 uti
2759 2070 2985 2134 fortem,
3060 2088 3184 2125 cum
3246 2073 3406 2127 talem
3465 2073 3618 2127 illum

2040 2157 2325 2213 haberent.
2354 2158 2618 2229 Deinceps
2651 2160 2809 2215 all'ert
2844 2164 3109 2216 rationem
3147 2181 3160 2216 :

2117 2251 2153 2303 Λ
2169 2268 2233 2303 οη
2265 2252 2514 2319 perstitit,
2542 2255 2667 2321 quia
2700 2253 2954 2307 Dominus
2998 2254 3239 2308 dissoluit
3267 2270 3407 2309 eum.

2110 2339 2295 2409 Neque
2351 2345 2493 2395 enim
2537 2344 2975 2399 determinationi
3022 2345 3219 2400 divina:
3266 2352 3472 2413 poterat
3529 2361 3618 2399 rec

2039 2433 2258 2487 sistere.

2111 2524 2225 2577 Rex
2263 2534 2405 2590 tuus,
2442 2525 2570 2587 imo,
2594 2523 2726 2592 Apis
2749 2524 3125 2596 .‘Egyptiorum
3153 2527 3323 2593 deus;
3363 2529 3440 2583 sic
3468 2528 3614 2581 enim

2041 2613 2269 2664 vitulum
2305 2614 2566 2666 vocabant
2612 2616 2794 2682 paleas
2838 2617 3240 2680 coinedentcm,
3283 2628 3337 2671 et
3367 2633 3464 2686 pro
3502 2618 3612 2671 Deo

2043 2704 2311 2758 habitum.

2106 2793 2268 2847 Vens.
2314 2794 2401 2849 16,
2439 2792 2804 2865 Unusquisque
2828 2797 2895 2849 ad
2929 2799 3227 2865 proximum
3264 2815 3416 2851 suum
3442 2802 3618 2867 loque-

2044 2888 2255 2949 bantur,
2281 2895 2328 2939 et
2353 2888 2596 2938 dixerunt
2626 2900 2644 2938 :
2681 2886 2994 2956 Surgamus,
3020 2899 3066 2941 et
3089 2900 3413 2942 reuertamur
3433 2894 3501 2941 ad
3521 2907 3617 2957 po-

2042 2977 2223 3045 pulum
2246 2986 2486 3030 nostrum
2512 2994 2542 3029 a
2582 2977 2718 3046 [acie
2741 2977 2907 3046 gladii
2931 2976 3123 3033 Gra'ci.

2119 3164 2487 3234 Unusquisque
2518 3164 2904 3219 {maleratorum
2941 3178 3152 3233 nempe.
3176 3164 3338 3232 Quasi
3363 3165 3570 3221 diceret
3600 3181 3617 3223 τ

2044 3255 2193 3310 Tunc
2220 3257 2417 3310 frustra
2450 3271 2509 3309 se
2547 3253 2819 3327 IEgyptiis
2847 3256 3095 3310 auxiliari
3134 3269 3526 3326 cognoverunt.
3551 3259 3621 3311 ll-

2042 3348 2130 3401 lud
2165 3364 2315 3412 vero,
2349 3367 2378 3400 η
2402 3349 2535 3417 facie
2560 3350 2729 3417 gladii
2763 3347 2954 3414 Gra'ci,
2987 3365 3089 3402 non
3124 3361 3269 3403 recte
3298 3349 3620 3419 interpreta-

2045 3451 2153 3495 tum
2185 3451 2287 3495 est.
2335 3441 2591 3496 Hebraeus
2621 3443 2763 3496 enim
2798 3444 2867 3496 ita
2904 3444 3067 3496 habet
3114 3459 3127 3496 :
3166 3448 3200 3495 Α
3247 3443 3426 3511 gladio
3457 3453 3615 3496 acuta

2041 3542 2086 3585 et
2122 3533 2365 3587 violento.
2418 3532 2587 3586 Porro
2635 3542 2689 3585 et
2722 3533 2808 3587 hic
2863 3534 3142 3586 nominum
3192 3534 3490 3586 similitudo
3537 3534 3620 3585 di-

2042 3626 2353 3678 versitatem
2389 3623 2852 3690 interpretationis
2908 3625 3136 3691 peperit.
3193 3623 3403 3676 Etenim
3441 3621 3616 3674 Joan-

2043 3728 2165 3764 nam
2218 3712 2485 3779 signiﬁcat
2560 3709 2791 3772 Gra'cos,
2839 3727 2959 3764 cum
3015 3714 3080 3764 ab
3136 3711 3237 3763 hoc
3301 3711 3459 3764 Iones
3512 3712 3614 3762 orti

2041 3805 2167 3857 sint.
2221 3803 2363 3856 Jona
2397 3818 2524 3856 vero
2566 3802 2833 3871 signitiCaI
2896 3812 3131 3863 acutum,
3180 3812 3232 3855 et
3270 3803 3462 3855 habens
3514 3803 3617 3855 rint

2040 3895 2253 3947 secandi
2293 3908 2314 3947 :
2354 3910 2382 3946 ιι
2432 3894 2788 3948 similitudine
2828 3895 3007 3963 itaque
3072 3908 3168 3963 pro
3211 3891 3388 3962 gladio
3438 3902 3615 3957 acuto,

2041 3982 2275 4053 gladium
2314 4001 2542 4056 gra'cum
2572 3986 2912 4055 interpretati
2939 3995 3084 4039 sunt.

2113 4163 2275 4231 Vide,
2310 4174 2367 4220 ut
2399 4177 2592 4221 exacte
2626 4167 2807 4221 omnia
2857 4165 3152 4231 describat,
3190 4167 3616 4237 immoretnrque

2042 4254 2182 4323 quod
2219 4257 2525 4311 certissima
2552 4256 2625 4309 illi
2651 4256 2781 4311 sint.

2120 4350 2135 4366 ‘
2162 4344 2323 4400 Vens.
2346 4347 2433 4401 l7.
2461 4346 2657 4401 Vocate
2676 4364 2861 4402 nomen
2882 4346 3181 4402 Pharaonis
3216 4349 3351 4421 regis
3371 4348 3614 4418 /Egypti,

368 4461 520 4499 πτου
547 4484 562 4509 ,
615 4443 819 4498 Σανωὲ
844 4486 860 4510 ,
936 4442 1158 4511 Ὲΰηρὲ,
1214 4445 1497 4512 Ἐλμοὴθ,
1540 4443 1743 4510 καιρὸς
1792 4455 1935 4510 παρ-

2043 4433 2237 4499 Sanoe,
2268 4434 2447 4501 Ebire,
2479 4436 2744 4504 Elmoelli,
2766 4448 2966 4506 tempus
2984 4439 3215 4491 transiit.

365 4536 621 4604 εγενετο.

438 4626 502 4677 Ai
532 4624 704 4691 λέξεις
730 4618 891 4678 αὗται
924 4626 1033 4676 eici.
1067 4625 1166 4694 μὲν
1206 4622 1512 4694 Ἑϐραϊκαῖ.
1563 4624 1862 4695 Ἐρμηνεία
1888 4623 1944 4677 δέ

365 4734 485 4781 πως
515 4712 650 4770 εἶναι
685 4716 833 4769 δοκεῖ
859 4717 967 4769 τῶν
997 4714 1199 4780 λέξεων
1228 4716 1310 4768 τό·
1351 4716 1563 4784 Kmde
1600 4714 1938 4785 ἀπεγένετο.

364 4809 440 4861 Τὸ
468 4809 573 4879 γάρ
595 4808 775 4873 Σαὸν,
798 4803 952 4877 ἦχον
983 4808 1258 4877 σημαίνει,
1297 4807 1478 4869 εἰονεὶ,
1512 4807 1572 4858 τὺ
1594 4807 1939 4872 ἐξάκουστον,

363 4899 461 4953 καὶ
488 4901 819 4969 περίφημον.
845 4898 917 4949 Τὸ
947 4896 1002 4949 δὲ
1035 4895 1231 4964 Ἑϐῆρ,
1263 4894 1588 4963 παρῆλθες.
1622 4896 1694 4948 Τὸ
1709 4896 1766 4948 δὲ
1812 4896 1942 4950 Ἑλ-

356 4986 543 5057 μοὴθ,
586 4987 1013 5056 παραγέγονεν.
1065 4986 1184 5039 ’Ὶνα
1227 4981 1320 5039 οὖν
1364 4986 1514 5050 είπη,
1546 4985 1626 5037 ὅτι
1674 4985 1703 5037 ὁ
1741 4985 1942 5055 Φαραὼ

362 5078 709 5144 ἐξάκουστος,
747 5078 842 5131 καὶ
872 5076 1149 5147 πανταχοῦ
1187 5079 1254 5146 τῇ
1285 5075 1413 5149 δόξῃ
1444 5074 1716 5145 βοώμενος
1736 5116 1750 5141 ,
1785 5069 1942 5139 οὗτος

360 5166 460 5235 τῆς
500 5168 812 5237 προσούσης
833 5166 1057 5232 ἐξέπεσε
1088 5165 1274 5233 τιμῆς,
1305 5167 1399 5216 καὶ
1429 5162 1531 5236 ἧκε
1561 5165 1660 5233 τῆς
1688 5165 1810 5218 κατ’
1840 5168 1938 5218 αὐ-

357 5256 456 5309 τοῦ
487 5258 815 5326 ἀποφάσεως
847 5259 875 5310 ὁ
900 5256 1114 5324 καιρός.
1149 5256 1220 5307 Τὸ
1239 5256 1317 5318 δὲ,
1346 5255 1654 5308 Καλέσατε
1675 5257 1739 5311 τὸ
1752 5257 1941 5326 ὄνομα

358 5347 569 5411 αὑτοῦ,
596 5347 735 5400 κατὰ
762 5346 823 5399 τὸ
848 5347 947 5416 τῆς
970 5345 1116 5407 θείας
1149 5346 1373 5417 Γραφῆς
1422 5346 1636 5415 ἰδίωμα,
1676 5347 1736 5399 τὸ
1769 5348 1941 5419 ὄνομα

359 5440 485 5492 ἀντὶ
513 5440 836 5509 πράγματος
873 5437 1087 5492 ἔλαϐεν.

428 5531 631 5601 Καιρὸς
659 5531 1014 5601 παρεγένετο,
1042 5531 1139 5583 σὺν
1159 5534 1371 5602 ταραχῇ
1387 5527 1538 5602 ἦχος,
1566 5534 1934 5605 παραχθέντα,

362 5622 485 5691 ἦτοι
537 5622 670 5691 περὶ
704 5624 982 5691 συνθήκας
1032 5622 1329 5691 ἀγνώμονα
1381 5625 1547 5677 αὐτόν
1599 5643 1732 5695 φησι
1780 5645 1938 5696 γεγε-

361 5712 573 5779 νῆσθαι.
604 5714 818 5785 ’Ὥσπερ
846 5714 991 5768 ἐστὶν
1017 5714 1046 5765 ὁ
1088 5715 1287 5786 Θαὸὼρ
1319 5719 1375 5771 ἐν
1399 5719 1512 5780 τοῖς
1540 5717 1712 5787 ὄρεσι,
1739 5720 1833 5773 καὶ
1861 5721 1937 5783 ὡς

2120 4618 2395 4674 Dictiones
2460 4620 2542 4673 hac
2570 4632 2691 4675 sunt
2724 4618 3017 4672 llebraicm.
3051 4617 3427 4686 Interpretatto
3489 4633 3618 4675 vero

2045 4710 2342 4763 dictionum
2373 4711 2589 4765 videtur
2615 4708 3013 4780 quodammodo
3037 4723 3158 4763 esse
3193 4710 3322 4764 illud
3351 4727 3364 4763 :
3393 4709 3616 4781 Tempus

2045 4804 2280 4857 transiit.
2316 4803 2527 4857 Etenim
2585 4803 2731 4857 Saon
2785 4820 2970 4857 sonum
3012 4803 3615 4876 signiﬁcat,insigncm

2048 4894 2329 4960 videlicet,
2361 4904 2414 4948 et
2472 4892 2619 4948 lania
2648 4910 2841 4964 magna
2881 4904 3087 4949 notum.
3122 4894 3284 4962 Eber,
3328 4900 3613 4965 transiisti,

2046 4984 2289 5040 Elmoeth
2315 4986 2589 5054 prieteriit.
2617 4983 2695 5039 Ac
2727 4985 2772 5038 si
2806 4986 3033 5051 diceret,
3066 4985 3277 5043 Pharao
3310 4990 3487 5058 magni
3523 5006 3620 5044 no-

2044 5077 2226 5143 minis,
2254 5088 2307 5130 et
2338 5077 2536 5147 ubique
2589 5086 2855 5131 terrarum
2892 5076 3063 5145 gloria
3106 5079 3371 5147 volitans;
3413 5081 3499 5136 hic
3524 5082 3617 5136 de-

2043 5168 2215 5222 bitum
2273 5168 2377 5223 sibi
2435 5169 2698 5223 honorem
2736 5169 2940 5235 amisit,
2977 5180 3031 5223 et
3065 5171 3349 5225 sententia:
3382 5173 3432 5225 in
3492 5188 3613 5227 eum

2042 5258 2163 5314 latae
2196 5269 2403 5329 tempus
2430 5261 2663 5313 advenit.
2696 5259 2888 5313 Vocate
2938 5278 3123 5314 nomen
3154 5263 3289 5331 ejus,
3321 5266 3612 5317 secundum

2041 5353 2237 5408 divina:
2299 5352 2597 5423 Scriptura:
2678 5355 3065 5422 prOprietatem
3147 5371 3343 5410 nomen
3399 5371 3497 5426 pro
3560 5373 3616 5411 re

2040 5445 2288 5514 sumpsit.

2111 5537 2346 5605 Tempus
2379 5538 2620 5603 advenit,
2654 5555 2777 5595 cum
2808 5540 3036 5594 tumultu
3082 5540 3361 5609 strepitus,
3397 5555 3425 5593 a
3464 5552 3613 5595 recto

2040 5628 2371 5693 abductum,
2415 5630 2496 5684 vel
2548 5630 2891 5700 fcedil'ragum
2939 5645 3061 5685 eum
3112 5632 3285 5687 fuisse
3330 5634 3424 5687 ait.
3460 5634 3609 5700 Quod

2040 5728 2124 5775 est
2151 5718 2367 5776 Thabor
2392 5721 2444 5774 in
2483 5722 2775 5790 montibus,
2816 5730 2871 5776 et
2892 5722 3035 5777 sicut
3061 5723 3342 5781 Carmelus
3371 5726 3420 5780 in
3454 5726 3610 5789 mari,
