4054 6216
424 308 562 363 10⁸27

502 434 713 493 "Usus.
742 435 829 491 i8.
868 435 1131 489 Descende
1167 436 1233 488 de
1266 437 1459 505 gloria.

500 528 554 584 Id
588 539 668 583 est
696 543 762 583 ex
799 528 1085 581 altitudine
1111 528 1162 580 in
1182 529 1576 601 pauimentum.

501 622 570 676 Et
599 622 718 676 sede
742 622 795 674 in
823 619 1122 672 humilitate
1152 614 1360 675 sedens.

506 715 578 767 Ita
611 714 753 767 nulla
775 726 837 766 ex
872 722 1021 781 parte
1052 711 1303 766 solatium
1332 712 1465 776 erit;
1493 726 1613 765 cum
1639 711 1840 765 etenim
1863 711 2008 763 Deus

431 801 593 857 inlert
627 804 786 865 mala,
821 816 925 855 non
957 802 1204 870 corporis
1235 801 1421 863 robur,
1454 816 1559 853 non
1592 798 1757 851 animi
1792 797 2009 867 sapien-

431 895 524 956 tia,
547 907 649 945 non
683 887 855 944 ullum
893 894 1035 945 aliud
1069 894 1310 961 prodest.

498 982 664 1037 Vsus.
688 982 883 1044 20,2l.
911 984 1185 1037 Ammntia
1212 984 1267 1035 in
1289 984 1454 1035 Anton
1489 981 1616 1052 quia
1638 982 1788 1048 periit
1824 980 2003 1036 Moab.

400 1070 495 1149 3E1
535 1075 797 1143 judicium
846 1078 982 1129 venit
1026 1076 1080 1127 in
1114 1085 1309 1127 terram
1363 1072 1551 1139 Misor,
1575 1087 1734 1139 super
1762 1070 2003 1137 Cliniam,

425 1178 474 1221 et
506 1183 662 1236 super
694 1167 822 1231 Asa,
857 1175 910 1220 et
939 1182 1061 1235 quae
1088 1171 1414 1232 sequuntur.

496 1258 680 1324 Miser,
715 1258 891 1327 campi
942 1258 1170 1311 scilicet.
1197 1256 1421 1311 Chalom
1454 1271 1605 1321 vero,
1661 1265 1716 1310 et
1770 1255 2005 1323 reliquas

424 1351 671 1404 civitates
699 1358 983 1403 enumerat
1015 1358 1077 1401 ut
1105 1348 1238 1402 sitas
1263 1348 1316 1401 in
1343 1348 1570 1414 campis.

497 1439 664 1493 Vens.
681 1439 773 1493 ‘25.
800 1438 1143 1507 Caufractum
1168 1447 1242 1491 est
1268 1454 1430 1489 cornu
1475 1435 1649 1500 Moab,
1669 1450 1714 1489 et
1734 1437 2004 1492 brachium

424 1529 540 1598 ejus
575 1532 859 1584 contritum
882 1542 978 1593 est,
1022 1533 1094 1583 ait
1123 1531 1397 1584 Dominus.

498 1623 663 1675 Arma
699 1640 890 1693 nempe
925 1638 1045 1691 qute
1075 1638 1185 1691 pra:
1213 1623 1463 1677 manibus
1484 1622 1744 1679 habebat.

496 1719 513 1736 ⁹
544 1714 710 1768 Vens.
740 1714 832 1769 50.
866 1714 987 1768 Non
1024 1714 1183 1783 juxta
1211 1716 1350 1784 quod
1395 1717 1523 1770 satis
1569 1719 1618 1771 ei
1674 1725 1810 1783 erat,
1835 1718 1910 1771 sic
1953 1728 2002 1772 et

425 1807 638 1860 brae/tia
661 1806 828 1862 illius.

500 1898 612 1951 Hoc
640 1907 724 1951 est
756 1908 918 1953 tantae
945 1898 1100 1953 fama:
1141 1897 1278 1953 facta
1311 1915 1413 1953 non
1447 1902 1860 1969 responderunt.
1906 1901 2000 1954 Et-

424 1993 567 2044 enim
604 1974 1021 2044 existimabatur
1073 2005 1195 2045 esse
1231 1989 1423 2057 fortis;
1462 2003 1640 2047 tamen
1697 1994 1748 2046 in
1805 1994 2005 2062 praeliis

424 2096 587 2150 super
608 2082 763 2135 Moab
789 2084 1099 2137 connuissis
1129 2084 1400 2139 imbellem
1424 2101 1484 2139 se
1505 2087 1781 2154 praestitit.

494 2173 658 2228 Vsus.
676 2175 761 2226 5|.
790 2173 1033 2244 Undique
1063 2174 1288 2228 clamate
1315 2192 1472 2244 super
1498 2179 1633 2231 viros
1666 2182 1801 2231 muri
1828 2190 2002 2233 tonsas

423 2268 710 2333 squaloris.

489 2356 661 2425 Super
677 2360 816 2410 viros
841 2358 995 2411 muri.
1022 2356 1212 2412 Fortes
1238 2358 1467 2415 scilicet.
1495 2358 1692 2413 Tonsos
1715 2362 1998 2430 squaloris.

424 2450 540 2504 lloe
569 2459 652 2502 est
686 2450 893 2503 cithara
924 2451 1217 2505 cantionis.
1248 2452 1412 2517 Quasi
1448 2450 1655 2506 diceret
1684 2469 1699 2507 ε
1744 2454 2004 2523 Projicite

423 2558 569 2607 eam,
621 2541 919 2596 eﬂicientes
988 2543 1204 2611 dignam
1267 2558 1434 2612 quam
1499 2544 1762 2615 lncrymis
1814 2563 2000 2616 prose-

424 2644 677 2700 quantur.
700 2632 866 2702 Igitur
889 2633 1067 2687 subdit
1089 2650 1103 2686 :
1124 2632 1190 2685 Et
1208 2646 1417 2686 cantum
1436 2634 1593 2689 dicet.
1616 2637 2005 2706 lntcrpretatus

422 2725 567 2779 etiim
598 2734 682 2778 est
710 2740 723 2777 :
756 2724 952 2778 Tonsos
980 2726 1264 2794 squaloris,
1292 2726 1393 2781 hoc
1418 2737 1500 2782 est
1528 2728 1687 2782 veluti
1714 2729 1763 2783 in
1797 2731 2001 2785 cithara

423 2818 502 2869 sic
535 2817 745 2886 eiulans
787 2832 908 2872 eum
968 2819 1196 2873 melodis
1232 2818 1503 2891 lacrymas
1537 2825 1679 2877 edet.
1739 2823 2004 2894 Deinceps

422 2910 781 2979 subsequens,
834 2913 1030 2965 iterum
1082 2912 1304 2981 inquit:

484 3006 501 3025 '
544 3004 707 3058 Vsus.
731 3006 818 3060 56.
847 3004 1059 3059 Idcirco
1086 3024 1178 3060 cor
1209 3006 1391 3071 Moab,
1417 3009 1570 3078 quasi
1613 3010 1756 3062 tibia:
1799 3010 2002 3064 lumbos

420 3097 532 3150 edet
566 3113 657 3151 cor
702 3112 875 3149 meum
930 3114 1089 3166 super
1148 3101 1291 3154 viros
1322 3101 1460 3153 muri
1523 3100 1805 3169 squaloris,
1848 3105 1999 3171 quasi
2028 3125 2071 3184 ε

422 3187 549 3239 tibia
576 3188 803 3240 sonabit.

495 3274 605 3328 Hoc
626 3287 727 3341 est,
757 3277 904 3329 circa
940 3277 1085 3331 viros
1115 3277 1283 3331 fortes
1316 3295 1329 3331 :
1355 3279 1509 3346 quasi
1536 3279 1763 3335 cithara:
1786 3293 1998 3347 cantus,

422 3365 505 3420 vel
556 3366 807 3419 tibiarum
850 3369 1110 3436 strepitus
1146 3369 1394 3438 planctus
1446 3371 1573 3425 erit.
1616 3370 1873 3427 Hebraeus
1925 3376 2002 3427 sic

424 3456 585 3511 habet
619 3474 632 3509 :
669 3455 734 3509 Et
757 3459 960 3511 sonabit
992 3460 1182 3511 iterum
1218 3476 1374 3528 super
1412 3478 1565 3514 muro
1628 3463 1849 3517 habente
1883 3481 2001 3517 con-

422 3565 607 3602 cursus
640 3548 824 3617 fortes.
874 3548 1085 3603 Murum
1117 3560 1274 3605 vocat
1306 3567 1521 3621 regem;
1564 3569 1872 3619 concursus,
1915 3571 2003 3624 p0-

422 3642 628 3709 pulum,
665 3650 719 3695 et
753 3651 839 3696 est
861 3643 1048 3697 eadem
1080 3646 1349 3699 sententia
1383 3644 1437 3698 in
1458 3655 1715 3716 utroque.

496 3824 657 3878 Vens.
706 3824 794 3878 45.
830 3824 967 3890 Quia
1012 3826 1147 3893 ignis
1178 3843 1413 3896 egressus
1453 3837 1530 3881 est
1573 3828 1636 3881 de
1695 3826 1924 3895 Esebon,
1952 3838 1999 3883 et

420 3915 635 3983 ﬂamma
670 3917 734 3970 de
764 3918 934 3970 medio
973 3915 1123 3981 Sion,
1155 3927 1203 3971 et
1240 3919 1502 3971 decoravit
1534 3919 1792 3988 principes
1818 3918 1995 3974 Moab.

492 4006 589 4061 llis
609 4007 770 4060 dictis
803 4024 931 4064 usus
960 4020 1043 4062 est
1065 4009 1275 4078 Moyses
1306 4009 1371 4072 '°,
1396 4009 1641 4063 indicans
1664 4011 1997 4079 repentinam

421 4096 732 4152 Moabitidis
771 4102 981 4153 ruinam
1020 4101 1087 4153 ab
1149 4102 1233 4154 his
1262 4101 1351 4170 qui
1395 4101 1607 4155 Esebou
1672 4101 1997 4155 incolebant.

421 4190 499 4241 Ac
525 4188 568 4241 si
601 4188 803 4243 diceret
829 4209 842 4245 :
872 4191 1117 4246 Similem
1148 4207 1288 4246 nunc
1318 4192 1653 4262 punitionem
1682 4207 1845 4262 quam
1870 4194 1997 4246 olim

423 4293 679 4348 perpessa
713 4290 819 4343 est,
854 4280 1073 4335 subibit.

494 4371 654 4427 Vsus.
689 4371 778 4426 46.
814 4369 883 4425 Ει
913 4373 1218 4442 perquisivit
1244 4372 1386 4441 ﬁlios
1416 4371 1580 4427 Saon.

494 4465 770 4529 Hebraeus,
794 4474 843 4518 et
868 4464 1026 4518 evasit
1047 4465 1283 4517 dominos
1307 4482 1523 4519 ararum
1540 4483 1559 4532 ;
1576 4465 1693 4520 loco
1711 4467 1851 4521 enim
1871 4481 1998 4519 ara-
2034 4466 2074 4520 Ι)

422 4574 533 4609 Tum
565 4554 711 4611 Saon
740 4556 943 4625 posuit,
970 4569 1094 4607 eum
1122 4569 1259 4622 opus
1284 4565 1429 4609 esset
1462 4571 1662 4625 ponere
1707 4554 1991 4619 Baamotlt,

419 4651 560 4719 quod
596 4664 744 4702 aram
779 4647 1072 4717 signiﬁcat.
1103 4646 1305 4701 Verum
1340 4648 1420 4703 sic
1450 4647 1606 4702 estin
1640 4647 1885 4702 Hebraeo.

1024 4880 1171 4937 CAP.
1210 4878 1397 4933 XLIX.

490 5015 652 5072 Vsus.
693 5017 744 5071 1.
789 5016 1051 5087 Nunquid
1074 5016 1171 5083 ﬁlii
1195 5033 1297 5070 non
1330 5025 1451 5071 sunt
1477 5016 1531 5070 in
1562 5015 1774 5071 Israel?
1806 5017 1883 5072 vel
1906 5018 1997 5088 qui

416 5111 639 5178 accipiat
686 5126 787 5163 non
820 5119 892 5163 est
926 5111 978 5163 in
1018 5109 1145 5163 eis?

490 5203 600 5259 lloc
631 5212 733 5270 est,
764 5198 903 5256 Num
937 5202 989 5256 in
1023 5202 1346 5271 obsequium
1384 5200 1477 5256 Dei
1516 5216 1623 5255 non
1654 5201 1996 5265 habitantur,

417 5305 509 5347 aut
540 5295 688 5349 omni
736 5293 939 5348 auxilio
987 5301 1197 5357 carent,
1249 5300 1309 5346 ut
1365 5300 1556 5346 contra
1598 5290 1872 5347 lsraelitas
1920 5291 1993 5346 ita

1238 314 1800 373 SUPI’LEMENTUM
1841 318 1931 372 AD
1966 316 2025 371 S.
2066 318 2116 372 .I.
2158 314 2654 375 CHRYSOSTOMI
2694 314 2943 374 OPERA.

3558 321 3697 375 MSS

2184 439 2202 458 ⁶
2232 436 2526 502 Κατὰὄηθι
2549 436 2669 489 ἀπὸ
2692 434 2901 501 δόξης.

2177 527 2489 591 Τουτέστιν,
2521 527 2630 580 ἀπὸ
2659 528 2754 579 τοῦ
2797 526 2968 595 ὕψους
2993 526 3072 588 εἰς
3099 524 3315 595 ἔδαφος.

2180 618 2288 671 Kal
2317 618 2571 672 κάθισον
2592 619 2662 671 ἐν
2693 618 2954 685 ὑγρασία
3001 620 3329 687 καθημένη.

2178 711 2368 775 Οὕτως
2402 711 2702 781 οὐδαμόθεν
2748 710 2904 764 ἔσται
2940 713 3289 783 παραμυθία.
3330 714 3502 767 Ὅταν
3525 718 3635 787 γὰρ
3668 720 3699 770 ὁ

2108 802 2240 867 Θεὸς
2271 804 2454 876 ἐπάγῃ
2497 803 2662 868 κακὰ,
2695 804 2755 855 ού
2786 802 3038 873 σώματος
3077 806 3251 874 ἰσχὺς,
3282 804 3343 857 οὐ
3378 806 3542 873 σοφία
3585 808 3698 875 ου.

2108 893 2233 963 χῆς,
2269 895 2369 946 οὐκ
2400 891 2531 947 ἄλλο
2558 894 2713 948 οὐδὲν
2746 894 2965 962 ὠφελεῖ.

2192 984 2567 1053 Ἁνὰγγειλον
2609 985 2678 1037 ἐν
2727 984 2947 1054 Ἀμὼν,
2992 985 3079 1039 ὅτι
3121 987 3309 1041 ὤλετο
3349 989 3548 1052 Μωίισ,
3598 992 3698 1043 ml

2108 1076 2307 1143 κρίσις
2333 1076 2570 1145 ἔρχεται
2599 1076 2699 1129 ἐπὶ
2732 1078 2847 1145 τὴν
2882 1077 3001 1147 γῆν
3032 1079 3140 1133 τοῦ
3164 1080 3411 1149 Μησὼρ,
3439 1081 3541 1133 ἐπὶ
3575 1085 3697 1149 X11-

2107 1163 2251 1227 .It‘or,
2279 1165 2376 1218 καὶ
2408 1166 2509 1219 ἐπὶ
2534 1165 2703 1232 Ἀσὰ,
2722 1169 2812 1219 καὶ
2843 1166 2911 1218 τὰ
2940 1167 3085 1236 ἑξῆς.

2178 1254 2394 1327 Μισὼρ,
2430 1258 2701 1323 τουτέστι,
2736 1257 2836 1320 τῆς
2862 1258 3133 1321 πεδιάδος.
3164 1258 3361 1329 Χηλὼν
3384 1260 3439 1313 δὲ
3469 1261 3697 1326 καὶτὰς

2105 1344 2299 1408 λοιπὰς
2330 1346 2516 1410 πόλεις
2548 1347 2715 1415 λέγει,
2751 1348 2825 1411 ὡς
2854 1349 2912 1401 ἐν
2943 1352 3011 1420 τῇ
3045 1349 3257 1403 πεδιάδι
3289 1351 3575 1421 κειμένας.

2179 1436 2491 1507 Κατεάχθη
2513 1438 2691 1503 κέρας
2726 1440 2918 1506 Μωὰδ,
2952 1441 3049 1495 καὶ
3073 1445 3142 1495 τὸ
3165 1442 3472 1513 ἐπίχειρον
3500 1443 3697 1499 αὑτοῦ

2106 1530 2452 1597 συνετρίϐη,
2487 1531 2636 1598 φησὶ
2669 1532 2904 1599 Κύριος.

2182 1623 2467 1690 Τουτέστι,
2495 1623 2563 1676 τὰ
2588 1626 2644 1675 ὲν
2674 1626 2793 1686 ταῖς
2821 1624 3009 1694 χερτὶν
3042 1624 3209 1678 αὐτοῦ
3236 1624 3398 1678 ὅπλα.

2178 1720 2193 1736 ‘
2212 1717 2361 1784 Οὐχὶ
2379 1715 2530 1768 κατὰ
2555 1714 2620 1768 τὸ
2651 1714 2861 1768 ἱκανὸν
2881 1716 3090 1782 αὐτοῦ,
3110 1715 3299 1783 οὕτως
3332 1717 3430 1769 καὶ
3464 1718 3519 1770 cl
3542 1718 3700 1785 βριιά

2106 1807 2307 1875 χίονες
2338 1806 2549 1860 αὑτοῦ.

2176 1901 2493 1959 Τουτέστιν,
2520 1900 2619 1951 οὐκ
2650 1898 2814 1962 ἀξίως
2831 1897 2927 1967 τῆς
2950 1899 3143 1969 φήμης
3164 1898 3427 1970 ἔπραξαν.
3469 1903 3701 1973 ’ἰσχυρὰ

2110 1989 2208 2057 μὲν
2242 1988 2351 2059 γὰρ
2385 1989 2701 2058 νενόμισται
2725 2005 2737 2018 '
2770 1987 2928 2058 ὤφθη
2973 1990 3031 2043 δὲ
3058 1991 3292 2061 ἀσθενὴς
3322 1994 3380 2047 ὲν
3426 1993 3700 2065 πολέμοις

2108 2081 2201 2132 ἐπὶ
2229 2081 2424 2134 Μωάὅ.

2180 2171 2481 2226 Πάντοθεν
2507 2172 2781 2239 ,βοήσατε
2805 2175 2902 2228 ἐπὶ
2929 2176 3152 2245 ἄνδρας
3178 2178 3386 2245 τοίχου
3411 2178 3703 2247 χειράδας

2104 2262 2370 2331 αὐχμοῦ.

2176 2356 2249 2407 Τὸ
2263 2355 2339 2418 δὲ,
2358 2354 2491 2408 Ἐπὶ
2504 2355 2729 2424 ἄνδρας
2742 2358 2967 2427 τοίχου,
2985 2360 3252 2426 τουτέστι,
3269 2362 3395 2426 τοὺς
3413 2363 3697 2433 ἰσχυρούς·

2105 2448 2166 2499 τὸ
2202 2447 2294 2512 δὲ,
2322 2448 2605 2515 χειράδας
2638 2449 2900 2519 αὐχμοῦ,
2926 2452 3193 2515 τουτέστι,
3228 2454 3431 2521 κιθάρα
3468 2454 3695 2522 μέλους.

2107 2539 2224 2591 Ἵνα
2252 2540 2400 2611 εἴπῃ,
2431 2537 2704 2592 Καθέλετε
2736 2540 2905 2610 αὐτὴν
2953 2540 3112 2603 ἀξίαν
3139 2540 3353 2613 θρήνων
3387 2545 3697 2611 πεποιηκό-

2104 2649 2214 2695 τες.
2271 2632 2500 2700 Ἑπάγει
2546 2631 2698 2699 γοῦν*
2746 2632 2853 2686 Kal
2898 2632 3089 2701 μέλος
3136 2633 3277 2701 ἐρεῖ.
3342 2634 3700 2705 Ἡρμήνευτε

2105 2724 2217 2795 γὰρ
2246 2723 2325 2789 τὸ,
2355 2723 2635 2792 χειράδας
2666 2723 2925 2792 αὐχμοῦ,
2948 2726 3265 2791 τουτέστιν,
3298 2726 3489 2798 ὥσπερ
3515 2729 3577 2779 ὲν
3607 2745 3700 2781 κι-

2106 2816 2268 2888 θάρᾳ,
2296 2814 2473 2878 οὕτως
2494 2813 2767 2868 πενθοῦσα
2791 2815 3070 2886 ἐμμελῶς,
3094 2818 3525 2873 ἀνακλαύσεται.
3558 2816 3697 2872 Εἶτα

2105 2906 2314 2978 προῖὼν
2345 2907 2508 2961 πάλιν
2536 2907 2672 2979 φησί
2692 2922 2706 2936 ο

2172 3002 2189 3019 ⁶
2204 3001 2308 3053 Διὰ
2329 3000 2506 3054 τοῦτο
2529 3002 2741 3070 καρδία
2756 3001 2863 3055 τοῦ
2885 3000 3081 3068 Μωὰϐ,
3104 3000 3309 3069 ὥσπερ
3331 3001 3507 3055 αὐλοὶ
3530 3001 3696 3069 ,βομ-

2105 3091 2279 3160 ϐήσει
2311 3092 2525 3160 καρδία
2540 3111 2660 3163 μου
2685 3095 2778 3148 ἐπ’
2810 3093 3162 3163 ἀνθρώπους
3182 3094 3389 3163 τοίχου
3410 3093 3702 3162 χειράδας

2104 3184 2366 3253 αὐχμοῦ,
2391 3183 2594 3254 ὥσπερ
2618 3185 2795 3239 αὐλοὶ
2819 3186 3143 3255 βομϐήσει.

2172 3276 2454 3341 Τουτέςτι,
2481 3276 2610 3345 περὶ
2635 3277 2761 3339 τοὺς
2784 3277 3039 3346 ἰσχυροὺς
3066 3275 3290 3347 ἄνδρας,
3309 3275 3503 3346 ὥσπερ
3528 3276 3700 3344 μέλος

2105 3367 2339 3436 κιθάρας
2369 3366 2402 3436 ἦ
2431 3366 2613 3421 αὐλῶν
2645 3362 2782 3437 ἦχος
2809 3369 3108 3437 γενήσεται
3141 3367 3202 3420 τὸ
3248 3366 3465 3430 πένθος.
3530 3367 3590 3420 '0
3634 3368 3697 3419 δὲ

2119 3459 2368 3527 Ἐϐραῖος
2406 3457 2582 3521 οὕτως
2617 3458 2731 3528 ἔχει
2754 3476 2770 3490 ·
2798 3459 2909 3511 Καὶ
2960 3458 3185 3527 ἡχήσει
3225 3458 3414 3512 πάλιν
3439 3460 3538 3511 ἐπὶ
3583 3460 3695 3513 τοῦ

2103 3552 2309 3618 τοίχου
2356 3550 2462 3603 τοῦ
2505 3550 2758 3619 ἔχοντος
2805 3551 3149 3617 ἁντιϐἁσεις
3201 3553 3513 3620 ἰσχυρούς.
3567 3551 3691 3605 Τοῖ-

2103 3661 2217 3713 χον
2251 3644 2309 3696 δὲ
2353 3643 2513 3696 καλεῖ
2542 3643 2634 3696 τὸν
2666 3642 2915 3713 βασιλέω
2948 3643 3292 3709 ἁντιϐἁσεις
3318 3644 3375 3697 δὲ
3406 3644 3501 3695 τὸν
3536 3643 3692 3700 λαόν.

2115 3730 2204 3783 Ἐν
2236 3732 2484 3802 ἑκατέρῳ
2515 3732 2573 3784 δὲ
2611 3731 2847 3795 σώζεται
2881 3734 2913 3800 ἡ
2950 3733 3089 3803 αὐτὴ
3122 3732 3320 3786 ἔννοια.

2175 3823 2305 3876 Ὅτι
2327 3823 2449 3891 πῦρ
2468 3821 2730 3890 ἐξῆλθεν
2760 3822 2829 3886 ἐξ
2870 3822 3150 3886 Ἐσεόὼν,
3176 3822 3337 3890 φλὸξ
3364 3822 3432 3875 ἐκ
3453 3820 3697 3890 πόλεως

2100 3912 2273 3977 Σιὼν,
2309 3911 2408 3967 καὶ
2443 3913 2743 3982 κατέφαγε
2775 3912 3082 3981 ἀρχηγοὺς
3111 3911 3308 3966 Μωὰϐ.

2174 4004 2402 4069 Τούτοις
2458 4008 2574 4067 τοῖς
2623 4007 2808 4075 ῥητοῖς
2857 4005 3131 4074 ἐχρήσατο
3180 4004 3424 4074 Μωῦσῆς
3479 4003 3692 4074 ἀθρόαν

2098 4097 2222 4150 τότε
2253 4098 2354 4167 τὴν
2378 4096 2653 4150 ἀπώλειαν
2679 4096 2778 4165 τῆς
2804 4095 2981 4149 Μωὰὁ
3023 4096 3271 4166 μηνύσας
3304 4096 3414 4150 ἀπὸ
3444 4096 3556 4149 τῶν
3584 4098 3693 4165 τῆς

2113 4188 2350 4243 Ἐσεόὼν
2382 4189 2700 4243 οἰκούντων.
2729 4190 2847 4243 Ἵνα
2876 4188 3056 4242 τοίνυν
3077 4188 3228 4262 εἴπῃ,
3257 4191 3340 4242 ὅτι
3365 4189 3467 4260 τὴν
3488 4190 3691 4260 ὁμοίαν

2099 4282 2376 4353 τιμωρίαν
2419 4282 2668 4334 πείσεται
2701 4282 2796 4334 καὶ
2826 4281 2942 4349 νῦν,
2975 4282 3043 4351 ἣν
3075 4281 3243 4336 πάλαι
3268 4282 3501 4353 ὑπέστη.

2169 4373 2277 4427 Kal
2306 4374 2720 4443 ἐξηρεύνησεν
2739 4373 2909 4438 υἱοὺς
2938 4372 3129 4427 Σαών.

2189 4464 2248 4519 ὐ
2309 4464 2583 4534 Ἔζδραῖος,
2620 4463 2721 4516 καὶ
2761 4463 3051 4531 ἐξήλειψε
3088 4462 3232 4528 τοὺς
3276 4464 3526 4530 κυρίους
3562 4460 3687 4514 τῶν

2097 4555 2344 4625 βωμῶν·
2373 4556 2497 4608 ἀντὶ
2527 4555 2635 4624 γὰρ
2673 4554 2791 4608 τῶν
2812 4554 3054 4623 βωμῶν,
3084 4555 3144 4606 τὸ
3181 4553 3354 4607 Σαὼν
3394 4553 3529 4623 ἔφη’
3557 4553 3684 4608 δέεν

2104 4646 2215 4716 γὰρ
2246 4647 2416 4699 θεῖναι
2440 4647 2673 4716 Βαμὼθ,
2692 4646 2902 4715 βωμὸν
2932 4648 3209 4717 σημαίνει.
3239 4645 3396 4700 Οὕτω
3419 4646 3475 4699 δὲ
3502 4648 3685 4701 κεῖται

2108 4740 2199 4791 καὶ
2233 4739 2383 4809 παρὰ
2416 4739 2493 4792 τῶ
2536 4740 2800 4811 Ἑϐραίῳ.

2660 4877 2912 4930 ΚΕΦΛΛ.
2979 4877 3114 4931 ΜΘ’.

2171 5012 2267 5081 Μὴ
2306 5012 2425 5067 υἱοὶ
2474 5015 2585 5067 οὐκ
2618 5014 2783 5067 εἰσιν
2812 5013 2883 5066 ἑν
2927 5011 3174 5081 Ἰσραὴλ
3197 5052 3213 5075 ,
3249 5013 3287 5081 ἢ
3318 5014 3686 5082 «apauler

2097 5123 2284 5176 μενος
2320 5107 2433 5161 οὐκ
2465 5106 2638 5161 ἔστιν
2668 5107 2737 5160 ἐν
2764 5104 3004 5171 αὐτοῖς

2173 5196 2433 5251 Τουτὲστι
2458 5238 2473 5263 ,
2514 5198 2605 5267 Μὴ
2638 5196 2738 5249 οὐκ
2771 5196 3052 5250 οἰκοῦνται
3084 5195 3162 5266 τῷ
3197 5196 3354 5267 Θεῷ;
3404 5196 3437 5267 ἢ
3486 5195 3686 5269 ἐρημοῖ

2101 5291 2209 5343 εἰσι
2256 5290 2439 5359 πάσης
2488 5288 2774 5360 βοηθείας,
2822 5289 2907 5343 ὅτι
2957 5288 3099 5342 κατὰ
3161 5290 3270 5341 τῶν
3329 5288 3687 5359 Ἰσραηλιτων

418 5387 597 5442 animo
628 5386 1029 5441 intumuerint?
1066 5395 1122 5439 ut
1150 5382 1351 5440 Judmis
1380 5384 1692 5439 ostenderet
1718 5398 1776 5437 se
1806 5391 1996 5454 gentes

2131 5382 2273 5444 ὕτως
2306 5380 2664 5452 ὲπήρθησανς
2704 5381 2792 5433 ἵνα
2822 5380 2971 5451 δείξῃ
3015 5380 3313 5446 Ἰουδαίοις,
3345 5381 3427 5433 ὅτι
3477 5378 3566 5434 διὰ
3614 5382 3684 5432 τὰ

417 5482 611 5546 punire
640 5488 860 5552 propter
902 5479 1041 5533 mala
1078 5492 1199 5547 qua:
1239 5477 1290 5530 in
1328 5491 1422 5531 eos
1458 5476 1779 5531 intulerunt.

374 5634 385 5643 ﬂ
491 5566 723 5623 "835.4.
755 5569 894 5635 Quid
925 5567 1233 5638 gloriaberis
1260 5568 1315 5621 in
1344 5567 1541 5636 campis
1570 5565 1785 5620 Jacim?

490 5740 539 5775 ³⁸
579 5740 751 5796 Exod.
784 5756 874 5797 xv.
908 5743 995 5796 15.

2099 5474 2221 5527 κατ’
2254 5472 2416 5526 αὐτὸν
2441 5471 2709 5542 γενόμενα
2737 5472 2885 5524 κακὰ
2914 5475 3244 5544 τιμωρεῖται
3269 5474 3339 5526 τὰ
3368 5474 3517 5543 ἔθνη.

2176 5564 2237 5616 Τί
2267 5562 2611 5633 ἀγαλλιάσῃ
2646 5563 2715 5617 ἐν
2743 5562 2866 5629 τοῖς
2894 5563 3141 5631 πεδίοις,
3164 5565 3234 5619 ἐν
3272 5565 3483 5644 Ἰακίμς
