4058 6212
353 217 489 271 ιοεε)

1460 221 1879 272 ιιίιικωιιωιιι
1923 228 1983 270 ΙΝ
2024 227 2048 273 .Ι
2060 227 2393 276 ΕΙΈΕΜΙΑΜ.

3474 235 3615 297 1039
3650 280 3653 287 .

431 333 615 404 Ίακὶμ
650 313 822 398 πόλις
848 331 916 407 ἦν
950 332 1180 404 μεγίστη
1211 332 1269 384 ἐν
1298 334 1364 403 τῇ
1414 332 1625 385 πεδιάδι
1672 332 1915 404 κειμένη.

2104 336 2265 391 lacim
2294 338 2489 394 civitas
2521 346 2637 393 erat
2666 340 2899 398 maxima
2946 344 2999 400 in
3036 346 3245 418 campis
3280 351 3403 417 sita,
3440 369 3605 423 quam

349 427 416 495 ἢν
442 425 779 497 ὁρμητήριον
809 426 951 480 κατὰ
980 426 1087 479 τῶν
1113 425 1386 494 πολεμίων
1416 425 1729 494 ἐκέκτηντο.
1767 426 1928 494 Λέγει

347 514 462 586 οὖν,
491 518 574 572 ὅτι
603 518 696 590 Μὴ
725 518 979 590 θαρσεῖτε
1009 519 1097 572 ἐπ’
1126 519 1288 588 αὐτῇ,
1324 518 1766 588 καταστρέφεται
1793 519 1922 589 γάρ.

417 704 731 773 Διέῤῥευσε
766 703 837 757 τὰ
863 703 1039 757 πεδία
1062 719 1199 757 σου.

416 794 733 857 Τουτέστιν,
762 794 876 847 Οὐκ
908 794 1046 864 αὑτὴ
1082 792 1243 862 μόνον
1270 791 1543 856 ἀπώλετο,
1576 794 1714 848 ἀλλά
1746 796 1841 848 καὶ
1870 798 1924 849 αί

343 884 525 939 λοιπαὶ
557 887 614 938 ὲν
639 888 761 948 ταῖς
794 886 1008 939 πεδιάσι
1038 886 1290 956 κείμεναι
1322 887 1440 956 μετ’
1470 887 1653 942 αὐτῶν
1680 890 1789 943 τῶν
1831 906 1928 943 πε-

340 977 492 1041 δίων,
522 977 631 1030 τῶν
684 976 963 1046 πολεμίων
1014 977 1194 1030 πάντα
1221 976 1289 1031 τὰ
1337 980 1722 1051 προσπεσόντα
1767 981 1926 1052 δῃου-

346 1068 544 1137 μένων.

414 1162 430 1180 ⁹
486 1158 607 1212 Ἐπί
639 1158 971 1226 κατάρασιν
1020 1157 1131 1227 τῆς
1159 1158 1365 1228 Βοσὼρ
1394 1160 1464 1214 ἐν
1504 1160 1674 1229 μέσῳ
1696 1160 1917 1233 μέρους

344 1251 558 1318 αὐτῆς.

415 1343 526 1411 Τὴν
580 1342 819 1412 Βὸστραν
863 1341 1015 1408 λέγει
1044 1358 1058 1372 ⁸
1096 1343 1130 1412 ἡ
1188 1341 1297 1413 γὰρ
1337 1343 1433 1397 νῦν
1492 1346 1755 1415 ’Λραϐία,
1804 1347 1924 1399 τότε

356 1432 625 1502 Ἰδουμαία
671 1428 759 1502 ἦν.
811 1432 885 1483 Τὸ
928 1432 984 1484 δὲ
1011 1470 1026 1493 ,
1070 1432 1172 1485 Ἐν
1215 1433 1385 1501 μέσῳ
1437 1434 1660 1503 μέρους
1693 1435 1921 1503 αὐτῆς,

345 1523 873 1593 συνημμένος-,ἔχει
926 1522 1015 1575 διὰ
1036 1523 1098 1574 τὸ
1132 1518 1272 1577 εἶναι
1306 1526 1477 1595 αὐτὴν
1515 1528 1873 1598 μητρόπολιν.

424 1618 566 1671 Ἰδοὺ
599 1618 679 1683 ὡς
708 1619 867 1670 λέων
912 1615 1279 1683 ἀναϐήσεται
1312 1620 1380 1672 ἐκ
1408 1621 1603 1688 μέσου
1635 1620 1741 1674 τοῦ
1789 1620 1923 1688 Ἰορ-

2035 428 2404 496 possidebant,
2431 441 2486 483 nt
2515 431 2635 486 belli
2672 436 3023 492 munitionem
3052 454 3175 494 eam
3202 448 3393 497 contra
3426 446 3611 504 hostes

2035 520 2319 576 haberem.
2380 522 2519 577 Dicit
2554 524 2739 597 itaque
2772 546 2785 582 :
2834 527 2913 585 Ne
2952 530 3131 588 fidatis
3165 533 3217 587 in
3272 547 3365 599 ea,
3406 539 3610 593 etenim

2033 609 2352 685 destrttitur.

2102 700 2448 770 Deﬂuxerunt
2478 710 2651 777 campi
2694 709 2798 763 lui.

2104 794 2159 847 Id
2185 805 2291 859 est,
2328 795 2441 852 Non
2472 809 2677 853 tantum
2705 801 2819 868 ipsa
2857 802 3131 860 destructa
3159 815 3265 872 est,
3299 809 3394 863 sed
3424 818 3480 865 et
3508 824 3612 866 ea:-
3710 867 3717 874 _

2033 892 2164 940 terae
2200 888 2395 954 urbes,
2443 905 2564 960 quae
2598 901 2754 947 erant
2795 894 2847 947 in
2901 897 3105 966 campis
3140 913 3245 953 una
3282 911 3407 955 cum
3439 904 3611 971 ipsis,

2033 973 2276 1031 hostibus
2306 978 2464 1034 obvia
2501 981 2758 1038 universa
2794 982 3199 1054 diripientibus.

2099 1166 2116 1184 ‘
2142 1161 2303 1220 Vens.
2332 1165 2416 1220 i3.
2451 1167 2516 1221 In
2541 1167 2961 1226 maledictionem
3018 1171 3190 1229 Bosor
3214 1177 3270 1231 in
3287 1178 3459 1232 medio
3481 1197 3611 1248 pars

2031 1253 2097 1305 tis
2125 1252 2294 1307 illius.

2099 1343 2344 1400 Bostram
2374 1348 2490 1403 ait:
2526 1364 2645 1419 qua:
2676 1351 2820 1406 enim
2875 1369 3021 1410 nunc
3051 1356 3251 1413 Arabia
3273 1395 3290 1420 ,
3323 1367 3451 1416 tunc
3485 1360 3608 1415 Idu-

2031 1450 2162 1489 mrea
2187 1446 2323 1492 erat.
2358 1438 2491 1494 Illud
2523 1456 2670 1506 vero,
2698 1440 2767 1497 In
2795 1446 2971 1501 medio
2994 1450 3163 1516 partis
3190 1450 3358 1518 illius,
3386 1453 3609 1523 conjuao

2029 1536 2158 1590 clas,
2190 1527 2376 1594 habet,
2410 1545 2474 1585 eo
2507 1535 2653 1601 quod
2684 1547 2833 1592 esset
2866 1541 3206 1609 metropolis.

2099 1621 2263 1677 Vens.
2303 1623 2390 1676 19.
2436 1624 2570 1680 Ecce
2596 1628 2749 1697 quasi
2782 1630 2862 1684 leo
2894 1633 3138 1687 ascendet
3174 1634 3240 1687 de
3277 1638 3450 1692 medio
3480 1638 3608 1694 Jor-

345 1707 529 1760 i‘tirov
554 1712 640 1774 εὶς
659 1710 848 1762 τόπον
878 1709 1081 1777 Ἐθὰμ.
1104 1708 1193 1764 ὅτι
1230 1712 1381 1781 ταχὺ
1419 1712 1677 1778 ἑκδιώξω
1699 1714 1915 1781 αὐτοὺς

2027 1710 2180 1765 donis
2213 1713 2266 1764 in
2289 1713 2460 1767 locum
2490 1715 2680 1771 Etham
2704 1757 2719 1782 ,
2756 1721 2883 1789 quia
2906 1720 3008 1776 cito
3037 1723 3296 1792 expellam
3325 1743 3411 1781 eos
3434 1729 3500 1783 ab
3522 1747 3607 1783 ea.

344 1798 442 1851 ἀπ’
473 1798 685 1867 αὐτῆς.

415 1890 490 1944 Τὸ
536 1892 710 1961 Ἐθὰμ
753 1890 957 1960 ὀφείλει
1017 1895 1165 1965 ἔχειν
1201 1893 1344 1945 κατά
1374 1892 1437 1945 τὸ
1477 1893 1787 1963 Ἐ6ραῖκόν’
1823 1911 1919 1964 σηι

347 1984 526 2055 μαίνει
571 1984 627 2036 δὲ
676 1985 738 2037 τὸ
778 1986 1050 2053 ἰσχυρόν·
1108 1984 1360 2055 βούλεται
1402 1985 1458 2037 δὲ
1508 1988 1722 2051 εἰπεῖν,
1769 1987 1850 2039 ὅτι
1890 1989 1918 2040 ό

345 2078 617 2147 βάρϐαρος
661 2076 911 2146 καθάπερ
942 2076 1079 2129 λέων
1109 2077 1334 2141 ἀναϐὰς,
1374 2076 1640 2147 πορθήσει
1683 2075 1782 2148 τὴν
1813 2076 1917 2147 χώ-

343 2185 478 2238 ραν’
518 2167 612 2220 τοῦ
668 2167 724 2219 δὲ
784 2167 1050 2238 Ἰορδάνου
1100 2167 1530 2235 ἐμνημόνευσεν,
1577 2168 1654 2230 ὡς
1727 2168 1915 2221 αὐτόοι

344 2262 580 2331 μάλιστα
604 2258 805 2313 τούτων
828 2258 936 2313 τῶν
964 2260 1168 2330 θηρίων
1194 2258 1589 2329 δεικνυμένων,
1625 2259 1720 2313 καὶ
1748 2259 1917 2312 ὄντων

340 2353 475 2422 φοὸε
482 2353 612 2424 ρῶν.
972 2348 975 2351 ’

415 2446 431 2463 ⁴
474 2442 551 2511 Τῇ
583 2440 779 2509 Κηδὰρ
804 2442 1149 2509 βασιλίσσῃ
1189 2440 1298 2509 τῆς
1329 2442 1527 2508 αὐλῆς
1561 2440 1641 2509 ἢν
1660 2441 1917 2507 ἐπάταξε

341 2533 877 2605 Ναίουχοδονόσορ
902 2538 934 2588 ὀ
962 2534 1262 2599 βασιλεὺς
1290 2534 1670 2600 Βαϐυλῶνος.

413 2626 572 2694 Λέγει
605 2624 747 2677 κατά
783 2624 892 2675 τῶν
924 2622 1282 2693 Σαρακηνῶνο
1313 2620 1488 2683 οὕτως
1516 2622 1626 2691 "dp
1656 2619 1771 2691 ἔχει
1797 2620 1916 2684 ἔθος

340 2721 373 2787 ἡ
402 2718 520 2771 θεία
552 2717 742 2787 Γριφὴ
775 2715 955 2768 καλεῖν
983 2715 1043 2768 τὸ
1073 2714 1224 2776 ἔθνος
1243 2714 1319 2782 τῷ
1339 2714 1431 2766 τοῦ
1455 2712 1646 2784 Κηδὰρ
1669 2712 1914 2782 ὀνόματι.

340 2810 414 2862 Τὸ
432 2809 487 2862 δὲ
514 2807 588 2877 τῇ
608 2809 958 2878 βασιλίσσῃ
980 2804 1089 2874 τῆς
1111 2804 1328 2874 αὐλῆς,
1351 2804 1523 2875 ὄνομα
1543 2807 1658 2858 ἐστι
1684 2805 1915 2868 πόλεως,

338 2900 368 2953 ὃ
413 2902 554 2954 κατὰ
587 2900 684 2970 μὲν
724 2900 824 2967 τὴν
884 2894 1143 2968 Ἐὀραίαν
1182 2894 1366 2966 φωνὴν
1400 2894 1648 2948 ἐκαλεῖτο
1680 2893 1918 2962 Μελχὲο

353 2991 553 3059 Ἀσόψ,
585 2992 721 3059 ὅπερ
753 2987 1093 3059 ἑρμηνεύων,
1125 2985 1376 3053 ἐποίησε
1404 2985 1811 3049 βασίλισσαν.
1845 2985 1887 3036 Τ
1890 2985 1917 3037 ὸ

335 3084 395 3153 δὲ
427 3083 610 3152 Ἀσὼρ
632 3082 834 3149 αὐλὴν
874 3079 1153 3151 σημαίνει·
1193 3079 1325 3142 ἴσως
1349 3073 1443 3131 οὖν
1470 3078 1566 3131 καὶ
1606 3076 1681 3141 ὡς
1718 3076 1920 3147 μητρό-

335 3178 494 3231 πολιν
523 3176 699 3239 οὕτως
743 3174 976 3229 ἐκάλουν
1018 3172 1116 3243 τὴν
1152 3173 1332 3237 πόλιν,
1365 3172 1440 3234 ὡς
1471 3169 1537 3223 τὰ
1570 3169 1740 3223 πολλά
1770 3170 1919 3238 γίνε-

340 3271 467 3324 σθαι
490 3269 654 3340 φιλεῖ,
677 3267 882 3337 ταύτην
910 3265 1102 3336 ἔλαχεν
1125 3259 1260 3319 οὖσα
1288 3263 1385 3335 τὴν
1415 3262 1754 3333 ἐπωνυμίαν.
1786 3256 1919 3315 Εἶτα

339 3362 480 3433 μετά
504 3359 662 3414 τοῦτο
692 3358 1029 3430 προφητεύει
1069 3355 1211 3411 κατὰ
1243 3355 1343 3425 τῆς
1388 3354 1557 3409 ’Λῖλά.
1590 3355 1728 3408 Φασὶ
1757 3355 1813 3407 δὲ
1844 3350 1920 3408 εἷ-

336 3469 425 3506 ναι
468 3450 780 3521 Ἐλαμίτας,
816 3449 938 3511 τοὺς
972 3445 1067 3499 νῦν
1098 3446 1471 3517 καλουμένους
1508 3445 1745 3517 Πέρσας.

935 3582 1203 3635 ΚΕΦΑΔ.
1234 3580 1315 3634 N'.

485 3717 892 3788 Ἁναγγείλατε
926 3717 992 3769 ἐν
1046 3714 1172 3781 τοῖς
1194 3714 1421 3768 ἔθνεσι.

412 3808 621 3877 Ὥσπερ
651 3806 958 3877 παραδόξου
1002 3806 1327 3877 πράγματος
1348 3844 1362 3871 ,
1396 3804 1489 3857 καὶ
1517 3800 1691 3867 οὕτως
1719 3802 1914 3857 ἐκϐάν-

337 3917 448 3964 τος,
490 3901 557 3952 τὰ
602 3899 862 3971 προοίμια
891 3898 1031 3952 οὕτω
1064 3899 1320 3951 ποιεῖται.
1356 3896 1430 3950 Ti;
1460 3895 1569 3967 γάρ
1592 3896 1787 3962 εἰπεῖν,
1816 3899 1875 3949 Μ
1881 3896 1915 3966 ἡ

338 3993 633 4062 aput/mre,
704 3993 779 4056 ὼς
827 3994 959 4063 παρ’
1000 3990 1160 4058 ἀξίαν
1207 3990 1378 4061 αὐτῆς
1424 3987 1725 4058 παθούσης,
1766 3989 1799 4061 ἢ
1834 3990 1915 4043 ὅτι

339 4086 432 4137 καὶ
459 4085 634 4148 οὐδεὶς
666 4084 835 4153 αὐτῆς
875 4084 1133 4153 ἀγνοήσει
1161 4082 1260 4146 τὰς
1310 4082 1623 4153 συμφορὰς,
1662 4082 1913 4154 καθάπερ

338 4176 427 4229 ἐπὶ
456 4175 551 4229 τοῦ
573 4174 774 4247 Φαραὼ
804 4174 1107 4243 πεποίηκεν
1135 4176 1164 4228 ό
1192 4173 1344 4241 Θεὸς,
1374 4173 1459 4227 ἵνα
1490 4174 1791 4244 ἐνδείξηται
1814 4175 1913 4246 τὴν

336 4267 503 4339 ὀργὴν
531 4266 729 4331 αὐτοῦ,
765 4266 856 4319 καὶ
896 4266 1140 4339 γνωρίσῃ
1178 4265 1240 4319 τὸ
1278 4264 1503 4319 δυνατὸν
1543 4263 1741 4331 αὐτοῦ,
1770 4266 1913 4319 οὕτω

2026 1894 2043 1957 ζ
2096 1893 2255 1949 Juxta
2290 1905 2495 1981 textum
2530 1898 2881 1967 Ilebraicum,
2914 1890 3109 1958 Etham
3158 1906 3439 1976 legendum
3487 1921 3605 1977 est,

2027 1988 2168 2055 quod
2202 1988 2468 2043 robustum
2513 1992 2808 2061 signiﬁcat.
2850 1994 2915 2049 Et
2941 2010 3134 2052 sensus
3176 2009 3300 2054 est:
3331 2000 3605 2057 Barbarus

2027 2075 2179 2143 quasi
2206 2077 2286 2130 leo
2320 2080 2619 2136 ascendens
2651 2089 2847 2137 terram
2879 2087 3136 2141 vastabit.
3161 2086 3406 2144 Meminit
3439 2107 3604 2162 porro

2026 2166 2311 2235 Jordanis,
2354 2185 2478 2251 cum
2522 2171 2591 2227 ibi
2619 2173 2811 2230 bellua:
2846 2177 2926 2231 hae
2967 2180 3238 2249 praecipue
3262 2184 3604 2253 maximeque

2028 2257 2318 2315 horribiles
2352 2260 2657 2318 videantur.
3538 2264 3543 2267 “

2098 2442 2115 2463 ⁶
2154 2439 2314 2496 Vens.
2353 2442 2445 2497 28.
2483 2446 2597 2514 Ipsi
2636 2444 2807 2501 Cedar
2844 2448 3037 2517 regina:
3072 2448 3244 2517 aulw,
3279 2468 3437 2522 quam
3483 2472 3598 2522 pcr-

2026 2534 2191 2587 cussit
2225 2533 2710 2591 Nabuchodonosor
2733 2555 2823 2593 rea;
2852 2539 3159 2609 Babylonis.

2092 2623 2293 2678 Contra
2340 2627 2648 2683 Saracenos
2693 2644 2999 2685 sermonem
3048 2634 3282 2701 dirigit:
3334 2636 3405 2689 ita
3454 2640 3599 2694 enim

2026 2715 2164 2769 solet
2195 2716 2376 2770 divina
2396 2717 2675 2787 Scriptura
2706 2720 2882 2774 Cedar
2904 2723 3124 2778 nomine
3146 2726 3422 2782 nationem
3454 2728 3599 2785 illam

2027 2805 2318 2875 appellare.
2351 2808 2550 2879 Regina
2573 2810 2746 2865 attice:
2776 2828 2968 2868 nomen
3003 2823 3085 2868 est
3114 2815 3284 2883 urbis,
3317 2834 3439 2888 qua:
3471 2834 3600 2877 voce

2026 2895 2289 2952 Ilcbraica
2322 2898 2576 2954 Melclteth
2603 2901 2763 2968 Asor,
2793 2903 3108 2971 vocabatur,
3148 2908 3291 2976 quod
3329 2909 3598 2980 interpre-

2029 2998 2173 3043 tatur
2200 2990 2324 3059 fecit
2352 2992 2607 3062 reginam.
2641 2993 2781 3048 Asor
2810 2995 2989 3049 aulam
3026 2990 3328 3068 signiﬁcat;
3364 3001 3599 3059 fortasse

2025 3077 2190 3147 igitur
2223 3078 2387 3135 veluti
2423 3082 2767 3152 ntetropolim
2799 3083 2870 3138 ita
2896 3085 3086 3140 urbem
3115 3088 3506 3154 nominabant,
3539 3102 3597 3145 nt

2022 3173 2223 3241 saepius
2262 3175 2581 3246 contingere
2610 3175 2768 3233 solet.
2802 3176 2929 3233 Post
2958 3178 3071 3235 haec
3096 3189 3285 3235 contra
3315 3180 3434 3236 Aila
3461 3183 3598 3238 vati-

2020 3267 2236 3322 cinatur
2260 3284 2274 3331 ;
2300 3278 2552 3325 asserunt
2578 3284 2706 3327 vero
2738 3271 2838 3328 bos
2868 3285 2988 3329 esse
3022 3271 3308 3340 Elamitas,
3331 3274 3421 3345 qui
3454 3290 3596 3333 nunc

2021 3359 2199 3415 Persa:
2234 3370 2516 3417 vocantur.

2680 3583 2833 3641 CAP.
2874 3583 2937 3640 L.

2088 3710 2252 3767 Vens.
2289 3712 2343 3766 2.
2376 3711 2703 3767 Annuntiate
2726 3714 2780 3769 in
2810 3716 3071 3785 gentibus.

2091 3801 2369 3870 Tanquam
2399 3802 2465 3858 de
2493 3817 2553 3858 re
2587 3803 2862 3872 inopinata
2891 3812 2945 3859 et
2976 3804 3090 3875 jam
3115 3814 3308 3860 eventu
3341 3808 3591 3875 probata,

2018 3891 2097 3947 sic
2148 3890 2462 3946 exorditur.
2511 3892 2645 3947 Nam
2690 3895 2830 3964 quod
2877 3895 3040 3962 dicit,
3093 3893 3176 3949 Ne
3231 3896 3593 3965 abscondatis,

2017 3985 2175 4054 quasi
2219 3983 2436 4053 indigna
2468 4000 2629 4056 passa
2672 3986 2765 4042 sit.
2815 3986 2909 4042 Vel
2944 3988 3087 4053 quod
3119 4002 3280 4043 nemo
3319 3989 3594 4060 ignorabit

2016 4077 2133 4145 ejus
2156 4076 2512 4143 calamitates,
2547 4079 2687 4134 sicut
2707 4079 2978 4134 Pharaoni
3014 4079 3152 4137 Deus
3175 4080 3325 4147 fecit,
3356 4092 3413 4136 ut
3435 4098 3591 4138 suam

2016 4169 2327 4225 ostenderet
2354 4169 2491 4224 iram
2515 4180 2569 4224 et
2590 4170 2888 4240 potentiam
2915 4186 3067 4227 suam
3090 4182 3273 4228 notam
3302 4173 3506 4233 faceret
3523 4178 3590 4243 “,

2018 4261 2096 4315 sic
2140 4269 2195 4316 et
2233 4261 2441 4317 civitati
2485 4260 2646 4331 hujus
2681 4261 2998 4333 Babylonis.
3040 4262 3206 4320 Vides
3256 4274 3312 4321 ut
3349 4272 3591 4339 generali

336 4361 553 4431 καὶτῆς
580 4361 787 4422 πόλεως
817 4358 1022 4429 ταύτης
1049 4359 1148 4427 τῆς
1172 4357 1515 4421 Βαϐυλῶνος.
1554 4357 1717 4429 Ὁρᾷς
1749 4358 1912 4411 αὑτὸν

2027 4362 2204 4409 utatur
2245 4355 2486 4425 nequitia
2533 4354 2585 4410 in
2631 4355 2967 4427 reliquorum
3012 4359 3301 4417 utilitatem
3349 4365 3419 4417 ob
3474 4365 3591 4418 exi-

333 4452 651 4523 όλοκλήροις
681 4454 801 4514 ταῖς
829 4452 1121 4523 πονηρίαις
1150 4452 1230 4513 εἰς
1260 4449 1359 4521 τὴν
1389 4450 1779 4519 ὼφέλειαντῶν
1808 4451 1918 4503 λοι-

332 4545 452 4596 πῶν
484 4544 874 4615 ἀποχρώμενον
906 4544 994 4597 διὰ
1014 4544 1114 4615 τὴν
1141 4543 1347 4597 οἰκείαν
1382 4542 1741 4614 εὐμηχανίαν.

405 4640 809 4708 Κατῃσχύνθη
841 4636 1056 4706 Βῆλος.

404 4729 689 4783 Δείκνυσιν
709 4730 791 4783 δτι
817 4729 916 4781 οὐκ
934 4728 1280 4799 ἀνθρωπίνης
1310 4728 1629 4793 ἀκολουθίας
1653 4730 1714 4782 τὸ
1739 4730 1916 4799 πρᾶγ-

335 4837 413 4890 μα
442 4816 533 4891 ἦν.
598 4817 709 4873 Ἷιν
735 4821 846 4891 γὰρ
874 4819 1064 4875 πασῶν
1098 4821 1455 4890 ἰσχυροτέρα,
1492 4822 1587 4875 καὶ
1618 4824 1674 4873 ὲν
1709 4823 1916 4891 εὐπραα

327 4914 425 4985 γὶᾳ
456 4914 739 4982 διάγουσα.
778 4914 851 4969 Οὐ
896 4914 955 4966 τὸ
988 4916 1259 4984 τρυφερὸν
1288 4912 1603 4983 ἐδυσὼπησε
1636 4914 1725 4967 τὸν
1759 4915 1910 4981 Θεὸν,

328 5005 430 5058 ούκ
454 5005 581 5059 ἄλλο
612 5006 786 5060 οὐδέν.
818 5006 930 5058 Καὶ
961 5006 1137 5069 καλῶς
1177 5004 1528 5079 κατῃσχύνθη
1563 5004 1712 5077 παρά
1743 5023 1911 5079 προσ-

328 5096 514 5151 δοκίαν
540 5099 647 5151 ὑπὸ
672 5097 932 5163 ἀναξίων.

400 5188 707 5257 Παρεδόθη
740 5188 1076 5258 Μαιρωδιὶχ.

398 5280 459 5333 Οἱ
492 5279 752 5344 ἐλάττους
788 5282 990 5346 αὐτῶν,
1033 5282 1124 5335 καὶ
1166 5281 1244 5343 εἰς
1274 5279 1427 5345 τέλος
1465 5283 1661 5346 αὐτοὺς
1699 5282 1908 5336 ἀναλώ-

330 5386 536 5426 σουσιν.

411 5462 508 5516 Ἐν
534 5463 663 5530 ταῖς
688 5464 957 5534 ἡμέραις.

400 5629 446 5665 ³⁸
487 5632 647 5690 Rom.
679 5647 754 5700 ιι,
782 5633 871 5689 17.

686 5730 963 5792 Parnm.
1004 5732 1118 5793 Gn.
1164 5730 1369 5791 LXIV.

2020 4449 2182 4501 miam
2214 4460 2304 4502 res
2325 4446 2741 4505 administrandi
2768 4450 3040 4519 peritiam.

2088 4631 2351 4696 Confusus
2383 4641 2459 4687 est
2496 4632 2682 4687 Belua.

2083 4722 2336 4778 Ostendit
2393 4738 2508 4779 rem
2569 4738 2679 4778 non
2728 4722 2964 4777 humano
3013 4737 3165 4777 more
3218 4721 3587 4787 successisse;

2016 4819 2259 4873 omnium
2298 4818 2443 4874 enim
2487 4817 2779 4872 fortissima
2829 4825 2948 4871 erat
2987 4825 3041 4871 ct
3084 4806 3318 4873 feliciter
3362 4817 3588 4887 degens.

2016 4908 2130 4965 Non
2162 4911 2279 4980 ejus
2323 4910 2528 4966 delicia:
2567 4909 2735 4964 Deum
2771 4906 3038 4965 ﬂexerunt
3061 4949 3076 4974 ,
3109 4924 3213 4964 non
3257 4907 3402 4963 aliud
3434 4909 3585 4978 quid-

2014 5002 2180 5071 piam.
2213 5001 2281 5055 Et
2330 5002 2468 5057 bene
2496 4998 2757 5057 confusus
2788 5010 2871 5057 est
2904 5010 3099 5077 praeter
3126 5000 3586 5071 exspectationem

2019 5094 2086 5148 ab
2111 5094 2364 5164 indignis.

2093 5184 2309 5241 Tradita
2336 5194 2413 5241 est
2442 5185 2743 5242 Merodaclt.

2084 5274 2373 5331 lnleriores
2413 5276 2564 5347 ipsis,
2592 5286 2646 5334 et
2673 5278 2886 5348 penitus
2918 5278 3036 5334 illus
3063 5276 3340 5333 delebant.

2082 5464 2239 5519 Vens.
2283 5465 2333 5517 4.
2378 5462 2441 5516 1η
2473 5464 2652 5518 diebus
2684 5466 2805 5521 illis.

3188 5729 3269 5793 35
