4054 6216
1116 229 1687 292 SUPPLEMENTUM
1726 229 1816 284 AD
1857 226 1913 283 ε.
1956 226 2007 281 J.
2049 223 2531 282 CHRYSOSTOMI
2575 223 2824 283 orsus.
3514 229 3661 284 .033

2146 347 2292 417 Ὀρα
2327 345 2526 409 αὐτοὺς
2566 345 2690 416 οὐχὶ
2733 344 3073 413 φεύγοντας,
3122 340 3259 398 ἀλλὰ
3289 348 3666 417 συντεταγμέ·

2071 455 2215 501 νουςο
2243 438 2391 500 τίνος
2417 438 2604 490 ἐνεκεν
2634 436 2915 500 κλαίοντες
2937 453 2951 501 ;
2983 437 3042 490 ἐν
3070 436 3149 506 τῷ
3174 436 3357 507 καιρῷ
3376 438 3485 491 τῶν
3501 440 3667 511 εὐερ-

2071 531 2272 599 γεσιῶν
2301 528 2539 600 μάλιστα
2565 528 2675 582 τῶν
2715 527 3138 598 ἁμαρτημάτων
3168 528 3543 596 αἰσθάνονται,
3578 533 3698 605 ὅτι,

2070 624 2153 687 είς
2193 622 2367 686 οὕτως
2394 624 2606 693 ἥμερον
2638 623 2734 675 καὶ
2763 620 3148 691 φιλάνθρωπον
3177 620 3312 674 Θεὸν
3339 610 3696 693 team;va

2070 714 2162 768 τὸν
2188 714 2290 767 οὐκ
2330 714 2662 784 ἀνεχόμενον
2694 714 2774 776 είς
2807 712 2960 775 τέλος
2989 712 3191 775 αὐτοὺς
3220 712 3544 780 ἀπολέσθαι,
3570 714 3664 768 sui.
3686 708 3703 739 ⁸

2072 807 2132 861 ἐν
2164 809 2231 879 τῇ
2261 806 2369 860 τῶν
2398 806 2612 878 ἐχθρῶν
2638 807 2856 877 ἐκδικίᾳ
2889 805 3089 870 αὐτοὺς
3117 807 3492 876 ἀναγαγόντα.

380 244 408 299 1
419 238 519 298 031

461 360 761 420 Considera
797 370 894 413 eos
934 371 1040 410 non
1072 355 1347 425 fugientes
1368 397 1383 420 ,
1422 352 1515 407 sed
1560 351 1754 406 ordine
1784 350 1973 403 ambu-
2003 355 2045 412 Α

388 456 611 511 iantes:
668 442 769 506 cur
811 463 941 504 vero
984 447 1218 503 lleutes?
1273 455 1519 514 tempore
1574 441 1968 496 beneﬁciorum

390 546 660 616 praecipue
692 553 1041 612 peccatorum
1071 550 1293 592 sensum
1342 535 1564 597 habent,
1605 532 1749 602 quod
1779 532 1831 585 iu
1857 543 1968 586 tam

392 645 731 692 mansuetum
760 634 1169 698 humanumque
1194 626 1361 683 Deum
1384 622 1765 681 contumeliosi
1792 622 1966 688 fuere,

383 728 604 797 quieos
636 723 857 779 omnino
884 722 1062 793 perire
1103 735 1209 777 nou
1247 718 1471 791 patitur,
1520 717 1609 787 qui
1664 714 1971 772 ulciscendo

392 820 575 873 hostes
607 814 820 869 reduxit
850 814 1015 885 ipsos.

460 906 657 961 Fmdus
690 907 828 959 enim
855 913 1128 959 artermtm.

451 995 748 1051 Considera
774 1008 961 1049 rursus
989 1005 1048 1047 ut
1067 1006 1254 1048 eorum
1279 989 1648 1058 arrogantiam
1670 988 1965 1060 reprimat.

382 1104 457 1146 ne
486 1090 632 1145 enim
663 1091 776 1144 suis
805 1087 1021 1143 meritis
1070 1086 1348 1140 ascribunt
1408 1084 1550 1154 quod
1582 1083 1813 1154 regressi
1836 1080 1966 1146 siut,

381 1198 454 1237 ex
488 1185 656 1237 veteri
687 1181 790 1236 hoc
819 1180 894 1235 ait
929 1194 1051 1236 esse
1085 1178 1309 1234 foedere.

462 1348 627 1421 Vsus.
656 1363 709 1421 6.
747 1364 876 1420 Oves
900 1363 1116 1431 perdius
1140 1362 1310 1433 factus
1340 1372 1416 1416 est
1445 1361 1666 1431 populus
1697 1376 1861 1415 metu.

459 1456 596 1513 Nam
633 1472 701 1512 ne
751 1457 875 1526 quis
908 1457 1149 1521 diceret,
1180 1454 1292 1509 Cur
1331 1453 1635 1524 perdidisti,
1668 1460 1723 1505 et
1751 1452 1927 1507 salvas
1952 1488 1968 1514 ,

388 1559 608 1622 propter
636 1564 790 1604 suam
823 1549 1105 1617 segnitiem
1148 1547 1428 1615 perierunt
1470 1544 1595 1615 ipsi,
1628 1554 1683 1599 et
1709 1544 1799 1614 qui
1829 1557 1971 1613 prae-

2147 900 2252 952 Ata
2262 898 2421 966 θήκη
2448 899 2558 969 γὸρ
2588 898 2847 964 αἰώνιος.

2147 991 2294 1063 Ὅρα
2324 992 2488 1045 πάλιν
2517 990 2699 1044 αὐτῶν
2721 988 2796 1055 ὡς
2825 989 3183 1045 καταστέλλει
3210 989 3278 1045 τὰ
3310 992 3666 1063 φρονήματα·

2073 1083 2162 1137 ἵνα
2186 1084 2296 1157 γὰρ
2325 1082 2424 1155 τὴν
2454 1083 2714 1138 ἐπάνοδον
2741 1085 2817 1153 μὴ
2858 1085 2972 1146 τοῖς
3008 1084 3236 1146 οἰκείοις
3270 1083 3669 1156 κατορθώμασι

2072 1173 2421 1243 λογίσωνται,
2458 1173 2625 1243 φησιν
2655 1175 2719 1227 ἐκ
2766 1172 3007 1238 παλαιᾶς
3052 1174 3330 1245 συνθήκης
3369 1174 3529 1228 τοῦτο
3566 1192 3668 1245 γε-

2071 1267 2311 1337 γονέναι.

2136 1361 2423 1431 ,Ηρόόατα
2466 1359 2826 1414 ἀπολωλότα
2863 1358 3116 1428 ἐγενήθη
3150 1361 3183 1412 ὁ
3212 1359 3364 1422 λαός
3387 1375 3530 1427 μου.

2150 1453 2269 1505 Ἵνα
2303 1452 2411 1523 γὰρ
2441 1452 2515 1523 μὴ
2546 1450 2676 1525 λέγῃ
2704 1468 2811 1514 τις,
2837 1450 2992 1514 Τίνος
3023 1451 3213 1503 ἕνεκεν
3248 1447 3538 1513 ἀπώλεσας
3564 1448 3668 1503 καὶ

2076 1543 2308 1609 σώζειςς
2342 1544 2431 1597 διὰ
2459 1544 2557 1612 τὴν
2600 1544 2811 1595 οἰκείαν
2856 1542 3136 1614 ρᾳθυμίαν
3190 1542 3470 1594 ἀπώλοντο
3506 1540 3667 1594 αὐτοὶ

386 1653 565 1698 erant.
611 1640 779 1711 igitur
825 1640 948 1695 illos
987 1640 1119 1695 dare
1153 1653 1343 1710 pmnas
1392 1637 1716 1710 oportebat,
1768 1635 1864 1692 sed
1916 1642 1974 1690 et

2078 1635 2171 1688 xui.
2194 1638 2242 1689 oi
2273 1636 2598 1705 προστάται.
2627 1634 2741 1687 Οὐκ
2765 1634 2858 1687 οὖν
2877 1634 3123 1697 ἐκείνους
3148 1632 3253 1686 ἔδει
3274 1632 3458 1687 δοῦναι
3481 1632 3664 1703 δίκην,

388 1734 547 1798 istos,
578 1746 647 1786 ne
674 1732 781 1786 illis
820 1739 1100 1801 parerent.

462 1828 627 1883 Obliti
650 1836 773 1882 sunt
800 1826 988 1881 cubilia
1021 1827 1127 1881 sui.

456 1919 657 1975 Patriae
686 1920 883 1976 oblitos
909 1933 1053 1987 esse,
1084 1933 1271 1976 eorum
1301 1917 1581 1975 delictum.

460 2102 629 2160 Vrsas.
667 2105 723 2161 7.
771 2102 968 2160 Omnes
1012 2104 1103 2172 qui
1147 2104 1458 2157 invenerunt
1497 2117 1584 2156 eos
1634 2097 1975 2154 absumebant

391 2213 501 2253 60$.

464 2289 599 2345 Vide
625 2301 683 2342 ιιι
711 2289 981 2358 benignus
1032 2287 1150 2358 ipse
1184 2286 1278 2350 sit,
1314 2285 1505 2342 solitus
1532 2283 1601 2339 ab
1637 2284 1792 2340 initio
1815 2282 1977 2339 bene—

392 2383 512 2438 licia
542 2382 595 2436 iu
622 2381 740 2437 illos
765 2380 1049 2444 conferre;
1082 2380 1157 2434 illi
1191 2390 1403 2444 contra,
1423 2378 1616 2450 iniqui.

472 2471 592 2527 Hoc
625 2480 731 2536 est,
766 2486 834 2526 ne
868 2471 941 2526 sit
998 2469 1151 2525 vobis
1198 2479 1353 2542 grata
1410 2467 1671 2523 habitatio
1711 2465 1975 2537 Babylon,

390 2562 645 2632 quoniam
677 2560 749 2616 ibi
780 2566 1181 2625 remanserunt,
1212 2557 1296 2613 vel
1329 2558 1373 2613 si
1407 2572 1511 2612 non
1541 2557 1645 2612 hoc
1666 2594 1682 2623 ,
1720 2563 1973 2625 tanquam

392 2656 677 2718 dracones,
708 2652 762 2707 id
795 2660 899 2719 est,
934 2649 1223 2706 horribiles
1256 2659 1310 2705 et
1343 2648 1551 2703 infesti.

458 2742 621 2801 Vsus.
668 2743 757 2799 12.
795 2742 863 2797 In
900 2742 1065 2808 bona,
1101 2741 1410 2796 novissima.

456 2837 718 2893 Ultimatu
757 2843 922 2891 vocat
955 2834 1163 2890 ratione
1189 2833 1292 2889 loci
1318 2871 1335 2899 ,
1368 2832 1509 2902 quod
1532 2844 1720 2888 omnes
1758 2829 1978 2886 device-

392 2930 796 2986 ritdestruens
845 2943 961 2983 eos.
998 2926 1098 2983 Vel
1146 2927 1273 2998 quia
1323 2925 1436 2981 Deo
1493 2924 1776 2996 peccavit,
1816 2924 1976 2993 idque

392 3021 662 3093 praecipue
700 3018 918 3090 quidem
954 3032 1020 3074 ex
1058 3017 1445 3086 praedictione,
1498 3015 1693 3071 deinde
1738 3028 1868 3069 vero
1907 3027 1971 3067 ex
2002 3035 2050 3098 ο

394 3112 570 3167 reditu
603 3109 829 3166 iadaico
858 3108 1208 3165 manifestum
1241 3114 1349 3163 est.
1387 3106 1488 3173 Qui
1526 3105 1668 3161 enim
1706 3102 1976 3174 persuasit

391 3204 474 3257 eis
506 3203 597 3271 qui
627 3201 901 3257 civitatem
931 3207 1211 3270 ceperant,
1244 3207 1303 3251 ut
1329 3198 1429 3252 hos
1461 3196 1796 3250 dimitterent
1826 3203 1977 3250 tanto

393 3307 519 3347 cum
564 3292 772 3347 honore
795 3331 811 3356 ,
854 3290 902 3345 is
933 3288 1122 3359 utique
1148 3298 1204 3344 et
1231 3288 1517 3344 victoriam
1567 3297 1823 3357 operatus
1854 3294 1937 3342 est
1959 3324 1975 3352 ,

394 3384 597 3455 passim
627 3382 860 3437 aiilrmat
893 3383 1036 3437 illam
1072 3395 1104 3435 a
1137 3380 1248 3436 Deo
1282 3381 1445 3435 tradi.

468 3475 628 3531 Vsus.
664 3475 748 3531 16.
787 3475 826 3527 Α
867 3474 1003 3543 {acie
1032 3473 1199 3544 gladii
1226 3472 1426 3528 Gra’ci.

462 3566 678 3623 Etenim
726 3567 771 3622 si
817 3580 1009 3621 errans
1057 3580 1163 3620 non
1212 3562 1429 3629 fuisset,
1476 3570 1632 3631 capta
1665 3575 1775 3617 non
1809 3570 1974 3626 esset,

394 3660 596 3732 quippe
636 3669 844 3715 natura:
874 3657 1304 3713 imbecillitatem
1357 3656 1436 3712 vis
1466 3654 1704 3726 pastoris
1741 3652 1977 3709 circum-

392 3754 649 3808 vallahat.
682 3750 811 3808 Ovis
851 3759 1011 3816 erat,
1042 3749 1135 3806 sed
1179 3750 1280 3806 sub
1315 3757 1535 3820 pastore
1579 3746 1726 3813 Deo;
1762 3746 1805 3801 si
1857 3745 1976 3799 ovis

394 3846 787 3918 permansisset
808 3841 1024 3899 subdita
1070 3850 1121 3897 et
1161 3839 1457 3906 obediens,
1503 3852 1609 3892 non
1640 3849 1800 3907 passa
1833 3842 1979 3889 esset

395 3954 513 4009 qua:
537 3954 691 4009 passa
724 3946 809 3994 est
828 3977 845 4003 .
870 3952 975 3993 non
1004 3937 1151 3991 enim
1184 3943 1405 4005 propter
1437 3928 1810 3999 impotentiam
1832 3968 1848 3993 ,
1883 3924 1974 3981 sed

394 4030 539 4099 quod
573 4044 632 4084 se
662 4043 692 4083 e
732 4029 977 4084 Pastoris
1015 4025 1356 4098 providentia
1399 4021 1681 4083 subduxit,
1718 4016 1979 4075 sustinuit

395 4134 515 4188 qua:
553 4120 832 4175 sustinuit.

469 4209 631 4266 Vsus.
663 4210 752 4266 1⁸7.
796 4208 990 4263 Leone:
1028 4208 1342 4277 expulerunt
1369 4222 1513 4261 eum.

468 4299 605 4357 Vide
637 4311 695 4357 ut
725 4301 926 4373 passim
961 4302 1255 4369 exprobret
1289 4311 1483 4369 putate.

466 4485 631 4541 Vsus.
673 4483 762 4539 18.
806 4482 1092 4550 PrOpterea
1132 4481 1240 4535 haec
1268 4479 1415 4533 dicit.

468 4578 580 4632 Non
629 4575 866 4631 habebas
903 4583 1086 4643 aptum
1121 4570 1464 4640 exemplum?
1512 4568 1628 4625 Non
1676 4569 1972 4625 audiebas?

395 4668 843 4737 Comprehendam
889 4666 1069 4722 orbem
1124 4673 1387 4719 terrarum
1456 4663 1609 4732 quasi
1663 4663 1873 4728 nidum,
1922 4671 1973 4717 et

393 4762 547 4828 quasi
575 4759 824 4815 derelicta
866 4774 965 4814 ova
1031 4772 1338 4812 consumam
1383 4755 1450 4809 ³¹.
1486 4754 1598 4809 Hoc
1632 4752 1836 4809 factum
1865 4763 1971 4821 est,

393 4860 449 4906 et
496 4849 656 4906 tinem
697 4848 907 4907 habuit.
962 4847 1154 4904 Vidisti
1196 4847 1339 4918 quod
1388 4861 1487 4917 ego
1538 4846 1688 4903 illum
1738 4845 1969 4915 tradidi,

394 4940 563 4998 multo
593 4940 765 5011 magis
794 4940 858 4995 de
887 4939 1058 5011 teipse
1086 4949 1267 4996 certus
1297 4939 1397 4997 sis.

462 5033 629 5090 Vens.
658 5034 745 5089 20.
788 5033 1057 5100 Quaerant.

461 5126 580 5182 Non
629 5126 765 5182 dixit
807 5141 822 5178 :
854 5126 992 5193 Quia
1024 5125 1114 5181 ille
1147 5129 1201 5181 in
1236 5127 1518 5183 meliorem
1549 5126 1757 5197 frugem
1786 5143 1846 5183 se
1877 5142 1966 5183 re-

393 5216 641 5283 vocavit;
674 5214 769 5272 sed
796 5233 809 5271 :
838 5215 1103 5283 Quoniam
1131 5230 1230 5284 ego
1252 5216 1392 5271 iram
1427 5216 1619 5285 abieci.
1653 5216 1764 5270 Nec
1792 5217 1969 5271 dixit:

393 5308 510 5362 Erit
534 5307 750 5378 quidem
780 5306 882 5373 ira,
912 5310 1026 5373 sed,
1058 5306 1173 5363 Non
1199 5306 1517 5370 ulciscatur,
1549 5308 1645 5363 sed
1674 5307 1832 5378 plane
1865 5322 1970 5362 non

394 5400 697 5469 apparebit.
751 5398 980 5457 Peccata
1010 5415 1140 5473 ergo
1171 5415 1290 5459 eam
1323 5400 1685 5468 tradiderunt,
1712 5415 1819 5457 non
1862 5400 1967 5457 im-

398 5491 661 5559 potentia.

470 5663 520 5697 ⁴³
549 5663 656 5722 lsa.
688 5682 746 5731 ι,
776 5671 861 5723 ia.

2004 1702 2047 1757 Β
2078 1726 2213 1781 ἀλλᾶ
2241 1702 2337 1779 καί.
2361 1728 2583 1790 τούτους
2603 1767 2617 1791 ,
2652 1725 2794 1778 ὥστε
2821 1726 2915 1779 καὶ
2942 1724 3249 1779 πείθεσθαι.

2161 1818 2551 1872 Ἐπελὰθοντο
2572 1818 2777 1884 κοίτης
2805 1815 3027 1872 αὐτῶν.

2147 1903 2322 1958 Τοῦτο
2371 1905 2551 1960 αὐτῶν
2589 1907 2876 1976 ἔγκλημα,
2912 1906 2974 1960 τὸ
3010 1905 3112 1977 τῆς
3156 1905 3415 1977 πατρίδος
3467 1905 3665 1960 ἐπιλα-

2079 1994 2292 2051 θέσθαι.
2354 2034 2362 2042 ι

2148 2087 2382 2157 Πάντες
2408 2091 2463 2143 οι
2495 2090 2889 2159 εὑρίσκοντες
2914 2088 3158 2157 αὐτούς.

2178 2272 2294 2343 Ορα
2333 2271 2451 2335 πῶς
2476 2272 2638 2337 αὐτὸς
2669 2272 3052 2344 φιλάνθρωπος
3083 2274 3289 2330 ἄνωθεν
3316 2275 3526 2341 εἰωθὼς
3559 2278 3665 2332 αύι·

2076 2363 2203 2425 τοὺς
2234 2362 2566 2433 εὐεργετεῖν,
2608 2365 2659 2417 οί
2685 2364 2743 2417 δὲ
2777 2365 2973 2421 ἄδικοι.

2147 2454 2427 2523 Τουτέστι,
2463 2457 2536 2527 μὴ
2556 2457 2988 2531 ἐμφιλοχωρεῖτε
3038 2463 3105 2534 τῇ
3130 2462 3434 2533 Βαϐυλῶνι,
3467 2467 3663 2536 ἐπειδὴ

2077 2547 2441 2617 ἐναπέμειναν
2463 2549 2597 2601 ἐκεῖ.
2610 2549 2679 2601 Ἦ
2703 2551 2751 2602 εί
2773 2550 2848 2623 μὴ
2869 2551 3047 2620 τοῦτο,
3078 2552 3154 2618 ὡς
3178 2554 3489 2625 δράκοντες,
3508 2576 3665 2613 τουτ-

2078 2637 2197 2691 έστι
2228 2639 2449 2711 φοϐεροὶ
2479 2639 2576 2693 καὶ
2603 2641 2884 2711 ἐπαχθεῖς.

2161 2729 2287 2784 Ἐπ’
2316 2731 2527 2799 ἀγαθὰ,
2557 2732 2808 2802 ἐσχάτη.

2162 2825 2295 2879 Ἀπὸ
2321 2826 2416 2879 τοῦ
2457 2830 2624 2881 τόπου
2661 2829 2826 2901 φησὶν
2865 2829 3123 2903 ἐσχάτην,
3156 2834 3239 2887 ὃτι
3273 2835 3414 2889 κατὰ
3442 2840 3662 2893 adimet

2077 2918 2386 2989 ἐκράτησεν
2411 2910 2710 2991 ἀναιροῦσα
2732 2921 2951 2985 αὐτούς.
2973 2924 3043 2975 ’Ἡ
3071 2925 3154 2978 ὅτι
3176 2926 3253 2998 τῷ
3274 2926 3393 2999 Θεῷ
3414 2930 3666 3001 ἥμαρτεο

2084 3007 2319 3077 μάλιστα
2353 3008 2450 3079 μὲν
2477 3010 2573 3063 καὶ
2607 3010 2671 3062 ἐκ
2698 3009 2799 3079 τῆς
2842 3013 3238 3083 προρρήσεως,
3274 3016 3465 3071 ἔπειτα
3502 3018 3564 3073 δὲ
3600 3023 3671 3074 ἐκ

2080 3100 2179 3169 τῆς
2207 3100 2396 3154 ἀνόδου
2418 3103 2517 3169 τῆς
2558 3103 2861 3174 Ἰουδαϊκῆς
2879 3098 3051 3159 ’τοῦτο
3081 3106 3261 3178 δῆλον.
3308 3110 3367 3163 '0
3392 3110 3501 3183 γὰρ
3529 3115 3668 3177 τοὺς

2077 3188 2341 3255 λαϐόντας
2366 3190 2465 3263 τὴν
2499 3193 2654 3246 πόλιν
2684 3193 2990 3260 ἀναπείσας
3012 3198 3239 3263 τούτους
3271 3201 3491 3270 ἀφεῖναι
3520 3204 3672 3274 μετὰ

2076 3280 2348 3353 τοσαύτης
2399 3282 2605 3353 τιμῆς,
2646 3278 2801 3349 οὗτος
2848 3287 2944 3340 καὶ
2993 3288 3090 3359 τὴν
3133 3290 3293 3363 νίκην
3341 3294 3669 3363 είργὰσατο,

2079 3374 2355 3444 πανταχοῦ
2391 3392 2576 3446 φησιν,
2610 3377 2693 3430 ὅτι
2730 3378 2759 3429 ό
2789 3378 2923 3444 Θεὸς
2959 3381 3127 3453 αὐτὴν
3156 3384 3518 3455 παραδίδωσι.

2160 3468 2295 3523 Ἀπύ
2315 3468 2638 3537 προσώπου
2658 3475 2956 3542 μαχαίρας
2990 3474 3376 3547 Ἑλληνικῆς.

2148 3560 2211 3615 Ei
2252 3563 2326 3634 μὴ
2367 3562 2474 3634 γὰρ
2508 3563 2926 3637 πεπλανημένον
2958 3565 3047 3642 ἦν,
3076 3570 3176 3640 οὐχ
3207 3568 3383 3624 ἐάλωο
3417 3571 3519 3643 τὴν
3551 3573 3667 3644 γὰρ

2078 3652 2186 3707 ἀπὸ
2211 3654 2311 3725 τῆς
2342 3653 2559 3723 φύσεως
2599 3655 2886 3710 ἀσθένειαν
2917 3660 3180 3731 ἐτείχιζεν
3212 3662 3245 3731 ἡ
3272 3659 3366 3714 τοῦ
3399 3663 3666 3732 ποιμένος

2080 3744 2253 3816 ίσχύς.
2291 3746 2570 3818 Πρόϐατον
2602 3743 2690 3820 ἦν,
2724 3748 2836 3803 ἀλλ’
2866 3751 2974 3805 ὑπὸ
3006 3752 3221 3823 ποιμένι
3255 3753 3376 3825 Θεῷ
3400 3770 3414 3785 ο
3446 3757 3495 3808 εί
3525 3758 3666 3827 πρό-

2081 3836 2242 3890 ϐατον
2272 3837 2455 3909 ἔμεινε
2489 3840 2583 3893 καὶ
2617 3842 2952 3907 καταπειθὲς
2973 3884 2987 3908 ,
3017 3846 3111 3897 καὶ
3152 3844 3415 3915 ὑπήκοον,
3462 3848 3563 3900 οὐκ
3593 3849 3664 3902 ἂν

2078 3928 2281 3983 ἔπαθεν
2310 3930 2457 4001 ἅπερ
2486 3929 2709 3986 ἔπαθεν·
2747 3933 2867 3988 οὐδὲ
2897 3934 3007 4006 γὰρ
3033 3934 3092 3999 ἐξ
3122 3935 3426 4001 ἀσθενείας,
3452 3938 3570 3991 ἀλλ’
3594 3942 3665 3995 ἐκ

2079 4019 2177 4073 τοῦ
2228 4021 2331 4091 τῆς
2386 4024 2754 4095 ποιμαντικῆς
2799 4025 3182 4098 ἀπορραγῆναι
3230 4030 3517 4100 προνοίας,
3553 4031 3650 4087 ὑπο

2077 4112 2102 4166 έ
2109 4130 2176 4183 με
2186 4130 2292 4165 ινεν
2323 4111 2429 4168 ἆπε
2437 4131 2467 4184 ρ
2493 4114 2809 4185 ὑπέμεινεν.

2147 4204 2404 4271 Λέοντες
2445 4206 2685 4271 ἕξωσαν
2710 4210 2914 4263 αὐτόν.

2154 4296 2326 4368 Ὅρα,
2359 4298 2478 4362 πῶς
2525 4301 2803 4372 πανταχοῦ
2832 4301 2929 4373 τὴν
2968 4301 3219 4361 ἐπίτασιν
3249 4305 3350 4379 τῆς
3384 4309 3660 4380 τιμωρίας

2010 4383 2057 4440 D
2084 4391 2323 4459 ἐγκαλεῖ.

2148 4483 2249 4538 Διὰ
2289 4484 2463 4539 τοῦτο
2492 4485 2630 4540 τάδε
2653 4486 2835 4557 λέγει.

2147 4577 2261 4631 Ούκ
2319 4572 2465 4648 εἶχες
2518 4579 2700 4633 ἱκανὸν
2749 4580 3136 4653 παράδειγμα;
3190 4583 3304 4637 Οὐκ
3355 4584 3552 4655 ἤκουες
3609 4587 3665 4639 τί

2077 4668 2263 4739 ἔλεγεν
2289 4672 2528 4737 ἐκεῖνοςς
2560 4672 2993 4743 Καταλήψομαι
3036 4674 3152 4742 τὴν
3188 4677 3550 4746 οἰκουμένην
3579 4679 3663 4744 ὠς

2075 4766 2338 4814 νοσσιὰν
2385 4760 2483 4815 καὶ
2533 4762 2613 4826 ὠς
2648 4762 3153 4831 καταλελειμμένα
3206 4763 3291 4817 ὠὰ
3318 4763 3459 4833 ἀρῶ.
3519 4765 3663 4818 Τοῦ-

2074 4854 2332 4921 τογέγονε
2352 4894 2366 4917 ,
2423 4853 2516 4907 καὶ
2558 4853 2710 4916 τέλος
2759 4852 2979 4908 ἔλαϐενο
3010 4848 3163 4919 Εἶδες
3201 4856 3282 4909 ὅτι
3311 4856 3423 4924 ἐγὼ
3448 4858 3659 4912 ἐκεῖνον

2075 4943 2388 5013 παρέδωκα,
2416 4943 2595 5014 πολλῷ
2624 4944 2824 5017 μᾶλλον
2858 4946 2951 4999 καὶ
2980 4945 3113 5017 περὶ
3144 4944 3343 4999 σαυτοῦ
3374 4947 3653 5017 πείσθητι.

2144 5036 2511 5103 Ζητήσουσι.

2142 5125 2256 5178 υὺκ
2279 5121 2453 5190 εἶπεν,
2484 5125 2701 5199 Ἐπειδὴ
2735 5125 3108 5198 διωρθώσατο·
3144 5128 3527 5198 ἀλλὰ,“Επειδὴ
3555 5132 3654 5198 τῆς

2074 5216 2241 5287 ὀργῆς
2288 5218 2529 5289 ἀπέστην
2563 5217 2694 5287 ἐγώ.
2723 5219 2837 5273 Οὐκ
2882 5215 3055 5285 εἶπεν,
3102 5220 3182 5274 ὄτι
3213 5222 3408 5274 Ἔσται
3436 5221 3558 5292 μὲν,
3593 5222 3653 5274 οὐ

2073 5310 2451 5380 τιμωρήσεται
2492 5309 2583 5375 δὲ,
2611 5310 2747 5377 ἀλλ’,
2786 5309 2922 5365 Οὐδὲ
2968 5313 3220 5382 φανεῖται
3255 5311 3417 5383 αὐτή⁶
3450 5311 3557 5384 ἄρα
3590 5311 3659 5365 τὰ

2076 5400 2446 5474 ἁμαρτήματα
2470 5401 2639 5475 αὐτὴν
2667 5403 3005 5476 παρέδωκεν,
3033 5404 3132 5459 οὐκ
3162 5402 3413 5458 ἀσθένεια
3436 5456 3439 5457 ν
