4054 6216
315 274 454 331 1055
1460 264 1886 324 FRAGMENTA
1927 263 1993 318 lN
2033 265 2401 323 lEltElllAM.
3437 270 3570 329 ωδε

379 370 511 447 Πῶς
544 380 936 449 συνεκλείσθη
952 382 991 443 ς’
1924 384 1971 440 Δ

1924 384 1971 440 Α
2071 379 2236 435 Vtzns.
2262 380 2355 434 2'5.
2390 381 2664 447 Quomodo
2695 383 3005 452 confractus
3032 393 3081 438 et
3113 386 3417 442 contritus?

380 470 533 533 Εἶδες
563 471 680 533 πῶς
714 470 1060 541 παρέστησεν
1091 470 1259 541 αὐτῆς
1288 468 1387 541 τὴν
1441 467 1624 538 ἰσχύνς
1651 464 1765 530 πῶς
1792 466 1892 537 τὴν

2070 468 2233 525 Vides
2288 473 2560 541 quomodo
2609 474 2750 529 illius
2786 474 2929 529 vires
2959 476 3269 545 expressit?
3303 480 3574 545 quomodo

314 561 525 632 πληγὴν
574 558 674 631 τὴν
726 559 1037 629 ἀφόρητον;
1068 558 1200 612 Εἶτα
1235 556 1511 628 πανταχοῦ
1544 574 1728 628 φησιν,
1769 555 1892 608 ’Ὁτι

1998 557 2209 630 plagam
2259 563 2655 622 intolerabilem
2690 566 2714 620 ?
2773 565 2978 622 Deinde
3033 566 3237 634 passim
3277 568 3400 624 ait:
3436 568 3572 637 Qui:

316 653 386 724 τῷ
441 650 627 721 Κυρίῳ
658 650 910 721 ἀντέστη,
962 651 1211 721 ἥμαρτε·
1253 649 1349 703 καὶ
1412 648 1505 701 τὸν
1546 648 1750 719 τρόπον
1796 648 1894 718 τῆς

1999 649 2226 709 ῡοιιιὶιιο
2292 656 2540 722 restitit,
2592 658 2886 729 peccavit;
2937 660 3271 729 modumque
3318 663 3575 731 exprimit

311 742 607 815 ἁμαρτίας,
640 741 846 807 Καθὼς
878 742 1150 810 ἐποίησε,
1173 740 1563 811 ποιηθήσεται
1588 738 1765 809 αὐτῇ.

1265 740 1563 811 τηθήσεται
1588 738 1765 809 αὐτῇ.
1995 744 2205 810 peccati
2235 760 2250 799 :
2284 744 2431 800 Sicut
2463 746 2604 817 fecit,
2643 748 2734 817 ﬁet
2763 748 2866 804 illi.

395 832 784 889 Ἄνταπόδοτε
817 832 993 901 αὐτῇ.

2071 834 2238 891 Vens.
2277 837 2368 893 29.
2411 837 2705 894 Retribuite
2736 841 2808 896 ei.

384 927 496 980 Καὶ
539 925 641 997 τὴν
678 924 1100 996 μακροθυμίαν,
1136 924 1218 977 ὅτι
1249 925 1375 997 ἥκει
1405 925 1434 978 ό
1469 923 1657 995 καιρὸς
1700 924 1891 995 αὐτῆς.

2069 928 2136 983 Et
2195 929 2704 999 longanimitatem,
2768 933 3025 1002 quoniam
3086 934 3308 990 advenit
3365 944 3574 1005 tempus

313 1021 483 1073 Ὥστε
530 1019 625 1072 καὶ
666 1016 758 1071 τὸν
805 1015 995 1089 καιρὸν
1038 1015 1327 1087 ἀνέμεινε,
1375 1017 1473 1072 καὶ
1526 1018 1680 1072 οὐδὲν
1730 1018 1893 1072 πλέον

1996 1019 2138 1088 ejus.
2167 1019 2246 1074 lta
2278 1030 2333 1077 ct
2360 1030 2572 1091 tempus
2601 1026 2960 1094 exspectavit,
2981 1036 3036 1082 et
3064 1027 3198 1082 nihil
3229 1028 3354 1085 boni
3381 1045 3574 1088 conse-

312 1110 551 1179 ἐγένετο.

1997 1124 2206 1166 ευιιιῐη.

389 1200 539 1255 Τάδε
574 1201 737 1269 λέγει
774 1184 1009 1268 Impia}.

2075 1196 2243 1253 Vens.
2280 1200 2369 1254 33.
2408 1198 2540 1255 Hazc
2570 1201 2697 1255 dicit
2734 1202 3012 1262 Dominus.

383 1292 499 1345 Οὐκ
534 1290 812 1361 ἠθέλησαν
852 1288 1123 1343 ἀπολῦσαι
1149 1288 1369 1352 αὐτούς.
1407 1289 1478 1343 Ἥ
1514 1287 1673 1345 τοῦτό
1704 1307 1890 1361 φησιν,

2071 1290 2372 1346 Noluerunt
2398 1307 2492 1348 eos
2526 1292 2826 1351 dimittere.
2855 1296 2955 1354 Vel
2981 1299 3084 1355 hoc
3113 1301 3266 1369 dicit,
3291 1305 3435 1373 quod
3468 1323 3572 1362 non

308 1385 398 1438 ὅτι
427 1384 527 1436 οὐκ
568 1381 635 1436 ἂν
689 1382 968 1435 ἀπέλυσαν
1014 1381 1223 1453 οὕσπερ
1256 1382 1514 1455 κατεῖχον
1559 1382 1892 1454 αὑτοπροαι-

1998 1391 2191 1453 sponte
2226 1383 2569 1440 dimisissent
2600 1400 2696 1443 eos
2745 1403 2884 1458 quos
2944 1391 3279 1457 detinebant.
3312 1399 3406 1451 sed
3443 1400 3578 1455 τοδί-

317 1476 508 1546 ρέτως,
543 1472 658 1527 ἀλλ’
687 1473 1011 1527 ἀνθίσταντο
1065 1473 1141 1545 τῷ
1190 1473 1328 1546 Θεῷ,
1380 1473 1616 1546 ιαθάπερ
1657 1476 1686 1528 ό
1722 1476 1893 1545 Αίγύ-

1849 1476 1893 1528 i-
1998 1474 2215 1529 stebant
2242 1474 2385 1541 Deo,
2419 1478 2873 1543 quemadmodum
2904 1481 3189 1555 Egyptius
3220 1485 3450 1549 Pharao.

313 1584 471 1630 πτιος
497 1564 716 1636 Φαραώ.
1013 1604 1021 1611 .
1941 1589 1949 1594 -
2716 1640 2721 1645 ἱ

384 1660 588 1725 Καθὼς
624 1660 1015 1728 κατέστρεψε.

385 1754 451 1774 ην
493 1748 581 1774 ,νη
676 1752 729 1774 μ’.
780 1753 1142 1774 ----------9-..--
1202 1752 1407 1774 ενα-μ--
1462 1746 1551 1774 ,τη
1591 1753 1739 1774 --9--
1798 1753 1892 1774 -εε-
1928 1714 1972 1774 Β

1928 1714 1972 1774 Β
2069 1658 2237 1719 Vens.
2277 1662 2368 1720 40.
2406 1662 2556 1721 Sicut
2587 1668 2858 1724 subvertit.

1257 1758 1407 1774 t___-
1462 1746 1551 1774 ,τη
1591 1753 1739 1774 --9--
1798 1753 1892 1774 _52-
2071 1753 2209 1774 Ληει
2259 1770 2371 1774 -.Α--
2443 1771 2494 1774 μί
2598 1772 2607 1774 _
2700 1760 2713 1774 ι
2773 1761 2844 1774 ιι-

385 1754 451 1807 Τί
487 1748 619 1817 οὖν,
671 1752 732 1806 οὐ
780 1753 1145 1819 κατοικεῖται;
1202 1752 1412 1823 Ὥσπερ
1457 1746 1551 1806 οὖν
1588 1753 1746 1806 τοῦτο
1796 1753 1893 1824 τῆς

2069 1753 2213 1823 Quid
2251 1770 2402 1828 ergo,
2435 1771 2504 1811 an
2548 1772 2655 1814 non
2698 1760 3020 1821 habitatur?
3067 1765 3223 1824 Sicut
3264 1770 3427 1841 igitur
3474 1775 3576 1831 hoc

315 1848 655 1921 ὑπερϐολῆς,
687 1847 830 1900 οὕτω
860 1846 956 1901 καὶ
983 1848 1113 1900 ὅταν
1144 1847 1282 1918 λέγῃ
1302 1864 1317 1879 ⁸
1354 1847 1551 1911 Καθὼς
1584 1846 1799 1918 ὤμοσα,
1837 1849 1895 1903 ὲν

1997 1847 2204 1904 dictum
2256 1848 2606 1919 hyperbolice
2669 1861 2790 1918 est,
2845 1854 2920 1910 ita
2972 1866 3028 1912 et
3084 1874 3208 1915 cum
3256 1862 3374 1923 ait.
3421 1864 3578 1922 Sicut

315 1942 394 2007 τῷ
434 1941 591 1993 ὕδατι
627 1939 706 2011 τῷ
736 1940 830 1992 ἐπὶ
877 1939 1002 1992 Νῶε
1037 1938 1095 2006 ἐξ
1128 1938 1435 2010 ὑπερϐολῆς
1457 1955 1470 1969 ·
1502 1934 1621 1992 εἶτα
1656 1940 1896 2010 συνεχῶς

1995 1939 2176 2010 juravi
2220 1940 2288 1996 de
2329 1955 2467 2009 aqua
2505 1950 2750 2013 tempore
2780 1943 2930 2013 Noe,
2969 1948 3337 2020 hyperbolice.
3378 1957 3575 2015 Deinde

316 2032 642 2103 ἐνδιατρίϐει
711 2034 823 2095 τοῖς
906 2032 1089 2096 αὐτοῖς
1177 2030 1378 2099 λόγοις.
1452 2030 1608 2095 Τίνος
1670 2032 1892 2100 ἒνεκεν;

1998 2029 2204 2101 pluries
2247 2031 2438 2086 eadem
2486 2034 2720 2102 repetit,
2752 2035 2883 2105 quid
2931 2037 3051 2093 ita?
3081 2040 3346 2107 Quoniam
3393 2046 3573 2102 incre—

325 2124 550 2194 Ἐπειδὴ
590 2122 820 2177 ἄπιστον
867 2116 937 2193 ἦν
987 2122 1083 2176 καὶ
1111 2121 1416 2193 παράδοξον
1457 2123 1518 2177 τὸ
1559 2123 1893 2194 λεγόμενον,

1998 2126 2164 2182 dibilc
2205 2135 2358 2193 erat,
2396 2136 2453 2183 et
2498 2135 2697 2196 praeter
2730 2129 3044 2200 opinionem
3076 2134 3220 2201 quod
3264 2135 3570 2203 dicebatur,

313 2217 394 2269 ὅτι
434 2214 690 2267 Βαϐυλὼν
723 2213 1029 2281 ἁλώσεται,
1058 2214 1344 2287 ταχυτέρῳ
1382 2214 1648 2287 κέχρηται
1679 2217 1891 2287 τρόπῳ,

1999 2220 2115 2276 fore
2139 2230 2198 2276 ut
2222 2220 2462 2293 Babylon
2488 2233 2912 2293 expugnaretur,
2941 2226 3127 2295 paucis
3155 2241 3268 2285 rem
3295 2231 3570 2300 exprimit,

314 2308 562 2371 ἐκτείνας
591 2306 689 2377 τὴν
719 2305 920 2360 ἅλωσιν
946 2302 1139 2379 αὐτῆς.

1997 2311 2335 2380 ampliﬁcatis
2362 2312 2480 2384 ejus
2508 2314 2989 2383 expugnationem.

398 2399 555 2455 Ἰδοὺ
612 2400 761 2466 λαός
814 2399 1050 2469 ἔρχεται
1106 2400 1227 2454 ἀπὸ
1280 2398 1512 2470 Βορῤᾱ,
1559 2402 1656 2455 καὶ
1717 2401 1893 2469 ἔθνος

2072 2401 2238 2458 Vens.
2294 2404 2385 2459 41.
2440 2401 2577 2458 Ecce
2624 2404 2851 2475 papulas
2900 2407 3035 2461 venit
3079 2408 3144 2460 ab
3191 2410 3478 2479 Aquilone.
3524 2423 3573 2467 et

310 2491 492 2561 μέγα,
524 2492 621 2545 καὶ
646 2491 924 2558 βασιλεῖς
962 2490 1460 2561 ἐξεγερθήσονται
1496 2494 1597 2548 ἀπ’
1625 2494 1893 2565 ἐσχάτου

2009 2514 2134 2568 gens
2164 2514 2378 2568 magna,
2413 2508 2461 2551 et
2490 2514 2633 2566 reges
2653 2500 3023 2554 excitabuntur
3045 2500 3110 2554 ab
3135 2513 3365 2557 extremo
3390 2513 3567 2571 term,

317 2578 424 2653 τῆς
453 2582 591 2654 τῆς,
627 2584 807 2645 τόξον
856 2583 952 2638 καὶ
1009 2583 1369 2654 ἐγχειρίδιον
1397 2584 1664 2653 ἔχοντες.

2012 2603 2197 2642 arcum
2227 2596 2276 2640 et
2310 2584 2557 2639 manuale
2588 2585 2857 2640 habentes.
3582 2642 3584 2645 _

388 2676 697 2741 Τουτέστιν,
720 2675 944 2728 ἀσπίδα·
966 2674 1126 2729 τοῦτο
1153 2675 1263 2747 γὰρ
1294 2676 1589 2749 ἐρμηνεύει
1614 2679 1675 2732 τὸ
1702 2679 1893 2750 ἐγχει-

2069 2678 2293 2732 Scutum
2348 2688 2580 2744 nempe,
2633 2675 2736 2729 huc
2775 2676 2920 2730 enim
2969 2679 3214 2733 manucla
3266 2680 3571 2752 signiﬁcat,

307 2768 508 2839 ρίδιον
527 2807 543 2832 ,
571 2766 649 2838 τῷ
686 2767 815 2836 περὶ
842 2768 902 2819 τδ
932 2769 989 2820 ὲν
1018 2770 1085 2837 τῇ
1119 2769 1268 2840 χειρὶ
1299 2768 1584 2840 φέρεσθαι.

1225 2769 1268 2821 οἱ
1299 2768 1584 2840 φέρεσθαι.
1996 2784 2062 2827 ex
2093 2784 2158 2825 eo
2190 2769 2336 2838 quod
2364 2783 2525 2822 manu
2558 2776 2826 2838 gestatur.

384 2861 540 2915 Ἰδοὺ
589 2861 670 2926 ὡς
722 2858 878 2914 ,κέων
924 2858 1293 2929 ἀναϐήσεται
1334 2861 1455 2916 ἀπὸ
1508 2862 1893 2933 φρυάγματος

2072 2858 2231 2913 Vens.
2267 2858 2359 2913 44.
2392 2856 2530 2925 Ecce
2551 2857 2705 2928 quasi
2735 2856 2816 2914 leo
2843 2858 3088 2921 ascendet
3117 2861 3184 2917 de
3219 2870 3423 2921 tumore
3447 2866 3573 2923 lor-

312 2951 421 3007 τοῦ
456 2950 755 3021 Ἰορδάνου
792 2951 880 3016 είς
908 2951 1096 3004 τόπον
1123 2950 1329 3020 Ἐθάμ.

1193 2950 1329 3020 (lily.
1996 2951 2151 3005 donis
2184 2952 2241 3006 in
2270 2950 2444 3007 locum
2471 2949 2691 3005 Etham.

384 3049 576 3103 Λέοντι
605 3046 907 3119 παρείκασε
934 3046 1026 3100 τὸν
1048 3047 1253 3117 Μῆδον.
1281 3047 1354 3100 Τὸ
1388 3047 1475 3114 δὲ,
1508 3049 1629 3104 ἀπὸ
1662 3051 1889 3121 φρυὰγο
1920 3063 1967 3126 c

2068 3042 2232 3098 Leoni
2264 3040 2601 3113 comparavit
2628 3039 2865 3098 Medum.
2903 3042 2983 3099 De
3006 3054 3212 3101 tumore
3233 3046 3491 3105 Iordanis
3519 3053 3572 3108 in

309 3156 496 3208 ματος
548 3138 657 3192 τοῦ
715 3135 1012 3205 Ἰορδάνου
1058 3139 1144 3203 εὶς
1188 3136 1378 3191 τόπον
1418 3137 1639 3207 Ἐθὰμ,
1688 3138 1891 3194 ὡσανεὶ

1997 3137 2170 3190 locum
2208 3134 2437 3201 Elham,
2473 3132 2634 3206 quasi
2669 3132 2747 3189 ibi
2783 3132 2970 3191 leones
3003 3140 3387 3197 consueverint
3423 3142 3574 3199 habi-

314 3231 501 3285 αὐτόθι
547 3228 655 3282 τῶν
696 3229 927 3282 λεόντων
964 3227 1234 3282 εἰωθότων
1276 3229 1589 3299 φαίνεσθαι.
1634 3230 1893 3304 Ἐθὰμδὲ

1719 3231 1810 3304 ιάμ
1833 3232 1893 3289 δὲ
2002 3240 2149 3295 tare;
2186 3228 2380 3301 Etham
2409 3226 2606 3283 civitas
2636 3234 2724 3283 est
2746 3222 2972 3284 Jordani
3000 3228 3203 3287 vicina.
3316 3298 3320 3301 ι

315 3322 471 3388 πόλις
501 3323 650 3377 ἐστὶν
678 3322 878 3393 ὅμορος
907 3320 1002 3375 τοῦ
1042 3321 1334 3392 Ἰορδάνου.

891 3456 1143 3510 ΚΕΦΔΛ.
1184 3456 1315 3511 NA'.

2645 3450 2802 3508 CAP.
2843 3450 2928 3507 LI.

390 3594 684 3663 Ποτήριον
714 3597 989 3661 χρυσοῦν
1022 3594 1336 3647 Βαϐυλων.

2072 3584 2244 3645 Vens.
2276 3587 2329 3640 7.
2365 3586 2520 3643 Calix
2546 3602 2739 3641 aureus
2775 3585 3034 3659 Babylon.

392 3686 459 3738 Εί
494 3685 751 3754 ποτήριον
790 3681 1026 3754 χρυσοῦν
1054 3683 1112 3734 ἐν
1150 3683 1295 3753 χειρὶ
1330 3682 1562 3755 Κυρίου,
1602 3683 1750 3747 τίνος
1778 3683 1895 3739 ἓνε-

2079 3680 2134 3733 Si
2182 3678 2323 3733 calix
2375 3692 2579 3733 aureus
2626 3680 2680 3733 in
2726 3693 2891 3733 manu
2939 3682 3193 3753 Domini,
3227 3702 3399 3756 quare
3448 3703 3578 3760 ergo

319 3794 420 3832 κεν
452 3775 772 3841 κολάζεται;
806 3777 926 3829 ’Ότι
959 3774 1225 3846 μειζόνως
1263 3774 1491 3830 ἐκόλασε
1513 3816 1528 3841 ,
1562 3777 1659 3831 καὶ
1688 3778 1893 3847 ἐτιμω-

2004 3767 2344 3837 castigatur?
2386 3766 2538 3834 Quod
2579 3768 2801 3838 gravius
2836 3770 3083 3839 punivit,
3131 3784 3187 3830 et
3218 3776 3403 3833 all‘ecit
3449 3794 3572 3851 sui-

320 3872 564 3943 ρήσατο,
595 3869 701 3941 ἄρα
731 3868 825 3923 καὶ
854 3870 1043 3939 ἴσχυσε
1074 3867 1141 3923 δι’
1172 3869 1331 3940 ἐμοῦ.

2004 3858 2215 3929 pliciis;
2250 3857 2415 3927 igitur
2440 3871 2537 3927 per
2568 3870 2654 3912 me
2685 3866 2742 3913 et
2770 3868 2960 3929 potens
2986 3861 3107 3920 fuit.

390 3962 498 4016 Kal
524 3958 695 4014 δώσω
719 3974 793 4013 σε
825 3961 911 4026 εὶς
941 3960 1079 4028 ὅρος
1099 3959 1645 4030 ἐμπεπυρισμέκνον.

2080 3946 2244 4002 Vens.
2274 3947 2363 4002 25.
2390 3946 2460 4001 Et
2490 3948 2625 4002 dabo
2652 3957 2701 4002 te
2724 3950 2859 4004 sicut
2890 3962 3115 4007 montem
3141 3956 3485 4017 combustum.

390 4051 705 4117 Τουτέστιν,
735 4051 811 4115 ὡς
848 4051 1029 4115 κόνιν,
1072 4049 1159 4103 ἵνα
1189 4050 1321 4121 εἴπῃ
1343 4066 1356 4081 ·
1392 4049 1640 4121 ἰσχυρόν
1676 4067 1734 4103 σε
1768 4050 1897 4104 ὄντα

2076 4038 2228 4094 Sicut
2253 4039 2524 4108 pulverem
2577 4039 2862 4108 videlicet;
2895 4046 3050 4113 quasi
3087 4046 3295 4103 diceret
3330 4067 3346 4103 :
3383 4050 3461 4108 Te
3492 4070 3584 4109 ro-

320 4143 402 4206 εἰς
429 4142 583 4195 οὐδὲν
623 4143 953 4213 ἐργάσομαι.
997 4142 1198 4195 Ἕλαϐε
1227 4141 1285 4196 δὲ
1316 4142 1451 4195 αὐτὸ
1483 4144 1548 4196 ὲκ
1582 4145 1897 4214 μεταφορᾶς

2007 4135 2225 4190 bustum
2266 4133 2320 4187 in
2354 4132 2583 4187 nihilum
2624 4133 2894 4204 redigam.
2939 4136 3183 4208 Sumpsit
3209 4155 3373 4210 porro
3409 4156 3581 4200 meta-

318 4234 432 4289 τῶν
462 4232 769 4306 καιομένων
793 4233 956 4287 λίθων
986 4234 1067 4298 είς
1096 4232 1381 4314 ἄσϐεστον.

2007 4226 2232 4295 phoram
2266 4240 2332 4280 ex
2362 4224 2652 4296 lapidibus,
2681 4229 2775 4297 qui
2808 4228 3224 4299 comburuntur,
3262 4243 3321 4289 ut
3350 4250 3584 4291 convcr-

2010 4327 2192 4371 tantur
2226 4318 2280 4370 in
2315 4314 2543 4373 calcem.

396 4418 838 4491 Παραγγείλατε
882 4417 976 4471 ἐπ’
1018 4415 1174 4483 αὐτῇ
1227 4413 1582 4482 βασιλείαις
1616 4413 1898 4485 Ἀραρίιο,
1930 4419 1982 4479 ι)

1976 4432 1982 4467 υ
2084 4406 2247 4461 Vens.
2270 4405 2364 4460 27.
2396 4405 2726 4466 Annuntiate
2747 4422 2935 4468 contra
2967 4411 3119 4469 illam
3145 4416 3319 4486 regnis
3345 4417 3577 4473 Araratlt

320 4510 460 4577 παρ’
489 4509 657 4578 ἐμοῦ.

570 4509 657 4564 οὗ,
2006 4516 2040 4554 a
2074 4517 2171 4555 me.

392 4602 797 4671 Καρδαουῖνους
832 4595 971 4654 εἷναί
1007 4617 1164 4670 φασι,
1205 4598 1303 4652 καὶ
1334 4601 1448 4663 τοῖς
1504 4596 1901 4667 Ἀχαναζαίοις,

2081 4591 2378 4650 Cardninos
2425 4608 2549 4652 esse
2580 4594 2806 4662 dicunt,
2844 4604 2900 4651 et
2930 4595 3317 4665 Achanazaeis,
3348 4614 3446 4657 eos
3485 4604 3579 4673 qni

320 4693 450 4755 τοὺς
480 4691 587 4745 ἀπὸ
616 4692 820 4745 Πόντου
847 4692 1015 4762 λέγει.

1003 4735 1015 4748 ,
2011 4697 2041 4737 e
2070 4683 2243 4740 Ponto
2274 4697 2431 4754 sunt,
2466 4687 2598 4742 dicit

394 4781 625 4837 Διώκων
648 4786 736 4850 εις
760 4784 1108 4855 ἀπάντησιν
1140 4784 1461 4850 διώκοντος
1472 4781 1763 4848 διώξεται.

2083 4774 2246 4831 Vens.
2275 4777 2366 4832 51.
2411 4776 2734 4846 Persequens
2781 4778 2838 4831 in
2879 4792 3153 4832 occursum
3193 4784 3581 4852 persequentis,

2006 4874 2360 4936 persequetur.

398 4971 695 5040 Τωτέστι,
732 4974 952 5042 φεύγων
988 4972 1294 5043 ἀπαντήσει
1341 4967 1620 5042 πολεμίῳ,
1652 4969 1908 5031 κάκεῖνος

2082 4956 2196 5012 Hoc
2221 4967 2326 5025 est,
2362 4957 2572 5028 fugiens
2598 4968 2855 5014 occurret
2890 4947 3028 5014 ιιοέἵί
3049 4998 3065 5025 ,
3090 4968 3146 5015 et
3179 4960 3269 5016 ille
3292 4977 3583 5036 perseque-

321 5063 577 5131 διιὶιξεται
600 5107 616 5133 ,
647 5064 790 5119 ὥστε
816 5064 979 5119 αὑτὸν
1010 5064 1232 5117 ἁλῶναι.

2010 5058 2119 5115 tur,
2158 5050 2231 5104 ita
2269 5060 2327 5105 ut
2364 5051 2486 5120 capi
2522 5065 2647 5105 eum
2680 5064 2906 5107 necesse
2937 5052 3029 5107 sit.

275 5148 297 5199 '5
399 5160 547 5213 ’Καὶ
596 5159 768 5213 ἔσται
812 5156 1104 5211 Βαϐυλὼν
1143 5158 1231 5220 εἰς
1270 5155 1652 5224 ἀφανισμὸν,
1682 5152 1783 5206 καὶ
1821 5154 1871 5206 εὶ

2084 5141 2099 5160 ⁶
2128 5138 2291 5196 Vens.
2332 5140 2420 5196 57.
2451 5138 2521 5194 Et
2552 5141 2651 5197 erit
2686 5141 2928 5213 Babylon
2961 5143 3018 5196 in
3043 5142 3381 5198 solitudinem
3410 5183 3425 5209 ,
3451 5154 3500 5199 et
3533 5146 3586 5198 in

324 5252 637 5306 κατοικίαν
663 5251 1039 5319 δρακόντων,
1071 5246 1169 5299 καί
1199 5247 1287 5312 είς
1316 5246 1525 5311 oili-ac.

2013 5232 2393 5287 habitationem
2422 5235 2745 5299 draconum,
2779 5244 2828 5288 et
2857 5235 2913 5289 in
2943 5234 3197 5289 cumulos.

398 5342 560 5396 Κατὰ
589 5342 690 5411 μὲν
722 5341 815 5394 τὸν
852 5339 1166 5409 Ἑλληνικὸν
1201 5336 1396 5408 μηνύει
1429 5337 1513 5391 ὅτι
1556 5337 1637 5399 εἰς
1669 5334 1909 5408 ἐρημίαν

2084 5322 2247 5379 Juxta
2285 5334 2492 5381 textum
2528 5325 2808 5393 Gracum,
2866 5326 3013 5381 illam
3059 5328 3111 5380 in
3152 5326 3448 5380 solitudine
3476 5326 3590 5395 spi-

326 5434 484 5488 ἔσται
531 5433 864 5504 ἀκανθώδη⁹
920 5432 1087 5505 θῆνας
1124 5429 1233 5501 γὰρ
1273 5428 1423 5498 λέγει
1473 5428 1574 5493 τὰς
1618 5427 1906 5496 θάμνους.

2018 5430 2209 5471 nosam
2240 5414 2478 5471 futuram
2523 5418 2764 5487 indicat;
2795 5416 3045 5473 cumulos
3078 5420 3224 5472 enim
3283 5425 3440 5475 vocat
3471 5417 3590 5485 [ru-

339 5528 400 5581 'O
446 5527 505 5580 δὲ
574 5527 827 5599 Ἐϐραῖος
870 5528 957 5593 εἰς
1000 5524 1357 5592 κοιλότητας
1397 5520 1714 5593 ἑρμηνεύει.
1762 5518 1912 5573 Θωὸν

2018 5512 2163 5565 lices.
2214 5510 2285 5565 At
2341 5508 2601 5566 Hebraeus
2660 5511 2718 5564 in
2766 5509 3113 5564 concauitates
3161 5507 3349 5564 habet.
3401 5504 3592 5564 Theon

323 5617 436 5689 γάρ
490 5619 640 5674 ἱστιν
735 5618 988 5689 κοιλότης
1008 5659 1022 5685 ,
1061 5619 1201 5688 ὅπερ
1232 5616 1425 5688 θῆνας
1454 5615 1804 5688 ἡρμήνευσεν
1833 5614 1911 5677 είς

1795 5631 1804 5664 .
1833 5614 1911 5677 εξς
2018 5601 2162 5658 enim
2192 5602 2399 5658 cavitas
2428 5611 2534 5671 est,
2558 5602 2705 5682 quod
2730 5600 2969 5657 cumulos
3000 5600 3223 5660 Graecus
3251 5598 3396 5671 legit.

326 5712 422 5765 τὸν
467 5710 801 5784 Ἑλληνικόν.
