4054 6216
480 316 620 375 1035

1222 311 1781 370 SUPPLEMENTUM
1817 314 1909 368 AD
1952 313 2009 368 S.
2046 313 2099 367 J.
2141 315 2630 373 CllIlYSOSTOMl
2670 319 2920 378 OPERA.

3611 333 3759 387 1036

547 440 712 497 Vens.
746 438 836 495 58.
870 437 1044 493 Simul
1084 447 1137 490 ut
1174 436 1346 491 leones
1386 438 1588 507 rngient
1613 437 1831 507 juvenes
1856 455 2047 495 eorum.

2236 441 2365 495 Ἐπί
2395 443 2459 494 τὸ
2490 445 2637 497 αὐτὸ
2659 488 2672 511 ,
2703 446 2783 513 ὠς
2816 448 3061 514 λέοντες
3090 451 3435 519 ἐρεύξοντιιι
3464 456 3519 509 οί
3548 460 3756 511 νεανί-

546 629 773 696 Quidam
814 628 919 683 hoc
956 626 1023 681 de
1061 624 1375 697 Babyloniis
1422 627 1703 695 percussis
1751 627 2053 697 accipiunt,

477 721 565 789 qui
608 718 778 788 plagis
829 716 1102 782 clament,
1153 716 1228 770 ita
1279 726 1337 769 ut
1392 715 1617 786 intelligi
1662 720 1871 787 possit,
1915 717 2056 773 sicut

478 811 560 864 leo
607 810 847 879 rugiens.
883 805 1084 863 Verum
1127 805 1319 863 melius
1350 815 1433 863 est
1471 807 1574 862 hoc
1612 808 1678 863 de
1710 807 1885 865 Medis
1912 811 2058 864 accl-

475 914 626 968 pere,
664 914 786 953 cum
821 898 1112 954 horribiles
1136 900 1270 964 sint,
1308 908 1361 954 et
1406 898 1690 969 Scriptura
1724 914 1901 965 sacra,
1936 915 2055 956 cum

472 992 543 1047 de
569 991 676 1046 illis
698 991 961 1062 loquitur,
988 992 1161 1047 leonis
1186 991 1438 1062 exemplo
1469 992 1545 1047 uti
1577 994 1944 1049 consueverit.

554 1174 715 1230 Vens.
753 1175 843 1230 4i.
881 1174 1156 1241 Quomodo
1189 1185 1375 1241 captus
1402 1186 1477 1229 est
1510 1175 1744 1231 Sisoch?

544 1266 752 1321 Nomen
789 1268 933 1336 regis
966 1280 1086 1322 esse
1130 1266 1323 1321 Sisoch
1355 1276 1653 1331 asserunt,
1683 1276 1737 1322 et
1774 1266 2057 1338 Aitltiopes

473 1354 804 1425 signiﬁcare,
833 1354 1063 1422 ducique
1090 1369 1118 1408 a
1142 1353 1310 1420 Cbus,
1334 1368 1363 1408 a
1396 1369 1502 1424 quo
1531 1353 1821 1425 Ethiopcs
1850 1356 2056 1411 ducunt

474 1448 741 1519 originem
780 1467 794 1503 :
853 1457 1109 1502 asserunt
1154 1450 1282 1503 item
1319 1447 1441 1503 ideo
1486 1462 1673 1503 eorum
1734 1450 2055 1521 prophetam

476 1540 825 1606 meminisse,
871 1539 999 1608 quia
1043 1538 1336 1606 Babylonio
1366 1553 1529 1610 opem
1562 1539 1737 1597 tulere
1777 1541 1829 1595 in
1875 1541 2055 1607 bello,

474 1631 617 1701 quod
648 1640 835 1687 contra
863 1629 1046 1686 Medos
1073 1640 1337 1700 gesserat.

2160 548 2300 586 σκοι
2332 534 2552 590 αὐτῶν.

2231 623 2386 687 Τινὲς
2424 626 2526 692 μὲν
2551 626 2646 678 ἐπὶ
2673 627 2781 680 τῶν
2822 628 3213 701 πληττομένων
3246 634 3379 687 αὐτὸ
3405 635 3601 691 ἔλαϐον
3639 639 3756 692 τῶν

2160 713 2551 784 Βαϐυλωνίων,
2596 717 2799 771 ὡσανεὶ
2843 722 3203 778 ἀναϐοιὶιντων
3235 726 3343 779 ἀπὸ
3390 727 3492 797 τῆς
3527 729 3755 802 πληγῆς

2158 805 2519 875 ἐξάκουστον,
2566 809 2819 882 καθάπερ
2882 812 3019 867 λέων
3070 813 3309 886 βρύχων.
3372 819 3647 888 ⁸Ἀμεινον
3692 824 3751 876 δὲ

2160 898 2256 950 ἐπὶ
2305 898 2413 951 τῶν
2444 900 2648 972 Μήδων
2700 904 2833 958 αὐτὸ
2874 904 3097 971 λαϐεῖν,
3150 909 3226 969 ὡς
3271 909 3518 981 φοϐερῶν
3567 913 3751 967 αὐτῶν

2158 989 2327 1043 ὄντων
2347 1033 2360 1057 ,
2390 990 2466 1062 τῷ
2498 992 2593 1045 τοῦ
2626 993 2841 1061 λέοντος
2877 998 3285 1069 παραδείγματι
3316 1001 3474 1055 είωθε
3503 1004 3749 1075 χρῆσθαι

2159 1084 2195 1153 ἡ
2222 1083 2341 1137 θεία
2370 1085 2587 1156 Γραφή.

2235 1179 2250 1197 ⁸
2274 1175 2405 1242 Πῶς
2431 1177 2587 1231 ἑάλω
2611 1180 2837 1249 Σεσόχ;

2234 1266 2445 1335 ’Όνομα
2492 1267 2754 1337 βασιλέως
2798 1265 2938 1322 εἶναί
2985 1288 3117 1340 φασι
3161 1273 3222 1325 τὸ
3267 1275 3461 1347 Σισὸχ,
3512 1282 3750 1351 μηνύειν

2157 1361 2215 1415 δὲ
2245 1362 2370 1425 τοὺς
2414 1362 2676 1429 Αἰθίοπας
2698 1381 2712 1395 ·
2764 1364 3168 1435 ἑρμηνεύεσθαι
3202 1367 3257 1420 δὲ
3291 1371 3400 1423 ἀπὸ
3434 1374 3530 1427 τοῦ
3560 1376 3746 1443 Χοῦς,

2160 1454 2255 1522 ἀφ’
2283 1447 2342 1508 οὗ
2384 1453 2643 1519 Αἰθίοπες
2673 1455 2993 1524 γεγόνασιν·
3028 1457 3101 1521 ὡς
3134 1454 3229 1513 οὖν
3270 1462 3478 1516 τούτων
3519 1482 3748 1538 συμμα-

2161 1544 2402 1614 χούντων
2450 1543 2527 1615 τῷ
2566 1544 2898 1617 Βαϐυλωνίῳ
2935 1547 2995 1599 ὲν
3047 1546 3124 1617 τῷ
3176 1550 3313 1619 πρὸς
3360 1553 3486 1617 τοὺς
3522 1557 3747 1628 Μήδους

2161 1634 2415 1705 πολέμῳ,
2448 1636 2543 1689 καὶ
2575 1638 2908 1707 ἡττωμένων
2942 1640 3073 1707 φασὶ
3098 1640 3187 1694 τὸν
3230 1645 3519 1716 προφήτην
3560 1650 3744 1706 αὐτῶν

2160 1741 2267 1794 μνη
2278 1725 2555 1794 μονεῦσαι.

543 1814 709 1870 Vens.
743 1814 834 1869 44.
874 1813 942 1868 Et
971 1814 1199 1869 ulciscar
1237 1831 1395 1885 super
1441 1816 1534 1869 Bel
1578 1817 1633 1870 in
1678 1815 1977 1887 Babylone,
2008 1832 2047 1873 et

2232 1816 2342 1870 Kal
2376 1816 2677 1885 ἐκδικήσω
2707 1819 2809 1873 ἐπὶ
2842 1822 2949 1875 τὸν
2990 1823 3221 1892 [inter
3250 1829 3583 1895 Βαϐυλῶνι,
3643 1835 3743 1888 καί

471 1909 752 1962 extraham
788 1923 908 1977 qua:
941 1908 1213 1961 absorbuit
1246 1923 1314 1963 ex
1356 1923 1446 1963 ore
1500 1909 1649 1979 ejus.
1695 1922 1743 1965 et
1784 1928 1886 1967 non
1921 1929 2048 1967 con-

471 2001 829 2071 gregabnntur
854 2000 999 2055 ultra
1026 2002 1095 2054 ad
1123 2016 1243 2056 eum
1268 2013 1468 2072 gentes.

544 2093 601 2148 Si
656 2094 771 2149 inec
809 2109 929 2148 cum
962 2094 1336 2163 superioribus
1390 2099 1750 2152 construenda
1798 2098 1942 2162 sint,
1986 2099 2051 2154 dc

471 2183 783 2257 Babyloniis
821 2200 1109 2254 possumus
1146 2186 1495 2257 intelligere;
1544 2190 1687 2259 quod
1734 2204 1856 2243 cum
1895 2191 2049 2247 idolis

469 2291 685 2346 nempe,
708 2285 763 2331 et
786 2290 946 2332 omne
965 2275 1131 2331 robur
1150 2289 1339 2331 eorum
1365 2276 1697 2348 disperdam.
1728 2280 1786 2334 Si
1816 2280 2047 2335 litteram

469 2367 897 2433 consideremus,
923 2368 996 2420 uti
1017 2366 1083 2422 de
1116 2366 1276 2422 idolis
1314 2367 1427 2423 hazc
1461 2369 1605 2423 dicta
1636 2380 1784 2426 sunt.
1817 2370 2047 2438 Quidam

467 2467 648 2513 autem
690 2456 856 2522 illud,
908 2458 1183 2511 extraham
1211 2474 1329 2529 qua:
1385 2460 1689 2527 absorbuit,
1747 2466 1827 2519 sic
1877 2480 2046 2534 expo-

468 2557 735 2604 suerunt:
767 2546 1030 2604 Aul‘eram
1065 2548 1346 2604 oraculum
1390 2549 1521 2620 Bel,
1570 2558 1629 2607 ut
1669 2554 1810 2624 apud
1860 2568 2048 2610 omnes

467 2638 665 2694 nullius
690 2638 762 2694 sit
793 2638 1209 2695 :estimationis.-

536 2726 705 2783 νεεδ.
741 2728 830 2783 46.
864 2724 1130 2783 Parabola
1160 2744 1315 2798 super
1340 2731 1668 2797 parabolam.

535 2818 789 2875 Narratio
829 2819 1044 2875 scilicet
1081 2834 1245 2892 super
1277 2822 1664 2886 narrationem,
1698 2833 1755 2877 nt
1789 2823 1994 2879 diceret
2029 2842 2041 2878 :

465 2912 688 2969 Crebra:
721 2920 882 2968 erunt
906 2911 1251 2967 calamitates
1281 2910 1593 2983 Babylonis.

539 3005 705 3061 Vsus.
758 3004 845 3058 59.
891 3001 1116 3058 Verbum
1148 3005 1289 3074 quod
1332 3006 1601 3059 mandarit
1654 3005 1909 3061 Dominus
1949 3007 2041 3062 Jev

467 3099 646 3152 rentia:
674 3096 938 3166 propheta:
966 3105 1021 3149 ut
1042 3097 1238 3150 diceret
1262 3095 1440 3151 ειη-ρας
1467 3097 1579 3165 filio
1602 3096 1804 3159 Nerine.
1832 3099 2042 3168 quando

2155 1906 2376 1973 ἐξοίσω
2425 1907 2464 1960 ἂ
2500 1908 2785 1963 κατέπιεν
2812 1909 2881 1964 ἐκ
2910 1911 3017 1964 τοῦ
3045 1914 3341 1984 στόματος
3378 1919 3567 1973 αὑτοῦ
3588 1962 3603 1988 ,
3641 1923 3742 1976 καί

2156 2000 2229 2053 οὐ
2256 1998 2343 2068 μὴ
2372 1998 2821 2070 συναχθήσεται
2850 2002 2939 2057 ἔτι
2971 2006 3122 2072 πρὸς
3150 2006 3335 2060 αὐτὸν
3363 2010 3434 2061 τὰ
3462 2010 3629 2078 ἔθνη.

2230 2088 2387 2142 Κατὰ
2420 2088 2519 2158 μὲν
2562 2089 2632 2143 τὰ
2663 2090 2803 2161 πρὸς
2830 2090 2929 2162 τὴν
2967 2092 3287 2149 ἀκολουθίαν
3311 2138 3324 2162 ,
3360 2098 3453 2150 ἐπὶ
3480 2099 3592 2153 τῶν
3628 2101 3740 2155 Βα-

2156 2179 2434 2233 ϐυλωνίων
2468 2179 2612 2233 τοῦτ’
2654 2180 2802 2235 ἔστιν
2833 2184 3086 2239 ἐκλαϐεῖν
3108 2226 3122 2250 ,
3165 2187 3249 2240 ὅτι
3283 2190 3422 2258 μετὰ
3452 2191 3562 2246 τῶν
3588 2194 3742 2248 εἰδὼ-

2154 2272 2292 2336 λων,
2357 2270 2451 2323 καὶ
2499 2272 2678 2324 πᾶσαν
2729 2272 2830 2344 τὴν
2883 2276 3205 2330 δυναστείαν
3257 2279 3440 2334 αὐτῶν
3494 2283 3738 2341 καθελῶ.

2154 2361 2313 2415 Κατὰ
2347 2362 2495 2415 δὲτὸ
2536 2363 2699 2434 ῥητὸν
2751 2363 2826 2427 ὼς
2859 2366 2952 2419 ἐπὶ
2999 2368 3106 2421 τῶν
3151 2369 3409 2425 εἰδώλων.
3467 2374 3623 2438 Τινὲς
3677 2377 3739 2430 δὲ

2152 2453 2326 2519 οὕτως
2356 2455 2585 2525 ἐνόησαν
2609 2455 2670 2509 τὸ
2690 2497 2704 2521 ,
2754 2457 2999 2523 Ἐξοίσω
3032 2459 3069 2515 ᾰ
3108 2465 3348 2520 κατέπιε
3374 2508 3390 2534 ,
3420 2470 3701 2525 τουτέστιν
3722 2512 3740 2537 ,

2155 2546 2375 2618 Ἐξαρῶ
2402 2550 2463 2602 τὸ
2495 2551 2747 2619 μαντεῖον
2777 2549 2868 2603 τοῦ
2905 2549 3035 2623 Βὴλ,
3056 2552 3197 2609 ὥστε
3225 2557 3387 2612 αὑτὸν
3418 2563 3526 2625 τοῖς
3556 2564 3741 2619 πᾶσιν

2151 2636 2289 2695 εἶναι
2322 2644 2821 2716 εὐκαταφρόνητον.

2220 2736 2538 2805 Παραϐολὴ
2572 2736 2669 2790 ἐπὶ
2701 2740 3075 2809 παραϐολήν.

2220 2826 2511 2895 Τουτέστι,
2549 2830 2795 2903 διήγημα
2827 2834 2916 2886 ἐπὶ
2947 2834 3225 2906 διήγημα,
3255 2836 3340 2891 ἵνα
3385 2841 3539 2911 είπῃ,
3576 2843 3741 2897 Ἀλλ-

2149 2918 2421 2991 επάλληλα
2453 2921 2606 2976 ἔσται
2638 2924 2705 2977 τὰ
2735 2925 2881 2979 κακᾶ
2921 2929 2984 2997 τῇ
3022 2927 3305 2982 Βαϐυλῶνι

2219 3014 2235 3031 ⁸
2272 3011 2335 3065 ’0
2374 3012 2557 3081 λόγος
2601 3014 2673 3068 ὃν
2711 3016 3052 3073 ἐνετείλατο
3093 3020 3309 3088 Κύριος
3367 3018 3621 3094 Ἱερεμίᾳ
3655 3026 3739 3093 τῷ

2150 3104 2424 3174 προφήτῃ
2457 3106 2648 3160 εἰπεῖν
2685 3108 2764 3173 τῷ
2791 3108 2981 3176 Σαρέᾳ
3017 3108 3123 3175 ιιίῷ
3157 3113 3381 3179 Νηρίου
3403 3154 3418 3179 ,
3455 3116 3555 3169 ὅτε
3589 3119 3738 3172 exo-

463 3188 571 3242 ibat
602 3205 635 3242 α
675 3186 901 3243 Sedecia
940 3202 1057 3257 rege
1094 3187 1241 3242 Iuda
1290 3190 1349 3241 in
1398 3188 1758 3260 Babylonem,
1808 3194 1863 3247 in
1906 3212 2043 3250 anno

2156 3194 2352 3259 ρεύετο
2375 3195 2535 3263 παρὰ
2571 3196 2851 3251 Σεδεκίου
2870 3198 3180 3267 βασιλέως
3210 3201 3408 3256 Ἰούδα
3427 3207 3513 3270 είς
3540 3210 3736 3263 Βαϐυ-

464 3287 653 3349 qttarto
684 3279 858 3347 regni,
888 3287 935 3332 et
969 3276 1182 3334 Samae
1207 3280 1446 3349 princeps
1477 3284 1755 3337 donorum.

535 3463 651 3520 Hoc
687 3472 796 3533 est,
847 3463 1056 3535 primus
1110 3462 1253 3521 inter
1290 3479 1386 3520 eos
1429 3466 1519 3534 qui
1578 3467 1717 3521 dona
1764 3468 2041 3537 ferebam,

464 3569 583 3615 erat
610 3559 820 3614 Sarmas
853 3576 868 3615 :
903 3568 959 3613 et
986 3566 1272 3613 enumerat
1302 3558 1441 3612 dona
1481 3575 1509 3613 a
1541 3558 1769 3616 Sedecia
1800 3561 1876 3615 uti
1912 3565 2043 3618 sub-

465 3654 580 3709 dito
659 3650 1183 3708 Nabuchodondsori
1262 3651 1462 3718 missa;
1528 3653 1617 3708 ubi
1677 3654 1923 3724 prmcipit
1968 3655 2043 3711 illi

464 3757 523 3803 ut
565 3747 762 3803 librum
794 3745 1061 3816 accipiat,
1110 3754 1165 3801 et
1212 3744 1346 3815 liget
1392 3744 1625 3816 lapidem
1682 3748 1749 3802 ad
1786 3762 1947 3815 eum,
1990 3760 2046 3804 et

463 3837 714 3910 projiciat
745 3838 799 3892 in
839 3837 1073 3893 medium
1112 3835 1437 3906 Euphratis,
1468 3836 1680 3906 signum
1714 3838 1911 3893 excidii
1944 3838 2046 3893 Ba-

463 3930 720 4003 bylonici.
762 3927 839 3986 Ne
870 3928 1017 3984 enim
1047 3928 1231 3982 omnia
1281 3928 1335 3982 in
1370 3926 1595 3983 Barbari
1635 3931 1867 3999 gratiam
1920 3948 2044 4001 pro-

466 4021 611 4076 ferre
645 4022 943 4085 videretur,
994 4018 1173 4073 adhuc
1214 4018 1749 4076 Nahuchodonosore
1806 4022 2041 4092 vigente,

467 4111 783 4166 vaticinium
810 4112 864 4166 in
888 4109 1219 4182 Babylonem
1244 4109 1500 4174 canl'ecit,
1528 4111 1613 4166 his
1642 4113 1894 4167 omnibus
1921 4129 2046 4169 con-

466 4212 675 4260 testans
702 4201 922 4267 lsraeli,
962 4218 1065 4257 non
1095 4203 1162 4257 ad
1195 4203 1433 4258 hostium
1473 4203 1896 4259 assentationem
1933 4206 2045 4262 haec

466 4297 672 4362 dicere,
710 4292 805 4350 sed
841 4301 900 4347 ut
930 4292 1123 4348 civitas
1162 4292 1533 4361 resipisceret.
1575 4293 1688 4348 Hoc
1719 4294 1879 4350 linem
1924 4312 2045 4354 esse

464 4389 589 4446 libri
631 4385 931 4459 prophetici
964 4385 1219 4454 signavit,
1259 4384 1350 4454 qui
1393 4384 1555 4439 verba
1591 4387 1868 4456 prophetae
1913 4404 2042 4444 con-

2145 3283 2330 3349 λῶντι,
2374 3285 2444 3337 ἐν
2467 3284 2547 3350 τῷ
2578 3288 2693 3340 ἔτει
2724 3287 2804 3354 τῷ
2830 3288 3087 3358 τετάρτῳ
3123 3290 3232 3360 τῆς
3255 3292 3605 3361 βασιλείας.
3632 3298 3737 3351 καὶ

2146 3376 2371 3443 Σαρέας
2402 3375 2602 3447 ἄρχων
2634 3378 2858 3448 δώρων.

2216 3467 2260 3517 Τ
2263 3468 2528 3533 ουτέστιν,
2555 3472 2583 3523 ὁ
2612 3470 2830 3541 πρῶτος
2857 3472 2966 3527 τῶν
3007 3475 3457 3546 ἁποκομιζόντων
3486 3480 3555 3532 τὰ
3580 3481 3733 3554 δῶρα

2146 3554 2214 3629 ἦν
2245 3560 2273 3612 ό
2317 3560 2527 3631 Σαρέας
2556 3579 2571 3592 ⁸
2601 3562 2754 3631 λέγει
2796 3564 2853 3616 δὲ
2885 3564 2954 3619 τὰ
2987 3566 3136 3638 δῶρα
3168 3568 3238 3622 τὰ
3282 3570 3435 3640 παρὰ
3475 3572 3731 3627 Σεδεκίαν

2147 3648 2593 3719 ἀποστελλόμενα
2656 3651 2733 3723 τῷ
2762 3653 3255 3729 Ναϐουχοδονόσορ,
3290 3656 3418 3712 ἔνθα
3453 3663 3733 3730 προστάτο

2146 3758 2228 3794 τει
2269 3741 2416 3813 αὑτῷ
2459 3742 2644 3797 λαϐεῖν
2693 3744 2754 3797 τὸ
2793 3744 3005 3814 βιϐλίον
3030 3789 3045 3814 ,
3101 3748 3197 3801 καὶ
3236 3749 3397 3819 δῆσαι
3444 3752 3598 3806 λίθον
3642 3757 3729 3808 ἐπ’

2147 3833 2301 3900 αὐτὸ,
2338 3833 2435 3887 καὶ
2459 3834 2612 3905 ῥίψαι
2639 3837 2719 3899 είς
2740 3835 2801 3889 τὸ
2834 3836 2997 3907 μέσον
3031 3838 3124 3892 τοῦ
3150 3842 3466 3913 Εὐφράτου,
3500 3846 3733 3918 μήνυμα

2147 3925 2246 3994 τῆς
2268 3925 2654 3997 ἁπωλείαςτῆς
2694 3927 3034 3993 Βαϐυλῶνος.
3071 3932 3188 3985 Ἵνα
3221 3933 3331 4003 γὰρ
3365 3935 3442 4006 μὴ
3487 3939 3729 4010 νομισθῇ

2149 4015 2290 4068 κατὰ
2328 4018 2485 4087 χάριν
2524 4017 2668 4089 ὑπὲρ
2716 4017 2806 4071 τοῦ
2851 4018 3129 4091 βαρϐάρου
3156 4023 3338 4093 λέγειν
3364 4026 3614 4092 ἅπαντα,
3644 4029 3731 4082 ἔτι

2150 4104 2438 4169 ἀνθοῦντος
2473 4106 2568 4159 τοῦ
2598 4107 3075 4183 Ναϐουχοδονόσορ
3100 4112 3198 4185 τὴν
3243 4114 3381 4168 κατὰ
3411 4116 3511 4187 τῆς
3550 4118 3732 4172 8:169-

2147 4196 2316 4258 λῶνος
2354 4197 2693 4268 προφητείαν
2737 4200 3074 4273 ἐποιήσατο,
3107 4203 3196 4258 διὰ
3237 4205 3456 4262 πάντων
3496 4209 3728 4262 metatio

2151 4304 2310 4356 μενος
2354 4287 2445 4339 τὸν
2483 4288 2702 4360 Ἰσραὴλ
2731 4331 2745 4357 ,
2786 4290 2863 4354 ὡς
2902 4292 2963 4345 οὐ
2999 4293 3263 4366 κολακείᾳ
3298 4297 3406 4348 τῶν
3444 4297 3732 4366 πολεμίων

2147 4376 2505 4447 προφητεύων
2552 4379 2699 4447 λέγει
2746 4380 2815 4436 τὰ
2864 4383 3008 4438 κατὰ
3050 4386 3151 4457 τῆς
3195 4386 3440 4455 πόλεως,
3482 4388 3600 4442 ἀλλ’
3633 4392 3733 4445 ἐπὶ

462 4479 735 4546 cinnavit;
762 4492 884 4549 qua
908 4490 1036 4533 vero
1063 4484 1366 4546 sequuntur
1401 4474 1586 4531 dicunt
1613 4478 1884 4548 exscripta
1920 4493 2040 4536 esse

2156 4469 2515 4542 σωφρονισμῷ
2574 4471 2683 4526 τῶν
2726 4472 2918 4530 ὄντων.
2967 4475 3139 4531 Τοῦτο
3168 4480 3321 4544 τέλος
3366 4479 3461 4534 τοῦ
3509 4481 3728 4553 βιϐλίου

462 4587 529 4627 ex
565 4570 717 4624 libris
757 4570 1002 4639 Regum,
1053 4581 1177 4622 cum
1231 4566 1455 4622 minime
1512 4568 1578 4622 ad
1635 4568 1773 4623 hanc
1805 4570 2039 4640 prophe-

465 4664 595 4718 tiam
622 4661 915 4719 videantur
944 4657 1153 4718 facere.

1107 4934 1260 4990 CAP.
1301 4936 1409 4993 LII.

536 5029 695 5086 Vens.
721 5030 774 5083 7.
806 5027 871 5083 Et
901 5030 1097 5084 inerunt
1129 5031 1265 5083 viam
1287 5045 1405 5097 quis
1431 5030 1499 5083 ad
1527 5031 1725 5085 Arabe.

428 5166 442 5173 κ
531 5122 646 5178 Hoc
677 5130 782 5187 est,
808 5120 861 5174 in
899 5133 1121 5189 campos
1146 5118 1469 5191 aufugerunt
1510 5140 1522 5175 :
1552 5123 1654 5178 hoc
1682 5124 1826 5180 enim
1866 5124 2039 5180 innuit

459 5216 657 5270 Arabe.

530 5306 697 5363 Vens.
730 5306 785 5362 9.
818 5304 884 5360 Et
915 5304 1126 5359 locutus
1154 5312 1227 5358 est
1259 5304 1349 5358 ei.‘

499 5398 784 5469 ‘Perspice
829 5397 1118 5453 barbarum
1165 5396 1471 5462 hominem,
1502 5400 1894 5454 conscientiam
1939 5416 2037 5471 pu-

460 5503 574 5541 ram
611 5489 932 5552 habentem,
979 5484 1236 5555 quoniam
1277 5500 1397 5539 cum
1434 5486 1625 5539 ﬁducia
1675 5486 2036 5557 jurisjurandi

461 5588 703 5646 venerat,
726 5590 780 5634 et
804 5579 1005 5649 quibus
1028 5587 1111 5632 est
1141 5585 1379 5647 potestas
1399 5578 1591 5647 iudicii
1628 5594 1731 5633 non
1762 5578 2037 5649 refugiunt

457 5669 544 5723 vel
580 5669 929 5725 inferioribus
971 5668 1199 5723 reddere
1243 5670 1530 5723 rationem.
1568 5669 1643 5723 lta
1690 5670 1919 5724 inditum
1954 5678 2038 5726 est

457 5758 770 5818 hominibus
822 5759 1033 5815 honesti
1081 5759 1339 5817 studium.
1395 5760 1580 5816 Voluit
1632 5762 1920 5818 ostendere
1964 5774 2033 5833 se
2063 5842 2087 5849 _

2143 4563 2238 4618 τοῦ
2265 4566 2546 4636 προφήτου
2578 4567 2984 4641 ἐπεσημήνατο,
3022 4574 3050 4625 ό
3097 4571 3309 4638 συνθεὶς
3346 4575 3418 4628 τὰ
3445 4574 3542 4629 τοῦ
3592 4594 3731 4648 προ-

2144 4657 2312 4727 φήτου
2346 4658 2597 4727 ῥήματα,
2642 4658 2711 4711 τὰ
2737 4659 2793 4713 δὲ
2828 4662 2967 4731 μετὰ
2996 4662 3169 4738 ταίξτά
3204 4680 3337 4734 φασι
3368 4668 3433 4721 ἐκ
3463 4667 3573 4721 τῶν
3620 4667 3730 4719 Βα-

2147 4747 2363 4801 σιλειῶν
2412 4748 2835 4820 μετενηνέχθαι,
2873 4751 3129 4822 οὐδεμίαν
3161 4754 3487 4809 ἀκολουθίαν
3530 4755 3726 4827 ἔχοντα

2143 4841 2281 4913 πρὸς
2307 4841 2407 4912 τὴν
2436 4839 2533 4895 τοῦ
2579 4840 2849 4912 Ἰερεμίου
2881 4844 3240 4915 προφητείαν.

2719 4936 2976 4989 ΚΕΦΑΛ.
3020 4936 3148 4991 NB’.

2210 5027 2323 5081 Καὶ
2351 5028 2767 5099 ἐπορεύθησαν
2792 5028 2908 5098 τὴν
2936 5030 3082 5085 ὁδὸν
3109 5031 3228 5099 τὴν
3258 5032 3345 5095 είς
3379 5032 3615 5100 Ἄραϐα.

2213 5118 2522 5185 Τουτέστιν,
2550 5123 2643 5175 ἐπὶ
2657 5122 2758 5191 τὴν
2782 5122 3008 5176 πεδιάδα
3028 5121 3251 5193 ἔφυγον.
3278 5120 3449 5176 Τοῦτο
3475 5122 3585 5194 γὰρ
3615 5140 3727 5195 μη-

2141 5209 2256 5263 νύει
2290 5211 2351 5264 τὸ
2389 5212 2622 5280 Ἄραϐα.

2210 5289 2650 5371 Καιέλάλησεν
2677 5304 2857 5370 αὐτῷ.

2209 5395 2352 5466 Ὅρα
2410 5395 2685 5467 βάρϐαρον
2734 5397 3062 5470 ἄνθρωπον,
3123 5397 3183 5451 τὸ
3240 5395 3481 5459 συνειδὸς
3528 5396 3722 5468 ἔχοντα

2138 5485 2415 5558 καθαρὸν,
2451 5488 2637 5558 ἐπειδὴ
2701 5490 2838 5560 μετὰ
2890 5489 3206 5561 παρρησίας
3242 5487 3580 5559 παρεγένετο
3623 5488 3721 5557 τῆς

2136 5578 2245 5633 τῶν
2282 5579 2482 5650 ὅρκων.
2523 5584 2585 5634 Οἱ
2619 5581 2678 5634 δὲ
2709 5582 2807 5653 τῆς
2850 5581 3009 5651 δίκης
3044 5580 3378 5651 κρατοῦντες
3420 5581 3481 5634 οὐ
3518 5598 3709 5653 παραιο

2136 5666 2355 5721 τοῦνται
2380 5708 2395 5733 ,
2427 5669 2521 5722 καὶ
2553 5672 2670 5734 τοῖς
2706 5671 3120 5741 ὑποδεεστέροις
3147 5671 3349 5725 διδόναι
3378 5670 3537 5737 λόγον
3564 5685 3578 5699 ·
3628 5667 3713 5721 οὖ-

2137 5777 2248 5825 τως
2278 5761 2557 5833 πανταχοῦ
2607 5752 2917 5835 πολλητοῖς
2956 5762 3269 5834 ἀνθρώποις
3304 5764 3337 5832 ὴ
3383 5760 3588 5830 σπουδὴ
3620 5758 3712 5811 τοῦ
