  <div class='ocr_page' id='page_1' title='image "/cluster/home/n/w/nwhite01/storage/ocr_20150623/64/hvd.32044073501959/564.png"; bbox 0 0 4058 6212; ppageno 0'>
   <div class='ocr_carea' id='block_1_1' title="bbox 348 324 481 380">
    <p class='ocr_par' dir='ltr' id='par_1_1' title="bbox 348 324 481 380">
     <span class='ocr_line' id='line_1_1' title="bbox 348 324 481 380; baseline 0.008 -1"><span class='ocrx_word' id='word_1_1' title='bbox 348 324 481 380; x_wconf 71' lang='grc' dir='ltr'><strong>ΙῠῦἹ</strong></span> 
     </span>
    </p>
   </div>
   <div class='ocr_carea' id='block_1_2' title="bbox 1254 323 2796 386">
    <p class='ocr_par' dir='ltr' id='par_1_2' title="bbox 1254 323 2796 386">
     <span class='ocr_line' id='line_1_2' title="bbox 1254 323 2796 386; baseline 0.005 -8"><span class='ocrx_word' id='word_1_2' title='bbox 1254 323 1735 380; x_wconf 75' lang='lat' dir='ltr'><strong>FRAGMENTUM</strong></span> <span class='ocrx_word' id='word_1_3' title='bbox 1788 323 1852 378; x_wconf 83' lang='lat' dir='ltr'><strong>IN</strong></span> <span class='ocrx_word' id='word_1_4' title='bbox 1893 324 2281 382; x_wconf 79' lang='lat' dir='ltr'><strong>EPISTOLAM</strong></span> <span class='ocrx_word' id='word_1_5' title='bbox 2312 326 2404 381; x_wconf 83' lang='lat' dir='ltr'><strong>AD</strong></span> <span class='ocrx_word' id='word_1_6' title='bbox 2443 326 2796 386; x_wconf 75' lang='lat' dir='ltr'><strong>ROMANOS.</strong></span> 
     </span>
    </p>
   </div>
   <div class='ocr_carea' id='block_1_3' title="bbox 3473 334 3607 393">
    <p class='ocr_par' dir='ltr' id='par_1_3' title="bbox 3473 334 3607 393">
     <span class='ocr_line' id='line_1_3' title="bbox 3473 334 3607 393; baseline 0.015 -2"><span class='ocrx_word' id='word_1_7' title='bbox 3473 334 3607 393; x_wconf 67' lang='grc'><strong>1058</strong></span> 
     </span>
    </p>
   </div>
   <div class='ocr_carea' id='block_1_4' title="bbox 346 441 1967 518">
    <p class='ocr_par' dir='ltr' id='par_1_4' title="bbox 346 441 1967 514">
     <span class='ocr_line' id='line_1_4' title="bbox 346 441 1967 514; baseline -0.001 -16"><span class='ocrx_word' id='word_1_8' title='bbox 346 443 536 499; x_wconf 73' lang='grc' dir='ltr'><strong>καλοῦ.</strong></span> <span class='ocrx_word' id='word_1_9' title='bbox 580 441 891 514; x_wconf 81' lang='grc' dir='ltr'><strong>Ἠὁουλήθη</strong></span> <span class='ocrx_word' id='word_1_10' title='bbox 928 443 1123 510; x_wconf 79' lang='grc' dir='ltr'><strong>δεῖξαι,</strong></span> <span class='ocrx_word' id='word_1_11' title='bbox 1183 444 1259 508; x_wconf 83' lang='grc' dir='ltr'><em>ὡς</em></span> <span class='ocrx_word' id='word_1_12' title='bbox 1298 444 1399 499; x_wconf 78' lang='grc' dir='ltr'><strong>οὐκ</strong></span> <span class='ocrx_word' id='word_1_13' title='bbox 1434 444 1630 499; x_wconf 77' lang='grc' dir='ltr'><strong>ἀδικεῖ.</strong></span> <span class='ocrx_word' id='word_1_14' title='bbox 1668 443 1779 498; x_wconf 76' lang='grc' dir='ltr'><strong>Καὶ</strong></span> <span class='ocrx_word' id='word_1_15' title='bbox 1818 444 1967 505; x_wconf 50' lang='grc' dir='ltr'><strong>ἁτε-ε</strong></span> 
     </span>
    </p>
   </div>
   <div class='ocr_carea' id='block_1_5' title="bbox 2037 441 3612 518">
    <p class='ocr_par' dir='ltr' id='par_1_5' title="bbox 2037 446 3612 518">
     <span class='ocr_line' id='line_1_5' title="bbox 2037 446 3612 518; baseline 0.006 -19"><span class='ocrx_word' id='word_1_16' title='bbox 2037 461 2138 500; x_wconf 89' lang='lat' dir='ltr'><strong>non</strong></span> <span class='ocrx_word' id='word_1_17' title='bbox 2193 446 2377 516; x_wconf 90' lang='lat' dir='ltr'><strong>inique</strong></span> <span class='ocrx_word' id='word_1_18' title='bbox 2406 462 2591 518; x_wconf 86' lang='lat' dir='ltr'><strong>agere.</strong></span> <span class='ocrx_word' id='word_1_19' title='bbox 2630 448 2867 505; x_wconf 81' lang='lat' dir='ltr'><strong>Abducit</strong></span> <span class='ocrx_word' id='word_1_20' title='bbox 2895 446 3093 506; x_wconf 89' lang='lat' dir='ltr'><strong>deinde</strong></span> <span class='ocrx_word' id='word_1_21' title='bbox 3123 446 3315 518; x_wconf 88' lang='lat' dir='ltr'><strong>illum,</strong></span> <span class='ocrx_word' id='word_1_22' title='bbox 3364 460 3427 508; x_wconf 86' lang='lat' dir='ltr'><strong>ut</strong></span> <span class='ocrx_word' id='word_1_23' title='bbox 3464 466 3612 511; x_wconf 82' lang='lat' dir='ltr'><strong>esset</strong></span> 
     </span>
    </p>
   </div>
   <div class='ocr_carea' id='block_1_6' title="bbox 346 534 1929 608">
    <p class='ocr_par' dir='ltr' id='par_1_6' title="bbox 346 534 1929 608">
     <span class='ocr_line' id='line_1_6' title="bbox 346 534 1929 608; baseline -0.002 -17"><span class='ocrx_word' id='word_1_24' title='bbox 346 537 468 605; x_wconf 80' lang='grc' dir='ltr'><strong>άγει</strong></span> <span class='ocrx_word' id='word_1_25' title='bbox 500 534 685 590; x_wconf 82' lang='grc' dir='ltr'><strong>λοιπὸν</strong></span> <span class='ocrx_word' id='word_1_26' title='bbox 715 536 899 603; x_wconf 80' lang='grc' dir='ltr'><strong>αὐτὸν,</strong></span> <span class='ocrx_word' id='word_1_27' title='bbox 921 536 1272 608; x_wconf 83' lang='grc' dir='ltr'><strong>παράδειγμα.</strong></span> <span class='ocrx_word' id='word_1_28' title='bbox 1299 539 1412 600; x_wconf 86' lang='grc' dir='ltr'><strong>τοῖς</strong></span> <span class='ocrx_word' id='word_1_29' title='bbox 1436 536 1578 606; x_wconf 78' lang='grc' dir='ltr'><strong>μετὰ</strong></span> <span class='ocrx_word' id='word_1_30' title='bbox 1608 534 1780 590; x_wconf 80' lang='grc' dir='ltr'><strong>ταῦτα</strong></span> <span class='ocrx_word' id='word_1_31' title='bbox 1810 538 1929 589; x_wconf 71' lang='grc' dir='ltr'><strong>ἐσο-</strong></span> 
     </span>
    </p>
   </div>
   <div class='ocr_carea' id='block_1_7' title="bbox 350 627 802 698">
    <p class='ocr_par' dir='ltr' id='par_1_7' title="bbox 350 627 802 698">
     <span class='ocr_line' id='line_1_7' title="bbox 350 627 802 698; baseline 0.002 -19"><span class='ocrx_word' id='word_1_32' title='bbox 350 627 555 698; x_wconf 80' lang='grc' dir='ltr'><strong>μένοις.</strong></span> <span class='ocrx_word' id='word_1_33' title='bbox 794 689 802 698; x_wconf 42' lang='grc'><strong>·</strong></span> 
     </span>
    </p>
   </div>
   <div class='ocr_carea' id='block_1_8' title="bbox 416 715 1695 787">
    <p class='ocr_par' dir='ltr' id='par_1_8' title="bbox 416 715 1695 787">
     <span class='ocr_line' id='line_1_8' title="bbox 416 715 1695 787; baseline -0.002 -16"><span class='ocrx_word' id='word_1_34' title='bbox 416 716 526 771; x_wconf 77' lang='lat' dir='ltr'><strong>Kal</strong></span> <span class='ocrx_word' id='word_1_35' title='bbox 564 715 680 785; x_wconf 84' lang='grc' dir='ltr'><strong>τήν</strong></span> <span class='ocrx_word' id='word_1_36' title='bbox 716 716 1070 787; x_wconf 75' lang='grc' dir='ltr'><strong>στεφάνην,</strong></span> <span class='ocrx_word' id='word_1_37' title='bbox 1112 717 1211 770; x_wconf 73' lang='grc' dir='ltr'><strong>καὶ</strong></span> <span class='ocrx_word' id='word_1_38' title='bbox 1243 716 1388 781; x_wconf 86' lang='grc' dir='ltr'><strong>τοὺς</strong></span> <span class='ocrx_word' id='word_1_39' title='bbox 1416 715 1695 783; x_wconf 78' lang='grc' dir='ltr'><strong>λέϐητας.</strong></span> 
     </span>
    </p>
   </div>
   <div class='ocr_carea' id='block_1_9' title="bbox 422 811 1931 884">
    <p class='ocr_par' dir='ltr' id='par_1_9' title="bbox 422 811 1931 884">
     <span class='ocr_line' id='line_1_9' title="bbox 422 811 1931 884; baseline -0.001 -20"><span class='ocrx_word' id='word_1_40' title='bbox 422 812 708 884; x_wconf 84' lang='grc' dir='ltr'><strong>Στεφάνην</strong></span> <span class='ocrx_word' id='word_1_41' title='bbox 756 811 908 882; x_wconf 88' lang='grc' dir='ltr'><strong>λέγει</strong></span> <span class='ocrx_word' id='word_1_42' title='bbox 956 812 1019 865; x_wconf 82' lang='grc' dir='ltr'><strong>τὸ</strong></span> <span class='ocrx_word' id='word_1_43' title='bbox 1062 813 1412 883; x_wconf 80' lang='grc' dir='ltr'><strong>καγκελωτδν</strong></span> <span class='ocrx_word' id='word_1_44' title='bbox 1450 816 1669 884; x_wconf 80' lang='grc' dir='ltr'><strong>σχῆμα,</strong></span> <span class='ocrx_word' id='word_1_45' title='bbox 1704 812 1765 865; x_wconf 85' lang='grc' dir='ltr'><strong>τὸ</strong></span> <span class='ocrx_word' id='word_1_46' title='bbox 1803 811 1931 883; x_wconf 72' lang='grc' dir='ltr'><strong>περὶ</strong></span> 
     </span>
    </p>
   </div>
   <div class='ocr_carea' id='block_1_10' title="bbox 345 902 718 965">
    <p class='ocr_par' dir='ltr' id='par_1_10' title="bbox 345 902 718 965">
     <span class='ocr_line' id='line_1_10' title="bbox 345 902 718 965; baseline 0.003 -11"><span class='ocrx_word' id='word_1_47' title='bbox 345 902 470 963; x_wconf 78' lang='grc' dir='ltr'><strong>τοὺς</strong></span> <span class='ocrx_word' id='word_1_48' title='bbox 508 902 718 965; x_wconf 85' lang='grc' dir='ltr'><strong>κίονας.</strong></span> 
     </span>
    </p>
   </div>
   <div class='ocr_carea' id='block_1_11' title="bbox 418 993 1649 1063">
    <p class='ocr_par' dir='ltr' id='par_1_11' title="bbox 418 993 1649 1063">
     <span class='ocr_line' id='line_1_11' title="bbox 418 993 1649 1063; baseline 0.005 -18"><span class='ocrx_word' id='word_1_49' title='bbox 418 993 528 1046; x_wconf 83' lang='lat' dir='ltr'><strong>Kal</strong></span> <span class='ocrx_word' id='word_1_50' title='bbox 565 994 638 1047; x_wconf 87' lang='grc' dir='ltr'><strong>τὰ</strong></span> <span class='ocrx_word' id='word_1_51' title='bbox 674 993 1058 1063; x_wconf 78' lang='grc' dir='ltr'><strong>θυμιατήρια,</strong></span> <span class='ocrx_word' id='word_1_52' title='bbox 1083 994 1183 1050; x_wconf 78' lang='grc' dir='ltr'><strong>καὶ</strong></span> <span class='ocrx_word' id='word_1_53' title='bbox 1224 995 1297 1050; x_wconf 85' lang='grc' dir='ltr'><strong>τὰ</strong></span> <span class='ocrx_word' id='word_1_54' title='bbox 1336 995 1649 1051; x_wconf 82' lang='grc' dir='ltr'><strong>σπονδεῖα.</strong></span> 
     </span>
    </p>
   </div>
   <div class='ocr_carea' id='block_1_12' title="bbox 419 1079 1932 1157">
    <p class='ocr_par' dir='ltr' id='par_1_12' title="bbox 419 1079 1932 1157">
     <span class='ocr_line' id='line_1_12' title="bbox 419 1079 1932 1157; baseline 0.003 -21"><span class='ocrx_word' id='word_1_55' title='bbox 419 1085 683 1139; x_wconf 86' lang='grc' dir='ltr'><strong>Σπονδεία</strong></span> <span class='ocrx_word' id='word_1_56' title='bbox 724 1085 872 1152; x_wconf 81' lang='grc' dir='ltr'><strong>λέγει</strong></span> <span class='ocrx_word' id='word_1_57' title='bbox 916 1085 1114 1154; x_wconf 80' lang='grc' dir='ltr'><strong>φιάλας</strong></span> <span class='ocrx_word' id='word_1_58' title='bbox 1161 1088 1406 1157; x_wconf 77' lang='grc' dir='ltr'><strong>χρυσᾶς,</strong></span> <span class='ocrx_word' id='word_1_59' title='bbox 1452 1088 1519 1141; x_wconf 86' lang='grc' dir='ltr'><strong>δι’</strong></span> <span class='ocrx_word' id='word_1_60' title='bbox 1552 1079 1626 1140; x_wconf 81' lang='grc' dir='ltr'><strong>ὧν</strong></span> <span class='ocrx_word' id='word_1_61' title='bbox 1653 1086 1747 1139; x_wconf 77' lang='grc' dir='ltr'><strong>τὸν</strong></span> <span class='ocrx_word' id='word_1_62' title='bbox 1790 1080 1932 1140; x_wconf 76' lang='grc' dir='ltr'><strong>οἶνον</strong></span> 
     </span>
    </p>
   </div>
   <div class='ocr_carea' id='block_1_13' title="bbox 348 1176 1933 1251">
    <p class='ocr_par' dir='ltr' id='par_1_13' title="bbox 348 1176 1933 1251">
     <span class='ocr_line' id='line_1_13' title="bbox 348 1176 1933 1251; baseline 0.001 -22"><span class='ocrx_word' id='word_1_63' title='bbox 348 1176 639 1243; x_wconf 76' lang='grc' dir='ltr'><strong>ἔσπενδον,</strong></span> <span class='ocrx_word' id='word_1_64' title='bbox 680 1178 776 1230; x_wconf 72' lang='grc' dir='ltr'><strong>καὶ</strong></span> <span class='ocrx_word' id='word_1_65' title='bbox 813 1179 873 1232; x_wconf 82' lang='grc' dir='ltr'><strong>τὸ</strong></span> <span class='ocrx_word' id='word_1_66' title='bbox 915 1179 1170 1251; x_wconf 83' lang='grc' dir='ltr'><strong>θυμίαμα</strong></span> <span class='ocrx_word' id='word_1_67' title='bbox 1205 1179 1505 1234; x_wconf 73' lang='grc' dir='ltr'><strong>ἐπέϐαλλον</strong></span> <span class='ocrx_word' id='word_1_68' title='bbox 1537 1179 1616 1250; x_wconf 84' lang='grc' dir='ltr'><strong>τῷ</strong></span> <span class='ocrx_word' id='word_1_69' title='bbox 1649 1180 1801 1247; x_wconf 72' lang='grc' dir='ltr'><strong>πυρὶ,</strong></span> <span class='ocrx_word' id='word_1_70' title='bbox 1834 1178 1933 1232; x_wconf 74' lang='grc' dir='ltr'><strong>καὶ</strong></span> 
     </span>
    </p>
   </div>
   <div class='ocr_carea' id='block_1_14' title="bbox 350 1268 1931 1343">
    <p class='ocr_par' dir='ltr' id='par_1_14' title="bbox 350 1268 1931 1343">
     <span class='ocr_line' id='line_1_14' title="bbox 350 1268 1931 1343; baseline -0.001 -21"><span class='ocrx_word' id='word_1_71' title='bbox 350 1270 456 1333; x_wconf 83' lang='grc' dir='ltr'><strong>τὰς</strong></span> <span class='ocrx_word' id='word_1_72' title='bbox 492 1268 710 1339; x_wconf 69' lang='grc' dir='ltr'><strong>Ἀερὼθ,</strong></span> <span class='ocrx_word' id='word_1_73' title='bbox 754 1270 1039 1343; x_wconf 76' lang='grc' dir='ltr'><strong>κρατῆρας</strong></span> <span class='ocrx_word' id='word_1_74' title='bbox 1083 1272 1275 1340; x_wconf 83' lang='grc' dir='ltr'><strong>λέγει,</strong></span> <span class='ocrx_word' id='word_1_75' title='bbox 1329 1273 1384 1325; x_wconf 78' lang='grc' dir='ltr'><strong>οἵ</strong></span> <span class='ocrx_word' id='word_1_76' title='bbox 1429 1272 1568 1324; x_wconf 75' lang='grc' dir='ltr'><strong>εἰσιν</strong></span> <span class='ocrx_word' id='word_1_77' title='bbox 1602 1272 1653 1323; x_wconf 83' lang='grc' dir='ltr'><strong>οἱ</strong></span> <span class='ocrx_word' id='word_1_78' title='bbox 1695 1286 1931 1340; x_wconf 83' lang='grc' dir='ltr'><strong>ποτηρο-</strong></span> 
     </span>
    </p>
   </div>
   <div class='ocr_carea' id='block_1_15' title="bbox 351 1359 1933 1433">
    <p class='ocr_par' dir='ltr' id='par_1_15' title="bbox 351 1359 1933 1433">
     <span class='ocr_line' id='line_1_15' title="bbox 351 1359 1933 1433; baseline 0.001 -20"><span class='ocrx_word' id='word_1_79' title='bbox 351 1359 589 1429; x_wconf 80' lang='grc' dir='ltr'><strong>πλύται,</strong></span> <span class='ocrx_word' id='word_1_80' title='bbox 646 1360 745 1417; x_wconf 75' lang='grc' dir='ltr'><strong>καὶ</strong></span> <span class='ocrx_word' id='word_1_81' title='bbox 802 1363 911 1429; x_wconf 80' lang='grc' dir='ltr'><strong>τὰς</strong></span> <span class='ocrx_word' id='word_1_82' title='bbox 963 1364 1341 1433; x_wconf 82' lang='grc' dir='ltr'><strong>Μασμαρὼθ,</strong></span> <span class='ocrx_word' id='word_1_83' title='bbox 1388 1364 1515 1427; x_wconf 80' lang='grc' dir='ltr'><strong>τοὺς</strong></span> <span class='ocrx_word' id='word_1_84' title='bbox 1564 1362 1933 1433; x_wconf 82' lang='grc' dir='ltr'><strong>ραντιστῆρας</strong></span> 
     </span>
    </p>
   </div>
   <div class='ocr_carea' id='block_1_16' title="bbox 351 1453 1932 1525">
    <p class='ocr_par' dir='ltr' id='par_1_16' title="bbox 351 1453 1932 1525">
     <span class='ocr_line' id='line_1_16' title="bbox 351 1453 1932 1525; baseline 0 -19"><span class='ocrx_word' id='word_1_85' title='bbox 351 1454 500 1522; x_wconf 85' lang='grc' dir='ltr'><strong>λέγει</strong></span> <span class='ocrx_word' id='word_1_86' title='bbox 544 1454 639 1506; x_wconf 83' lang='grc' dir='ltr'><strong>τοῦ</strong></span> <span class='ocrx_word' id='word_1_87' title='bbox 692 1454 962 1523; x_wconf 77' lang='grc' dir='ltr'><strong>αἵματος,</strong></span> <span class='ocrx_word' id='word_1_88' title='bbox 1012 1457 1109 1509; x_wconf 74' lang='grc' dir='ltr'><strong>καὶ</strong></span> <span class='ocrx_word' id='word_1_89' title='bbox 1148 1456 1288 1522; x_wconf 85' lang='grc' dir='ltr'><strong>τοὺς</strong></span> <span class='ocrx_word' id='word_1_90' title='bbox 1321 1456 1614 1522; x_wconf 84' lang='grc' dir='ltr'><strong>κυάθους,</strong></span> <span class='ocrx_word' id='word_1_91' title='bbox 1653 1455 1722 1509; x_wconf 83' lang='grc' dir='ltr'><strong>τὰ</strong></span> <span class='ocrx_word' id='word_1_92' title='bbox 1760 1453 1932 1525; x_wconf 75' lang='grc' dir='ltr'><strong>μικρὰ</strong></span> 
     </span>
    </p>
   </div>
   <div class='ocr_carea' id='block_1_17' title="bbox 353 1541 1925 1620">
    <p class='ocr_par' dir='ltr' id='par_1_17' title="bbox 353 1541 1925 1620">
     <span class='ocr_line' id='line_1_17' title="bbox 353 1541 1925 1620; baseline 0.003 -24"><span class='ocrx_word' id='word_1_93' title='bbox 353 1544 539 1609; x_wconf 77' lang='grc' dir='ltr'><strong>ξέπια</strong></span> <span class='ocrx_word' id='word_1_94' title='bbox 563 1544 730 1614; x_wconf 81' lang='grc' dir='ltr'><strong>λέγει,</strong></span> <span class='ocrx_word' id='word_1_95' title='bbox 765 1547 823 1600; x_wconf 80' lang='grc' dir='ltr'><strong>ἐν</strong></span> <span class='ocrx_word' id='word_1_96' title='bbox 843 1541 924 1611; x_wconf 71' lang='grc' dir='ltr'><strong>οἷς</strong></span> <span class='ocrx_word' id='word_1_97' title='bbox 939 1546 1247 1618; x_wconf 76' lang='grc' dir='ltr'><strong>ἐλάμϐανον</strong></span> <span class='ocrx_word' id='word_1_98' title='bbox 1266 1548 1373 1602; x_wconf 82' lang='grc' dir='ltr'><strong>τῶν</strong></span> <span class='ocrx_word' id='word_1_99' title='bbox 1402 1549 1657 1620; x_wconf 84' lang='grc' dir='ltr'><strong>μεγάλων</strong></span> <span class='ocrx_word' id='word_1_100' title='bbox 1684 1548 1925 1617; x_wconf 81' lang='grc' dir='ltr'><strong>ἀγγείων</strong></span> 
     </span>
    </p>
   </div>
   <div class='ocr_carea' id='block_1_18' title="bbox 350 1634 647 1693">
    <p class='ocr_par' dir='ltr' id='par_1_18' title="bbox 350 1634 647 1693">
     <span class='ocr_line' id='line_1_18' title="bbox 350 1634 647 1693; baseline 0.013 -5"><span class='ocrx_word' id='word_1_101' title='bbox 350 1637 447 1689; x_wconf 83' lang='grc' dir='ltr'><strong>τὸν</strong></span> <span class='ocrx_word' id='word_1_102' title='bbox 480 1634 621 1689; x_wconf 82' lang='grc' dir='ltr'><strong>οἶνον</strong></span> <span class='ocrx_word' id='word_1_103' title='bbox 634 1679 647 1693; x_wconf 93' lang='grc'><strong>.</strong></span> 
     </span>
    </p>
   </div>
   <div class='ocr_carea' id='block_1_19' title="bbox 424 1728 1933 1801">
    <p class='ocr_par' dir='ltr' id='par_1_19' title="bbox 424 1728 1933 1801">
     <span class='ocr_line' id='line_1_19' title="bbox 424 1728 1933 1801; baseline 0.003 -18"><span class='ocrx_word' id='word_1_104' title='bbox 424 1730 530 1783; x_wconf 78' lang='grc' dir='ltr'><strong>Καὶ</strong></span> <span class='ocrx_word' id='word_1_105' title='bbox 577 1728 694 1781; x_wconf 82' lang='grc' dir='ltr'><strong>τῶν</strong></span> <span class='ocrx_word' id='word_1_106' title='bbox 733 1730 978 1784; x_wconf 74' lang='grc' dir='ltr'><strong>στύλων</strong></span> <span class='ocrx_word' id='word_1_107' title='bbox 1019 1730 1139 1785; x_wconf 85' lang='grc' dir='ltr'><strong>τῶν</strong></span> <span class='ocrx_word' id='word_1_108' title='bbox 1184 1732 1330 1798; x_wconf 83' lang='grc' dir='ltr'><strong>δύο,</strong></span> <span class='ocrx_word' id='word_1_109' title='bbox 1386 1733 1482 1787; x_wconf 72' lang='grc' dir='ltr'><strong>καὶ</strong></span> <span class='ocrx_word' id='word_1_110' title='bbox 1537 1731 1647 1801; x_wconf 80' lang='grc' dir='ltr'><strong>τῆς</strong></span> <span class='ocrx_word' id='word_1_111' title='bbox 1707 1732 1933 1788; x_wconf 75' lang='grc' dir='ltr'><strong>θαλάσ-</strong></span> 
     </span>
    </p>
   </div>
   <div class='ocr_carea' id='block_1_20' title="bbox 2033 540 2634 610">
    <p class='ocr_par' dir='ltr' id='par_1_20' title="bbox 2033 540 2634 610">
     <span class='ocr_line' id='line_1_20' title="bbox 2033 540 2634 610; baseline 0.003 -17"><span class='ocrx_word' id='word_1_112' title='bbox 2033 540 2266 608; x_wconf 86' lang='lat' dir='ltr'><strong>posteris</strong></span> <span class='ocrx_word' id='word_1_113' title='bbox 2303 540 2634 610; x_wconf 84' lang='lat' dir='ltr'><strong>exemplum.</strong></span> 
     </span>
    </p>
   </div>
   <div class='ocr_carea' id='block_1_21' title="bbox 2102 718 3091 789">
    <p class='ocr_par' dir='ltr' id='par_1_21' title="bbox 2102 718 3091 789">
     <span class='ocr_line' id='line_1_21' title="bbox 2102 718 3091 789; baseline 0.005 -14"><span class='ocrx_word' id='word_1_114' title='bbox 2102 718 2307 777; x_wconf 70' lang='lat' dir='ltr'><strong>&#39;Yans.</strong></span> <span class='ocrx_word' id='word_1_115' title='bbox 2344 722 2430 778; x_wconf 88' lang='grc'><strong>18.</strong></span> <span class='ocrx_word' id='word_1_116' title='bbox 2467 722 2759 789; x_wconf 84' lang='lat' dir='ltr'><strong>Coronam,</strong></span> <span class='ocrx_word' id='word_1_117' title='bbox 2793 731 2844 779; x_wconf 89' lang='lat' dir='ltr'><strong>et</strong></span> <span class='ocrx_word' id='word_1_118' title='bbox 2880 722 3091 780; x_wconf 72' lang='lat' dir='ltr'><strong>lebetes.</strong></span> 
     </span>
    </p>
   </div>
   <div class='ocr_carea' id='block_1_22' title="bbox 2103 812 3609 888">
    <p class='ocr_par' dir='ltr' id='par_1_22' title="bbox 2103 812 3609 888">
     <span class='ocr_line' id='line_1_22' title="bbox 2103 812 3609 888; baseline 0.005 -22"><span class='ocrx_word' id='word_1_119' title='bbox 2103 812 2371 868; x_wconf 84' lang='lat' dir='ltr'><strong>Coronam</strong></span> <span class='ocrx_word' id='word_1_120' title='bbox 2410 814 2541 870; x_wconf 90' lang='lat' dir='ltr'><strong>dicit</strong></span> <span class='ocrx_word' id='word_1_121' title='bbox 2598 815 2825 886; x_wconf 81' lang='lat' dir='ltr'><strong>ﬁguram</strong></span> <span class='ocrx_word' id='word_1_122' title='bbox 2881 815 3240 884; x_wconf 82' lang='lat' dir='ltr'><strong>clatliratam,</strong></span> <span class='ocrx_word' id='word_1_123' title='bbox 3298 818 3441 888; x_wconf 84' lang='lat' dir='ltr'><strong>quod</strong></span> <span class='ocrx_word' id='word_1_124' title='bbox 3493 827 3609 875; x_wconf 84' lang='lat' dir='ltr'><strong>erat</strong></span> 
     </span>
    </p>
   </div>
   <div class='ocr_carea' id='block_1_23' title="bbox 2032 902 2501 960">
    <p class='ocr_par' dir='ltr' id='par_1_23' title="bbox 2032 902 2501 960">
     <span class='ocr_line' id='line_1_23' title="bbox 2032 902 2501 960; baseline 0.002 -1"><span class='ocrx_word' id='word_1_125' title='bbox 2032 902 2176 959; x_wconf 86' lang='lat' dir='ltr'><strong>circa</strong></span> <span class='ocrx_word' id='word_1_126' title='bbox 2204 905 2501 960; x_wconf 84' lang='lat' dir='ltr'><strong>columnas.</strong></span> 
     </span>
    </p>
   </div>
   <div class='ocr_carea' id='block_1_24' title="bbox 2106 995 3253 1068">
    <p class='ocr_par' dir='ltr' id='par_1_24' title="bbox 2106 995 3253 1068">
     <span class='ocr_line' id='line_1_24' title="bbox 2106 995 3253 1068; baseline 0.004 -18"><span class='ocrx_word' id='word_1_127' title='bbox 2106 995 2270 1051; x_wconf 74' lang='lat' dir='ltr'><strong>Vens.</strong></span> <span class='ocrx_word' id='word_1_128' title='bbox 2305 997 2393 1052; x_wconf 79' lang='grc'><strong>19.</strong></span> <span class='ocrx_word' id='word_1_129' title='bbox 2420 996 2487 1050; x_wconf 87' lang='grc' dir='ltr'><strong>Ει</strong></span> <span class='ocrx_word' id='word_1_130' title='bbox 2521 996 2886 1068; x_wconf 74' lang='lat' dir='ltr'><strong>(Itymiateria,</strong></span> <span class='ocrx_word' id='word_1_131' title='bbox 2911 1010 2957 1053; x_wconf 89' lang='lat' dir='ltr'><strong>et</strong></span> <span class='ocrx_word' id='word_1_132' title='bbox 2985 999 3253 1055; x_wconf 87' lang='lat' dir='ltr'><strong>libatoria.</strong></span> 
     </span>
    </p>
   </div>
   <div class='ocr_carea' id='block_1_25' title="bbox 2103 1087 3610 1164">
    <p class='ocr_par' dir='ltr' id='par_1_25' title="bbox 2103 1087 3610 1164">
     <span class='ocr_line' id='line_1_25' title="bbox 2103 1087 3610 1164; baseline 0.004 -21"><span class='ocrx_word' id='word_1_133' title='bbox 2103 1087 2378 1145; x_wconf 87' lang='lat' dir='ltr'><strong>Libatoria</strong></span> <span class='ocrx_word' id='word_1_134' title='bbox 2426 1097 2585 1145; x_wconf 84' lang='lat' dir='ltr'><strong>vocat</strong></span> <span class='ocrx_word' id='word_1_135' title='bbox 2630 1089 2839 1160; x_wconf 79' lang='lat' dir='ltr'><strong>phialas</strong></span> <span class='ocrx_word' id='word_1_136' title='bbox 2879 1108 3076 1148; x_wconf 89' lang='lat' dir='ltr'><strong>aureas</strong></span> <span class='ocrx_word' id='word_1_137' title='bbox 3105 1134 3120 1157; x_wconf 95' lang='lat'><strong>,</strong></span> <span class='ocrx_word' id='word_1_138' title='bbox 3178 1094 3378 1164; x_wconf 85' lang='lat' dir='ltr'><strong>quibus</strong></span> <span class='ocrx_word' id='word_1_139' title='bbox 3429 1095 3610 1149; x_wconf 86' lang='lat' dir='ltr'><strong>vinum</strong></span> 
     </span>
    </p>
   </div>
   <div class='ocr_carea' id='block_1_26' title="bbox 2035 1180 3611 1256">
    <p class='ocr_par' dir='ltr' id='par_1_26' title="bbox 2035 1180 3611 1256">
     <span class='ocr_line' id='line_1_26' title="bbox 2035 1180 3611 1256; baseline 0.004 -22"><span class='ocrx_word' id='word_1_140' title='bbox 2035 1180 2315 1247; x_wconf 81' lang='lat' dir='ltr'><strong>libabant,</strong></span> <span class='ocrx_word' id='word_1_141' title='bbox 2358 1191 2420 1237; x_wconf 87' lang='lat' dir='ltr'><strong>et</strong></span> <span class='ocrx_word' id='word_1_142' title='bbox 2470 1180 2752 1237; x_wconf 76' lang='lat' dir='ltr'><strong>incensum</strong></span> <span class='ocrx_word' id='word_1_143' title='bbox 2804 1183 2912 1255; x_wconf 82' lang='lat' dir='ltr'><strong>igni</strong></span> <span class='ocrx_word' id='word_1_144' title='bbox 2951 1186 3335 1255; x_wconf 87' lang='lat' dir='ltr'><strong>apponebant,</strong></span> <span class='ocrx_word' id='word_1_145' title='bbox 3370 1195 3419 1242; x_wconf 83' lang='lat' dir='ltr'><strong>et</strong></span> <span class='ocrx_word' id='word_1_146' title='bbox 3469 1187 3611 1256; x_wconf 84' lang='lat' dir='ltr'><strong>ipsas</strong></span> 
     </span>
    </p>
   </div>
   <div class='ocr_carea' id='block_1_27' title="bbox 2034 1272 3611 1345">
    <p class='ocr_par' dir='ltr' id='par_1_27' title="bbox 2034 1272 3611 1345">
     <span class='ocr_line' id='line_1_27' title="bbox 2034 1272 3611 1345; baseline 0.004 -21"><span class='ocrx_word' id='word_1_147' title='bbox 2034 1272 2259 1341; x_wconf 83' lang='lat' dir='ltr'><strong>Aphoth,</strong></span> <span class='ocrx_word' id='word_1_148' title='bbox 2300 1286 2453 1342; x_wconf 68' lang='lat' dir='ltr'><strong>aquae</strong></span> <span class='ocrx_word' id='word_1_149' title='bbox 2485 1274 2822 1343; x_wconf 87' lang='lat' dir='ltr'><strong>receptacula</strong></span> <span class='ocrx_word' id='word_1_150' title='bbox 2858 1275 3010 1344; x_wconf 88' lang='lat' dir='ltr'><strong>dicit,</strong></span> <span class='ocrx_word' id='word_1_151' title='bbox 3054 1292 3174 1345; x_wconf 72' lang='lat' dir='ltr'><strong>qua:</strong></span> <span class='ocrx_word' id='word_1_152' title='bbox 3211 1287 3336 1333; x_wconf 89' lang='lat' dir='ltr'><strong>sunt</strong></span> <span class='ocrx_word' id='word_1_153' title='bbox 3366 1293 3494 1332; x_wconf 86' lang='lat' dir='ltr'><strong>vasa</strong></span> <span class='ocrx_word' id='word_1_154' title='bbox 3559 1278 3611 1331; x_wconf 92' lang='lat' dir='ltr'><strong>in</strong></span> 
     </span>
    </p>
   </div>
   <div class='ocr_carea' id='block_1_28' title="bbox 2036 1363 3615 1434">
    <p class='ocr_par' dir='ltr' id='par_1_28' title="bbox 2036 1363 3615 1434">
     <span class='ocr_line' id='line_1_28' title="bbox 2036 1363 3615 1434; baseline 0.004 -18"><span class='ocrx_word' id='word_1_155' title='bbox 2036 1364 2232 1432; x_wconf 84' lang='lat' dir='ltr'><strong>quibus</strong></span> <span class='ocrx_word' id='word_1_156' title='bbox 2284 1363 2535 1419; x_wconf 77' lang='lat' dir='ltr'><strong>lavantur</strong></span> <span class='ocrx_word' id='word_1_157' title='bbox 2579 1364 2815 1434; x_wconf 89' lang='lat' dir='ltr'><strong>pocula,</strong></span> <span class='ocrx_word' id='word_1_158' title='bbox 2879 1375 2928 1421; x_wconf 89' lang='lat' dir='ltr'><strong>et</strong></span> <span class='ocrx_word' id='word_1_159' title='bbox 2984 1366 3354 1433; x_wconf 81' lang='lat' dir='ltr'><strong>Masmaroth,</strong></span> <span class='ocrx_word' id='word_1_160' title='bbox 3408 1369 3615 1423; x_wconf 80' lang='lat' dir='ltr'><strong>instru-</strong></span> 
     </span>
    </p>
   </div>
   <div class='ocr_carea' id='block_1_29' title="bbox 2037 1457 3613 1531">
    <p class='ocr_par' dir='ltr' id='par_1_29' title="bbox 2037 1457 3613 1531">
     <span class='ocr_line' id='line_1_29' title="bbox 2037 1457 3613 1531; baseline 0.001 -19"><span class='ocrx_word' id='word_1_161' title='bbox 2037 1468 2218 1513; x_wconf 89' lang='lat' dir='ltr'><strong>menta</strong></span> <span class='ocrx_word' id='word_1_162' title='bbox 2270 1457 2469 1526; x_wconf 90' lang='lat' dir='ltr'><strong>quibus</strong></span> <span class='ocrx_word' id='word_1_163' title='bbox 2532 1458 2924 1529; x_wconf 82' lang='lat' dir='ltr'><strong>aspergebatur</strong></span> <span class='ocrx_word' id='word_1_164' title='bbox 2970 1460 3224 1530; x_wconf 74' lang='lat' dir='ltr'><strong>sanguis,</strong></span> <span class='ocrx_word' id='word_1_165' title='bbox 3273 1469 3322 1514; x_wconf 86' lang='lat' dir='ltr'><strong>et</strong></span> <span class='ocrx_word' id='word_1_166' title='bbox 3361 1463 3613 1531; x_wconf 79' lang='lat' dir='ltr'><strong>cyathos,</strong></span> 
     </span>
    </p>
   </div>
   <div class='ocr_carea' id='block_1_30' title="bbox 2036 1549 3618 1622">
    <p class='ocr_par' dir='ltr' id='par_1_30' title="bbox 2036 1549 3618 1622">
     <span class='ocr_line' id='line_1_30' title="bbox 2036 1549 3618 1622; baseline 0.003 -19"><span class='ocrx_word' id='word_1_167' title='bbox 2036 1564 2201 1618; x_wconf 85' lang='lat' dir='ltr'><strong>parva</strong></span> <span class='ocrx_word' id='word_1_168' title='bbox 2249 1549 2485 1605; x_wconf 78' lang='lat' dir='ltr'><strong>sextaria</strong></span> <span class='ocrx_word' id='word_1_169' title='bbox 2520 1550 2615 1616; x_wconf 88' lang='lat' dir='ltr'><strong>ait,</strong></span> <span class='ocrx_word' id='word_1_170' title='bbox 2653 1550 2850 1620; x_wconf 88' lang='lat' dir='ltr'><strong>quibus</strong></span> <span class='ocrx_word' id='word_1_171' title='bbox 2880 1551 3062 1605; x_wconf 84' lang='lat' dir='ltr'><strong>vinum</strong></span> <span class='ocrx_word' id='word_1_172' title='bbox 3105 1566 3172 1605; x_wconf 76' lang='lat' dir='ltr'><strong>ex</strong></span> <span class='ocrx_word' id='word_1_173' title='bbox 3213 1552 3423 1622; x_wconf 78' lang='lat' dir='ltr'><strong>magnis</strong></span> <span class='ocrx_word' id='word_1_174' title='bbox 3470 1551 3618 1608; x_wconf 80' lang='lat' dir='ltr'><strong>vasis</strong></span> 
     </span>
    </p>
   </div>
   <div class='ocr_carea' id='block_1_31' title="bbox 2036 1642 2694 1699">
    <p class='ocr_par' dir='ltr' id='par_1_31' title="bbox 2036 1642 2694 1699">
     <span class='ocr_line' id='line_1_31' title="bbox 2036 1642 2694 1699; baseline 0.003 -2"><span class='ocrx_word' id='word_1_175' title='bbox 2036 1642 2291 1697; x_wconf 85' lang='lat' dir='ltr'><strong>haustum</strong></span> <span class='ocrx_word' id='word_1_176' title='bbox 2326 1645 2694 1699; x_wconf 72' lang='lat' dir='ltr'><strong>continebant.</strong></span> 
     </span>
    </p>
   </div>
   <div class='ocr_carea' id='block_1_32' title="bbox 2106 1732 3617 1807">
    <p class='ocr_par' dir='ltr' id='par_1_32' title="bbox 2106 1732 3617 1807">
     <span class='ocr_line' id='line_1_32' title="bbox 2106 1732 3617 1807; baseline 0.003 -21"><span class='ocrx_word' id='word_1_177' title='bbox 2106 1732 2271 1788; x_wconf 65' lang='lat' dir='ltr'><strong>Vens.</strong></span> <span class='ocrx_word' id='word_1_178' title='bbox 2301 1734 2394 1789; x_wconf 77' lang='grc'><strong>20.</strong></span> <span class='ocrx_word' id='word_1_179' title='bbox 2428 1733 2492 1787; x_wconf 87' lang='lat' dir='ltr'><strong>Et</strong></span> <span class='ocrx_word' id='word_1_180' title='bbox 2522 1736 2890 1792; x_wconf 81' lang='lat' dir='ltr'><strong>columnarum</strong></span> <span class='ocrx_word' id='word_1_181' title='bbox 2919 1736 3170 1803; x_wconf 84' lang='lat' dir='ltr'><strong>duarum,</strong></span> <span class='ocrx_word' id='word_1_182' title='bbox 3201 1744 3250 1791; x_wconf 86' lang='lat' dir='ltr'><strong>et</strong></span> <span class='ocrx_word' id='word_1_183' title='bbox 3277 1737 3465 1804; x_wconf 86' lang='lat' dir='ltr'><strong>maris,</strong></span> <span class='ocrx_word' id='word_1_184' title='bbox 3497 1752 3617 1807; x_wconf 80' lang='lat' dir='ltr'><strong>qua:</strong></span> 
     </span>
    </p>
   </div>
   <div class='ocr_carea' id='block_1_33' title="bbox 349 1792 1967 1897">
    <p class='ocr_par' dir='ltr' id='par_1_33' title="bbox 349 1792 1967 1896">
     <span class='ocr_line' id='line_1_33' title="bbox 349 1792 1967 1896; baseline 0.005 -25"><span class='ocrx_word' id='word_1_185' title='bbox 349 1832 467 1885; x_wconf 85' lang='grc' dir='ltr'><strong>σης</strong></span> <span class='ocrx_word' id='word_1_186' title='bbox 486 1861 500 1882; x_wconf 93' lang='grc'><strong>,</strong></span> <span class='ocrx_word' id='word_1_187' title='bbox 530 1813 617 1872; x_wconf 86' lang='grc' dir='ltr'><strong>ὧν</strong></span> <span class='ocrx_word' id='word_1_188' title='bbox 642 1820 936 1889; x_wconf 79' lang='grc' dir='ltr'><strong>ἐποίησεν</strong></span> <span class='ocrx_word' id='word_1_189' title='bbox 956 1825 987 1877; x_wconf 85' lang='grc' dir='ltr'><strong>ό</strong></span> <span class='ocrx_word' id='word_1_190' title='bbox 1014 1792 1735 1896; x_wconf 27' lang='grc' dir='ltr'><strong>,ϐασιλεὺςνΣολομὼννεις</strong></span> <span class='ocrx_word' id='word_1_191' title='bbox 1762 1821 1933 1880; x_wconf 82' lang='grc' dir='ltr'><strong>οἶκον</strong></span> <span class='ocrx_word' id='word_1_192' title='bbox 1964 1794 1967 1801; x_wconf 21' lang='grc'><strong>1</strong></span> 
     </span>
    </p>
   </div>
   <div class='ocr_carea' id='block_1_34' title="bbox 2037 1792 3170 1897">
    <p class='ocr_par' dir='ltr' id='par_1_34' title="bbox 2040 1820 3170 1897">
     <span class='ocr_line' id='line_1_34' title="bbox 2040 1820 3170 1897; baseline 0.004 -15"><span class='ocrx_word' id='word_1_193' title='bbox 2040 1820 2231 1897; x_wconf 76' lang='lat' dir='ltr'><strong>fecerat</strong></span> <span class='ocrx_word' id='word_1_194' title='bbox 2261 1843 2351 1881; x_wconf 71' lang='lat' dir='ltr'><strong>rex</strong></span> <span class='ocrx_word' id='word_1_195' title='bbox 2382 1828 2634 1884; x_wconf 82' lang='lat' dir='ltr'><strong>Salomon</strong></span> <span class='ocrx_word' id='word_1_196' title='bbox 2666 1831 2719 1884; x_wconf 89' lang='lat' dir='ltr'><strong>in</strong></span> <span class='ocrx_word' id='word_1_197' title='bbox 2749 1834 2902 1886; x_wconf 85' lang='lat' dir='ltr'><strong>domo</strong></span> <span class='ocrx_word' id='word_1_198' title='bbox 2938 1829 3170 1886; x_wconf 84' lang='lat' dir='ltr'><strong>Domini.</strong></span> 
     </span>
    </p>
   </div>
   <div class='ocr_carea' id='block_1_35' title="bbox 349 1913 595 1980">
    <p class='ocr_par' dir='ltr' id='par_1_35' title="bbox 349 1913 595 1980">
     <span class='ocr_line' id='line_1_35' title="bbox 349 1913 595 1980; baseline 0.004 -14"><span class='ocrx_word' id='word_1_199' title='bbox 349 1913 595 1980; x_wconf 79' lang='grc' dir='ltr'><strong>Κυρίου.</strong></span> 
     </span>
    </p>
   </div>
   <div class='ocr_carea' id='block_1_36' title="bbox 421 2004 1928 2084">
    <p class='ocr_par' dir='ltr' id='par_1_36' title="bbox 421 2004 1928 2084">
     <span class='ocr_line' id='line_1_36' title="bbox 421 2004 1928 2084; baseline 0.006 -28"><span class='ocrx_word' id='word_1_200' title='bbox 421 2004 658 2076; x_wconf 73' lang='grc' dir='ltr'><strong>Εὔδηλον</strong></span> <span class='ocrx_word' id='word_1_201' title='bbox 696 2007 770 2072; x_wconf 84' lang='grc' dir='ltr'><em>ὡς</em></span> <span class='ocrx_word' id='word_1_202' title='bbox 810 2008 1128 2079; x_wconf 82' lang='grc' dir='ltr'><strong>προτιθέναι</strong></span> <span class='ocrx_word' id='word_1_203' title='bbox 1154 2010 1364 2066; x_wconf 72' lang='grc' dir='ltr'><strong>ταῦτα’</strong></span> <span class='ocrx_word' id='word_1_204' title='bbox 1398 2011 1649 2080; x_wconf 72' lang='grc' dir='ltr'><strong>φαίνεται</strong></span> <span class='ocrx_word' id='word_1_205' title='bbox 1688 2011 1793 2083; x_wconf 81' lang='grc' dir='ltr'><strong>γάρ</strong></span> <span class='ocrx_word' id='word_1_206' title='bbox 1828 2012 1928 2084; x_wconf 71' lang='grc' dir='ltr'><strong>ἤδη</strong></span> 
     </span>
    </p>
   </div>
   <div class='ocr_carea' id='block_1_37' title="bbox 350 2092 1932 2172">
    <p class='ocr_par' dir='ltr' id='par_1_37' title="bbox 350 2092 1932 2172">
     <span class='ocr_line' id='line_1_37' title="bbox 350 2092 1932 2172; baseline 0.007 -27"><span class='ocrx_word' id='word_1_207' title='bbox 350 2092 456 2145; x_wconf 82' lang='grc' dir='ltr'><strong>ὑπὸ</strong></span> <span class='ocrx_word' id='word_1_208' title='bbox 479 2094 587 2148; x_wconf 81' lang='grc' dir='ltr'><strong>τῶν</strong></span> <span class='ocrx_word' id='word_1_209' title='bbox 622 2097 907 2167; x_wconf 80' lang='grc' dir='ltr'><strong>ἀπογόνων</strong></span> <span class='ocrx_word' id='word_1_210' title='bbox 936 2098 1030 2151; x_wconf 80' lang='grc' dir='ltr'><strong>τοῦ</strong></span> <span class='ocrx_word' id='word_1_211' title='bbox 1071 2099 1386 2172; x_wconf 82' lang='grc' dir='ltr'><strong>Σολομῶνος</strong></span> <span class='ocrx_word' id='word_1_212' title='bbox 1425 2102 1759 2172; x_wconf 77' lang='grc' dir='ltr'><strong>ἐπαρθέντα,</strong></span> <span class='ocrx_word' id='word_1_213' title='bbox 1788 2101 1932 2159; x_wconf 81' lang='grc' dir='ltr'><strong>ὥστε</strong></span> 
     </span>
    </p>
   </div>
   <div class='ocr_carea' id='block_1_38' title="bbox 350 2186 1931 2265">
    <p class='ocr_par' dir='ltr' id='par_1_38' title="bbox 350 2186 1931 2265">
     <span class='ocr_line' id='line_1_38' title="bbox 350 2186 1931 2265; baseline 0.006 -28"><span class='ocrx_word' id='word_1_214' title='bbox 350 2186 443 2238; x_wconf 75' lang='grc' dir='ltr'><strong>καὶ</strong></span> <span class='ocrx_word' id='word_1_215' title='bbox 474 2187 566 2240; x_wconf 72' lang='grc' dir='ltr'><strong>ἐπὶ</strong></span> <span class='ocrx_word' id='word_1_216' title='bbox 593 2188 800 2261; x_wconf 79' lang='grc' dir='ltr'><strong>λιθίνης</strong></span> <span class='ocrx_word' id='word_1_217' title='bbox 836 2190 1050 2261; x_wconf 82' lang='grc' dir='ltr'><strong>βάσεως</strong></span> <span class='ocrx_word' id='word_1_218' title='bbox 1082 2193 1307 2247; x_wconf 77' lang='grc' dir='ltr'><strong>ἑστάναι</strong></span> <span class='ocrx_word' id='word_1_219' title='bbox 1336 2193 1429 2248; x_wconf 80' lang='grc' dir='ltr'><strong>τὸν</strong></span> <span class='ocrx_word' id='word_1_220' title='bbox 1456 2194 1697 2265; x_wconf 79' lang='grc' dir='ltr'><strong>λουτῆρα</strong></span> <span class='ocrx_word' id='word_1_221' title='bbox 1717 2231 1734 2258; x_wconf 94' lang='grc'><strong>,</strong></span> <span class='ocrx_word' id='word_1_222' title='bbox 1780 2193 1839 2247; x_wconf 80' lang='grc' dir='ltr'><strong>ὃν</strong></span> <span class='ocrx_word' id='word_1_223' title='bbox 1866 2192 1931 2264; x_wconf 82' lang='grc' dir='ltr'><strong>δὴ</strong></span> 
     </span>
    </p>
   </div>
   <div class='ocr_carea' id='block_1_39' title="bbox 350 2276 1408 2358">
    <p class='ocr_par' dir='ltr' id='par_1_39' title="bbox 350 2276 1408 2358">
     <span class='ocr_line' id='line_1_39' title="bbox 350 2276 1408 2358; baseline 0.009 -27"><span class='ocrx_word' id='word_1_224' title='bbox 350 2276 629 2336; x_wconf 81' lang='grc' dir='ltr'><strong>θάλασσαν</strong></span> <span class='ocrx_word' id='word_1_225' title='bbox 662 2284 1102 2358; x_wconf 77' lang='grc' dir='ltr'><strong>προσηγόρευσεν</strong></span> <span class='ocrx_word' id='word_1_226' title='bbox 1132 2287 1166 2356; x_wconf 81' lang='grc' dir='ltr'>ἡ</span> <span class='ocrx_word' id='word_1_227' title='bbox 1195 2286 1408 2357; x_wconf 86' lang='grc' dir='ltr'><strong>Γραφή.</strong></span> 
     </span>
    </p>
   </div>
   <div class='ocr_carea' id='block_1_40' title="bbox 2105 2015 3615 2087">
    <p class='ocr_par' dir='ltr' id='par_1_40' title="bbox 2105 2015 3615 2087">
     <span class='ocr_line' id='line_1_40' title="bbox 2105 2015 3615 2087; baseline -0.001 -16"><span class='ocrx_word' id='word_1_228' title='bbox 2105 2016 2447 2071; x_wconf 82' lang='lat' dir='ltr'><strong>Manifestum</strong></span> <span class='ocrx_word' id='word_1_229' title='bbox 2509 2028 2567 2072; x_wconf 92' lang='lat' dir='ltr'><strong>ut</strong></span> <span class='ocrx_word' id='word_1_230' title='bbox 2616 2025 2992 2087; x_wconf 61' lang='lat' dir='ltr'><strong>proponantur</strong></span> <span class='ocrx_word' id='word_1_231' title='bbox 3049 2017 3197 2082; x_wconf 82' lang='lat' dir='ltr'><strong>haec,</strong></span> <span class='ocrx_word' id='word_1_232' title='bbox 3244 2016 3353 2087; x_wconf 83' lang='lat' dir='ltr'><strong>jam</strong></span> <span class='ocrx_word' id='word_1_233' title='bbox 3402 2015 3546 2071; x_wconf 86' lang='lat' dir='ltr'><strong>enim</strong></span> <span class='ocrx_word' id='word_1_234' title='bbox 3584 2031 3615 2070; x_wconf 65' lang='grc' dir='ltr'><strong>α</strong></span> 
     </span>
    </p>
   </div>
   <div class='ocr_carea' id='block_1_41' title="bbox 2034 2104 3610 2177">
    <p class='ocr_par' dir='ltr' id='par_1_41' title="bbox 2034 2104 3610 2177">
     <span class='ocr_line' id='line_1_41' title="bbox 2034 2104 3610 2177; baseline 0 -17"><span class='ocrx_word' id='word_1_235' title='bbox 2034 2105 2267 2177; x_wconf 82' lang='lat' dir='ltr'><strong>posteris</strong></span> <span class='ocrx_word' id='word_1_236' title='bbox 2301 2104 2607 2161; x_wconf 84' lang='lat' dir='ltr'><strong>Salomonis</strong></span> <span class='ocrx_word' id='word_1_237' title='bbox 2642 2106 2693 2160; x_wconf 91' lang='lat' dir='ltr'><strong>in</strong></span> <span class='ocrx_word' id='word_1_238' title='bbox 2724 2105 2890 2158; x_wconf 88' lang='lat' dir='ltr'><strong>altum</strong></span> <span class='ocrx_word' id='word_1_239' title='bbox 2913 2106 3123 2161; x_wconf 83' lang='lat' dir='ltr'><strong>elevata</strong></span> <span class='ocrx_word' id='word_1_240' title='bbox 3159 2106 3329 2162; x_wconf 76' lang='lat' dir='ltr'><strong>fuisse</strong></span> <span class='ocrx_word' id='word_1_241' title='bbox 3364 2114 3610 2177; x_wconf 84' lang='lat' dir='ltr'><strong>apparet,</strong></span> 
     </span>
    </p>
   </div>
   <div class='ocr_carea' id='block_1_42' title="bbox 2035 2198 3617 2268">
    <p class='ocr_par' dir='ltr' id='par_1_42' title="bbox 2035 2198 3617 2268">
     <span class='ocr_line' id='line_1_42' title="bbox 2035 2198 3617 2268; baseline 0.001 -16"><span class='ocrx_word' id='word_1_242' title='bbox 2035 2200 2109 2252; x_wconf 88' lang='lat' dir='ltr'><strong>ita</strong></span> <span class='ocrx_word' id='word_1_243' title='bbox 2154 2206 2213 2252; x_wconf 91' lang='lat' dir='ltr'><strong>ut</strong></span> <span class='ocrx_word' id='word_1_244' title='bbox 2247 2213 2344 2252; x_wconf 86' lang='lat' dir='ltr'><strong>sua</strong></span> <span class='ocrx_word' id='word_1_245' title='bbox 2385 2198 2499 2253; x_wconf 86' lang='lat' dir='ltr'><strong>basi</strong></span> <span class='ocrx_word' id='word_1_246' title='bbox 2555 2198 2764 2265; x_wconf 82' lang='lat' dir='ltr'><strong>lapidea</strong></span> <span class='ocrx_word' id='word_1_247' title='bbox 2808 2208 2989 2253; x_wconf 84' lang='lat' dir='ltr'><strong>staret</strong></span> <span class='ocrx_word' id='word_1_248' title='bbox 3034 2198 3227 2268; x_wconf 61' lang='lat' dir='ltr'><strong>pelvis:</strong></span> <span class='ocrx_word' id='word_1_249' title='bbox 3265 2212 3432 2268; x_wconf 88' lang='lat' dir='ltr'><strong>quem</strong></span> <span class='ocrx_word' id='word_1_250' title='bbox 3467 2212 3617 2254; x_wconf 85' lang='lat' dir='ltr'><strong>mare</strong></span> 
     </span>
    </p>
   </div>
   <div class='ocr_carea' id='block_1_43' title="bbox 2043 2289 2669 2360">
    <p class='ocr_par' dir='ltr' id='par_1_43' title="bbox 2043 2289 2669 2360">
     <span class='ocr_line' id='line_1_43' title="bbox 2043 2289 2669 2360; baseline 0 -15"><span class='ocrx_word' id='word_1_251' title='bbox 2043 2290 2329 2359; x_wconf 86' lang='lat' dir='ltr'><strong>Scriptura</strong></span> <span class='ocrx_word' id='word_1_252' title='bbox 2358 2289 2669 2360; x_wconf 85' lang='lat' dir='ltr'><strong>appellavit.</strong></span> 
     </span>
    </p>
   </div>
   <div class='ocr_carea' id='block_1_44' title="bbox 1489 2693 2467 2784">
    <p class='ocr_par' dir='ltr' id='par_1_44' title="bbox 1489 2693 2467 2784">
     <span class='ocr_line' id='line_1_44' title="bbox 1489 2693 2467 2784; baseline -0.003 -1"><span class='ocrx_word' id='word_1_253' title='bbox 1489 2693 2467 2784; x_wconf 87' lang='lat' dir='ltr'><strong>SUPPLEMENTUM</strong></span> 
     </span>
    </p>
   </div>
   <div class='ocr_carea' id='block_1_45' title="bbox 1134 2905 2837 2973">
    <p class='ocr_par' dir='ltr' id='par_1_45' title="bbox 1134 2905 2837 2973">
     <span class='ocr_line' id='line_1_45' title="bbox 1134 2905 2837 2973; baseline -0.001 -4"><span class='ocrx_word' id='word_1_254' title='bbox 1134 2905 1238 2969; x_wconf 81' lang='lat' dir='ltr'><strong>AD</strong></span> <span class='ocrx_word' id='word_1_255' title='bbox 1278 2908 1640 2971; x_wconf 86' lang='lat' dir='ltr'><strong>HOMILIAS</strong></span> <span class='ocrx_word' id='word_1_256' title='bbox 1680 2910 1761 2973; x_wconf 92' lang='lat' dir='ltr'><strong>IN</strong></span> <span class='ocrx_word' id='word_1_257' title='bbox 1815 2908 2246 2972; x_wconf 84' lang='lat' dir='ltr'><strong>EPISTOLAM</strong></span> <span class='ocrx_word' id='word_1_258' title='bbox 2297 2907 2396 2969; x_wconf 91' lang='lat' dir='ltr'><strong>AD</strong></span> <span class='ocrx_word' id='word_1_259' title='bbox 2444 2906 2837 2969; x_wconf 83' lang='lat' dir='ltr'><strong>ROMANOS.</strong></span> 
     </span>
    </p>
   </div>
   <div class='ocr_carea' id='block_1_46' title="bbox 357 3244 1928 3318">
    <p class='ocr_par' dir='ltr' id='par_1_46' title="bbox 357 3244 1928 3318">
     <span class='ocr_line' id='line_1_46' title="bbox 357 3244 1928 3318; baseline -0.003 -14"><span class='ocrx_word' id='word_1_260' title='bbox 357 3248 467 3304; x_wconf 81' lang='grc' dir='ltr'><strong>Τοῦ</strong></span> <span class='ocrx_word' id='word_1_261' title='bbox 500 3249 672 3318; x_wconf 80' lang='grc' dir='ltr'><strong>ἁγίου</strong></span> <span class='ocrx_word' id='word_1_262' title='bbox 736 3247 1016 3304; x_wconf 82' lang='grc' dir='ltr'><strong>Ἰωάννου</strong></span> <span class='ocrx_word' id='word_1_263' title='bbox 1072 3247 1177 3302; x_wconf 79' lang='grc' dir='ltr'><strong>τοῦ</strong></span> <span class='ocrx_word' id='word_1_264' title='bbox 1218 3248 1772 3315; x_wconf 80' lang='grc' dir='ltr'><strong>Χρυσοστόμου,ἐκ</strong></span> <span class='ocrx_word' id='word_1_265' title='bbox 1821 3244 1928 3318; x_wconf 80' lang='grc' dir='ltr'><strong>τῆς</strong></span> 
     </span>
    </p>
   </div>
   <div class='ocr_carea' id='block_1_47' title="bbox 420 3317 1900 3391">
    <p class='ocr_par' dir='ltr' id='par_1_47' title="bbox 420 3317 1900 3391">
     <span class='ocr_line' id='line_1_47' title="bbox 420 3317 1900 3391; baseline 0.001 -20"><span class='ocrx_word' id='word_1_266' title='bbox 420 3317 733 3388; x_wconf 73' lang='grc' dir='ltr'><strong>ἑρμηνείας</strong></span> <span class='ocrx_word' id='word_1_267' title='bbox 760 3319 871 3388; x_wconf 83' lang='grc' dir='ltr'><strong>τῆς</strong></span> <span class='ocrx_word' id='word_1_268' title='bbox 900 3321 1050 3387; x_wconf 81' lang='grc' dir='ltr'><strong>πρὸς</strong></span> <span class='ocrx_word' id='word_1_269' title='bbox 1077 3317 1391 3387; x_wconf 80' lang='grc' dir='ltr'><strong>Ῥωμαίους</strong></span> <span class='ocrx_word' id='word_1_270' title='bbox 1420 3318 1775 3387; x_wconf 72' lang='grc' dir='ltr'><strong>Ἐπιστολῆς</strong></span> <span class='ocrx_word' id='word_1_271' title='bbox 1800 3317 1900 3391; x_wconf 85' lang='grc'><strong>(1).</strong></span> 
     </span>
    </p>
   </div>
   <div class='ocr_carea' id='block_1_48' title="bbox 430 3451 1933 3525">
    <p class='ocr_par' dir='ltr' id='par_1_48' title="bbox 430 3451 1933 3525">
     <span class='ocr_line' id='line_1_48' title="bbox 430 3451 1933 3525; baseline 0.002 -18"><span class='ocrx_word' id='word_1_272' title='bbox 430 3452 518 3519; x_wconf 83' lang='grc' dir='ltr'><strong>Τῷ</strong></span> <span class='ocrx_word' id='word_1_273' title='bbox 544 3453 611 3507; x_wconf 79' lang='grc' dir='ltr'><strong>δὲ</strong></span> <span class='ocrx_word' id='word_1_274' title='bbox 632 3454 944 3521; x_wconf 84' lang='grc' dir='ltr'><strong>δυναμένῳ</strong></span> <span class='ocrx_word' id='word_1_275' title='bbox 969 3451 1124 3523; x_wconf 84' lang='grc' dir='ltr'><em>ὑμᾶς</em></span> <span class='ocrx_word' id='word_1_276' title='bbox 1148 3453 1444 3521; x_wconf 78' lang='grc' dir='ltr'><strong>στηρίξαι,</strong></span> <span class='ocrx_word' id='word_1_277' title='bbox 1463 3456 1612 3509; x_wconf 82' lang='grc' dir='ltr'><strong>κατὰ</strong></span> <span class='ocrx_word' id='word_1_278' title='bbox 1636 3457 1703 3511; x_wconf 87' lang='grc' dir='ltr'><strong>τὸ</strong></span> <span class='ocrx_word' id='word_1_279' title='bbox 1742 3458 1933 3525; x_wconf 73' lang='grc' dir='ltr'><strong>Εὐαγ-</strong></span> 
     </span>
    </p>
   </div>
   <div class='ocr_carea' id='block_1_49' title="bbox 2032 3243 3621 3317">
    <p class='ocr_par' dir='ltr' id='par_1_49' title="bbox 2032 3243 3621 3317">
     <span class='ocr_line' id='line_1_49' title="bbox 2032 3243 3621 3317; baseline -0.001 -16"><span class='ocrx_word' id='word_1_280' title='bbox 2032 3246 2215 3303; x_wconf 79' lang='lat' dir='ltr'><strong>Sancti</strong></span> <span class='ocrx_word' id='word_1_281' title='bbox 2242 3246 2467 3302; x_wconf 84' lang='lat' dir='ltr'><strong>Joannis</strong></span> <span class='ocrx_word' id='word_1_282' title='bbox 2512 3244 2891 3317; x_wconf 63' lang='lat' dir='ltr'><strong>Chrysostomi</strong></span> <span class='ocrx_word' id='word_1_283' title='bbox 2917 3261 2982 3299; x_wconf 73' lang='lat' dir='ltr'><strong>ea:</strong></span> <span class='ocrx_word' id='word_1_284' title='bbox 3032 3243 3459 3317; x_wconf 79' lang='lat' dir='ltr'><strong>interpretatione</strong></span> <span class='ocrx_word' id='word_1_285' title='bbox 3490 3244 3621 3317; x_wconf 81' lang='lat' dir='ltr'><strong>Epi-</strong></span> 
     </span>
    </p>
   </div>
   <div class='ocr_carea' id='block_1_50' title="bbox 2537 3315 3143 3374">
    <p class='ocr_par' dir='ltr' id='par_1_50' title="bbox 2537 3315 3143 3374">
     <span class='ocr_line' id='line_1_50' title="bbox 2537 3315 3143 3374; baseline 0.003 -3"><span class='ocrx_word' id='word_1_286' title='bbox 2537 3316 2685 3372; x_wconf 81' lang='lat' dir='ltr'><strong>stola:</strong></span> <span class='ocrx_word' id='word_1_287' title='bbox 2738 3316 2807 3371; x_wconf 87' lang='lat' dir='ltr'><strong>ad</strong></span> <span class='ocrx_word' id='word_1_288' title='bbox 2855 3315 3143 3374; x_wconf 83' lang='lat' dir='ltr'><strong>Romanos.</strong></span> 
     </span>
    </p>
   </div>
   <div class='ocr_carea' id='block_1_51' title="bbox 2113 3452 3620 3525">
    <p class='ocr_par' dir='ltr' id='par_1_51' title="bbox 2113 3452 3620 3525">
     <span class='ocr_line' id='line_1_51' title="bbox 2113 3452 3620 3525; baseline -0.001 -16"><span class='ocrx_word' id='word_1_289' title='bbox 2113 3455 2175 3509; x_wconf 81' lang='lat' dir='ltr'><strong>Ei</strong></span> <span class='ocrx_word' id='word_1_290' title='bbox 2191 3466 2364 3510; x_wconf 77' lang='lat' dir='ltr'><strong>autem</strong></span> <span class='ocrx_word' id='word_1_291' title='bbox 2381 3456 2468 3525; x_wconf 82' lang='lat' dir='ltr'><strong>qui</strong></span> <span class='ocrx_word' id='word_1_292' title='bbox 2490 3463 2667 3522; x_wconf 74' lang='lat' dir='ltr'><strong>potens</strong></span> <span class='ocrx_word' id='word_1_293' title='bbox 2688 3463 2763 3509; x_wconf 87' lang='lat' dir='ltr'><strong>est</strong></span> <span class='ocrx_word' id='word_1_294' title='bbox 2784 3470 2872 3509; x_wconf 85' lang='lat' dir='ltr'><strong>vos</strong></span> <span class='ocrx_word' id='word_1_295' title='bbox 2892 3453 3205 3521; x_wconf 79' lang='lat' dir='ltr'><strong>conﬁrmare</strong></span> <span class='ocrx_word' id='word_1_296' title='bbox 3222 3452 3381 3521; x_wconf 76' lang='lat' dir='ltr'><strong>juxta</strong></span> <span class='ocrx_word' id='word_1_297' title='bbox 3401 3468 3620 3523; x_wconf 84' lang='lat' dir='ltr'><strong>evange-</strong></span> 
     </span>
    </p>
   </div>
   <div class='ocr_carea' id='block_1_52' title="bbox 349 3542 1967 3646">
    <p class='ocr_par' dir='ltr' id='par_1_52' title="bbox 349 3545 1967 3641">
     <span class='ocr_line' id='line_1_52' title="bbox 349 3545 1967 3641; baseline 0.001 -41"><span class='ocrx_word' id='word_1_298' title='bbox 349 3549 555 3616; x_wconf 74' lang='grc' dir='ltr'><strong>τέλιόν</strong></span> <span class='ocrx_word' id='word_1_299' title='bbox 606 3564 725 3617; x_wconf 82' lang='grc' dir='ltr'><strong>μου</strong></span> <span class='ocrx_word' id='word_1_300' title='bbox 784 3545 883 3600; x_wconf 77' lang='grc' dir='ltr'><strong>καὶ</strong></span> <span class='ocrx_word' id='word_1_301' title='bbox 922 3546 989 3600; x_wconf 86' lang='grc' dir='ltr'><strong>τὸ</strong></span> <span class='ocrx_word' id='word_1_302' title='bbox 1040 3546 1315 3616; x_wconf 77' lang='grc' dir='ltr'><strong>κήρυγμα</strong></span> <span class='ocrx_word' id='word_1_303' title='bbox 1374 3546 1576 3614; x_wconf 85' lang='grc' dir='ltr'><strong>Ἰησοῦ</strong></span> <span class='ocrx_word' id='word_1_304' title='bbox 1628 3547 1888 3615; x_wconf 84' lang='grc' dir='ltr'><strong>Χριστοῦ</strong></span> <span class='ocrx_word' id='word_1_305' title='bbox 1915 3585 1967 3641; x_wconf 43' lang='grc' dir='ltr'><strong>,γ</strong></span> 
     </span>
    </p>
   </div>
   <div class='ocr_carea' id='block_1_53' title="bbox 2037 3542 3619 3646">
    <p class='ocr_par' dir='ltr' id='par_1_53' title="bbox 2041 3542 3619 3615">
     <span class='ocr_line' id='line_1_53' title="bbox 2041 3542 3619 3615; baseline -0.003 -14"><span class='ocrx_word' id='word_1_306' title='bbox 2041 3549 2167 3601; x_wconf 75' lang='lat' dir='ltr'><strong>[inm</strong></span> <span class='ocrx_word' id='word_1_307' title='bbox 2187 3563 2359 3601; x_wconf 77' lang='lat' dir='ltr'><strong>meum</strong></span> <span class='ocrx_word' id='word_1_308' title='bbox 2385 3555 2431 3600; x_wconf 87' lang='lat' dir='ltr'><strong>et</strong></span> <span class='ocrx_word' id='word_1_309' title='bbox 2446 3546 2869 3615; x_wconf 63' lang='lat' dir='ltr'><strong>praedicatione»:</strong></span> <span class='ocrx_word' id='word_1_310' title='bbox 2908 3543 3038 3599; x_wconf 75' lang='lat' dir='ltr'><strong>Iesu</strong></span> <span class='ocrx_word' id='word_1_311' title='bbox 3078 3542 3298 3609; x_wconf 75' lang='lat' dir='ltr'><strong>Christi,</strong></span> <span class='ocrx_word' id='word_1_312' title='bbox 3331 3546 3619 3599; x_wconf 78' lang='lat' dir='ltr'><strong>secundum</strong></span> 
     </span>
    </p>
   </div>
   <div class='ocr_carea' id='block_1_54' title="bbox 352 3634 1967 3708">
    <p class='ocr_par' dir='ltr' id='par_1_54' title="bbox 352 3634 1967 3708">
     <span class='ocr_line' id='line_1_54' title="bbox 352 3634 1967 3708; baseline 0 -17"><span class='ocrx_word' id='word_1_313' title='bbox 352 3638 503 3692; x_wconf 84' lang='grc' dir='ltr'><strong>κατὰ</strong></span> <span class='ocrx_word' id='word_1_314' title='bbox 527 3639 923 3707; x_wconf 74' lang='grc' dir='ltr'><strong>ἀποκάλυψιν</strong></span> <span class='ocrx_word' id='word_1_315' title='bbox 979 3637 1321 3707; x_wconf 75' lang='grc' dir='ltr'><strong>μυστηρίου</strong></span> <span class='ocrx_word' id='word_1_316' title='bbox 1371 3640 1611 3708; x_wconf 77' lang='grc' dir='ltr'><strong>χρόνοις</strong></span> <span class='ocrx_word' id='word_1_317' title='bbox 1660 3639 1925 3705; x_wconf 72' lang='grc' dir='ltr'><strong>αἰωνίοις</strong></span> <span class='ocrx_word' id='word_1_318' title='bbox 1963 3634 1967 3641; x_wconf 76' lang='grc'>’</span> 
     </span>
    </p>
   </div>
   <div class='ocr_carea' id='block_1_55' title="bbox 2037 3634 3620 3708">
    <p class='ocr_par' dir='ltr' id='par_1_55' title="bbox 2037 3634 3620 3706">
     <span class='ocr_line' id='line_1_55' title="bbox 2037 3634 3620 3706; baseline -0.003 -13"><span class='ocrx_word' id='word_1_319' title='bbox 2037 3640 2399 3694; x_wconf 77' lang='lat' dir='ltr'><strong>reuelationem</strong></span> <span class='ocrx_word' id='word_1_320' title='bbox 2421 3637 2654 3706; x_wconf 80' lang='lat' dir='ltr'><strong>mysterii</strong></span> <span class='ocrx_word' id='word_1_321' title='bbox 2687 3636 3003 3705; x_wconf 79' lang='lat' dir='ltr'><strong>temporibus</strong></span> <span class='ocrx_word' id='word_1_322' title='bbox 3029 3636 3238 3691; x_wconf 60' lang='lat' dir='ltr'><strong>sternis</strong></span> <span class='ocrx_word' id='word_1_323' title='bbox 3267 3634 3417 3690; x_wconf 86' lang='lat' dir='ltr'><strong>taciti</strong></span> <span class='ocrx_word' id='word_1_324' title='bbox 3437 3653 3457 3702; x_wconf 89' lang='lat'><strong><em>;</em></strong></span> <span class='ocrx_word' id='word_1_325' title='bbox 3484 3652 3620 3690; x_wconf 85' lang='lat' dir='ltr'><strong>nunc</strong></span> 
     </span>
    </p>
   </div>
   <div class='ocr_carea' id='block_1_56' title="bbox 350 3730 1931 3802">
    <p class='ocr_par' dir='ltr' id='par_1_56' title="bbox 350 3730 1931 3802">
     <span class='ocr_line' id='line_1_56' title="bbox 350 3730 1931 3802; baseline -0.001 -18"><span class='ocrx_word' id='word_1_326' title='bbox 350 3733 780 3802; x_wconf 75' lang='grc' dir='ltr'><strong>σεσιγημένου,</strong></span> <span class='ocrx_word' id='word_1_327' title='bbox 806 3730 1255 3801; x_wconf 66' lang='grc' dir='ltr'><strong>φανερωθέντος</strong></span> <span class='ocrx_word' id='word_1_328' title='bbox 1276 3730 1345 3783; x_wconf 80' lang='grc' dir='ltr'><em>δὲ</em></span> <span class='ocrx_word' id='word_1_329' title='bbox 1374 3730 1491 3785; x_wconf 80' lang='grc' dir='ltr'><strong>νῦν</strong></span> <span class='ocrx_word' id='word_1_330' title='bbox 1537 3730 1634 3785; x_wconf 84' lang='grc' dir='ltr'><strong>διὰ</strong></span> <span class='ocrx_word' id='word_1_331' title='bbox 1672 3730 1931 3799; x_wconf 62' lang='grc' dir='ltr'><strong>Γρσφῶν</strong></span> 
     </span>
    </p>
   </div>
   <div class='ocr_carea' id='block_1_57' title="bbox 350 3821 1927 3892">
    <p class='ocr_par' dir='ltr' id='par_1_57' title="bbox 350 3821 1927 3892">
     <span class='ocr_line' id='line_1_57' title="bbox 350 3821 1927 3892; baseline 0 -17"><span class='ocrx_word' id='word_1_332' title='bbox 350 3823 735 3892; x_wconf 64' lang='grc' dir='ltr'><strong>προφητικῶν</strong></span> <span class='ocrx_word' id='word_1_333' title='bbox 784 3824 910 3878; x_wconf 81' lang='grc' dir='ltr'><strong>κατ’</strong></span> <span class='ocrx_word' id='word_1_334' title='bbox 961 3821 1256 3891; x_wconf 77' lang='grc' dir='ltr'><strong>ἐπιταγὴν</strong></span> <span class='ocrx_word' id='word_1_335' title='bbox 1301 3822 1408 3877; x_wconf 89' lang='grc' dir='ltr'><strong>τοῦ</strong></span> <span class='ocrx_word' id='word_1_336' title='bbox 1457 3823 1705 3877; x_wconf 78' lang='grc' dir='ltr'><strong>αἰωνίου</strong></span> <span class='ocrx_word' id='word_1_337' title='bbox 1758 3821 1927 3885; x_wconf 84' lang='grc' dir='ltr'><strong>Θεοῦ,</strong></span> 
     </span>
    </p>
   </div>
   <div class='ocr_carea' id='block_1_58' title="bbox 349 3913 1925 3991">
    <p class='ocr_par' dir='ltr' id='par_1_58' title="bbox 349 3913 1925 3991">
     <span class='ocr_line' id='line_1_58' title="bbox 349 3913 1925 3991; baseline -0.001 -23"><span class='ocrx_word' id='word_1_338' title='bbox 349 3917 437 3981; x_wconf 82' lang='grc' dir='ltr'><em>εὶς</em></span> <span class='ocrx_word' id='word_1_339' title='bbox 477 3916 758 3991; x_wconf 67' lang='grc' dir='ltr'><strong>ὑπακοὴν</strong></span> <span class='ocrx_word' id='word_1_340' title='bbox 819 3917 1081 3981; x_wconf 76' lang='grc' dir='ltr'><strong>πίστεως</strong></span> <span class='ocrx_word' id='word_1_341' title='bbox 1131 3917 1217 3981; x_wconf 78' lang='grc' dir='ltr'><strong>εἰς</strong></span> <span class='ocrx_word' id='word_1_342' title='bbox 1291 3914 1490 3968; x_wconf 83' lang='grc' dir='ltr'><strong>πάντα</strong></span> <span class='ocrx_word' id='word_1_343' title='bbox 1538 3915 1612 3968; x_wconf 85' lang='grc' dir='ltr'><strong>τὰ</strong></span> <span class='ocrx_word' id='word_1_344' title='bbox 1663 3913 1807 3981; x_wconf 78' lang='grc' dir='ltr'><strong>ἔθνη</strong></span> <span class='ocrx_word' id='word_1_345' title='bbox 1827 3914 1925 3983; x_wconf 65' lang='lat'><strong>(2).</strong></span> 
     </span>
    </p>
   </div>
   <div class='ocr_carea' id='block_1_59' title="bbox 424 4005 1931 4079">
    <p class='ocr_par' dir='ltr' id='par_1_59' title="bbox 424 4005 1931 4079">
     <span class='ocr_line' id='line_1_59' title="bbox 424 4005 1931 4079; baseline -0.001 -20"><span class='ocrx_word' id='word_1_346' title='bbox 424 4006 605 4060; x_wconf 74' lang='grc' dir='ltr'><strong>Εἰπὼν</strong></span> <span class='ocrx_word' id='word_1_347' title='bbox 658 4007 720 4059; x_wconf 80' lang='grc' dir='ltr'><strong>τὸ</strong></span> <span class='ocrx_word' id='word_1_348' title='bbox 757 4009 1021 4079; x_wconf 83' lang='grc' dir='ltr'><strong>κήρυγμα</strong></span> <span class='ocrx_word' id='word_1_349' title='bbox 1044 4006 1221 4077; x_wconf 80' lang='grc' dir='ltr'><strong>Ἰησοῦ</strong></span> <span class='ocrx_word' id='word_1_350' title='bbox 1266 4005 1526 4077; x_wconf 82' lang='grc' dir='ltr'><strong>Χριστοῦ,</strong></span> <span class='ocrx_word' id='word_1_351' title='bbox 1583 4005 1858 4060; x_wconf 83' lang='grc' dir='ltr'><strong>τουτέστιν</strong></span> <span class='ocrx_word' id='word_1_352' title='bbox 1902 4005 1931 4057; x_wconf 82' lang='grc' dir='ltr'><strong>ὃ</strong></span> 
     </span>
    </p>
   </div>
   <div class='ocr_carea' id='block_1_60' title="bbox 350 4096 1928 4169">
    <p class='ocr_par' dir='ltr' id='par_1_60' title="bbox 350 4096 1928 4169">
     <span class='ocr_line' id='line_1_60' title="bbox 350 4096 1928 4169; baseline 0 -20"><span class='ocrx_word' id='word_1_353' title='bbox 350 4097 514 4161; x_wconf 75' lang='grc' dir='ltr'><strong>αὐτὸς</strong></span> <span class='ocrx_word' id='word_1_354' title='bbox 547 4099 834 4169; x_wconf 79' lang='grc' dir='ltr'><strong>ἐκήρυξεν,</strong></span> <span class='ocrx_word' id='word_1_355' title='bbox 871 4098 1043 4163; x_wconf 69' lang='grc' dir='ltr'><strong>ἔδειξε</strong></span> <span class='ocrx_word' id='word_1_356' title='bbox 1068 4098 1128 4152; x_wconf 86' lang='grc' dir='ltr'><strong>τὸ</strong></span> <span class='ocrx_word' id='word_1_357' title='bbox 1158 4098 1511 4163; x_wconf 81' lang='grc' dir='ltr'><strong>ἀξιόπιστονό</strong></span> <span class='ocrx_word' id='word_1_358' title='bbox 1534 4096 1691 4166; x_wconf 75' lang='grc' dir='ltr'><strong>λόγος</strong></span> <span class='ocrx_word' id='word_1_359' title='bbox 1719 4112 1731 4128; x_wconf 78' lang='grc'><strong><em>⁸</em></strong></span> <span class='ocrx_word' id='word_1_360' title='bbox 1763 4096 1928 4150; x_wconf 81' lang='grc' dir='ltr'><strong>αὐτοῦ</strong></span> 
     </span>
    </p>
   </div>
   <div class='ocr_carea' id='block_1_61' title="bbox 350 4187 1928 4261">
    <p class='ocr_par' dir='ltr' id='par_1_61' title="bbox 350 4187 1928 4261">
     <span class='ocr_line' id='line_1_61' title="bbox 350 4187 1928 4261; baseline 0.002 -22"><span class='ocrx_word' id='word_1_361' title='bbox 350 4187 461 4256; x_wconf 86' lang='grc' dir='ltr'><strong>γὰρ</strong></span> <span class='ocrx_word' id='word_1_362' title='bbox 489 4188 550 4241; x_wconf 81' lang='grc' dir='ltr'><strong>τὸ</strong></span> <span class='ocrx_word' id='word_1_363' title='bbox 588 4190 876 4261; x_wconf 81' lang='grc' dir='ltr'><strong>κήρυγμα,</strong></span> <span class='ocrx_word' id='word_1_364' title='bbox 933 4189 1121 4259; x_wconf 78' lang='grc' dir='ltr'><strong>φησὶν,</strong></span> <span class='ocrx_word' id='word_1_365' title='bbox 1156 4190 1257 4260; x_wconf 76' lang='grc' dir='ltr'><strong>οὐχ</strong></span> <span class='ocrx_word' id='word_1_366' title='bbox 1300 4188 1544 4259; x_wconf 80' lang='grc' dir='ltr'><strong>ἡμέτερα</strong></span> <span class='ocrx_word' id='word_1_367' title='bbox 1575 4188 1644 4242; x_wconf 79' lang='grc' dir='ltr'><strong>τὰ</strong></span> <span class='ocrx_word' id='word_1_368' title='bbox 1678 4188 1928 4261; x_wconf 83' lang='grc' dir='ltr'><strong>δόγματα</strong></span> 
     </span>
    </p>
   </div>
   <div class='ocr_carea' id='block_1_62' title="bbox 350 4280 1919 4353">
    <p class='ocr_par' dir='ltr' id='par_1_62' title="bbox 350 4280 1919 4353">
     <span class='ocr_line' id='line_1_62' title="bbox 350 4280 1919 4353; baseline 0.002 -22"><span class='ocrx_word' id='word_1_369' title='bbox 350 4280 684 4349; x_wconf 79' lang='grc' dir='ltr'><strong>εὐαγγελικά</strong></span> <span class='ocrx_word' id='word_1_370' title='bbox 714 4283 849 4336; x_wconf 75' lang='grc' dir='ltr'><strong>ἐστι.</strong></span> <span class='ocrx_word' id='word_1_371' title='bbox 884 4281 999 4335; x_wconf 69' lang='grc' dir='ltr'><strong>Καὶ</strong></span> <span class='ocrx_word' id='word_1_372' title='bbox 1030 4282 1228 4347; x_wconf 70' lang='grc' dir='ltr'><strong>οὐδενὶ,</strong></span> <span class='ocrx_word' id='word_1_373' title='bbox 1271 4283 1426 4353; x_wconf 78' lang='grc' dir='ltr'><strong>φησὶ,</strong></span> <span class='ocrx_word' id='word_1_374' title='bbox 1453 4281 1562 4335; x_wconf 86' lang='grc' dir='ltr'><strong>τῶν</strong></span> <span class='ocrx_word' id='word_1_375' title='bbox 1604 4282 1710 4352; x_wconf 79' lang='grc' dir='ltr'><strong>πρὸ</strong></span> <span class='ocrx_word' id='word_1_376' title='bbox 1759 4282 1919 4353; x_wconf 82' lang='grc' dir='ltr'><strong>ἡμῶν</strong></span> 
     </span>
    </p>
   </div>
   <div class='ocr_carea' id='block_1_63' title="bbox 350 4371 1930 4444">
    <p class='ocr_par' dir='ltr' id='par_1_63' title="bbox 350 4371 1930 4444">
     <span class='ocr_line' id='line_1_63' title="bbox 350 4371 1930 4444; baseline 0.001 -21"><span class='ocrx_word' id='word_1_377' title='bbox 350 4371 658 4443; x_wconf 77' lang='grc' dir='ltr'><strong>ἐγνωρίσθη</strong></span> <span class='ocrx_word' id='word_1_378' title='bbox 719 4372 876 4426; x_wconf 82' lang='grc' dir='ltr'><strong>τοῦτο</strong></span> <span class='ocrx_word' id='word_1_379' title='bbox 934 4374 997 4427; x_wconf 85' lang='grc' dir='ltr'><strong>τὸ</strong></span> <span class='ocrx_word' id='word_1_380' title='bbox 1052 4374 1377 4444; x_wconf 86' lang='grc' dir='ltr'><strong>μυστήριον.</strong></span> <span class='ocrx_word' id='word_1_381' title='bbox 1436 4373 1611 4427; x_wconf 84' lang='grc' dir='ltr'><strong>Πάλαι</strong></span> <span class='ocrx_word' id='word_1_382' title='bbox 1668 4371 1767 4442; x_wconf 81' lang='grc' dir='ltr'><strong>μὲν</strong></span> <span class='ocrx_word' id='word_1_383' title='bbox 1819 4371 1930 4441; x_wconf 84' lang='grc' dir='ltr'><strong>γὰρ</strong></span> 
     </span>
    </p>
   </div>
   <div class='ocr_carea' id='block_1_64' title="bbox 351 4462 1927 4547">
    <p class='ocr_par' dir='ltr' id='par_1_64' title="bbox 351 4462 1927 4547">
     <span class='ocr_line' id='line_1_64' title="bbox 351 4462 1927 4547; baseline 0.001 -32"><span class='ocrx_word' id='word_1_384' title='bbox 351 4467 682 4536; x_wconf 61' lang='grc' dir='ltr'><strong>πρώριστο,</strong></span> <span class='ocrx_word' id='word_1_385' title='bbox 719 4466 897 4536; x_wconf 75' lang='grc' dir='ltr'><strong>ἐφάνη</strong></span> <span class='ocrx_word' id='word_1_386' title='bbox 927 4466 983 4519; x_wconf 83' lang='grc' dir='ltr'><strong>δὲ</strong></span> <span class='ocrx_word' id='word_1_387' title='bbox 1011 4464 1107 4520; x_wconf 77' lang='grc' dir='ltr'><strong>νῦν</strong></span> <span class='ocrx_word' id='word_1_388' title='bbox 1143 4465 1235 4519; x_wconf 83' lang='grc' dir='ltr'><strong>διὰ</strong></span> <span class='ocrx_word' id='word_1_389' title='bbox 1265 4463 1501 4536; x_wconf 85' lang='grc' dir='ltr'><strong>Γραφῶν</strong></span> <span class='ocrx_word' id='word_1_390' title='bbox 1541 4462 1927 4547; x_wconf 61' lang='grc' dir='ltr'><strong>’προιρηιεικςῦν⁸</strong></span> 
     </span>
    </p>
   </div>
   <div class='ocr_carea' id='block_1_65' title="bbox 356 4550 1931 4629">
    <p class='ocr_par' dir='ltr' id='par_1_65' title="bbox 356 4550 1931 4629">
     <span class='ocr_line' id='line_1_65' title="bbox 356 4550 1931 4629; baseline -0.001 -20"><span class='ocrx_word' id='word_1_391' title='bbox 356 4558 432 4624; x_wconf 82' lang='grc' dir='ltr'>μὴ</span> <span class='ocrx_word' id='word_1_392' title='bbox 481 4550 577 4610; x_wconf 87' lang='grc' dir='ltr'><strong>οὖν</strong></span> <span class='ocrx_word' id='word_1_393' title='bbox 622 4557 805 4629; x_wconf 80' lang='grc' dir='ltr'><strong>δείσῃς</strong></span> <span class='ocrx_word' id='word_1_394' title='bbox 861 4558 1167 4628; x_wconf 84' lang='grc' dir='ltr'><strong>ἀποστῆναι</strong></span> <span class='ocrx_word' id='word_1_395' title='bbox 1210 4556 1304 4610; x_wconf 74' lang='grc' dir='ltr'><strong>τοῦ</strong></span> <span class='ocrx_word' id='word_1_396' title='bbox 1359 4558 1528 4628; x_wconf 85' lang='grc' dir='ltr'><strong>νόμου</strong></span> <span class='ocrx_word' id='word_1_397' title='bbox 1556 4572 1571 4588; x_wconf 78' lang='grc' dir='ltr'><strong>ο</strong></span> <span class='ocrx_word' id='word_1_398' title='bbox 1604 4556 1763 4609; x_wconf 78' lang='grc' dir='ltr'><strong>τοῦτο</strong></span> <span class='ocrx_word' id='word_1_399' title='bbox 1820 4555 1931 4627; x_wconf 78' lang='grc' dir='ltr'><strong>γάρ</strong></span> 
     </span>
    </p>
   </div>
   <div class='ocr_carea' id='block_1_66' title="bbox 353 4647 1932 4721">
    <p class='ocr_par' dir='ltr' id='par_1_66' title="bbox 353 4647 1932 4721">
     <span class='ocr_line' id='line_1_66' title="bbox 353 4647 1932 4721; baseline 0.001 -20"><span class='ocrx_word' id='word_1_400' title='bbox 353 4647 602 4717; x_wconf 81' lang='grc' dir='ltr'><strong>βούλεται</strong></span> <span class='ocrx_word' id='word_1_401' title='bbox 642 4652 671 4704; x_wconf 85' lang='grc' dir='ltr'>ὁ</span> <span class='ocrx_word' id='word_1_402' title='bbox 700 4651 887 4721; x_wconf 86' lang='grc' dir='ltr'><strong>νόμος,</strong></span> <span class='ocrx_word' id='word_1_403' title='bbox 923 4650 1083 4704; x_wconf 79' lang='grc' dir='ltr'><strong>τοῦτο</strong></span> <span class='ocrx_word' id='word_1_404' title='bbox 1120 4650 1328 4704; x_wconf 82' lang='grc' dir='ltr'><strong>ἄνωθεν</strong></span> <span class='ocrx_word' id='word_1_405' title='bbox 1378 4648 1663 4720; x_wconf 81' lang='grc' dir='ltr'><strong>προέλεγε.</strong></span> <span class='ocrx_word' id='word_1_406' title='bbox 1716 4648 1809 4719; x_wconf 79' lang='grc' dir='ltr'><strong>Μὴ</strong></span> <span class='ocrx_word' id='word_1_407' title='bbox 1838 4648 1932 4703; x_wconf 79' lang='grc' dir='ltr'><strong>οὖν</strong></span> 
     </span>
    </p>
   </div>
   <div class='ocr_carea' id='block_1_67' title="bbox 350 4739 1931 4813">
    <p class='ocr_par' dir='ltr' id='par_1_67' title="bbox 350 4739 1931 4813">
     <span class='ocr_line' id='line_1_67' title="bbox 350 4739 1931 4813; baseline 0.001 -21"><span class='ocrx_word' id='word_1_408' title='bbox 350 4742 720 4812; x_wconf 77' lang='grc' dir='ltr'><strong>περιεργάζου</strong></span> <span class='ocrx_word' id='word_1_409' title='bbox 752 4742 844 4796; x_wconf 80' lang='grc' dir='ltr'><strong>διὰ</strong></span> <span class='ocrx_word' id='word_1_410' title='bbox 868 4741 1030 4796; x_wconf 81' lang='grc' dir='ltr'><strong>τίνῦν</strong></span> <span class='ocrx_word' id='word_1_411' title='bbox 1059 4740 1407 4813; x_wconf 79' lang='grc' dir='ltr'><strong>ὲφανερώθη’</strong></span> <span class='ocrx_word' id='word_1_412' title='bbox 1448 4739 1608 4794; x_wconf 81' lang='grc' dir='ltr'><strong>τοῦτο</strong></span> <span class='ocrx_word' id='word_1_413' title='bbox 1634 4739 1758 4812; x_wconf 62' lang='grc' dir='ltr'><strong>,γὰρ</strong></span> <span class='ocrx_word' id='word_1_414' title='bbox 1807 4741 1931 4794; x_wconf 83' lang='grc' dir='ltr'><strong>κατ’</strong></span> 
     </span>
    </p>
   </div>
   <div class='ocr_carea' id='block_1_68' title="bbox 351 4832 1927 4905">
    <p class='ocr_par' dir='ltr' id='par_1_68' title="bbox 351 4832 1927 4905">
     <span class='ocr_line' id='line_1_68' title="bbox 351 4832 1927 4905; baseline 0.002 -21"><span class='ocrx_word' id='word_1_415' title='bbox 351 4832 626 4905; x_wconf 73' lang='grc' dir='ltr'><strong>ἐπιταγὴν</strong></span> <span class='ocrx_word' id='word_1_416' title='bbox 646 4834 739 4888; x_wconf 79' lang='grc' dir='ltr'><strong>τοῦ</strong></span> <span class='ocrx_word' id='word_1_417' title='bbox 777 4834 913 4888; x_wconf 84' lang='grc' dir='ltr'><strong>Θεοῦ</strong></span> <span class='ocrx_word' id='word_1_418' title='bbox 942 4836 1162 4904; x_wconf 86' lang='grc' dir='ltr'><strong>γέγονε,</strong></span> <span class='ocrx_word' id='word_1_419' title='bbox 1192 4834 1288 4889; x_wconf 60' lang='grc' dir='ltr'><strong>καὶ¹</strong></span> <span class='ocrx_word' id='word_1_420' title='bbox 1317 4836 1378 4887; x_wconf 78' lang='grc' dir='ltr'><strong>οὐ</strong></span> <span class='ocrx_word' id='word_1_421' title='bbox 1414 4834 1496 4887; x_wconf 84' lang='grc' dir='ltr'><strong>δεῖ</strong></span> <span class='ocrx_word' id='word_1_422' title='bbox 1531 4834 1927 4904; x_wconf 82' lang='grc' dir='ltr'><strong>πολυπραγμο-</strong></span> 
     </span>
    </p>
   </div>
   <div class='ocr_carea' id='block_1_69' title="bbox 2034 3726 3611 3797">
    <p class='ocr_par' dir='ltr' id='par_1_69' title="bbox 2034 3726 3611 3797">
     <span class='ocr_line' id='line_1_69' title="bbox 2034 3726 3611 3797; baseline -0.001 -15"><span class='ocrx_word' id='word_1_423' title='bbox 2034 3738 2207 3782; x_wconf 71' lang='lat' dir='ltr'><strong>autem</strong></span> <span class='ocrx_word' id='word_1_424' title='bbox 2234 3727 2561 3796; x_wconf 84' lang='lat' dir='ltr'><strong>manifestati</strong></span> <span class='ocrx_word' id='word_1_425' title='bbox 2597 3742 2688 3796; x_wconf 84' lang='lat' dir='ltr'><strong>per</strong></span> <span class='ocrx_word' id='word_1_426' title='bbox 2717 3726 3018 3797; x_wconf 73' lang='lat' dir='ltr'><strong>Scripturas</strong></span> <span class='ocrx_word' id='word_1_427' title='bbox 3069 3727 3399 3796; x_wconf 77' lang='lat' dir='ltr'><strong>propheticus</strong></span> <span class='ocrx_word' id='word_1_428' title='bbox 3420 3743 3611 3782; x_wconf 87' lang='lat' dir='ltr'><strong>secun-</strong></span> 
     </span>
    </p>
   </div>
   <div class='ocr_carea' id='block_1_70' title="bbox 2031 3817 3624 3890">
    <p class='ocr_par' dir='ltr' id='par_1_70' title="bbox 2031 3817 3624 3890">
     <span class='ocr_line' id='line_1_70' title="bbox 2031 3817 3624 3890; baseline -0.003 -16"><span class='ocrx_word' id='word_1_429' title='bbox 2031 3822 2156 3874; x_wconf 86' lang='lat' dir='ltr'><strong>dum</strong></span> <span class='ocrx_word' id='word_1_430' title='bbox 2188 3827 2504 3890; x_wconf 67' lang='lat' dir='ltr'><strong>pracepmm</strong></span> <span class='ocrx_word' id='word_1_431' title='bbox 2541 3820 2720 3873; x_wconf 76' lang='lat' dir='ltr'><strong>wterni</strong></span> <span class='ocrx_word' id='word_1_432' title='bbox 2754 3818 2872 3886; x_wconf 87' lang='lat' dir='ltr'><strong>Dei,</strong></span> <span class='ocrx_word' id='word_1_433' title='bbox 2908 3818 2974 3872; x_wconf 87' lang='lat' dir='ltr'><strong>ad</strong></span> <span class='ocrx_word' id='word_1_434' title='bbox 3004 3817 3347 3873; x_wconf 83' lang='lat' dir='ltr'><strong>obeditionem</strong></span> <span class='ocrx_word' id='word_1_435' title='bbox 3368 3818 3495 3887; x_wconf 76' lang='lat' dir='ltr'><strong>ﬁdei</strong></span> <span class='ocrx_word' id='word_1_436' title='bbox 3516 3832 3624 3889; x_wconf 80' lang='lat' dir='ltr'><strong>per-</strong></span> 
     </span>
    </p>
   </div>
   <div class='ocr_carea' id='block_1_71' title="bbox 2031 3924 2457 3984">
    <p class='ocr_par' dir='ltr' id='par_1_71' title="bbox 2031 3924 2457 3984">
     <span class='ocr_line' id='line_1_71' title="bbox 2031 3924 2457 3984; baseline -0.005 -17"><span class='ocrx_word' id='word_1_437' title='bbox 2031 3924 2204 3984; x_wconf 82' lang='lat' dir='ltr'><strong>gentes</strong></span> <span class='ocrx_word' id='word_1_438' title='bbox 2257 3928 2457 3966; x_wconf 81' lang='lat' dir='ltr'><strong>omnes.</strong></span> 
     </span>
    </p>
   </div>
   <div class='ocr_carea' id='block_1_72' title="bbox 2106 3998 3622 4072">
    <p class='ocr_par' dir='ltr' id='par_1_72' title="bbox 2106 3998 3622 4072">
     <span class='ocr_line' id='line_1_72' title="bbox 2106 3998 3622 4072; baseline -0.003 -15"><span class='ocrx_word' id='word_1_439' title='bbox 2106 4004 2237 4057; x_wconf 88' lang='lat' dir='ltr'><strong>Dum</strong></span> <span class='ocrx_word' id='word_1_440' title='bbox 2261 4004 2336 4057; x_wconf 88' lang='lat' dir='ltr'><strong>ait</strong></span> <span class='ocrx_word' id='word_1_441' title='bbox 2371 4002 2803 4072; x_wconf 64' lang='lat' dir='ltr'><strong>praedicationem</strong></span> <span class='ocrx_word' id='word_1_442' title='bbox 2830 3998 2953 4057; x_wconf 85' lang='lat' dir='ltr'><strong>Jesu</strong></span> <span class='ocrx_word' id='word_1_443' title='bbox 2984 3999 3208 4066; x_wconf 87' lang='lat' dir='ltr'><strong>Christi,</strong></span> <span class='ocrx_word' id='word_1_444' title='bbox 3236 3998 3289 4056; x_wconf 88' lang='lat' dir='ltr'><strong>id</strong></span> <span class='ocrx_word' id='word_1_445' title='bbox 3347 4007 3431 4056; x_wconf 89' lang='lat' dir='ltr'><strong>est</strong></span> <span class='ocrx_word' id='word_1_446' title='bbox 3461 4014 3622 4070; x_wconf 84' lang='lat' dir='ltr'><strong>quam</strong></span> 
     </span>
    </p>
   </div>
   <div class='ocr_carea' id='block_1_73' title="bbox 2032 4091 3623 4165">
    <p class='ocr_par' dir='ltr' id='par_1_73' title="bbox 2032 4091 3623 4165">
     <span class='ocr_line' id='line_1_73' title="bbox 2032 4091 3623 4165; baseline -0.002 -17"><span class='ocrx_word' id='word_1_447' title='bbox 2032 4096 2147 4165; x_wconf 88' lang='lat' dir='ltr'><strong>ipse</strong></span> <span class='ocrx_word' id='word_1_448' title='bbox 2206 4094 2551 4165; x_wconf 62' lang='lat' dir='ltr'><strong>praedicavit,</strong></span> <span class='ocrx_word' id='word_1_449' title='bbox 2607 4108 2719 4149; x_wconf 88' lang='lat' dir='ltr'><strong>rem</strong></span> <span class='ocrx_word' id='word_1_450' title='bbox 2798 4107 2919 4149; x_wconf 90' lang='lat' dir='ltr'><strong>esse</strong></span> <span class='ocrx_word' id='word_1_451' title='bbox 2990 4091 3093 4148; x_wconf 80' lang='lat' dir='ltr'><strong>ﬁde</strong></span> <span class='ocrx_word' id='word_1_452' title='bbox 3146 4091 3362 4161; x_wconf 82' lang='lat' dir='ltr'><strong>dignam</strong></span> <span class='ocrx_word' id='word_1_453' title='bbox 3441 4105 3623 4147; x_wconf 85' lang='lat' dir='ltr'><strong>sermo</strong></span> 
     </span>
    </p>
   </div>
   <div class='ocr_carea' id='block_1_74' title="bbox 2031 4181 3624 4259">
    <p class='ocr_par' dir='ltr' id='par_1_74' title="bbox 2031 4181 3624 4259">
     <span class='ocr_line' id='line_1_74' title="bbox 2031 4181 3624 4259; baseline -0.003 -17"><span class='ocrx_word' id='word_1_454' title='bbox 2031 4189 2285 4244; x_wconf 81' lang='lat' dir='ltr'><strong>ostendit.</strong></span> <span class='ocrx_word' id='word_1_455' title='bbox 2337 4187 2547 4259; x_wconf 82' lang='lat' dir='ltr'><strong>Quippe</strong></span> <span class='ocrx_word' id='word_1_456' title='bbox 2616 4184 2925 4253; x_wconf 83' lang='lat' dir='ltr'><strong>evangelica</strong></span> <span class='ocrx_word' id='word_1_457' title='bbox 2983 4184 3273 4253; x_wconf 78' lang='lat' dir='ltr'><strong>dogmata,</strong></span> <span class='ocrx_word' id='word_1_458' title='bbox 3310 4181 3624 4250; x_wconf 63' lang='lat' dir='ltr'><strong>praedicatio</strong></span> 
     </span>
    </p>
   </div>
   <div class='ocr_carea' id='block_1_75' title="bbox 2033 4272 3622 4343">
    <p class='ocr_par' dir='ltr' id='par_1_75' title="bbox 2033 4272 3622 4343">
     <span class='ocr_line' id='line_1_75' title="bbox 2033 4272 3622 4343; baseline -0.007 -7"><span class='ocrx_word' id='word_1_459' title='bbox 2033 4280 2175 4336; x_wconf 90' lang='lat' dir='ltr'><strong>illius</strong></span> <span class='ocrx_word' id='word_1_460' title='bbox 2223 4288 2391 4343; x_wconf 87' lang='lat' dir='ltr'><strong>sunt,</strong></span> <span class='ocrx_word' id='word_1_461' title='bbox 2441 4293 2545 4333; x_wconf 90' lang='lat' dir='ltr'><strong>non</strong></span> <span class='ocrx_word' id='word_1_462' title='bbox 2597 4284 2962 4333; x_wconf 90' lang='lat' dir='ltr'><strong>commentum</strong></span> <span class='ocrx_word' id='word_1_463' title='bbox 3012 4282 3275 4330; x_wconf 89' lang='lat' dir='ltr'><strong>nostrum.</strong></span> <span class='ocrx_word' id='word_1_464' title='bbox 3295 4272 3363 4328; x_wconf 87' lang='lat' dir='ltr'><strong>Et</strong></span> <span class='ocrx_word' id='word_1_465' title='bbox 3409 4272 3622 4342; x_wconf 86' lang='lat' dir='ltr'><strong>quidem</strong></span> 
     </span>
    </p>
   </div>
   <div class='ocr_carea' id='block_1_76' title="bbox 2035 4361 3622 4440">
    <p class='ocr_par' dir='ltr' id='par_1_76' title="bbox 2035 4361 3622 4440">
     <span class='ocr_line' id='line_1_76' title="bbox 2035 4361 3622 4440; baseline -0.007 -14"><span class='ocrx_word' id='word_1_466' title='bbox 2035 4372 2257 4439; x_wconf 86' lang='lat' dir='ltr'><strong>nemini,</strong></span> <span class='ocrx_word' id='word_1_467' title='bbox 2276 4371 2606 4440; x_wconf 83' lang='lat' dir='ltr'><strong>inquit,ante</strong></span> <span class='ocrx_word' id='word_1_468' title='bbox 2633 4382 2729 4424; x_wconf 91' lang='lat' dir='ltr'><strong>nos</strong></span> <span class='ocrx_word' id='word_1_469' title='bbox 2754 4368 2856 4423; x_wconf 84' lang='lat' dir='ltr'><strong>hoc</strong></span> <span class='ocrx_word' id='word_1_470' title='bbox 2886 4365 3201 4439; x_wconf 83' lang='lat' dir='ltr'><strong>mysterium</strong></span> <span class='ocrx_word' id='word_1_471' title='bbox 3220 4364 3467 4419; x_wconf 86' lang='lat' dir='ltr'><strong>innotuit.</strong></span> <span class='ocrx_word' id='word_1_472' title='bbox 3483 4361 3622 4418; x_wconf 90' lang='lat' dir='ltr'><strong>Olim</strong></span> 
     </span>
    </p>
   </div>
   <div class='ocr_carea' id='block_1_77' title="bbox 2034 4454 3621 4533">
    <p class='ocr_par' dir='ltr' id='par_1_77' title="bbox 2034 4454 3621 4533">
     <span class='ocr_line' id='line_1_77' title="bbox 2034 4454 3621 4533; baseline -0.008 -14"><span class='ocrx_word' id='word_1_473' title='bbox 2034 4475 2180 4519; x_wconf 80' lang='lat' dir='ltr'><strong>certe</strong></span> <span class='ocrx_word' id='word_1_474' title='bbox 2228 4462 2544 4533; x_wconf 69' lang='lat' dir='ltr'><strong>prmﬁnitum</strong></span> <span class='ocrx_word' id='word_1_475' title='bbox 2590 4460 2796 4526; x_wconf 80' lang='lat' dir='ltr'><strong>fuerat,</strong></span> <span class='ocrx_word' id='word_1_476' title='bbox 2841 4475 2983 4516; x_wconf 88' lang='lat' dir='ltr'><strong>nunc</strong></span> <span class='ocrx_word' id='word_1_477' title='bbox 3033 4467 3211 4513; x_wconf 88' lang='lat' dir='ltr'><strong>autem</strong></span> <span class='ocrx_word' id='word_1_478' title='bbox 3260 4469 3357 4526; x_wconf 87' lang='lat' dir='ltr'><strong>per</strong></span> <span class='ocrx_word' id='word_1_479' title='bbox 3393 4454 3621 4525; x_wconf 86' lang='lat' dir='ltr'><strong>prophe-</strong></span> 
     </span>
    </p>
   </div>
   <div class='ocr_carea' id='block_1_78' title="bbox 2037 4546 3620 4624">
    <p class='ocr_par' dir='ltr' id='par_1_78' title="bbox 2037 4546 3620 4624">
     <span class='ocr_line' id='line_1_78' title="bbox 2037 4546 3620 4624; baseline -0.006 -15"><span class='ocrx_word' id='word_1_480' title='bbox 2037 4556 2171 4609; x_wconf 87' lang='lat' dir='ltr'><strong>ticas</strong></span> <span class='ocrx_word' id='word_1_481' title='bbox 2222 4553 2533 4624; x_wconf 87' lang='lat' dir='ltr'><strong>Scripturas</strong></span> <span class='ocrx_word' id='word_1_482' title='bbox 2575 4551 2898 4622; x_wconf 79' lang='lat' dir='ltr'><strong>patefactum</strong></span> <span class='ocrx_word' id='word_1_483' title='bbox 2923 4558 3026 4607; x_wconf 81' lang='lat' dir='ltr'><strong>est.</strong></span> <span class='ocrx_word' id='word_1_484' title='bbox 3055 4547 3205 4602; x_wconf 84' lang='lat' dir='ltr'><strong>llaud</strong></span> <span class='ocrx_word' id='word_1_485' title='bbox 3231 4546 3393 4616; x_wconf 79' lang='lat' dir='ltr'><strong>igitur</strong></span> <span class='ocrx_word' id='word_1_486' title='bbox 3420 4553 3620 4614; x_wconf 86' lang='lat' dir='ltr'><strong>metue,</strong></span> 
     </span>
    </p>
   </div>
   <div class='ocr_carea' id='block_1_79' title="bbox 2040 4636 3620 4715">
    <p class='ocr_par' dir='ltr' id='par_1_79' title="bbox 2040 4636 3620 4715">
     <span class='ocr_line' id='line_1_79' title="bbox 2040 4636 3620 4715; baseline -0.008 -14"><span class='ocrx_word' id='word_1_487' title='bbox 2040 4663 2107 4702; x_wconf 89' lang='lat' dir='ltr'><strong>ne</strong></span> <span class='ocrx_word' id='word_1_488' title='bbox 2139 4646 2278 4701; x_wconf 81' lang='lat' dir='ltr'><strong>forte</strong></span> <span class='ocrx_word' id='word_1_489' title='bbox 2312 4660 2340 4699; x_wconf 90' lang='lat' dir='ltr'><strong>a</strong></span> <span class='ocrx_word' id='word_1_490' title='bbox 2371 4645 2486 4715; x_wconf 88' lang='lat' dir='ltr'><strong>lege</strong></span> <span class='ocrx_word' id='word_1_491' title='bbox 2512 4644 2762 4699; x_wconf 89' lang='lat' dir='ltr'><strong>discedas</strong></span> <span class='ocrx_word' id='word_1_492' title='bbox 2795 4659 2809 4695; x_wconf 91' lang='lat'><strong>:</strong></span> <span class='ocrx_word' id='word_1_493' title='bbox 2841 4641 2943 4695; x_wconf 90' lang='lat' dir='ltr'><strong>hoc</strong></span> <span class='ocrx_word' id='word_1_494' title='bbox 2978 4639 3182 4695; x_wconf 90' lang='lat' dir='ltr'><strong>etenim</strong></span> <span class='ocrx_word' id='word_1_495' title='bbox 3222 4638 3339 4708; x_wconf 86' lang='lat' dir='ltr'><strong>ipsa</strong></span> <span class='ocrx_word' id='word_1_496' title='bbox 3368 4636 3456 4691; x_wconf 78' lang='lat' dir='ltr'><strong>lex</strong></span> <span class='ocrx_word' id='word_1_497' title='bbox 3483 4636 3620 4701; x_wconf 90' lang='lat' dir='ltr'><strong>vult,</strong></span> 
     </span>
    </p>
   </div>
   <div class='ocr_carea' id='block_1_80' title="bbox 2044 4724 3622 4804">
    <p class='ocr_par' dir='ltr' id='par_1_80' title="bbox 2044 4724 3622 4804">
     <span class='ocr_line' id='line_1_80' title="bbox 2044 4724 3622 4804; baseline -0.008 -12"><span class='ocrx_word' id='word_1_498' title='bbox 2044 4738 2145 4792; x_wconf 85' lang='lat' dir='ltr'><strong>hoc</strong></span> <span class='ocrx_word' id='word_1_499' title='bbox 2185 4736 2485 4804; x_wconf 89' lang='lat' dir='ltr'><strong>antiquitus</strong></span> <span class='ocrx_word' id='word_1_500' title='bbox 2518 4730 2922 4803; x_wconf 69' lang='lat' dir='ltr'><strong>praenuntiavit.</strong></span> <span class='ocrx_word' id='word_1_501' title='bbox 2955 4729 3099 4785; x_wconf 81' lang='lat' dir='ltr'><strong>Cave</strong></span> <span class='ocrx_word' id='word_1_502' title='bbox 3133 4728 3315 4795; x_wconf 89' lang='lat' dir='ltr'><strong>itaque</strong></span> <span class='ocrx_word' id='word_1_503' title='bbox 3373 4724 3622 4795; x_wconf 79' lang='lat' dir='ltr'><strong>inquiras</strong></span> 
     </span>
    </p>
   </div>
   <div class='ocr_carea' id='block_1_81' title="bbox 2040 4815 3622 4889">
    <p class='ocr_par' dir='ltr' id='par_1_81' title="bbox 2040 4815 3622 4889">
     <span class='ocr_line' id='line_1_81' title="bbox 2040 4815 3622 4889; baseline -0.009 -5"><span class='ocrx_word' id='word_1_504' title='bbox 2040 4844 2135 4884; x_wconf 92' lang='lat' dir='ltr'><strong>cur</strong></span> <span class='ocrx_word' id='word_1_505' title='bbox 2170 4842 2313 4882; x_wconf 89' lang='lat' dir='ltr'><strong>nunc</strong></span> <span class='ocrx_word' id='word_1_506' title='bbox 2345 4840 2432 4880; x_wconf 83' lang='lat' dir='ltr'><strong>res</strong></span> <span class='ocrx_word' id='word_1_507' title='bbox 2479 4820 2795 4878; x_wconf 90' lang='lat' dir='ltr'><strong>innotuerit.</strong></span> <span class='ocrx_word' id='word_1_508' title='bbox 2850 4819 3061 4889; x_wconf 88' lang='lat' dir='ltr'><strong>Quippe</strong></span> <span class='ocrx_word' id='word_1_509' title='bbox 3112 4818 3187 4873; x_wconf 81' lang='lat' dir='ltr'><strong>ita</strong></span> <span class='ocrx_word' id='word_1_510' title='bbox 3232 4815 3325 4872; x_wconf 92' lang='lat' dir='ltr'><strong>Dei</strong></span> <span class='ocrx_word' id='word_1_511' title='bbox 3357 4816 3622 4870; x_wconf 84' lang='lat' dir='ltr'><strong>mandato</strong></span> 
     </span>
    </p>
   </div>
   <div class='ocr_carea' id='block_1_82' title="bbox 350 4906 1967 5011">
    <p class='ocr_par' dir='ltr' id='par_1_82' title="bbox 350 4925 1967 5009">
     <span class='ocr_line' id='line_1_82' title="bbox 350 4925 1967 5009; baseline 0.001 -32"><span class='ocrx_word' id='word_1_512' title='bbox 350 4928 465 4978; x_wconf 84' lang='grc' dir='ltr'><strong>νεῖν</strong></span> <span class='ocrx_word' id='word_1_513' title='bbox 494 4925 655 4981; x_wconf 83' lang='grc' dir='ltr'><strong>τοῦτο</strong></span> <span class='ocrx_word' id='word_1_514' title='bbox 683 4927 744 4981; x_wconf 84' lang='grc' dir='ltr'><strong>τὸ</strong></span> <span class='ocrx_word' id='word_1_515' title='bbox 780 4930 1102 5000; x_wconf 79' lang='grc' dir='ltr'><strong>μυστήριον,</strong></span> <span class='ocrx_word' id='word_1_516' title='bbox 1134 4928 1250 4982; x_wconf 81' lang='grc' dir='ltr'><strong>ἀλλ’</strong></span> <span class='ocrx_word' id='word_1_517' title='bbox 1282 4926 1605 4981; x_wconf 81' lang='grc' dir='ltr'><strong>ὑπακούειν.</strong></span> <span class='ocrx_word' id='word_1_518' title='bbox 1642 4926 1924 4996; x_wconf 83' lang='grc' dir='ltr'><strong>’Υπακοῆς</strong></span> <span class='ocrx_word' id='word_1_519' title='bbox 1963 4954 1967 5009; x_wconf 57' lang='grc'><strong>1</strong></span> 
     </span>
    </p>
   </div>
   <div class='ocr_carea' id='block_1_83' title="bbox 2037 4906 3613 5011">
    <p class='ocr_par' dir='ltr' id='par_1_83' title="bbox 2041 4906 3613 4981">
     <span class='ocr_line' id='line_1_83' title="bbox 2041 4906 3613 4981; baseline -0.007 -10"><span class='ocrx_word' id='word_1_520' title='bbox 2041 4924 2219 4973; x_wconf 85' lang='lat' dir='ltr'><strong>actum</strong></span> <span class='ocrx_word' id='word_1_521' title='bbox 2251 4924 2354 4981; x_wconf 86' lang='lat' dir='ltr'><strong>est,</strong></span> <span class='ocrx_word' id='word_1_522' title='bbox 2375 4925 2552 4981; x_wconf 88' lang='lat' dir='ltr'><strong>neque</strong></span> <span class='ocrx_word' id='word_1_523' title='bbox 2580 4912 2646 4966; x_wconf 90' lang='lat' dir='ltr'><strong>de</strong></span> <span class='ocrx_word' id='word_1_524' title='bbox 2673 4910 2777 4965; x_wconf 88' lang='lat' dir='ltr'><strong>hoc</strong></span> <span class='ocrx_word' id='word_1_525' title='bbox 2803 4908 3067 4981; x_wconf 87' lang='lat' dir='ltr'><strong>mysterio</strong></span> <span class='ocrx_word' id='word_1_526' title='bbox 3094 4908 3312 4964; x_wconf 82' lang='lat' dir='ltr'><strong>curioso</strong></span> <span class='ocrx_word' id='word_1_527' title='bbox 3336 4906 3613 4977; x_wconf 79' lang='lat' dir='ltr'><strong>vestigan-</strong></span> 
     </span>
    </p>
   </div>
   <div class='ocr_carea' id='block_1_84' title="bbox 351 4999 1967 5093">
    <p class='ocr_par' dir='ltr' id='par_1_84' title="bbox 351 4999 1967 5093">
     <span class='ocr_line' id='line_1_84' title="bbox 351 4999 1967 5093; baseline -0.001 -22"><span class='ocrx_word' id='word_1_528' title='bbox 351 5018 461 5089; x_wconf 74' lang='grc' dir='ltr'><strong>γάρ</strong></span> <span class='ocrx_word' id='word_1_529' title='bbox 492 5020 527 5091; x_wconf 81' lang='grc' dir='ltr'>ἡ</span> <span class='ocrx_word' id='word_1_530' title='bbox 569 5018 752 5084; x_wconf 82' lang='grc' dir='ltr'><strong>πίστις</strong></span> <span class='ocrx_word' id='word_1_531' title='bbox 782 4999 991 5087; x_wconf 78' lang='grc' dir='ltr'><strong>δεῖται,</strong></span> <span class='ocrx_word' id='word_1_532' title='bbox 1028 5022 1089 5075; x_wconf 78' lang='grc' dir='ltr'><strong>οὐ</strong></span> <span class='ocrx_word' id='word_1_533' title='bbox 1119 5021 1463 5093; x_wconf 74' lang='grc' dir='ltr'><strong>περιεργίας,</strong></span> <span class='ocrx_word' id='word_1_534' title='bbox 1524 5017 1764 5090; x_wconf 84' lang='grc' dir='ltr'><strong>μάλιστα</strong></span> <span class='ocrx_word' id='word_1_535' title='bbox 1799 5018 1927 5072; x_wconf 79' lang='grc' dir='ltr'><strong>ὅταν</strong></span> <span class='ocrx_word' id='word_1_536' title='bbox 1963 4999 1967 5009; x_wconf 60' lang='grc'><em>’</em></span> 
     </span>
    </p>
   </div>
   <div class='ocr_carea' id='block_1_85' title="bbox 2037 4999 3620 5093">
    <p class='ocr_par' dir='ltr' id='par_1_85' title="bbox 2043 4999 3620 5074">
     <span class='ocr_line' id='line_1_85' title="bbox 2043 4999 3620 5074; baseline -0.008 -10"><span class='ocrx_word' id='word_1_537' title='bbox 2043 5009 2194 5074; x_wconf 91' lang='lat' dir='ltr'><strong>dum,</strong></span> <span class='ocrx_word' id='word_1_538' title='bbox 2254 5006 2348 5061; x_wconf 89' lang='lat' dir='ltr'><strong>sed</strong></span> <span class='ocrx_word' id='word_1_539' title='bbox 2405 5002 2769 5059; x_wconf 88' lang='lat' dir='ltr'><strong>obediendum</strong></span> <span class='ocrx_word' id='word_1_540' title='bbox 2825 5001 3050 5057; x_wconf 88' lang='lat' dir='ltr'><strong>omnino</strong></span> <span class='ocrx_word' id='word_1_541' title='bbox 3086 5009 3191 5057; x_wconf 83' lang='lat' dir='ltr'><strong>est.</strong></span> <span class='ocrx_word' id='word_1_542' title='bbox 3234 4999 3620 5057; x_wconf 83' lang='lat' dir='ltr'><strong>Obedientiam</strong></span> 
     </span>
    </p>
   </div>
   <div class='ocr_carea' id='block_1_86' title="bbox 350 5110 797 5183">
    <p class='ocr_par' dir='ltr' id='par_1_86' title="bbox 350 5110 797 5183">
     <span class='ocr_line' id='line_1_86' title="bbox 350 5110 797 5183; baseline 0 -19"><span class='ocrx_word' id='word_1_543' title='bbox 350 5110 485 5175; x_wconf 84' lang='grc' dir='ltr'><strong>Θεὸς</strong></span> <span class='ocrx_word' id='word_1_544' title='bbox 510 5112 797 5183; x_wconf 75' lang='grc' dir='ltr'><strong>ἐπιτάττῃ.</strong></span> 
     </span>
    </p>
   </div>
   <div class='ocr_carea' id='block_1_87' title="bbox 420 5357 1190 5432">
    <p class='ocr_par' dir='ltr' id='par_1_87' title="bbox 420 5357 1190 5432">
     <span class='ocr_line' id='line_1_87' title="bbox 420 5357 1190 5432; baseline -0.025 -3"><span class='ocrx_word' id='word_1_545' title='bbox 420 5360 499 5430; x_wconf 69' lang='grc'><strong>(1)</strong></span> <span class='ocrx_word' id='word_1_546' title='bbox 534 5358 613 5414; x_wconf 77' lang='lat' dir='ltr'><strong>Ex</strong></span> <span class='ocrx_word' id='word_1_547' title='bbox 640 5359 699 5417; x_wconf 89' lang='lat' dir='ltr'><strong>S.</strong></span> <span class='ocrx_word' id='word_1_548' title='bbox 726 5360 1029 5432; x_wconf 74' lang='lat' dir='ltr'><strong>Nicephori</strong></span> <span class='ocrx_word' id='word_1_549' title='bbox 1056 5357 1190 5429; x_wconf 82' lang='lat' dir='ltr'><strong>Apol</strong></span> 
     </span>
    </p>
   </div>
   <div class='ocr_carea' id='block_1_88' title="bbox 350 5501 748 5572">
    <p class='ocr_par' dir='ltr' id='par_1_88' title="bbox 350 5501 748 5572">
     <span class='ocr_line' id='line_1_88' title="bbox 350 5501 748 5572; baseline 0.003 -17"><span class='ocrx_word' id='word_1_550' title='bbox 350 5516 411 5572; x_wconf 88' lang='lat' dir='ltr'><strong>p.</strong></span> <span class='ocrx_word' id='word_1_551' title='bbox 462 5501 587 5569; x_wconf 74' lang='lat'><strong>138,</strong></span> <span class='ocrx_word' id='word_1_552' title='bbox 621 5502 748 5558; x_wconf 77' lang='grc'><strong>261.</strong></span> 
     </span>
    </p>
   </div>
   <div class='ocr_carea' id='block_1_89' title="bbox 1192 5353 1956 5482">
    <p class='ocr_par' dir='ltr' id='par_1_89' title="bbox 1192 5353 1956 5482">
     <span class='ocr_line' id='line_1_89' title="bbox 1192 5353 1956 5482; baseline -0.009 -71"><span class='ocrx_word' id='word_1_553' title='bbox 1192 5356 1389 5482; x_wconf 60' lang='grc' dir='ltr'><strong>οὲςιὶςο</strong></span> <span class='ocrx_word' id='word_1_554' title='bbox 1424 5368 1522 5425; x_wconf 92' lang='lat' dir='ltr'><strong>pro</strong></span> <span class='ocrx_word' id='word_1_555' title='bbox 1547 5354 1755 5410; x_wconf 87' lang='lat' dir='ltr'><strong>sanctis</strong></span> <span class='ocrx_word' id='word_1_556' title='bbox 1818 5353 1956 5407; x_wconf 88' lang='lat' dir='ltr'><strong>ima-</strong></span> 
     </span>
     <span class='ocr_line' id='line_1_90' title="bbox 1260 5420 1956 5482; baseline 0 0"><span class='ocrx_word' id='word_1_557' title='bbox 1260 5427 1465 5482; x_wconf 76' lang='lat' dir='ltr'><strong>tblioth.</strong></span> <span class='ocrx_word' id='word_1_558' title='bbox 1541 5442 1690 5481; x_wconf 57' lang='grc' dir='ltr'><strong>που..</strong></span> <span class='ocrx_word' id='word_1_559' title='bbox 1753 5433 1790 5480; x_wconf 87' lang='lat' dir='ltr'><strong>t.</strong></span> <span class='ocrx_word' id='word_1_560' title='bbox 1858 5420 1956 5482; x_wconf 79' lang='lat' dir='ltr'><strong>Vl.</strong></span> 
     </span>
    </p>
   </div>
   <div class='ocr_carea' id='block_1_90' title="bbox 350 5420 1956 5504">
    <p class='ocr_par' dir='ltr' id='par_1_90' title="bbox 350 5420 1956 5504">
     <span class='ocr_line' id='line_1_91' title="bbox 350 5420 1956 5504; baseline -0.004 -21"><span class='ocrx_word' id='word_1_561' title='bbox 350 5420 567 5504; x_wconf 71' lang='lat' dir='ltr'><strong>ginibus</strong></span> <span class='ocrx_word' id='word_1_562' title='bbox 626 5435 766 5504; x_wconf 69' lang='lat' dir='ltr'><strong>apud</strong></span> <span class='ocrx_word' id='word_1_563' title='bbox 811 5420 951 5504; x_wconf 66' lang='lat' dir='ltr'><strong>Aug.</strong></span> <span class='ocrx_word' id='word_1_564' title='bbox 991 5420 1136 5495; x_wconf 54' lang='lat' dir='ltr'><strong>MAI&#39;,</strong></span> <span class='ocrx_word' id='word_1_565' title='bbox 1212 5420 1465 5483; x_wconf 73' lang='lat' dir='ltr'><strong>Bibliotli.</strong></span> <span class='ocrx_word' id='word_1_566' title='bbox 1541 5442 1690 5499; x_wconf 56' lang='lat' dir='ltr'><strong>nov...</strong></span> <span class='ocrx_word' id='word_1_567' title='bbox 1753 5433 1790 5480; x_wconf 82' lang='grc' dir='ltr'><strong>ι.</strong></span> <span class='ocrx_word' id='word_1_568' title='bbox 1858 5420 1956 5490; x_wconf 79' lang='lat' dir='ltr'><strong>Vl,</strong></span> 
     </span>
    </p>
   </div>
   <div class='ocr_carea' id='block_1_91' title="bbox 2050 5091 3620 5169">
    <p class='ocr_par' dir='ltr' id='par_1_91' title="bbox 2050 5091 3620 5169">
     <span class='ocr_line' id='line_1_92' title="bbox 2050 5091 3620 5169; baseline -0.006 -13"><span class='ocrx_word' id='word_1_569' title='bbox 2050 5101 2195 5157; x_wconf 85' lang='lat' dir='ltr'><strong>enim</strong></span> <span class='ocrx_word' id='word_1_570' title='bbox 2231 5095 2473 5169; x_wconf 83' lang='lat' dir='ltr'><strong>postulat</strong></span> <span class='ocrx_word' id='word_1_571' title='bbox 2503 5095 2656 5162; x_wconf 83' lang='lat' dir='ltr'><strong>ﬁdes,</strong></span> <span class='ocrx_word' id='word_1_572' title='bbox 2710 5108 2818 5152; x_wconf 86' lang='lat' dir='ltr'><strong>non</strong></span> <span class='ocrx_word' id='word_1_573' title='bbox 2872 5093 3269 5163; x_wconf 85' lang='lat' dir='ltr'><strong>curiositatem,</strong></span> <span class='ocrx_word' id='word_1_574' title='bbox 3316 5091 3620 5164; x_wconf 70' lang='lat' dir='ltr'><strong>praesertim</strong></span> 
     </span>
    </p>
   </div>
   <div class='ocr_carea' id='block_1_92' title="bbox 2051 5188 2600 5260">
    <p class='ocr_par' dir='ltr' id='par_1_92' title="bbox 2051 5188 2600 5260">
     <span class='ocr_line' id='line_1_93' title="bbox 2051 5188 2600 5260; baseline -0.013 -10"><span class='ocrx_word' id='word_1_575' title='bbox 2051 5208 2181 5250; x_wconf 76' lang='lat' dir='ltr'><strong>cum</strong></span> <span class='ocrx_word' id='word_1_576' title='bbox 2224 5192 2364 5247; x_wconf 90' lang='lat' dir='ltr'><strong>Deus</strong></span> <span class='ocrx_word' id='word_1_577' title='bbox 2389 5188 2600 5260; x_wconf 74' lang='lat' dir='ltr'><strong>iubeat.</strong></span> 
     </span>
    </p>
   </div>
   <div class='ocr_carea' id='block_1_93' title="bbox 2139 5340 3615 5419">
    <p class='ocr_par' dir='ltr' id='par_1_93' title="bbox 2139 5340 3615 5419">
     <span class='ocr_line' id='line_1_94' title="bbox 2139 5340 3615 5419; baseline -0.004 -16"><span class='ocrx_word' id='word_1_578' title='bbox 2139 5349 2218 5419; x_wconf 69' lang='grc' dir='ltr'><strong>(ἓ)</strong></span> <span class='ocrx_word' id='word_1_579' title='bbox 2251 5347 2333 5419; x_wconf 82' lang='lat' dir='ltr'><strong>Ad</strong></span> <span class='ocrx_word' id='word_1_580' title='bbox 2373 5346 2529 5401; x_wconf 81' lang='lat' dir='ltr'><strong>Rom.</strong></span> <span class='ocrx_word' id='word_1_581' title='bbox 2568 5363 2679 5413; x_wconf 77' lang='lat' dir='ltr'><strong>xw,</strong></span> <span class='ocrx_word' id='word_1_582' title='bbox 2729 5347 2922 5405; x_wconf 74' lang='lat'><strong>25-26.</strong></span> <span class='ocrx_word' id='word_1_583' title='bbox 2976 5342 3141 5415; x_wconf 80' lang='lat' dir='ltr'><strong>Atqui</strong></span> <span class='ocrx_word' id='word_1_584' title='bbox 3186 5343 3240 5419; x_wconf 77' lang='lat' dir='ltr'><strong>iu</strong></span> <span class='ocrx_word' id='word_1_585' title='bbox 3276 5340 3615 5419; x_wconf 67' lang='lat' dir='ltr'><strong>editionibus</strong></span> 
     </span>
    </p>
   </div>
   <div class='ocr_carea' id='block_1_94' title="bbox 2065 5411 3619 5487">
    <p class='ocr_par' dir='ltr' id='par_1_94' title="bbox 2065 5411 3619 5487">
     <span class='ocr_line' id='line_1_95' title="bbox 2065 5411 3619 5487; baseline -0.004 -12"><span class='ocrx_word' id='word_1_586' title='bbox 2065 5411 2217 5475; x_wconf 76' lang='lat' dir='ltr'><strong>certe</strong></span> <span class='ocrx_word' id='word_1_587' title='bbox 2271 5411 2916 5487; x_wconf 31' lang='lat' dir='ltr'><strong>Clirysostomi&#39;bomilite</strong></span> <span class='ocrx_word' id='word_1_588' title='bbox 2952 5411 3137 5487; x_wconf 65' lang='lat' dir='ltr'><strong>usque</strong></span> <span class='ocrx_word' id='word_1_589' title='bbox 3168 5412 3237 5471; x_wconf 84' lang='lat' dir='ltr'><strong>ad</strong></span> <span class='ocrx_word' id='word_1_590' title='bbox 3276 5413 3420 5470; x_wconf 85' lang='lat' dir='ltr'><strong>hunc</strong></span> <span class='ocrx_word' id='word_1_591' title='bbox 3471 5411 3619 5469; x_wconf 79' lang='lat' dir='ltr'><strong>Pauli</strong></span> 
     </span>
    </p>
   </div>
   <div class='ocr_carea' id='block_1_95' title="bbox 2065 5490 2755 5557">
    <p class='ocr_par' dir='ltr' id='par_1_95' title="bbox 2065 5490 2755 5557">
     <span class='ocr_line' id='line_1_96' title="bbox 2065 5490 2755 5557; baseline -0.004 -8"><span class='ocrx_word' id='word_1_592' title='bbox 2065 5493 2241 5549; x_wconf 90' lang='lat' dir='ltr'><strong>locum</strong></span> <span class='ocrx_word' id='word_1_593' title='bbox 2274 5505 2378 5546; x_wconf 91' lang='lat' dir='ltr'><strong>non</strong></span> <span class='ocrx_word' id='word_1_594' title='bbox 2418 5490 2755 5557; x_wconf 85' lang='lat' dir='ltr'><strong>perveniunt.</strong></span> 
     </span>
    </p>
   </div>
  </div>
