4058 6212
436 308 575 363 ωδε)

1212 300 1773 361 SUI‘PLEMENTUM
1807 301 1898 355 AD
1933 300 1991 357 S.
2028 300 2079 357 J.
2123 294 2612 355 CHRYSOSTOMI
2649 292 2901 351 OPERA.

3542 277 3690 341 ¹(Ὶί)

3302 443 3681 463 ﬂ

550 627 1430 743 FRAGMENTA
1513 626 1669 741 ΙΝ
1754 621 2536 738 EPISTOLAS
2619 613 3573 737 CATHOLICAS.

1784 845 2053 918 (Catum,
2091 852 2131 900 t.
2162 840 2321 912 Vill.)

2006 1029 2079 1045 —-‘

1272 1177 1397 1270 IN
1470 1172 2148 1269 EPISTOLAM
2223 1172 2316 1265 S.
2393 1168 2853 1265 JACOBI.

921 1367 1157 1427 CAPUT
1215 1369 1509 1427 PRIMUM.

502 1480 670 1539 VERS.
710 1482 764 1539 2.
803 1481 969 1538 Omne
1013 1481 1266 1554 gaudium
1310 1482 1625 1546 existimate,
1652 1479 1845 1550 fratres
1880 1477 2001 1545 mei,

403 1572 409 1582 ⁸
433 1592 549 1628 cum
600 1576 657 1628 in
678 1575 986 1629 tentationcs
1009 1575 1186 1628 varias
1211 1573 1521 1628 inciderilis.

504 1666 791 1723 Vinculum
838 1665 1185 1736 infrangibile
1210 1674 1295 1722 est
1342 1662 1583 1730 alIlictio,
1608 1660 1893 1718 charilatis
1926 1657 2010 1714 in—

432 1764 795 1821 crcmentum,
846 1755 1283 1827 cornpunctionis
1327 1764 1383 1810 et
1416 1754 1632 1825 pictatis
1684 1754 2007 1807 fundamen-

438 1856 572 1901 tum.
616 1847 757 1902 Audi
784 1848 984 1903 etenim
1029 1848 1296 1904 dicentem
1329 1847 1631 1903 :Accedens
1667 1845 1735 1899 ad
1788 1843 2012 1900 servitu-

437 1946 535 1989 tem
581 1936 696 2006 Dei,
726 1953 971 2009 prwpara
1017 1940 1252 1994 animam
1295 1950 1439 1994 luant
1465 1939 1533 1993 ad
1563 1935 1946 1993 tentationem'
1994 1951 2007 1987 :

439 2026 506 2082 Et
536 2029 790 2087 Christus
827 2033 1045 2102 quidem
1079 2042 1130 2088 et
1176 2031 1295 2104 ipse
1315 2032 1447 2087 dicit
1473 2050 1488 2087 :
1520 2032 1588 2086 In
1620 2029 1817 2085 mundo
1869 2042 2016 2097 pres-

436 2134 620 2174 suram
680 2118 973 2188 hab'ebilis,
1029 2122 1120 2177 sed
1187 2122 1434 2190 confidite
1480 2119 1524 2175 ³.
1580 2120 1650 2176 Ει
1715 2131 1933 2175 rursum
1998 2130 2012 2167 :

439 2210 677 2281 Angusta
720 2225 767 2266 et
800 2224 944 2267 arcta
990 2216 1076 2269 via
1106 2223 1180 2269 est
1214 2215 1258 2270 δ.
1294 2212 1459 2268 Vides
1488 2213 1686 2283 ubique
1744 2210 2018 2266 laudatam

441 2297 809 2367 aﬂlictionem,
856 2303 1058 2373 ubique
1116 2313 1175 2359 ut
1231 2303 1598 2360 necessariam
1627 2318 1658 2358 a
1712 2303 1866 2360 nobis
1898 2316 2021 2358 sns-

2041 1370 2091 1427 A

2526 1364 2929 1420 ΚΕΦΑΛΔῙΟΝ
2967 1361 3271 1418 ΠΡΩΤΟΝ.

2178 1481 2390 1537 Πᾶσαν
2439 1484 2630 1551 χαρὰν
2686 1481 3019 1551 ἡγήσασθε,
3077 1478 3328 1548 ἀδελφοί
3386 1495 3528 1549 μου,
3552 1478 3702 1533 ὅταν

2109 1573 2458 1644 πειρασμοῖς
2486 1574 2843 1642 περιπέσητε
2869 1571 3185 1637 ποικίλοις.

2180 1667 2388 1739 Asopo;
2421 1667 2531 1738 γάρ
2563 1666 2645 1730 τίς
2680 1668 2828 1719 ἐστιν
2860 1667 2897 1736 ἡ
2929 1663 3109 1734 θλίψις
3144 1664 3396 1736 ἀρραγὴς
3421 1704 3438 1729 ,
3469 1664 3697 1734 ἀγάπης

2111 1760 2359 1833 αὔξησις,
2383 1760 2728 1827 κατανύξεως
2757 1758 2851 1813 καὶ¹
2873 1756 3159 1822 εὐλαϐείας
3184 1756 3461 1820 ὑπόθεσις.
3492 1756 3693 1809 ’Δκουε

2113 1853 2221 1925 γὰρ
2269 1851 2363 1906 τοῦ
2418 1850 2689 1921 λέγοντος,
2746 1852 2816 1905 Εἰ
2863 1847 3173 1919 προσέρχῃ
3230 1848 3550 1902 δουλεύειν
3619 1845 3699 1911 τῷ

2115 1943 2329 2012 Κυρίῳ,
2359 1942 2683 2012 ἐτοίμασον
2710 1938 2826 2008 τὴν
2848 1938 3061 2009 ψυχήν
3087 1954 3205 1993 σου
3226 1939 3314 2003 εις
3338 1937 3692 2006 πειρασμόν.

2117 2033 2229 2087 Καὶ
2264 2035 2293 2086 ό
2326 2032 2561 2105 Χριστὸς
2612 2032 2670 2084 δὲ
2726 2030 2890 2085 πάλιν
2936 2028 3145 2098 ἔλεγεν,
3212 2028 3318 2082 Ἐν
3367 2025 3448 2091 τῷ
3492 2029 3699 2095 κόσμῳ

2118 2128 2327 2196 θλίψιν
2356 2126 2544 2196 ἔχετε·
2587 2124 2746 2179 ἀλλὰ
2793 2121 3087 2192 θαρσεῖτε.
3133 2119 3245 2174 Καὶ
3282 2119 3471 2186 πάλιν,
3506 2116 3695 2185 Στενὴ

2120 2221 2218 2274 καὶ
2246 2218 2601 2287 τεθλιμμένη
2636 2218 2674 2285 ἡ
2711 2215 2871 2282 ὁδός.
2916 2215 3080 2286 Ὁρᾷς
3112 2212 3390 2282 πανταχοῦ
3439 2211 3539 2282 τὴν
3581 2209 3696 2263 θλί-

2119 2310 2213 2380 ψιν
2243 2308 2666 2378 ἐπαινουμένην,
2700 2304 2980 2376 πανταχοῦ
3014 2299 3590 2375 παραλαμϐανομένην
3622 2298 3700 2360 ὡς

443 2388 774 2456 cipiendam.
809 2389 866 2444 Si
913 2391 1058 2446 enim
1091 2391 1144 2446 in
1193 2393 1353 2461 hujus
1388 2392 1572 2447 mundi
1602 2391 1801 2463 prmliis
1862 2404 2022 2449 nemo

2126 2402 2425 2471 ἀναγκαίαν
2450 2396 2615 2454 οὖσαν
2640 2401 2793 2470 ἡμῖν.
2829 2398 2892 2452 Εἰ
2913 2396 3021 2466 γὰρ
3049 2397 3106 2448 ὲν
3133 2395 3247 2457 τοῖς
3271 2390 3467 2456 ἔξωθεν
3489 2389 3701 2458 ἀγῶσιν

441 2480 561 2536 sine
592 2482 946 2542 tribulatione
966 2500 1221 2541 coronam
1245 2485 1466 2559 accipit,
1518 2503 1677 2543 nemo
1705 2487 1797 2558 qui
1825 2502 1932 2542 non
1967 2497 2024 2547 et

2126 2494 2298 2558 οὐδεὶς
2335 2492 2400 2547 ἂν
2430 2492 2636 2563 ταύτης
2665 2488 2836 2562 χωρὶς
2884 2482 3151 2557 στέφανον
3183 2483 3372 2549 λάϐοι,
3405 2483 3453 2534 εί
3486 2480 3560 2551 μὴ
3598 2479 3705 2533 καὶ

445 2573 745 2641 laboribus,
785 2586 840 2632 et
869 2578 1251 2634 alimentorum
1277 2580 1680 2647 observatione,
1709 2588 1767 2636 et
1798 2581 2023 2652 regimi-

2125 2586 2310 2650 πόνοις
2340 2586 2433 2638 καὶ
2459 2583 2645 2637 σιτίων
2668 2581 3052 2654 παρατηρήσει
3078 2578 3175 2632 καὶ
3202 2577 3366 2647 νόμον
3392 2572 3573 2645 διαίτῃ
3601 2572 3709 2626 καὶ

446 2668 535 2723 nis
594 2671 1008 2738 consuetudine,
1052 2681 1109 2729 et
1160 2672 1359 2742 vigiliis
1386 2713 1402 2738 ,
1450 2682 1508 2728 et
1544 2672 1665 2729 aliis
1711 2674 1917 2738 multis,
1962 2688 2024 2730 se

2126 2676 2456 2749 ἀγρυπνίαις
2478 2716 2494 2743 ,
2529 2674 2625 2729 καὶ
2660 2673 2875 2745 μυρίοις
2923 2670 3133 2741 ἑτέροις
3183 2666 3374 2721 ἑαυτὸν
3402 2662 3659 2736 ὀχυρώσῃ
3684 2699 3702 2726 ,

444 2769 623 2837 ipsum
676 2764 1089 2832 fortiﬁcaverit,
1138 2768 1309 2824 multo
1353 2768 1526 2839 magis
1580 2768 1633 2823 in
1686 2768 1790 2824 isto
1839 2776 2022 2824 certa-

2126 2773 2303 2845 πολλῳ
2335 2771 2534 2843 μᾶλλον
2568 2764 2819 2822 ἐνταῦθα.

445 2874 614 2915 mine.

512 2952 678 3009 Vens.
709 2951 799 3007 12.
824 2951 1018 3006 Beatus
1044 2949 1125 3006 uir
1165 2952 1253 3022 qui
1274 2951 1458 3019 suﬂ'ert
1503 2948 1865 3018 tentationem,
1888 2966 2019 3022 quo-

445 3042 614 3108 niam,
645 3058 763 3096 cum
825 3042 1078 3107 probatus
1116 3042 1295 3111 fuerit,
1327 3043 1547 3114 accipiet
1599 3056 1846 3096 coronam
1898 3042 2021 3097 vitae

444 3151 600 3206 quam
626 3135 923 3206 repromisit
946 3134 1085 3189 Deus
1106 3133 1446 3203 diligentibus
1484 3150 1558 3187 se.

517 3222 758 3295 (Beatus)
789 3223 882 3293 qui
909 3224 1195 3279 dominans
1221 3224 1329 3288 sui,
1357 3238 1416 3277 se
1444 3224 1778 3279 converterit
1811 3224 1877 3279 ad
1903 3223 2022 3280 suf-

448 3314 699 3371 fercndas
732 3314 1078 3382 tentationes,
1116 3321 1176 3370 ut
1198 3315 1507 3371 inveniatur
1537 3316 1673 3372 ineo
1730 3317 2019 3387 probatura

445 3423 606 3478 opus,
635 3416 690 3462 et
720 3406 979 3478 patientia
1009 3406 1274 3478 perfecta,
1303 3423 1422 3477 qua:
1451 3423 1549 3479 per
1577 3408 1871 3477 semetipsa
1901 3422 2025 3478 per-

447 3499 729 3565 ﬁciuntur,
752 3513 852 3555 nec
873 3499 1093 3556 aliunde
1121 3500 1462 3558 obtinentur.
1493 3499 1611 3554 Alia
1639 3500 2023 3555 exhortatione

446 3590 679 3648 suadere
713 3598 944 3646 conatur
975 3598 1033 3645 ut
1067 3582 1215 3647 recte
1260 3590 1565 3662 dirigantur
1590 3591 1888 3661 proposita,
1919 3606 2020 3643 an~

450 3683 710 3740 nuntians
739 3683 946 3740 scilicet
991 3693 1046 3739 et
1062 3683 1279 3739 beatum
1309 3698 1434 3739 esse
1470 3684 1655 3740 dicens
1691 3683 2023 3738 tentationes

447 3778 841 3844 sustinentem;
860 3776 1044 3832 evadit
1070 3776 1216 3831 enim
1240 3776 1320 3832 sic
1347 3777 1562 3833 fortiter
1588 3775 1767 3847 pnelia
1789 3774 2020 3840 ducens,

448 3874 533 3928 vir
576 3872 872 3944 probatus,
917 3879 972 3926 et
1023 3870 1091 3925 ad
1137 3870 1321 3925 omnia
1377 3870 1729 3925 exercitatus.
1782 3868 1849 3923 Et
1897 3882 2024 3923 eum

448 3962 1036 4035 apparebitsplendens
1054 3962 1120 4018 de
1137 3962 1241 4018 hac
1277 3964 1561 4018 tenebrosa
1596 3971 1767 4030 terra,
1798 3960 2026 4015 donabi-

2192 2955 2492 3026 Μακάριος
2518 2952 2673 3021 ἀνὴρ
2697 2949 2764 3017 ὃς
2783 2945 3070 3018 ὑπομένει
3098 2939 3451 3013 πειρασμὸν,
3481 2939 3572 2994 ὅτι
3606 2938 3710 2994 δό-

2122 3073 2294 3125 κιμος
2332 3049 2654 3121 γενόμενος
2672 3042 2931 3111 λήψεται
2951 3038 3060 3093 τὸν
3084 3036 3389 3106 στέφανον
3409 3031 3515 3100 τῆς
3534 3028 3709 3100 ζωῆς,

2124 3147 2197 3201 ὃν
2218 3142 2610 3213 ἐπηγγείλατο
2638 3140 2670 3191 ὀ
2699 3135 2914 3203 Κύριος
2933 3130 3060 3195 τοῖς
3080 3126 3394 3199 ἀγαπῶσιν
3418 3126 3630 3179 αὐτόν.

2192 3234 2495 3306 Αὐτάρκως
2524 3225 2975 3302 προτρεψάμενος
3031 3218 3362 3291 ὑφίστασθαι
3411 3218 3540 3280 τοὺς
3581 3231 3709 3269 πει-

2128 3325 2373 3399 ρασμοὺς
2412 3322 2551 3393 μετὰ
2583 3321 2794 3392 χαρᾶς,
2828 3318 2915 3371 ἵνα
2948 3314 3241 3385 ἐγγένηται
3271 3311 3496 3381 δόκιμον
3544 3308 3711 3379 ἔργον

2124 3420 2219 3473 καὶ
2238 3415 2485 3487 ὑπομονὴ
2506 3418 2522 3445 ⁸
2543 3410 2743 3466 τελείαο
2766 3406 3068 3462 τελειοῦται
3090 3405 3148 3458 δὲ
3167 3404 3341 3458 ταῦτα
3362 3401 3486 3456 καθ’
3509 3399 3706 3465 ἑαυτὰ,

2125 3511 2220 3566 καὶ
2255 3509 2329 3581 μὴ
2362 3508 2427 3561 δι’
2458 3504 2588 3560 ἄλλο
2610 3505 2631 3535 ⁹
2664 3500 3035 3573 πραττόμενα·
3085 3498 3154 3551 δι’
3197 3494 3389 3567 ἑτέρας
3439 3491 3713 3563 παραινὲ-

2127 3620 2265 3666 σεως
2302 3600 2512 3654 πείθειν
2548 3597 2818 3667 ἐπιχειρεῖ
2863 3589 3169 3663 κατορθοῦν
3210 3589 3278 3642 τὰ
3328 3588 3710 3658 προκείμενα’

2124 3696 2193 3750 δι’
2227 3692 2564 3762 ἐπαγγελίαν
2597 3687 2869 3760 μακάριον
2906 3680 3049 3738 εἶναι
3074 3682 3247 3751 λέγων
3273 3679 3365 3734 τὸν
3396 3677 3713 3749 πειρασμὸν

2126 3786 2489 3859 ὑπομένοντα.
2516 3782 2812 3854 Γενήσεται
2838 3778 2948 3850 γὰρ
2974 3779 2993 3811 ³
3019 3776 3193 3839 οὕτως
3221 3771 3531 3843 ἀθλητικῶς
3557 3770 3716 3839 ἄγων

2125 3881 2218 3934 τὸν
2249 3878 2460 3946 ἀγῶνα,
2496 3875 2722 3945 δόκιμος
2752 3870 2892 3942 ἀνὴρ
2931 3869 3021 3924 διὰ
3059 3869 3279 3923 πάντων
3320 3864 3720 3935 γεγυμνασμέ-

2113 3986 2239 4036 νος.
2270 3970 2429 4026 Οὕτω
2465 3968 2523 4021 δὲ
2550 3964 2880 4036 ἀναφανέντι
2911 3964 2977 4016 ὲκ
3005 3960 3115 4014 τῶν
3146 3957 3512 4029 σκυθρωπῶν,
3543 3955 3715 4026 δοθή-

452 4068 541 4108 tur
572 4068 773 4109 corona
801 4052 1053 4123 vitaejam
1088 4067 1118 4107 a
1152 4053 1260 4108 Deo
1288 4061 1594 4122 praeparata
1634 4050 1745 4105 illis
1776 4049 1870 4119 qui
1899 4048 2020 4104 dili-

2132 4082 2285 4119 σεται
2312 4062 2575 4131 στέφανος
2598 4058 2743 4128 ζωῆς
2772 4052 3153 4125 εὐτρεπισθεὶς
3177 4050 3283 4105 ὑπὸ
3310 4049 3405 4104 τοῦ
3434 4046 3572 4101 Θεοῦ
3594 4052 3719 4109 τοῖς

453 4154 582 4215 ειιηι
609 4144 783 4199 illum.
815 4143 908 4199 Sic
950 4143 1040 4199 ille
1071 4145 1164 4215 qui
1198 4144 1466 4200 suﬂ'erens
1517 4143 1846 4198 tentationes
1904 4156 2030 4197 con-

456 4236 649 4290 temnit
683 4234 902 4290 labores
935 4245 990 4290 et
1011 4236 1183 4305 ipsam
1213 4244 1465 4299 mortem,
1493 4247 1750 4290 coronam
1812 4240 2029 4288 aeterna

453 4327 579 4382 vita:
601 4325 855 4397 accipiet.
888 4326 943 4380 Si
964 4341 1175 4396 quaeras
1198 4342 1266 4380 ex
1301 4341 1407 4396 qua
1439 4324 1663 4379 materia
1700 4324 2030 4394 praeparavit

457 4420 597 4476 Deus
626 4434 886 4475 coronam
915 4419 1039 4473 vitae
1087 4419 1152 4474 iis
1182 4418 1273 4488 qni
1321 4417 1550 4488 diligunt
1575 4417 1746 4484 illum,
1787 4418 2030 4474 dicemus

455 4513 598 4583 quod
664 4521 893 4583 propter
930 4510 1170 4566 divinam
1233 4508 1622 4564 sublimitatem
1673 4509 1863 4563 oculus
1929 4522 2030 4562 nec

453 4604 608 4666 vidit,
642 4618 742 4658 nec
784 4603 936 4657 auris
962 4601 1194 4667 audivit,
1228 4614 1329 4656 nec
1353 4601 1405 4655 in
1446 4600 1618 4655 levius
1653 4614 1749 4654 cor
1791 4599 2029 4655 hominis

452 4697 701 4757 ascendit
726 4711 844 4766 qua:
872 4696 1195 4767 prmparavit
1221 4696 1361 4752 Deus
1384 4695 1452 4751 iis
1470 4696 1561 4765 qui
1595 4695 1827 4763 diligunt
1850 4692 2025 4748 illum.

541 4877 706 4934 Vens.
739 4876 827 4932 15.
878 4876 1078 4933 Deinde
1125 4878 1569 4946 concupiscentia,
1615 4894 1735 4932 cum
1779 4895 2030 4944 concepe-

458 4969 548 5030 rit,
570 4968 711 5035 parit
738 4978 1042 5037 peccatum;
1072 4980 1338 5039 peccatum
1361 4982 1536 5026 autem
1561 4988 1679 5026 cum
1700 4989 2031 5027 consumma-

431 5067 565 5125 .tum
596 5059 775 5126 fuerit,
799 5070 1008 5129 generat
1045 5069 1286 5115 mortem.

524 5146 671 5217 Dum;
697 5148 897 5202 etenim
940 5158 1220 5219 peccatum
1255 5166 1565 5222 operamur,
1612 5156 1889 5226 voluptate
1947 5159 2032 5213 in-

454 5238 670 5304 ebriati,
695 5254 803 5295 non
830 5240 909 5296 sic
940 5240 1225 5299 aﬂlcimur.
1250 5243 1544 5316 Postquam
1572 5258 1751 5302 autem
1775 5258 1952 5305 ortum
1978 5258 2032 5305 et

456 5331 617 5388 tinem
645 5328 870 5407 recepit,
898 5344 1026 5392 tunc
1058 5348 1232 5405 certe,
1256 5340 1560 5409 praesertim
1583 5340 1728 5397 omni
1761 5343 2028 5397 exstincta

527 5508 548 5540 ⁸
589 5510 753 5569 Eccli.
780 5514 914 5580 ιι,Ι.
989 5514 1011 5546 ³
1048 5513 1206 5572 Joan.
1233 5515 1458 5585 “1,23.
1537 5517 1556 5549 ’⁸
1596 5518 1788 5575 Matth.
1816 5535 1915 5588 vn,
1947 5521 2030 5577 Μ.

2128 4156 2293 4210 αὐτὸν
2324 4152 2633 4222 ἀγαπῶσιν.
2663 4146 2849 4210 Οὕτως
2881 4148 2910 4200 ὁ
2939 4143 3017 4215 τῷ
3045 4141 3340 4212 ὑπομένειν
3375 4136 3716 4208 πειρασμὸν,

2129 4245 2492 4318 καταφρονῶν
2522 4242 2799 4297 ἐπιπόνων
2829 4239 2925 4294 καὶ
2956 4235 3123 4291 αὐτοῦ
3153 4234 3248 4288 τοῦ
3289 4233 3550 4296 θανάτου,
3588 4229 3720 4282 στέ-

2130 4357 2297 4411 φανον
2331 4339 2429 4409 τῆς
2458 4336 2676 4391 αἰωνίου
2725 4331 2874 4401 ζωῆς
2916 4327 3277 4398 ἀπολήψεται.
3312 4325 3527 4394 Ζητείς,
3560 4321 3647 4411 τίς
3679 4325 3720 4393 ἡ

2131 4409 2236 4500 ὕλη
2265 4424 2324 4483 οὗ
2360 4426 2660 4497 ἡτοίμασεν
2679 4423 2708 4475 ὁ
2735 4421 2867 4484 Θεὸς
2900 4417 3171 4487 στεφάνου
3190 4414 3211 4446 ⁸
3248 4412 3394 4481 ζωῆς
3422 4411 3538 4473 τοῖς
3568 4409 3720 4474 ἀγα.-

2131 4520 2310 4575 πῶσιν
2347 4517 2546 4582 αὺτόν;
2577 4514 2727 4567 ἔστιν
2769 4530 2787 4563 ι
2817 4510 2854 4565 ὃ.
2878 4508 3176 4581 ἡτοίμασεν
3208 4507 3236 4559 ὁ
3265 4502 3398 4567 Θεὸς
3426 4503 3540 4562 τοῖς
3572 4500 3721 4567 ἀγα-

2131 4609 2308 4664 πῶσιν
2346 4606 2539 4671 αὐτὸν,
2577 4622 2596 4655 ι
2635 4601 2672 4655 ἃ.
2708 4600 2796 4655 διὰ
2844 4597 3074 4670 μέγεθος
3102 4595 3411 4664 θειότητος,
3445 4589 3571 4659 ὄψει
3617 4597 3723 4641 και

2130 4703 2269 4771 ἀκοῇ
2299 4699 2398 4769 οὐχ
2426 4697 2735 4763 ὑπόκειται,
2769 4692 2891 4747 οὐδὲ
2920 4690 3011 4744 ἐπὶ
3038 4686 3203 4759 ψιλὴν
3228 4685 3416 4756 νόησιν
3437 4686 3459 4717 ⁸
3494 4678 3720 4751 ἀνθ

2133 4811 2236 4847 που
2264 4790 2625 4862 ἀναϐέϐηκεν.

2208 4878 2350 4937 Εἶτα
2380 4882 2418 4949 ἡ
2443 4861 2723 4949 ἐπιθυμιά
2743 4871 3162 4935 συλλαϐοῦσα,
3184 4869 3369 4923 τίκτει
3396 4861 3719 4934 ἁμαρτίαν·

2133 4981 2173 5050 ἠ
2192 4978 2259 5032 δὲ
2282 4974 2532 5048 ἁμαρτία
2553 4967 3027 5029 ἀποτελεσθεῖσα
3044 5007 3059 5032 ,
3080 4963 3329 5020 ἀποκύει
3355 4957 3646 5015 θάνατον.

2218 5165 2307 5218 Ἐν
2341 5163 2439 5235 μὲν
2474 5160 2585 5232 γὰρ
2612 5158 2692 5229 τῷ
2730 5156 2995 5227 πράττειν
3033 5151 3133 5222 τὴν
3165 5142 3584 5235 ἁμαρτίαν-ὐπὸ
3615 5143 3725 5235 τῆς

2135 5230 2669 5324 ἡδονῆςτμεθύοντες,
2690 5247 2789 5316 οὐχ
2814 5243 2987 5306 οὕτως
3017 5236 3410 5308 αἰσθανόμεθα.
3455 5230 3723 5286 Ἐπειδὰν

2135 5346 2193 5402 δὲ
2222 5347 2446 5417 γένηται
2477 5342 2572 5396 καὶ
2619 5338 2762 5412 λάϐῃ
2786 5338 2807 5368 ⁸
2848 5336 3001 5398 τέλος
3066 5334 3190 5387 τότε
3223 5330 3288 5388 δὴ
3332 5327 3571 5399 μάλιστα
3614 5324 3723 5396 τῆς

530 5661 549 5747 ξ
582 5664 716 5719 Cnd.
739 5668 921 5749 ρρίειιίζ
946 5670 1216 5749 ὑπομονῇ.
1291 5675 1310 5705 ²
1342 5673 1473 5731 Cod.
1498 5674 1661 5732 Cois].
1689 5674 1876 5749 (XXV)
1914 5676 2052 5730 ἄλλοι

2173 5676 2191 5707 ³
2216 5675 2345 5730 Cod.
2373 5674 2435 5727 (3.
2467 5674 2572 5743 γὰρ
2604 5674 2679 5744 ὀ.-Δ
2708 5672 2751 5745 ,δ
2785 5672 2842 5727 C.
2870 5670 2930 5726 C.
2962 5670 3280 5739 στετάνους.
3357 5667 3377 5698 ⁵
3410 5663 3471 5719 (ἶ.
3501 5662 3562 5716 C.
3584 5658 3723 5733 ψιλῇ

459 5733 661 5805 νοήσει.
739 5736 759 5767 ⁶
785 5737 847 5790 C.
882 5737 944 5791 C.
974 5733 1146 5795 λάϐοι.
