  <div class='ocr_page' id='page_1' title='image "/cluster/home/n/w/nwhite01/storage/ocr_20150623/64/hvd.32044073501959/566.png"; bbox 0 0 4054 6216; ppageno 0'>
   <div class='ocr_carea' id='block_1_1' title="bbox 349 379 484 441">
    <p class='ocr_par' dir='ltr' id='par_1_1' title="bbox 349 379 484 441">
     <span class='ocr_line' id='line_1_1' title="bbox 349 379 484 441; baseline -0.007 0"><span class='ocrx_word' id='word_1_1' title='bbox 349 379 484 441; x_wconf 63' lang='grc' dir='ltr'><strong>’ῘΟΗ</strong></span> 
     </span>
    </p>
   </div>
   <div class='ocr_carea' id='block_1_2' title="bbox 1324 316 2709 427">
    <p class='ocr_par' dir='ltr' id='par_1_2' title="bbox 1324 316 2709 427">
     <span class='ocr_line' id='line_1_2' title="bbox 1324 316 2709 427; baseline -0.008 1"><span class='ocrx_word' id='word_1_2' title='bbox 1324 365 1747 427; x_wconf 74' lang='lat' dir='ltr'><strong>FRAGMENTA</strong></span> <span class='ocrx_word' id='word_1_3' title='bbox 1786 362 1853 421; x_wconf 78' lang='lat' dir='ltr'><strong>1N</strong></span> <span class='ocrx_word' id='word_1_4' title='bbox 1894 359 2280 418; x_wconf 79' lang='lat' dir='ltr'><strong>EPISTOLAM</strong></span> <span class='ocrx_word' id='word_1_5' title='bbox 2317 359 2375 417; x_wconf 90' lang='lat' dir='ltr'><strong>s.</strong></span> <span class='ocrx_word' id='word_1_6' title='bbox 2411 316 2709 418; x_wconf 65' lang='grc' dir='ltr'><strong>,ιΑεοιιιἱ</strong></span> 
     </span>
    </p>
   </div>
   <div class='ocr_carea' id='block_1_3' title="bbox 3495 349 3633 412">
    <p class='ocr_par' dir='ltr' id='par_1_3' title="bbox 3495 349 3633 412">
     <span class='ocr_line' id='line_1_3' title="bbox 3495 349 3633 412; baseline -0.007 -1"><span class='ocrx_word' id='word_1_7' title='bbox 3495 349 3633 412; x_wconf 64' lang='lat'><strong>1042</strong></span> 
     </span>
    </p>
   </div>
   <div class='ocr_carea' id='block_1_4' title="bbox 356 475 1943 579">
    <p class='ocr_par' dir='ltr' id='par_1_4' title="bbox 356 482 1943 579">
     <span class='ocr_line' id='line_1_4' title="bbox 356 482 1943 579; baseline -0.013 -19"><span class='ocrx_word' id='word_1_8' title='bbox 356 505 550 579; x_wconf 70' lang='grc' dir='ltr'>ἡδονῆς</span> <span class='ocrx_word' id='word_1_9' title='bbox 606 482 927 573; x_wconf 79' lang='grc' dir='ltr'>σϐεσθείσης</span> <span class='ocrx_word' id='word_1_10' title='bbox 986 499 1226 570; x_wconf 78' lang='grc' dir='ltr'>ἀπάσης,</span> <span class='ocrx_word' id='word_1_11' title='bbox 1281 496 1344 551; x_wconf 86' lang='grc' dir='ltr'><strong>τδ</strong></span> <span class='ocrx_word' id='word_1_12' title='bbox 1387 493 1582 564; x_wconf 70' lang='grc' dir='ltr'>πικρὸν</span> <span class='ocrx_word' id='word_1_13' title='bbox 1614 492 1715 560; x_wconf 79' lang='grc' dir='ltr'>τῆς</span> <span class='ocrx_word' id='word_1_14' title='bbox 1746 486 1943 546; x_wconf 76' lang='grc' dir='ltr'>ἑννοίας</span> 
     </span>
    </p>
   </div>
   <div class='ocr_carea' id='block_1_5' title="bbox 2045 475 3633 579">
    <p class='ocr_par' dir='ltr' id='par_1_5' title="bbox 2057 475 3633 556">
     <span class='ocr_line' id='line_1_5' title="bbox 2057 475 3633 556; baseline -0.004 -15"><span class='ocrx_word' id='word_1_15' title='bbox 2057 486 2356 556; x_wconf 86' lang='lat' dir='ltr'><strong>voluptate,</strong></span> <span class='ocrx_word' id='word_1_16' title='bbox 2403 497 2624 538; x_wconf 88' lang='lat' dir='ltr'><strong>amarus</strong></span> <span class='ocrx_word' id='word_1_17' title='bbox 2666 481 2721 536; x_wconf 88' lang='lat' dir='ltr'><strong>in</strong></span> <span class='ocrx_word' id='word_1_18' title='bbox 2765 475 3183 551; x_wconf 72' lang='lat' dir='ltr'><strong>intelligentiam</strong></span> <span class='ocrx_word' id='word_1_19' title='bbox 3218 490 3339 534; x_wconf 87' lang='lat' dir='ltr'><strong>sese</strong></span> <span class='ocrx_word' id='word_1_20' title='bbox 3392 475 3633 535; x_wconf 82' lang='lat' dir='ltr'><strong>insinuat</strong></span> 
     </span>
    </p>
   </div>
   <div class='ocr_carea' id='block_1_6' title="bbox 356 583 1949 667">
    <p class='ocr_par' dir='ltr' id='par_1_6' title="bbox 356 583 1949 667">
     <span class='ocr_line' id='line_1_6' title="bbox 356 583 1949 667; baseline -0.012 -16"><span class='ocrx_word' id='word_1_21' title='bbox 356 597 735 667; x_wconf 78' lang='grc' dir='ltr'>ἐπεισέρχεται</span> <span class='ocrx_word' id='word_1_22' title='bbox 756 593 1002 664; x_wconf 82' lang='grc' dir='ltr'><strong>κέντρον,</strong></span> <span class='ocrx_word' id='word_1_23' title='bbox 1021 590 1348 653; x_wconf 82' lang='grc' dir='ltr'>ἀπεναντίας</span> <span class='ocrx_word' id='word_1_24' title='bbox 1365 589 1489 650; x_wconf 85' lang='grc' dir='ltr'>ταῖς</span> <span class='ocrx_word' id='word_1_25' title='bbox 1509 583 1828 644; x_wconf 78' lang='grc' dir='ltr'>ὼδινούσαις</span> <span class='ocrx_word' id='word_1_26' title='bbox 1849 597 1949 649; x_wconf 89' lang='grc' dir='ltr'>γυ-</span> 
     </span>
    </p>
   </div>
   <div class='ocr_carea' id='block_1_7' title="bbox 355 674 1948 756">
    <p class='ocr_par' dir='ltr' id='par_1_7' title="bbox 355 674 1948 756">
     <span class='ocr_line' id='line_1_7' title="bbox 355 674 1948 756; baseline -0.01 -13"><span class='ocrx_word' id='word_1_27' title='bbox 355 688 553 756; x_wconf 78' lang='grc' dir='ltr'>ναιξίν.</span> <span class='ocrx_word' id='word_1_28' title='bbox 587 688 705 740; x_wconf 85' lang='grc' dir='ltr'><strong>Ἐπ’</strong></span> <span class='ocrx_word' id='word_1_29' title='bbox 724 686 950 741; x_wconf 71' lang='grc' dir='ltr'>ἐκείνων</span> <span class='ocrx_word' id='word_1_30' title='bbox 979 684 1083 754; x_wconf 86' lang='grc' dir='ltr'>μὲν</span> <span class='ocrx_word' id='word_1_31' title='bbox 1114 682 1221 753; x_wconf 81' lang='grc' dir='ltr'>γὰρ</span> <span class='ocrx_word' id='word_1_32' title='bbox 1250 679 1359 752; x_wconf 76' lang='grc' dir='ltr'><strong>πρὸ</strong></span> <span class='ocrx_word' id='word_1_33' title='bbox 1385 677 1484 736; x_wconf 65' lang='grc' dir='ltr'>τοῦ,</span> <span class='ocrx_word' id='word_1_34' title='bbox 1506 677 1691 741; x_wconf 80' lang='grc' dir='ltr'>τόκου,</span> <span class='ocrx_word' id='word_1_35' title='bbox 1729 674 1897 737; x_wconf 84' lang='grc' dir='ltr'>πολὺς</span> <span class='ocrx_word' id='word_1_36' title='bbox 1920 675 1948 727; x_wconf 89' lang='grc' dir='ltr'><strong>ό</strong></span> 
     </span>
    </p>
   </div>
   <div class='ocr_carea' id='block_1_8' title="bbox 356 764 1947 844">
    <p class='ocr_par' dir='ltr' id='par_1_8' title="bbox 356 764 1947 844">
     <span class='ocr_line' id='line_1_8' title="bbox 356 764 1947 844; baseline -0.009 -13"><span class='ocrx_word' id='word_1_37' title='bbox 356 778 517 841; x_wconf 78' lang='grc' dir='ltr'>πόνος</span> <span class='ocrx_word' id='word_1_38' title='bbox 531 776 625 829; x_wconf 78' lang='grc' dir='ltr'><strong>καὶ</strong></span> <span class='ocrx_word' id='word_1_39' title='bbox 650 774 841 838; x_wconf 83' lang='grc' dir='ltr'>ὠδῖνες</span> <span class='ocrx_word' id='word_1_40' title='bbox 858 774 1099 844; x_wconf 86' lang='grc' dir='ltr'>δριμεῖαι</span> <span class='ocrx_word' id='word_1_41' title='bbox 1121 770 1483 823; x_wconf 78' lang='grc' dir='ltr'>ἔπικόπτουσι</span> <span class='ocrx_word' id='word_1_42' title='bbox 1502 767 1626 830; x_wconf 80' lang='grc' dir='ltr'>ταῖς</span> <span class='ocrx_word' id='word_1_43' title='bbox 1652 764 1947 835; x_wconf 75' lang='grc' dir='ltr'><strong>ἀλγηδόσιν</strong></span> 
     </span>
    </p>
   </div>
   <div class='ocr_carea' id='block_1_9' title="bbox 354 856 1947 939">
    <p class='ocr_par' dir='ltr' id='par_1_9' title="bbox 354 856 1947 939">
     <span class='ocr_line' id='line_1_9' title="bbox 354 856 1947 939; baseline -0.008 -17"><span class='ocrx_word' id='word_1_44' title='bbox 354 869 546 932; x_wconf 75' lang='grc' dir='ltr'>αὐτάςο</span> <span class='ocrx_word' id='word_1_45' title='bbox 583 866 725 939; x_wconf 79' lang='grc' dir='ltr'>μετὰ</span> <span class='ocrx_word' id='word_1_46' title='bbox 772 865 829 919; x_wconf 84' lang='grc' dir='ltr'>δὲ</span> <span class='ocrx_word' id='word_1_47' title='bbox 872 864 965 919; x_wconf 84' lang='grc' dir='ltr'><strong>τὸν</strong></span> <span class='ocrx_word' id='word_1_48' title='bbox 1003 864 1165 917; x_wconf 83' lang='grc' dir='ltr'>τόκον</span> <span class='ocrx_word' id='word_1_49' title='bbox 1212 862 1432 927; x_wconf 81' lang='grc' dir='ltr'>ἄνεσις,</span> <span class='ocrx_word' id='word_1_50' title='bbox 1487 859 1567 933; x_wconf 80' lang='grc' dir='ltr'>τῷ</span> <span class='ocrx_word' id='word_1_51' title='bbox 1612 859 1809 931; x_wconf 74' lang='grc' dir='ltr'>βρέφει</span> <span class='ocrx_word' id='word_1_52' title='bbox 1845 856 1947 925; x_wconf 84' lang='grc' dir='ltr'>τῆς</span> 
     </span>
    </p>
   </div>
   <div class='ocr_carea' id='block_1_10' title="bbox 353 948 1948 1030">
    <p class='ocr_par' dir='ltr' id='par_1_10' title="bbox 353 948 1948 1030">
     <span class='ocr_line' id='line_1_10' title="bbox 353 948 1948 1030; baseline -0.009 -15"><span class='ocrx_word' id='word_1_53' title='bbox 353 960 551 1030; x_wconf 77' lang='grc' dir='ltr'>ὀδύνης</span> <span class='ocrx_word' id='word_1_54' title='bbox 582 955 1033 1026; x_wconf 78' lang='grc' dir='ltr'>συνεξελθούσης.</span> <span class='ocrx_word' id='word_1_55' title='bbox 1086 954 1355 1012; x_wconf 81' lang='grc' dir='ltr'>Ἐνταῦθα</span> <span class='ocrx_word' id='word_1_56' title='bbox 1388 953 1446 1007; x_wconf 76' lang='grc' dir='ltr'>δὲ</span> <span class='ocrx_word' id='word_1_57' title='bbox 1478 952 1578 1023; x_wconf 84' lang='grc' dir='ltr'><strong>οὐχ</strong></span> <span class='ocrx_word' id='word_1_58' title='bbox 1610 950 1801 1015; x_wconf 75' lang='grc' dir='ltr'>οὕτως·</span> <span class='ocrx_word' id='word_1_59' title='bbox 1832 948 1948 1003; x_wconf 84' lang='grc' dir='ltr'>ἀλλ’</span> 
     </span>
    </p>
   </div>
   <div class='ocr_carea' id='block_1_11' title="bbox 355 1042 1944 1122">
    <p class='ocr_par' dir='ltr' id='par_1_11' title="bbox 355 1042 1944 1122">
     <span class='ocr_line' id='line_1_11' title="bbox 355 1042 1944 1122; baseline -0.006 -16"><span class='ocrx_word' id='word_1_60' title='bbox 355 1053 462 1115; x_wconf 77' lang='grc' dir='ltr'><strong>ἔως</strong></span> <span class='ocrx_word' id='word_1_61' title='bbox 495 1051 595 1122; x_wconf 82' lang='grc' dir='ltr'><strong>μὲν</strong></span> <span class='ocrx_word' id='word_1_62' title='bbox 646 1050 713 1108; x_wconf 80' lang='grc' dir='ltr'><strong>ἂν</strong></span> <span class='ocrx_word' id='word_1_63' title='bbox 760 1049 1043 1121; x_wconf 85' lang='grc' dir='ltr'>ὠδίνωμεν</span> <span class='ocrx_word' id='word_1_64' title='bbox 1087 1048 1185 1103; x_wconf 81' lang='grc' dir='ltr'>καὶ</span> <span class='ocrx_word' id='word_1_65' title='bbox 1233 1045 1706 1118; x_wconf 78' lang='grc' dir='ltr'>συλλαμϐάνωμεν</span> <span class='ocrx_word' id='word_1_66' title='bbox 1748 1045 1817 1097; x_wconf 72' lang='grc' dir='ltr'>τὰ</span> <span class='ocrx_word' id='word_1_67' title='bbox 1864 1042 1944 1097; x_wconf 87' lang='grc' dir='ltr'>δι-</span> 
     </span>
    </p>
   </div>
   <div class='ocr_carea' id='block_1_12' title="bbox 355 1136 1941 1215">
    <p class='ocr_par' dir='ltr' id='par_1_12' title="bbox 355 1136 1941 1215">
     <span class='ocr_line' id='line_1_12' title="bbox 355 1136 1941 1215; baseline -0.006 -19"><span class='ocrx_word' id='word_1_68' title='bbox 355 1142 678 1215; x_wconf 82' lang='grc' dir='ltr'>εφθαρμένα</span> <span class='ocrx_word' id='word_1_69' title='bbox 725 1141 996 1213; x_wconf 78' lang='grc' dir='ltr'><strong>νοήματα,</strong></span> <span class='ocrx_word' id='word_1_70' title='bbox 1033 1138 1444 1212; x_wconf 79' lang='grc' dir='ltr'><strong>εὐφραινόμεθα</strong></span> <span class='ocrx_word' id='word_1_71' title='bbox 1498 1138 1597 1193; x_wconf 74' lang='grc' dir='ltr'><strong>καὶ</strong></span> <span class='ocrx_word' id='word_1_72' title='bbox 1651 1136 1941 1208; x_wconf 76' lang='grc' dir='ltr'>χαίρομενο</span> 
     </span>
    </p>
   </div>
   <div class='ocr_carea' id='block_1_13' title="bbox 355 1224 1945 1302">
    <p class='ocr_par' dir='ltr' id='par_1_13' title="bbox 355 1224 1945 1302">
     <span class='ocr_line' id='line_1_13' title="bbox 355 1224 1945 1302; baseline -0.006 -15"><span class='ocrx_word' id='word_1_73' title='bbox 355 1234 577 1287; x_wconf 78' lang='grc' dir='ltr'>ἐπειδὰν</span> <span class='ocrx_word' id='word_1_74' title='bbox 633 1231 691 1286; x_wconf 83' lang='grc' dir='ltr'><strong>δὲ</strong></span> <span class='ocrx_word' id='word_1_75' title='bbox 746 1231 1109 1302; x_wconf 82' lang='grc' dir='ltr'>ἀποτέκωμεν</span> <span class='ocrx_word' id='word_1_76' title='bbox 1165 1231 1228 1285; x_wconf 77' lang='grc' dir='ltr'><strong>τὸ</strong></span> <span class='ocrx_word' id='word_1_77' title='bbox 1286 1228 1523 1301; x_wconf 80' lang='grc' dir='ltr'>πονηρὸν</span> <span class='ocrx_word' id='word_1_78' title='bbox 1578 1226 1795 1281; x_wconf 77' lang='grc' dir='ltr'>παιδίον</span> <span class='ocrx_word' id='word_1_79' title='bbox 1845 1224 1945 1297; x_wconf 81' lang='grc' dir='ltr'>τὴν</span> 
     </span>
    </p>
   </div>
   <div class='ocr_carea' id='block_1_14' title="bbox 356 1318 1942 1397">
    <p class='ocr_par' dir='ltr' id='par_1_14' title="bbox 356 1318 1942 1397">
     <span class='ocr_line' id='line_1_14' title="bbox 356 1318 1942 1397; baseline -0.004 -19"><span class='ocrx_word' id='word_1_80' title='bbox 356 1325 653 1397; x_wconf 82' lang='grc' dir='ltr'>ἁμαρτίαν,</span> <span class='ocrx_word' id='word_1_81' title='bbox 708 1323 829 1377; x_wconf 88' lang='grc' dir='ltr'>τότε</span> <span class='ocrx_word' id='word_1_82' title='bbox 878 1323 940 1377; x_wconf 86' lang='grc' dir='ltr'>τὸ</span> <span class='ocrx_word' id='word_1_83' title='bbox 989 1318 1178 1395; x_wconf 73' lang='grc' dir='ltr'>αἶσχος</span> <span class='ocrx_word' id='word_1_84' title='bbox 1224 1320 1320 1376; x_wconf 79' lang='grc' dir='ltr'>τοῦ</span> <span class='ocrx_word' id='word_1_85' title='bbox 1371 1320 1657 1393; x_wconf 79' lang='grc' dir='ltr'>τεχθέντος</span> <span class='ocrx_word' id='word_1_86' title='bbox 1710 1320 1942 1385; x_wconf 81' lang='grc' dir='ltr'>ἰδόντες,</span> 
     </span>
    </p>
   </div>
   <div class='ocr_carea' id='block_1_15' title="bbox 355 1412 1943 1487">
    <p class='ocr_par' dir='ltr' id='par_1_15' title="bbox 355 1412 1943 1487">
     <span class='ocr_line' id='line_1_15' title="bbox 355 1412 1943 1487; baseline -0.004 -15"><span class='ocrx_word' id='word_1_87' title='bbox 355 1415 707 1487; x_wconf 81' lang='grc' dir='ltr'>ὀδυνώμεθα,</span> <span class='ocrx_word' id='word_1_88' title='bbox 740 1415 863 1469; x_wconf 82' lang='grc' dir='ltr'>τότε</span> <span class='ocrx_word' id='word_1_89' title='bbox 902 1414 1311 1486; x_wconf 86' lang='grc' dir='ltr'>διακοπτόμεθα</span> <span class='ocrx_word' id='word_1_90' title='bbox 1348 1414 1456 1469; x_wconf 82' lang='grc' dir='ltr'>τῶν</span> <span class='ocrx_word' id='word_1_91' title='bbox 1486 1412 1793 1468; x_wconf 84' lang='grc' dir='ltr'>ὠδινουσῶν</span> <span class='ocrx_word' id='word_1_92' title='bbox 1842 1429 1943 1481; x_wconf 90' lang='grc' dir='ltr'>γυ-</span> 
     </span>
    </p>
   </div>
   <div class='ocr_carea' id='block_1_16' title="bbox 357 1504 1944 1581">
    <p class='ocr_par' dir='ltr' id='par_1_16' title="bbox 357 1504 1944 1581">
     <span class='ocr_line' id='line_1_16' title="bbox 357 1504 1944 1581; baseline -0.004 -16"><span class='ocrx_word' id='word_1_93' title='bbox 357 1510 561 1566; x_wconf 76' lang='grc' dir='ltr'>ναικῶν</span> <span class='ocrx_word' id='word_1_94' title='bbox 608 1507 1019 1579; x_wconf 86' lang='grc' dir='ltr'>χαλεπώτερον.</span> <span class='ocrx_word' id='word_1_95' title='bbox 1073 1508 1165 1561; x_wconf 82' lang='grc' dir='ltr'>Διὸ</span> <span class='ocrx_word' id='word_1_96' title='bbox 1217 1506 1525 1581; x_wconf 84' lang='grc' dir='ltr'>παρακαλῶ</span> <span class='ocrx_word' id='word_1_97' title='bbox 1571 1506 1646 1578; x_wconf 80' lang='grc' dir='ltr'>μὴ</span> <span class='ocrx_word' id='word_1_98' title='bbox 1692 1504 1944 1575; x_wconf 84' lang='grc' dir='ltr'>δέχεσθαι</span> 
     </span>
    </p>
   </div>
   <div class='ocr_carea' id='block_1_17' title="bbox 362 1596 1943 1673">
    <p class='ocr_par' dir='ltr' id='par_1_17' title="bbox 362 1596 1943 1673">
     <span class='ocr_line' id='line_1_17' title="bbox 362 1596 1943 1673; baseline -0.004 -19"><span class='ocrx_word' id='word_1_99' title='bbox 362 1602 463 1673; x_wconf 84' lang='grc' dir='ltr'><strong>μὲν</strong></span> <span class='ocrx_word' id='word_1_100' title='bbox 494 1600 730 1671; x_wconf 82' lang='grc' dir='ltr'>μάλιστα</span> <span class='ocrx_word' id='word_1_101' title='bbox 753 1601 907 1672; x_wconf 82' lang='grc' dir='ltr'>παρὰ</span> <span class='ocrx_word' id='word_1_102' title='bbox 932 1600 1034 1672; x_wconf 82' lang='grc' dir='ltr'>τὴν</span> <span class='ocrx_word' id='word_1_103' title='bbox 1067 1598 1243 1672; x_wconf 82' lang='grc' dir='ltr'>ἀρχὴν</span> <span class='ocrx_word' id='word_1_104' title='bbox 1275 1598 1576 1669; x_wconf 76' lang='grc' dir='ltr'>ἐπιθυμίαν</span> <span class='ocrx_word' id='word_1_105' title='bbox 1608 1596 1943 1667; x_wconf 80' lang='grc' dir='ltr'>διεφθαρμέ-</span> 
     </span>
    </p>
   </div>
   <div class='ocr_carea' id='block_1_18' title="bbox 357 1689 1942 1764">
    <p class='ocr_par' dir='ltr' id='par_1_18' title="bbox 357 1689 1942 1764">
     <span class='ocr_line' id='line_1_18' title="bbox 357 1689 1942 1764; baseline -0.004 -15"><span class='ocrx_word' id='word_1_106' title='bbox 357 1712 478 1764; x_wconf 85' lang='grc' dir='ltr'>νην·</span> <span class='ocrx_word' id='word_1_107' title='bbox 506 1693 555 1746; x_wconf 77' lang='lat' dir='ltr'><strong>ei</strong></span> <span class='ocrx_word' id='word_1_108' title='bbox 584 1693 642 1746; x_wconf 80' lang='grc' dir='ltr'>δὲ</span> <span class='ocrx_word' id='word_1_109' title='bbox 671 1694 766 1747; x_wconf 80' lang='grc' dir='ltr'>καὶ</span> <span class='ocrx_word' id='word_1_110' title='bbox 792 1692 1115 1764; x_wconf 79' lang='grc' dir='ltr'>ἐδεξάμεθα,</span> <span class='ocrx_word' id='word_1_111' title='bbox 1142 1691 1468 1761; x_wconf 83' lang='grc' dir='ltr'>ἀποπνίγειν</span> <span class='ocrx_word' id='word_1_112' title='bbox 1496 1690 1646 1745; x_wconf 91' lang='grc' dir='ltr'>ἔνδον</span> <span class='ocrx_word' id='word_1_113' title='bbox 1674 1690 1746 1744; x_wconf 84' lang='grc' dir='ltr'>τὰ</span> <span class='ocrx_word' id='word_1_114' title='bbox 1771 1689 1942 1761; x_wconf 78' lang='grc' dir='ltr'>σπέρ-</span> 
     </span>
    </p>
   </div>
   <div class='ocr_carea' id='block_1_19' title="bbox 2050 570 3628 635">
    <p class='ocr_par' dir='ltr' id='par_1_19' title="bbox 2050 570 3628 635">
     <span class='ocr_line' id='line_1_19' title="bbox 2050 570 3628 635; baseline -0.005 0"><span class='ocrx_word' id='word_1_115' title='bbox 2050 578 2325 635; x_wconf 89' lang='lat' dir='ltr'><strong>stimulus.</strong></span> <span class='ocrx_word' id='word_1_116' title='bbox 2351 574 2790 633; x_wconf 86' lang='lat' dir='ltr'><strong>Parturientibus</strong></span> <span class='ocrx_word' id='word_1_117' title='bbox 2825 572 3165 629; x_wconf 84' lang='lat' dir='ltr'><strong>contrarium</strong></span> <span class='ocrx_word' id='word_1_118' title='bbox 3202 570 3404 626; x_wconf 87' lang='lat' dir='ltr'><strong>accidit</strong></span> <span class='ocrx_word' id='word_1_119' title='bbox 3431 571 3628 627; x_wconf 86' lang='lat' dir='ltr'><strong>mulie-</strong></span> 
     </span>
    </p>
   </div>
   <div class='ocr_carea' id='block_1_20' title="bbox 2049 665 3632 738">
    <p class='ocr_par' dir='ltr' id='par_1_20' title="bbox 2049 665 3632 738">
     <span class='ocr_line' id='line_1_20' title="bbox 2049 665 3632 738; baseline -0.005 -11"><span class='ocrx_word' id='word_1_120' title='bbox 2049 672 2221 727; x_wconf 86' lang='lat' dir='ltr'><strong>ribus.</strong></span> <span class='ocrx_word' id='word_1_121' title='bbox 2251 670 2454 726; x_wconf 85' lang='lat' dir='ltr'><strong>Matres</strong></span> <span class='ocrx_word' id='word_1_122' title='bbox 2482 669 2684 725; x_wconf 91' lang='lat' dir='ltr'><strong>etenim</strong></span> <span class='ocrx_word' id='word_1_123' title='bbox 2713 675 2841 723; x_wconf 88' lang='lat' dir='ltr'><strong>ante</strong></span> <span class='ocrx_word' id='word_1_124' title='bbox 2890 675 3126 738; x_wconf 88' lang='lat' dir='ltr'><strong>partum,</strong></span> <span class='ocrx_word' id='word_1_125' title='bbox 3153 675 3210 722; x_wconf 92' lang='lat' dir='ltr'><strong>et</strong></span> <span class='ocrx_word' id='word_1_126' title='bbox 3244 665 3444 721; x_wconf 89' lang='lat' dir='ltr'><strong>multus</strong></span> <span class='ocrx_word' id='word_1_127' title='bbox 3479 665 3632 720; x_wconf 86' lang='lat' dir='ltr'><strong>labor</strong></span> 
     </span>
    </p>
   </div>
   <div class='ocr_carea' id='block_1_21' title="bbox 2048 756 3632 830">
    <p class='ocr_par' dir='ltr' id='par_1_21' title="bbox 2048 756 3632 830">
     <span class='ocr_line' id='line_1_21' title="bbox 2048 756 3632 830; baseline -0.003 -15"><span class='ocrx_word' id='word_1_128' title='bbox 2048 768 2102 815; x_wconf 92' lang='lat' dir='ltr'><strong>et</strong></span> <span class='ocrx_word' id='word_1_129' title='bbox 2118 760 2389 830; x_wconf 88' lang='lat' dir='ltr'><strong>puerperii</strong></span> <span class='ocrx_word' id='word_1_130' title='bbox 2413 757 2715 814; x_wconf 87' lang='lat' dir='ltr'><strong>acutissimi</strong></span> <span class='ocrx_word' id='word_1_131' title='bbox 2756 757 2993 821; x_wconf 88' lang='lat' dir='ltr'><strong>dolores,</strong></span> <span class='ocrx_word' id='word_1_132' title='bbox 3017 764 3266 826; x_wconf 87' lang='lat' dir='ltr'><strong>premunt</strong></span> <span class='ocrx_word' id='word_1_133' title='bbox 3287 756 3478 822; x_wconf 65' lang='lat' dir='ltr'><strong>riualis;</strong></span> <span class='ocrx_word' id='word_1_134' title='bbox 3509 765 3632 824; x_wconf 90' lang='lat' dir='ltr'><strong>post</strong></span> 
     </span>
    </p>
   </div>
   <div class='ocr_carea' id='block_1_22' title="bbox 2051 846 3625 921">
    <p class='ocr_par' dir='ltr' id='par_1_22' title="bbox 2051 846 3625 921">
     <span class='ocr_line' id='line_1_22' title="bbox 2051 846 3625 921; baseline -0.004 -14"><span class='ocrx_word' id='word_1_135' title='bbox 2051 866 2180 907; x_wconf 80' lang='lat' dir='ltr'><strong>vero</strong></span> <span class='ocrx_word' id='word_1_136' title='bbox 2196 859 2409 921; x_wconf 86' lang='lat' dir='ltr'><strong>partum</strong></span> <span class='ocrx_word' id='word_1_137' title='bbox 2432 850 2670 920; x_wconf 77' lang='lat' dir='ltr'><strong>requies,</strong></span> <span class='ocrx_word' id='word_1_138' title='bbox 2695 848 2874 904; x_wconf 81' lang='lat' dir='ltr'><strong>fructu</strong></span> <span class='ocrx_word' id='word_1_139' title='bbox 2899 846 3174 919; x_wconf 71' lang='lat' dir='ltr'><strong>dissipatis</strong></span> <span class='ocrx_word' id='word_1_140' title='bbox 3191 846 3469 902; x_wconf 72' lang='lat' dir='ltr'><strong>aerumnis.</strong></span> <span class='ocrx_word' id='word_1_141' title='bbox 3491 846 3625 901; x_wconf 84' lang='lat' dir='ltr'><strong>Pec-</strong></span> 
     </span>
    </p>
   </div>
   <div class='ocr_carea' id='block_1_23' title="bbox 2048 939 3627 1010">
    <p class='ocr_par' dir='ltr' id='par_1_23' title="bbox 2048 939 3627 1010">
     <span class='ocr_line' id='line_1_23' title="bbox 2048 939 3627 1010; baseline -0.005 -10"><span class='ocrx_word' id='word_1_142' title='bbox 2048 943 2300 1000; x_wconf 83' lang='lat' dir='ltr'><strong>cantibus</strong></span> <span class='ocrx_word' id='word_1_143' title='bbox 2330 951 2512 998; x_wconf 85' lang='lat' dir='ltr'><strong>autem</strong></span> <span class='ocrx_word' id='word_1_144' title='bbox 2560 957 2666 998; x_wconf 90' lang='lat' dir='ltr'><strong>non</strong></span> <span class='ocrx_word' id='word_1_145' title='bbox 2712 942 2814 998; x_wconf 89' lang='lat' dir='ltr'><strong>sic.</strong></span> <span class='ocrx_word' id='word_1_146' title='bbox 2847 940 2953 997; x_wconf 85' lang='lat' dir='ltr'><strong>Sed</strong></span> <span class='ocrx_word' id='word_1_147' title='bbox 2991 940 3236 1010; x_wconf 90' lang='lat' dir='ltr'><strong>quandiu</strong></span> <span class='ocrx_word' id='word_1_148' title='bbox 3282 939 3525 1010; x_wconf 67' lang='lat' dir='ltr'><strong>perimus</strong></span> <span class='ocrx_word' id='word_1_149' title='bbox 3569 948 3627 993; x_wconf 87' lang='lat' dir='ltr'><strong>et</strong></span> 
     </span>
    </p>
   </div>
   <div class='ocr_carea' id='block_1_24' title="bbox 2048 1030 3625 1104">
    <p class='ocr_par' dir='ltr' id='par_1_24' title="bbox 2048 1030 3625 1104">
     <span class='ocr_line' id='line_1_24' title="bbox 2048 1030 3625 1104; baseline -0.003 -14"><span class='ocrx_word' id='word_1_150' title='bbox 2048 1033 2389 1104; x_wconf 83' lang='lat' dir='ltr'><strong>concipimus</strong></span> <span class='ocrx_word' id='word_1_151' title='bbox 2421 1042 2712 1104; x_wconf 85' lang='lat' dir='ltr'><strong>corruptas</strong></span> <span class='ocrx_word' id='word_1_152' title='bbox 2751 1032 3131 1103; x_wconf 76' lang='lat' dir='ltr'><strong>cogitationes,</strong></span> <span class='ocrx_word' id='word_1_153' title='bbox 3155 1040 3209 1087; x_wconf 88' lang='lat' dir='ltr'><strong>et</strong></span> <span class='ocrx_word' id='word_1_154' title='bbox 3231 1030 3528 1103; x_wconf 76' lang='lat' dir='ltr'><strong>gaudemus</strong></span> <span class='ocrx_word' id='word_1_155' title='bbox 3568 1041 3625 1086; x_wconf 90' lang='lat' dir='ltr'><strong>et</strong></span> 
     </span>
    </p>
   </div>
   <div class='ocr_carea' id='block_1_25' title="bbox 2047 1123 3626 1199">
    <p class='ocr_par' dir='ltr' id='par_1_25' title="bbox 2047 1123 3626 1199">
     <span class='ocr_line' id='line_1_25' title="bbox 2047 1123 3626 1199; baseline -0.003 -19"><span class='ocrx_word' id='word_1_156' title='bbox 2047 1125 2314 1182; x_wconf 62' lang='lat' dir='ltr'><strong>laetamur.</strong></span> <span class='ocrx_word' id='word_1_157' title='bbox 2354 1125 2647 1199; x_wconf 78' lang='lat' dir='ltr'><strong>Postquam</strong></span> <span class='ocrx_word' id='word_1_158' title='bbox 2676 1134 2856 1182; x_wconf 89' lang='lat' dir='ltr'><strong>autem</strong></span> <span class='ocrx_word' id='word_1_159' title='bbox 2882 1126 3195 1195; x_wconf 80' lang='lat' dir='ltr'><strong>peperimus</strong></span> <span class='ocrx_word' id='word_1_160' title='bbox 3225 1123 3524 1195; x_wconf 86' lang='lat' dir='ltr'><strong>pessimum</strong></span> <span class='ocrx_word' id='word_1_161' title='bbox 3563 1124 3626 1177; x_wconf 90' lang='lat' dir='ltr'><strong>ti-</strong></span> 
     </span>
    </p>
   </div>
   <div class='ocr_carea' id='block_1_26' title="bbox 2046 1213 3622 1288">
    <p class='ocr_par' dir='ltr' id='par_1_26' title="bbox 2046 1213 3622 1288">
     <span class='ocr_line' id='line_1_26' title="bbox 2046 1213 3622 1288; baseline -0.006 -14"><span class='ocrx_word' id='word_1_162' title='bbox 2046 1218 2201 1282; x_wconf 84' lang='lat' dir='ltr'><strong>lium,</strong></span> <span class='ocrx_word' id='word_1_163' title='bbox 2226 1225 2531 1288; x_wconf 82' lang='lat' dir='ltr'><strong>peceatum,</strong></span> <span class='ocrx_word' id='word_1_164' title='bbox 2568 1228 2697 1271; x_wconf 84' lang='lat' dir='ltr'><strong>tunc</strong></span> <span class='ocrx_word' id='word_1_165' title='bbox 2724 1216 2839 1285; x_wconf 81' lang='lat' dir='ltr'><strong>jam</strong></span> <span class='ocrx_word' id='word_1_166' title='bbox 2870 1216 3117 1272; x_wconf 79' lang='lat' dir='ltr'><strong>videntes</strong></span> <span class='ocrx_word' id='word_1_167' title='bbox 3136 1214 3299 1286; x_wconf 78' lang='lat' dir='ltr'><strong>geniti</strong></span> <span class='ocrx_word' id='word_1_168' title='bbox 3326 1213 3622 1269; x_wconf 76' lang='lat' dir='ltr'><strong>lmditatetu</strong></span> 
     </span>
    </p>
   </div>
   <div class='ocr_carea' id='block_1_27' title="bbox 2046 1304 3625 1377">
    <p class='ocr_par' dir='ltr' id='par_1_27' title="bbox 2046 1304 3625 1377">
     <span class='ocr_line' id='line_1_27' title="bbox 2046 1304 3625 1377; baseline -0.001 -17"><span class='ocrx_word' id='word_1_169' title='bbox 2046 1306 2314 1377; x_wconf 84' lang='lat' dir='ltr'><strong>patimur,</strong></span> <span class='ocrx_word' id='word_1_170' title='bbox 2349 1314 2476 1362; x_wconf 88' lang='lat' dir='ltr'><strong>tunc</strong></span> <span class='ocrx_word' id='word_1_171' title='bbox 2506 1305 2776 1361; x_wconf 88' lang='lat' dir='ltr'><strong>credelius</strong></span> <span class='ocrx_word' id='word_1_172' title='bbox 2801 1321 2963 1375; x_wconf 87' lang='lat' dir='ltr'><strong>quam</strong></span> <span class='ocrx_word' id='word_1_173' title='bbox 2986 1306 3345 1375; x_wconf 82' lang='lat' dir='ltr'><strong>parturientes</strong></span> <span class='ocrx_word' id='word_1_174' title='bbox 3370 1304 3625 1359; x_wconf 86' lang='lat' dir='ltr'><strong>mulieres</strong></span> 
     </span>
    </p>
   </div>
   <div class='ocr_carea' id='block_1_28' title="bbox 2045 1394 3623 1467">
    <p class='ocr_par' dir='ltr' id='par_1_28' title="bbox 2045 1394 3623 1467">
     <span class='ocr_line' id='line_1_28' title="bbox 2045 1394 3623 1467; baseline -0.002 -15"><span class='ocrx_word' id='word_1_175' title='bbox 2045 1397 2368 1467; x_wconf 87' lang='lat' dir='ltr'><strong>premimur.</strong></span> <span class='ocrx_word' id='word_1_176' title='bbox 2429 1396 2662 1467; x_wconf 85' lang='lat' dir='ltr'><strong>Propter</strong></span> <span class='ocrx_word' id='word_1_177' title='bbox 2708 1399 2852 1465; x_wconf 88' lang='lat' dir='ltr'><strong>quod</strong></span> <span class='ocrx_word' id='word_1_178' title='bbox 2913 1396 3119 1451; x_wconf 82' lang='lat' dir='ltr'><strong>suadeo</strong></span> <span class='ocrx_word' id='word_1_179' title='bbox 3176 1410 3243 1450; x_wconf 88' lang='lat' dir='ltr'><strong>ue</strong></span> <span class='ocrx_word' id='word_1_180' title='bbox 3294 1394 3623 1465; x_wconf 85' lang='lat' dir='ltr'><strong>accipiamus</strong></span> 
     </span>
    </p>
   </div>
   <div class='ocr_carea' id='block_1_29' title="bbox 2045 1488 3627 1560">
    <p class='ocr_par' dir='ltr' id='par_1_29' title="bbox 2045 1488 3627 1560">
     <span class='ocr_line' id='line_1_29' title="bbox 2045 1488 3627 1560; baseline -0.001 -17"><span class='ocrx_word' id='word_1_181' title='bbox 2045 1489 2288 1560; x_wconf 86' lang='lat' dir='ltr'><strong>quidem,</strong></span> <span class='ocrx_word' id='word_1_182' title='bbox 2311 1489 2612 1559; x_wconf 67' lang='lat' dir='ltr'><strong>praesertim</strong></span> <span class='ocrx_word' id='word_1_183' title='bbox 2645 1489 2701 1544; x_wconf 92' lang='lat' dir='ltr'><strong>ln</strong></span> <span class='ocrx_word' id='word_1_184' title='bbox 2753 1490 3046 1560; x_wconf 90' lang='lat' dir='ltr'><strong>principio,</strong></span> <span class='ocrx_word' id='word_1_185' title='bbox 3077 1488 3405 1544; x_wconf 78' lang='lat' dir='ltr'><strong>desiderium</strong></span> <span class='ocrx_word' id='word_1_186' title='bbox 3435 1503 3627 1544; x_wconf 88' lang='lat' dir='ltr'><strong>corru-</strong></span> 
     </span>
    </p>
   </div>
   <div class='ocr_carea' id='block_1_30' title="bbox 2047 1580 3626 1651">
    <p class='ocr_par' dir='ltr' id='par_1_30' title="bbox 2047 1580 3626 1651">
     <span class='ocr_line' id='line_1_30' title="bbox 2047 1580 3626 1651; baseline -0.001 -15"><span class='ocrx_word' id='word_1_187' title='bbox 2047 1590 2221 1651; x_wconf 92' lang='lat' dir='ltr'><strong>ptum.</strong></span> <span class='ocrx_word' id='word_1_188' title='bbox 2260 1581 2317 1637; x_wconf 90' lang='lat' dir='ltr'><strong>Si</strong></span> <span class='ocrx_word' id='word_1_189' title='bbox 2355 1590 2536 1637; x_wconf 86' lang='lat' dir='ltr'><strong>autem</strong></span> <span class='ocrx_word' id='word_1_190' title='bbox 2567 1580 2678 1651; x_wconf 82' lang='lat' dir='ltr'><strong>iam</strong></span> <span class='ocrx_word' id='word_1_191' title='bbox 2712 1581 3109 1651; x_wconf 86' lang='lat' dir='ltr'><strong>acceperimus,</strong></span> <span class='ocrx_word' id='word_1_192' title='bbox 3155 1594 3343 1636; x_wconf 88' lang='lat' dir='ltr'><strong>semen</strong></span> <span class='ocrx_word' id='word_1_193' title='bbox 3385 1581 3438 1635; x_wconf 87' lang='lat' dir='ltr'><strong>in</strong></span> <span class='ocrx_word' id='word_1_194' title='bbox 3469 1580 3626 1636; x_wconf 85' lang='lat' dir='ltr'><strong>nobis</strong></span> 
     </span>
    </p>
   </div>
   <div class='ocr_carea' id='block_1_31' title="bbox 2047 1670 3627 1740">
    <p class='ocr_par' dir='ltr' id='par_1_31' title="bbox 2047 1670 3627 1740">
     <span class='ocr_line' id='line_1_31' title="bbox 2047 1670 3627 1740; baseline 0 -15"><span class='ocrx_word' id='word_1_195' title='bbox 2047 1671 2469 1739; x_wconf 77' lang='lat' dir='ltr'><strong>reslinguamus.</strong></span> <span class='ocrx_word' id='word_1_196' title='bbox 2501 1671 2656 1738; x_wconf 88' lang='lat' dir='ltr'><strong>Quod</strong></span> <span class='ocrx_word' id='word_1_197' title='bbox 2681 1671 2727 1726; x_wconf 90' lang='lat' dir='ltr'><strong>si</strong></span> <span class='ocrx_word' id='word_1_198' title='bbox 2757 1686 2887 1727; x_wconf 91' lang='lat' dir='ltr'><strong>vero</strong></span> <span class='ocrx_word' id='word_1_199' title='bbox 2918 1685 3094 1740; x_wconf 86' lang='lat' dir='ltr'><strong>usque</strong></span> <span class='ocrx_word' id='word_1_200' title='bbox 3119 1671 3261 1725; x_wconf 85' lang='lat' dir='ltr'><strong>adeo</strong></span> <span class='ocrx_word' id='word_1_201' title='bbox 3294 1670 3627 1740; x_wconf 74' lang='lat' dir='ltr'><strong>negligentes</strong></span> 
     </span>
    </p>
   </div>
   <div class='ocr_carea' id='block_1_32' title="bbox 359 1762 1943 1884">
    <p class='ocr_par' dir='ltr' id='par_1_32' title="bbox 359 1762 1943 1858">
     <span class='ocr_line' id='line_1_32' title="bbox 359 1762 1943 1858; baseline -0.003 -19"><span class='ocrx_word' id='word_1_202' title='bbox 359 1762 529 1858; x_wconf 80' lang='grc' dir='ltr'>ματα.</span> <span class='ocrx_word' id='word_1_203' title='bbox 560 1786 622 1839; x_wconf 88' lang='lat' dir='ltr'><strong>Ei</strong></span> <span class='ocrx_word' id='word_1_204' title='bbox 672 1785 730 1839; x_wconf 80' lang='grc' dir='ltr'>δὲ</span> <span class='ocrx_word' id='word_1_205' title='bbox 759 1787 856 1840; x_wconf 56' lang='grc' dir='ltr'><strong>καί¹</strong></span> <span class='ocrx_word' id='word_1_206' title='bbox 888 1762 1050 1857; x_wconf 41' lang='grc' dir='ltr'>μέχρι</span> <span class='ocrx_word' id='word_1_207' title='bbox 1075 1785 1270 1840; x_wconf 87' lang='grc' dir='ltr'>τούτου</span> <span class='ocrx_word' id='word_1_208' title='bbox 1314 1784 1747 1858; x_wconf 78' lang='grc' dir='ltr'>ρᾳθυμήσωμεν,</span> <span class='ocrx_word' id='word_1_209' title='bbox 1792 1782 1943 1849; x_wconf 78' lang='grc' dir='ltr'>ἔξελ-</span> 
     </span>
    </p>
   </div>
   <div class='ocr_carea' id='block_1_33' title="bbox 2045 1762 3625 1884">
    <p class='ocr_par' dir='ltr' id='par_1_33' title="bbox 2049 1762 3625 1884">
     <span class='ocr_line' id='line_1_33' title="bbox 2049 1762 3625 1834; baseline 0.001 -19"><span class='ocrx_word' id='word_1_210' title='bbox 2049 1763 2311 1819; x_wconf 85' lang='lat' dir='ltr'><strong>l&#39;uerimus</strong></span> <span class='ocrx_word' id='word_1_211' title='bbox 2341 1772 2399 1818; x_wconf 92' lang='lat' dir='ltr'><strong>ut</strong></span> <span class='ocrx_word' id='word_1_212' title='bbox 2425 1762 2537 1831; x_wconf 87' lang='lat' dir='ltr'><strong>jam</strong></span> <span class='ocrx_word' id='word_1_213' title='bbox 2569 1763 2806 1820; x_wconf 87' lang='lat' dir='ltr'><strong>creverit</strong></span> <span class='ocrx_word' id='word_1_214' title='bbox 2827 1764 2879 1818; x_wconf 93' lang='lat' dir='ltr'><strong>in</strong></span> <span class='ocrx_word' id='word_1_215' title='bbox 2908 1778 3045 1834; x_wconf 88' lang='lat' dir='ltr'><strong>opus</strong></span> <span class='ocrx_word' id='word_1_216' title='bbox 3073 1770 3382 1831; x_wconf 88' lang='lat' dir='ltr'><strong>peccatum,</strong></span> <span class='ocrx_word' id='word_1_217' title='bbox 3407 1777 3625 1817; x_wconf 87' lang='lat' dir='ltr'><strong>rursum</strong></span> 
     </span>
     <span class='ocr_line' id='line_1_34' title="bbox 2049 1854 3625 1884; baseline 0 0"><span class='ocrx_word' id='word_1_218' title='bbox 2049 1857 2178 1884; x_wconf 75' lang='lat' dir='ltr'><strong>:ll...l</strong></span> <span class='ocrx_word' id='word_1_219' title='bbox 2235 1856 2628 1884; x_wconf 61' lang='grc' dir='ltr'><strong>ξηιλ-Ωιιειιηι..-</strong></span> <span class='ocrx_word' id='word_1_220' title='bbox 2695 1854 3014 1884; x_wconf 68' lang='grc' dir='ltr'><strong>,ιιι-..ι’..-ἶιυυι</strong></span> <span class='ocrx_word' id='word_1_221' title='bbox 3083 1855 3337 1884; x_wconf 63' lang='grc' dir='ltr'><strong>Ιηιηηηκῖη</strong></span> <span class='ocrx_word' id='word_1_222' title='bbox 3399 1863 3449 1884; x_wconf 66' lang='grc' dir='ltr'><strong>Δ.</strong></span> <span class='ocrx_word' id='word_1_223' title='bbox 3483 1854 3625 1884; x_wconf 66' lang='grc' dir='ltr'><strong>ἶΙΙῖιιο</strong></span> 
     </span>
    </p>
   </div>
   <div class='ocr_carea' id='block_1_34' title="bbox 357 1854 1943 1951">
    <p class='ocr_par' dir='ltr' id='par_1_34' title="bbox 357 1854 1943 1951">
     <span class='ocr_line' id='line_1_35' title="bbox 357 1854 1943 1951; baseline -0.004 -17"><span class='ocrx_word' id='word_1_224' title='bbox 357 1854 557 1934; x_wconf 79' lang='grc' dir='ltr'>θοῦσαν</span> <span class='ocrx_word' id='word_1_225' title='bbox 588 1881 670 1944; x_wconf 81' lang='grc' dir='ltr'><strong>είς</strong></span> <span class='ocrx_word' id='word_1_226' title='bbox 718 1854 1023 1951; x_wconf 38' lang='grc' dir='ltr'>ἔργον-τῆν</span> <span class='ocrx_word' id='word_1_227' title='bbox 1067 1854 1372 1951; x_wconf 28' lang='grc' dir='ltr'>ἁμαρτίαν*</span> <span class='ocrx_word' id='word_1_228' title='bbox 1399 1854 1722 1932; x_wconf 70' lang='grc' dir='ltr'>ἀποκτείναι</span> <span class='ocrx_word' id='word_1_229' title='bbox 1778 1875 1943 1930; x_wconf 83' lang='grc' dir='ltr'>πάλιν</span> 
     </span>
    </p>
   </div>
   <div class='ocr_carea' id='block_1_35' title="bbox 2045 1854 3627 1951">
    <p class='ocr_par' dir='ltr' id='par_1_35' title="bbox 2049 1854 3627 1924">
     <span class='ocr_line' id='line_1_36' title="bbox 2049 1854 3627 1924; baseline -0.002 -12"><span class='ocrx_word' id='word_1_230' title='bbox 2049 1857 2179 1912; x_wconf 92' lang='lat' dir='ltr'><strong>illud</strong></span> <span class='ocrx_word' id='word_1_231' title='bbox 2235 1856 2629 1912; x_wconf 81' lang='lat' dir='ltr'><strong>interﬁciamus</strong></span> <span class='ocrx_word' id='word_1_232' title='bbox 2692 1854 3036 1921; x_wconf 81' lang='lat' dir='ltr'><strong>confusione,</strong></span> <span class='ocrx_word' id='word_1_233' title='bbox 3083 1855 3361 1924; x_wconf 87' lang='lat' dir='ltr'><strong>lacrymis,</strong></span> <span class='ocrx_word' id='word_1_234' title='bbox 3398 1863 3455 1911; x_wconf 92' lang='lat' dir='ltr'><strong>et</strong></span> <span class='ocrx_word' id='word_1_235' title='bbox 3483 1854 3627 1910; x_wconf 89' lang='lat' dir='ltr'><strong>illius</strong></span> 
     </span>
    </p>
   </div>
   <div class='ocr_carea' id='block_1_36' title="bbox 355 1969 1944 2043">
    <p class='ocr_par' dir='ltr' id='par_1_36' title="bbox 355 1969 1944 2043">
     <span class='ocr_line' id='line_1_37' title="bbox 355 1969 1944 2043; baseline -0.004 -16"><span class='ocrx_word' id='word_1_236' title='bbox 355 1973 427 2027; x_wconf 83' lang='grc' dir='ltr'>δι’</span> <span class='ocrx_word' id='word_1_237' title='bbox 457 1971 901 2043; x_wconf 76' lang='grc' dir='ltr'>ἐξομολογήσεως</span> <span class='ocrx_word' id='word_1_238' title='bbox 931 1972 1025 2027; x_wconf 76' lang='grc' dir='ltr'><strong>καὶ</strong></span> <span class='ocrx_word' id='word_1_239' title='bbox 1058 1970 1335 2041; x_wconf 85' lang='grc' dir='ltr'>δακρύων,</span> <span class='ocrx_word' id='word_1_240' title='bbox 1366 1970 1456 2025; x_wconf 84' lang='grc' dir='ltr'><strong>διὰ</strong></span> <span class='ocrx_word' id='word_1_241' title='bbox 1484 1969 1581 2023; x_wconf 81' lang='grc' dir='ltr'>τοῦ</span> <span class='ocrx_word' id='word_1_242' title='bbox 1614 1970 1944 2041; x_wconf 84' lang='grc' dir='ltr'>κατηγορεῖν</span> 
     </span>
    </p>
   </div>
   <div class='ocr_carea' id='block_1_37' title="bbox 356 2059 1945 2135">
    <p class='ocr_par' dir='ltr' id='par_1_37' title="bbox 356 2059 1945 2135">
     <span class='ocr_line' id='line_1_38' title="bbox 356 2059 1945 2135; baseline -0.003 -19"><span class='ocrx_word' id='word_1_243' title='bbox 356 2063 572 2118; x_wconf 74' lang='grc' dir='ltr'>ἑαυτοῦ·</span> <span class='ocrx_word' id='word_1_244' title='bbox 599 2063 753 2117; x_wconf 79' lang='grc' dir='ltr'>οὐδὲν</span> <span class='ocrx_word' id='word_1_245' title='bbox 781 2061 890 2135; x_wconf 84' lang='grc' dir='ltr'><strong>γὰρ</strong></span> <span class='ocrx_word' id='word_1_246' title='bbox 917 2061 1090 2127; x_wconf 80' lang='grc' dir='ltr'>οὕτως</span> <span class='ocrx_word' id='word_1_247' title='bbox 1118 2062 1362 2134; x_wconf 78' lang='grc' dir='ltr'>ὀλέθριον</span> <span class='ocrx_word' id='word_1_248' title='bbox 1391 2059 1781 2133; x_wconf 81' lang='grc' dir='ltr'>ἁμαρτίας,ὠς</span> <span class='ocrx_word' id='word_1_249' title='bbox 1814 2075 1945 2113; x_wconf 89' lang='grc' dir='ltr'>κατ-</span> 
     </span>
    </p>
   </div>
   <div class='ocr_carea' id='block_1_38' title="bbox 356 2155 1088 2227">
    <p class='ocr_par' dir='ltr' id='par_1_38' title="bbox 356 2155 1088 2227">
     <span class='ocr_line' id='line_1_39' title="bbox 356 2155 1088 2227; baseline 0.003 -19"><span class='ocrx_word' id='word_1_250' title='bbox 356 2156 557 2227; x_wconf 85' lang='grc' dir='ltr'>ηγορία</span> <span class='ocrx_word' id='word_1_251' title='bbox 592 2156 687 2209; x_wconf 71' lang='grc' dir='ltr'>καὶ</span> <span class='ocrx_word' id='word_1_252' title='bbox 715 2155 1088 2223; x_wconf 80' lang='grc' dir='ltr'>κατάγνωσις.</span> 
     </span>
    </p>
   </div>
   <div class='ocr_carea' id='block_1_39' title="bbox 429 2242 1943 2315">
    <p class='ocr_par' dir='ltr' id='par_1_39' title="bbox 429 2242 1943 2315">
     <span class='ocr_line' id='line_1_40' title="bbox 429 2242 1943 2315; baseline -0.002 -17"><span class='ocrx_word' id='word_1_253' title='bbox 429 2247 732 2315; x_wconf 83' lang='grc' dir='ltr'>Θρησκεία</span> <span class='ocrx_word' id='word_1_254' title='bbox 777 2245 1005 2315; x_wconf 83' lang='grc' dir='ltr'>καθαρὰ</span> <span class='ocrx_word' id='word_1_255' title='bbox 1046 2244 1143 2299; x_wconf 74' lang='grc' dir='ltr'><strong>καί</strong></span> <span class='ocrx_word' id='word_1_256' title='bbox 1172 2245 1458 2315; x_wconf 81' lang='grc' dir='ltr'>ἀμίαντος</span> <span class='ocrx_word' id='word_1_257' title='bbox 1485 2242 1644 2312; x_wconf 79' lang='grc' dir='ltr'>παρὰ</span> <span class='ocrx_word' id='word_1_258' title='bbox 1694 2242 1816 2308; x_wconf 84' lang='grc' dir='ltr'><strong>Θεῷ</strong></span> <span class='ocrx_word' id='word_1_259' title='bbox 1843 2242 1943 2295; x_wconf 77' lang='grc' dir='ltr'>καὶ</span> 
     </span>
    </p>
   </div>
   <div class='ocr_carea' id='block_1_40' title="bbox 355 2335 1940 2407">
    <p class='ocr_par' dir='ltr' id='par_1_40' title="bbox 355 2335 1940 2407">
     <span class='ocr_line' id='line_1_41' title="bbox 355 2335 1940 2407; baseline -0.002 -14"><span class='ocrx_word' id='word_1_260' title='bbox 355 2338 542 2406; x_wconf 65' lang='lat' dir='ltr'><strong>Harp!</strong></span> <span class='ocrx_word' id='word_1_261' title='bbox 589 2338 741 2407; x_wconf 83' lang='grc' dir='ltr'>αῦτη</span> <span class='ocrx_word' id='word_1_262' title='bbox 767 2339 961 2403; x_wconf 79' lang='grc' dir='ltr'>ἐστὶν,</span> <span class='ocrx_word' id='word_1_263' title='bbox 986 2336 1456 2393; x_wconf 80' lang='grc' dir='ltr'>ἐπισκέπτεσθαι</span> <span class='ocrx_word' id='word_1_264' title='bbox 1501 2335 1804 2405; x_wconf 69' lang='grc' dir='ltr'>ὀρφανοὺς</span> <span class='ocrx_word' id='word_1_265' title='bbox 1837 2336 1940 2390; x_wconf 74' lang='grc' dir='ltr'><strong>καί</strong></span> 
     </span>
    </p>
   </div>
   <div class='ocr_carea' id='block_1_41' title="bbox 355 2428 1939 2500">
    <p class='ocr_par' dir='ltr' id='par_1_41' title="bbox 355 2428 1939 2500">
     <span class='ocr_line' id='line_1_42' title="bbox 355 2428 1939 2500; baseline -0.012 0"><span class='ocrx_word' id='word_1_266' title='bbox 355 2431 551 2499; x_wconf 78' lang='grc' dir='ltr'>χήρας</span> <span class='ocrx_word' id='word_1_267' title='bbox 578 2430 646 2483; x_wconf 75' lang='grc' dir='ltr'>ἐν</span> <span class='ocrx_word' id='word_1_268' title='bbox 686 2430 759 2500; x_wconf 76' lang='grc' dir='ltr'><strong>τῇ</strong></span> <span class='ocrx_word' id='word_1_269' title='bbox 790 2432 996 2500; x_wconf 70' lang='grc' dir='ltr'>θλίψει</span> <span class='ocrx_word' id='word_1_270' title='bbox 1028 2428 1247 2497; x_wconf 80' lang='grc' dir='ltr'>αὐτῶν,</span> <span class='ocrx_word' id='word_1_271' title='bbox 1276 2429 1543 2484; x_wconf 75' lang='grc' dir='ltr'>ἄσπιλον</span> <span class='ocrx_word' id='word_1_272' title='bbox 1589 2429 1810 2483; x_wconf 79' lang='grc' dir='ltr'>ἑαυτὸν</span> <span class='ocrx_word' id='word_1_273' title='bbox 1837 2446 1939 2497; x_wconf 84' lang='grc' dir='ltr'><strong>τη-</strong></span> 
     </span>
    </p>
   </div>
   <div class='ocr_carea' id='block_1_42' title="bbox 349 2522 1054 2593">
    <p class='ocr_par' dir='ltr' id='par_1_42' title="bbox 349 2522 1054 2593">
     <span class='ocr_line' id='line_1_43' title="bbox 349 2522 1054 2593; baseline 0.001 -17"><span class='ocrx_word' id='word_1_274' title='bbox 349 2522 485 2591; x_wconf 82' lang='grc' dir='ltr'>ρεῖν</span> <span class='ocrx_word' id='word_1_275' title='bbox 513 2523 631 2577; x_wconf 84' lang='grc' dir='ltr'><strong>ἀπὸ</strong></span> <span class='ocrx_word' id='word_1_276' title='bbox 668 2523 772 2577; x_wconf 83' lang='grc' dir='ltr'>τοῦ</span> <span class='ocrx_word' id='word_1_277' title='bbox 800 2525 1054 2593; x_wconf 81' lang='grc' dir='ltr'>κόσμου.</span> 
     </span>
    </p>
   </div>
   <div class='ocr_carea' id='block_1_43' title="bbox 428 2608 1938 2685">
    <p class='ocr_par' dir='ltr' id='par_1_43' title="bbox 428 2608 1938 2685">
     <span class='ocr_line' id='line_1_44' title="bbox 428 2608 1938 2685; baseline -0.002 -17"><span class='ocrx_word' id='word_1_278' title='bbox 428 2615 601 2668; x_wconf 82' lang='grc' dir='ltr'>Τοῦτό</span> <span class='ocrx_word' id='word_1_279' title='bbox 633 2616 806 2680; x_wconf 82' lang='grc' dir='ltr'>ἐστιν,</span> <span class='ocrx_word' id='word_1_280' title='bbox 839 2608 884 2683; x_wconf 79' lang='grc' dir='ltr'>ᾧ</span> <span class='ocrx_word' id='word_1_281' title='bbox 917 2614 1231 2681; x_wconf 76' lang='grc' dir='ltr'>ἐξισοῦσθαι</span> <span class='ocrx_word' id='word_1_282' title='bbox 1252 2612 1532 2685; x_wconf 68' lang='grc' dir='ltr'>δυιάμεθα</span> <span class='ocrx_word' id='word_1_283' title='bbox 1561 2612 1640 2684; x_wconf 85' lang='grc' dir='ltr'><strong>τῷ</strong></span> <span class='ocrx_word' id='word_1_284' title='bbox 1670 2610 1791 2682; x_wconf 88' lang='grc' dir='ltr'><strong>Θεῷ</strong></span> <span class='ocrx_word' id='word_1_285' title='bbox 1815 2610 1894 2681; x_wconf 78' lang='grc' dir='ltr'><strong>τῷ</strong></span> <span class='ocrx_word' id='word_1_286' title='bbox 1917 2611 1938 2644; x_wconf 86' lang='grc'><strong>⁷</strong></span> 
     </span>
    </p>
   </div>
   <div class='ocr_carea' id='block_1_44' title="bbox 356 2703 1937 2778">
    <p class='ocr_par' dir='ltr' id='par_1_44' title="bbox 356 2703 1937 2778">
     <span class='ocr_line' id='line_1_45' title="bbox 356 2703 1937 2778; baseline -0.001 -19"><span class='ocrx_word' id='word_1_287' title='bbox 356 2707 530 2760; x_wconf 75' lang='grc' dir='ltr'>ἐλεεῖν</span> <span class='ocrx_word' id='word_1_288' title='bbox 560 2707 655 2761; x_wconf 76' lang='grc' dir='ltr'><strong>καὶ</strong></span> <span class='ocrx_word' id='word_1_289' title='bbox 684 2706 1001 2778; x_wconf 76' lang='grc' dir='ltr'>οἰκτείρειν.</span> <span class='ocrx_word' id='word_1_290' title='bbox 1034 2709 1207 2762; x_wconf 79' lang='grc' dir='ltr'>Ὅταν</span> <span class='ocrx_word' id='word_1_291' title='bbox 1253 2703 1348 2761; x_wconf 78' lang='grc' dir='ltr'><strong>οὖν</strong></span> <span class='ocrx_word' id='word_1_292' title='bbox 1385 2704 1546 2760; x_wconf 82' lang='grc' dir='ltr'>τοῦτο</span> <span class='ocrx_word' id='word_1_293' title='bbox 1579 2705 1655 2777; x_wconf 82' lang='grc' dir='ltr'>μὴ</span> <span class='ocrx_word' id='word_1_294' title='bbox 1699 2704 1937 2776; x_wconf 87' lang='grc' dir='ltr'>ἔχωμεν,</span> 
     </span>
    </p>
   </div>
   <div class='ocr_carea' id='block_1_45' title="bbox 352 2795 1939 2871">
    <p class='ocr_par' dir='ltr' id='par_1_45' title="bbox 352 2795 1939 2871">
     <span class='ocr_line' id='line_1_46' title="bbox 352 2795 1939 2871; baseline -0.001 -20"><span class='ocrx_word' id='word_1_295' title='bbox 352 2797 449 2851; x_wconf 78' lang='grc' dir='ltr'>τοῦ</span> <span class='ocrx_word' id='word_1_296' title='bbox 479 2798 682 2862; x_wconf 76' lang='grc' dir='ltr'>παντὸς</span> <span class='ocrx_word' id='word_1_297' title='bbox 710 2798 1161 2871; x_wconf 85' lang='grc' dir='ltr'>ἀπεστερήμεθα.</span> <span class='ocrx_word' id='word_1_298' title='bbox 1198 2799 1312 2853; x_wconf 81' lang='grc' dir='ltr'>Οὐκ</span> <span class='ocrx_word' id='word_1_299' title='bbox 1336 2795 1512 2862; x_wconf 83' lang='grc' dir='ltr'>εἶπεν,</span> <span class='ocrx_word' id='word_1_300' title='bbox 1560 2798 1688 2852; x_wconf 74' lang='grc' dir='ltr'>Ἐὰν</span> <span class='ocrx_word' id='word_1_301' title='bbox 1717 2796 1939 2867; x_wconf 81' lang='grc' dir='ltr'>νηστεύ-</span> 
     </span>
    </p>
   </div>
   <div class='ocr_carea' id='block_1_46' title="bbox 357 2889 1938 2966">
    <p class='ocr_par' dir='ltr' id='par_1_46' title="bbox 357 2889 1938 2966">
     <span class='ocr_line' id='line_1_47' title="bbox 357 2889 1938 2966; baseline 0 -23"><span class='ocrx_word' id='word_1_302' title='bbox 357 2907 487 2961; x_wconf 86' lang='grc' dir='ltr'>σητε</span> <span class='ocrx_word' id='word_1_303' title='bbox 509 2890 688 2962; x_wconf 83' lang='grc' dir='ltr'>ὅμοιοί</span> <span class='ocrx_word' id='word_1_304' title='bbox 718 2892 842 2945; x_wconf 78' lang='grc' dir='ltr'>ἔστε</span> <span class='ocrx_word' id='word_1_305' title='bbox 868 2892 948 2963; x_wconf 82' lang='grc' dir='ltr'>τῷ</span> <span class='ocrx_word' id='word_1_306' title='bbox 978 2892 1156 2966; x_wconf 72' lang='grc' dir='ltr'>Πατρὶ</span> <span class='ocrx_word' id='word_1_307' title='bbox 1191 2892 1366 2962; x_wconf 79' lang='grc' dir='ltr'>ὑμῶν’</span> <span class='ocrx_word' id='word_1_308' title='bbox 1406 2892 1560 2945; x_wconf 76' lang='grc' dir='ltr'>οὐδὲν</span> <span class='ocrx_word' id='word_1_309' title='bbox 1585 2890 1697 2963; x_wconf 84' lang='grc' dir='ltr'>γὰρ</span> <span class='ocrx_word' id='word_1_310' title='bbox 1728 2889 1938 2943; x_wconf 86' lang='grc' dir='ltr'>τούτων</span> 
     </span>
    </p>
   </div>
   <div class='ocr_carea' id='block_1_47' title="bbox 355 2981 1939 3056">
    <p class='ocr_par' dir='ltr' id='par_1_47' title="bbox 355 2981 1939 3056">
     <span class='ocr_line' id='line_1_48' title="bbox 355 2981 1939 3056; baseline 0 -21"><span class='ocrx_word' id='word_1_311' title='bbox 355 2982 549 3053; x_wconf 72' lang='grc' dir='ltr'>παρὰδ</span> <span class='ocrx_word' id='word_1_312' title='bbox 579 2981 736 3048; x_wconf 78' lang='grc' dir='ltr'>Θεὸν,</span> <span class='ocrx_word' id='word_1_313' title='bbox 767 2982 892 3037; x_wconf 80' lang='grc' dir='ltr'>οὐδὲ</span> <span class='ocrx_word' id='word_1_314' title='bbox 918 2984 1209 3056; x_wconf 76' lang='grc' dir='ltr'>ἐργάζεται</span> <span class='ocrx_word' id='word_1_315' title='bbox 1238 3002 1291 3038; x_wconf 88' lang='grc' dir='ltr'><strong>τι</strong></span> <span class='ocrx_word' id='word_1_316' title='bbox 1325 2982 1531 3037; x_wconf 84' lang='grc' dir='ltr'>τούτων</span> <span class='ocrx_word' id='word_1_317' title='bbox 1559 2982 1589 3035; x_wconf 88' lang='grc' dir='ltr'><strong>ό</strong></span> <span class='ocrx_word' id='word_1_318' title='bbox 1612 2982 1769 3045; x_wconf 80' lang='grc' dir='ltr'>Θεὸς,</span> <span class='ocrx_word' id='word_1_319' title='bbox 1802 2981 1939 3036; x_wconf 78' lang='grc' dir='ltr'>ἀλλὰ</span> 
     </span>
    </p>
   </div>
   <div class='ocr_carea' id='block_1_48' title="bbox 352 3072 1939 3146">
    <p class='ocr_par' dir='ltr' id='par_1_48' title="bbox 352 3072 1939 3146">
     <span class='ocr_line' id='line_1_49' title="bbox 352 3072 1939 3146; baseline -0.001 -19"><span class='ocrx_word' id='word_1_320' title='bbox 352 3075 445 3142; x_wconf 76' lang='grc' dir='ltr'><strong>τίς</strong></span> <span class='ocrx_word' id='word_1_321' title='bbox 480 3076 737 3131; x_wconf 83' lang='grc' dir='ltr'>Γίνεσθε</span> <span class='ocrx_word' id='word_1_322' title='bbox 765 3077 1141 3146; x_wconf 68' lang='grc' dir='ltr'>οἰκτίρμονες</span> <span class='ocrx_word' id='word_1_323' title='bbox 1166 3077 1247 3143; x_wconf 88' lang='grc' dir='ltr'>ὠς</span> <span class='ocrx_word' id='word_1_324' title='bbox 1280 3078 1313 3130; x_wconf 83' lang='grc' dir='ltr'><strong>ό</strong></span> <span class='ocrx_word' id='word_1_325' title='bbox 1338 3075 1541 3146; x_wconf 79' lang='grc' dir='ltr'>Πατὴρ</span> <span class='ocrx_word' id='word_1_326' title='bbox 1568 3074 1738 3144; x_wconf 84' lang='grc' dir='ltr'>ὑμῶν</span> <span class='ocrx_word' id='word_1_327' title='bbox 1759 3074 1781 3106; x_wconf 82' lang='grc'><strong>⁹</strong></span> <span class='ocrx_word' id='word_1_328' title='bbox 1809 3075 1843 3128; x_wconf 86' lang='grc' dir='ltr'><strong>ό</strong></span> <span class='ocrx_word' id='word_1_329' title='bbox 1867 3072 1939 3127; x_wconf 78' lang='grc' dir='ltr'>ἐν</span> 
     </span>
    </p>
   </div>
   <div class='ocr_carea' id='block_1_49' title="bbox 2046 1947 3625 2017">
    <p class='ocr_par' dir='ltr' id='par_1_49' title="bbox 2046 1947 3625 2017">
     <span class='ocr_line' id='line_1_50' title="bbox 2046 1947 3625 2017; baseline -0.002 -14"><span class='ocrx_word' id='word_1_330' title='bbox 2046 1948 2413 2005; x_wconf 83' lang='lat' dir='ltr'><strong>accusatione.</strong></span> <span class='ocrx_word' id='word_1_331' title='bbox 2439 1947 2585 2003; x_wconf 82' lang='lat' dir='ltr'><strong>Nihil</strong></span> <span class='ocrx_word' id='word_1_332' title='bbox 2612 1949 2758 2003; x_wconf 92' lang='lat' dir='ltr'><strong>enim</strong></span> <span class='ocrx_word' id='word_1_333' title='bbox 2790 1949 2862 2001; x_wconf 89' lang='lat' dir='ltr'><strong>ita</strong></span> <span class='ocrx_word' id='word_1_334' title='bbox 2892 1947 3099 2017; x_wconf 84' lang='lat' dir='ltr'><strong>peccati</strong></span> <span class='ocrx_word' id='word_1_335' title='bbox 3128 1947 3438 2003; x_wconf 88' lang='lat' dir='ltr'><strong>destructor</strong></span> <span class='ocrx_word' id='word_1_336' title='bbox 3482 1947 3625 2003; x_wconf 89' lang='lat' dir='ltr'><strong>sicut</strong></span> 
     </span>
    </p>
   </div>
   <div class='ocr_carea' id='block_1_50' title="bbox 2047 2039 2908 2098">
    <p class='ocr_par' dir='ltr' id='par_1_50' title="bbox 2047 2039 2908 2098">
     <span class='ocr_line' id='line_1_51' title="bbox 2047 2039 2908 2098; baseline -0.003 -1"><span class='ocrx_word' id='word_1_337' title='bbox 2047 2050 2098 2097; x_wconf 87' lang='lat' dir='ltr'><strong>et</strong></span> <span class='ocrx_word' id='word_1_338' title='bbox 2120 2041 2395 2098; x_wconf 84' lang='lat' dir='ltr'><strong>accusatio</strong></span> <span class='ocrx_word' id='word_1_339' title='bbox 2416 2050 2472 2097; x_wconf 91' lang='lat' dir='ltr'><strong>et</strong></span> <span class='ocrx_word' id='word_1_340' title='bbox 2498 2039 2908 2097; x_wconf 87' lang='lat' dir='ltr'><strong>condemnatio.</strong></span> 
     </span>
    </p>
   </div>
   <div class='ocr_carea' id='block_1_51' title="bbox 2112 2222 3623 2295">
    <p class='ocr_par' dir='ltr' id='par_1_51' title="bbox 2112 2222 3623 2295">
     <span class='ocr_line' id='line_1_52' title="bbox 2112 2222 3623 2295; baseline -0.003 -16"><span class='ocrx_word' id='word_1_341' title='bbox 2112 2224 2277 2282; x_wconf 70' lang='lat' dir='ltr'><strong>Vnus.</strong></span> <span class='ocrx_word' id='word_1_342' title='bbox 2325 2225 2418 2280; x_wconf 73' lang='lat'><strong>27.</strong></span> <span class='ocrx_word' id='word_1_343' title='bbox 2474 2224 2677 2295; x_wconf 81' lang='lat' dir='ltr'><strong>Religio</strong></span> <span class='ocrx_word' id='word_1_344' title='bbox 2731 2223 2931 2277; x_wconf 85' lang='lat' dir='ltr'><strong>munda</strong></span> <span class='ocrx_word' id='word_1_345' title='bbox 2979 2232 3025 2279; x_wconf 88' lang='lat' dir='ltr'><strong>et</strong></span> <span class='ocrx_word' id='word_1_346' title='bbox 3072 2222 3417 2277; x_wconf 81' lang='lat' dir='ltr'><strong>immaculata</strong></span> <span class='ocrx_word' id='word_1_347' title='bbox 3480 2222 3623 2290; x_wconf 84' lang='lat' dir='ltr'><strong>apud</strong></span> 
     </span>
    </p>
   </div>
   <div class='ocr_carea' id='block_1_52' title="bbox 2045 2314 3623 2385">
    <p class='ocr_par' dir='ltr' id='par_1_52' title="bbox 2045 2314 3623 2385">
     <span class='ocr_line' id='line_1_53' title="bbox 2045 2314 3623 2385; baseline -0.004 -10"><span class='ocrx_word' id='word_1_348' title='bbox 2045 2320 2214 2375; x_wconf 80' lang='lat' dir='ltr'><strong>Deum</strong></span> <span class='ocrx_word' id='word_1_349' title='bbox 2246 2328 2295 2375; x_wconf 87' lang='lat' dir='ltr'><strong>et</strong></span> <span class='ocrx_word' id='word_1_350' title='bbox 2320 2318 2540 2373; x_wconf 86' lang='lat' dir='ltr'><strong>Patrem</strong></span> <span class='ocrx_word' id='word_1_351' title='bbox 2566 2318 2677 2374; x_wconf 77' lang='lat' dir='ltr'><strong>lure</strong></span> <span class='ocrx_word' id='word_1_352' title='bbox 2702 2327 2778 2374; x_wconf 84' lang='lat' dir='ltr'><strong>est</strong></span> <span class='ocrx_word' id='word_1_353' title='bbox 2807 2335 2826 2374; x_wconf 92' lang='lat'><strong><em>:</em></strong></span> <span class='ocrx_word' id='word_1_354' title='bbox 2859 2319 3075 2373; x_wconf 70' lang='lat' dir='ltr'><strong>visitare</strong></span> <span class='ocrx_word' id='word_1_355' title='bbox 3105 2318 3291 2371; x_wconf 81' lang='lat' dir='ltr'><strong>viduas</strong></span> <span class='ocrx_word' id='word_1_356' title='bbox 3311 2325 3357 2369; x_wconf 89' lang='lat' dir='ltr'><strong>et</strong></span> <span class='ocrx_word' id='word_1_357' title='bbox 3394 2314 3623 2385; x_wconf 84' lang='lat' dir='ltr'><strong>pupillos</strong></span> 
     </span>
    </p>
   </div>
   <div class='ocr_carea' id='block_1_53' title="bbox 2042 2406 3625 2480">
    <p class='ocr_par' dir='ltr' id='par_1_53' title="bbox 2042 2406 3625 2480">
     <span class='ocr_line' id='line_1_54' title="bbox 2042 2406 3625 2480; baseline -0.003 -14"><span class='ocrx_word' id='word_1_358' title='bbox 2042 2416 2097 2467; x_wconf 87' lang='lat' dir='ltr'><strong>in</strong></span> <span class='ocrx_word' id='word_1_359' title='bbox 2128 2412 2472 2467; x_wconf 74' lang='lat' dir='ltr'><strong>tribulatione</strong></span> <span class='ocrx_word' id='word_1_360' title='bbox 2498 2426 2705 2480; x_wconf 87' lang='lat' dir='ltr'><strong>eorum,</strong></span> <span class='ocrx_word' id='word_1_361' title='bbox 2740 2419 2791 2466; x_wconf 87' lang='lat' dir='ltr'><strong>et</strong></span> <span class='ocrx_word' id='word_1_362' title='bbox 2820 2411 3220 2465; x_wconf 84' lang='lat' dir='ltr'><strong>immaculatum</strong></span> <span class='ocrx_word' id='word_1_363' title='bbox 3249 2426 3306 2464; x_wconf 85' lang='lat' dir='ltr'><strong>se</strong></span> <span class='ocrx_word' id='word_1_364' title='bbox 3356 2406 3625 2463; x_wconf 84' lang='lat' dir='ltr'><strong>custodire</strong></span> 
     </span>
    </p>
   </div>
   <div class='ocr_carea' id='block_1_54' title="bbox 2041 2495 3515 2562">
    <p class='ocr_par' dir='ltr' id='par_1_54' title="bbox 2041 2495 3515 2562">
     <span class='ocr_line' id='line_1_55' title="bbox 2041 2495 3515 2562; baseline 0.001 -4"><span class='ocrx_word' id='word_1_365' title='bbox 2041 2506 2108 2559; x_wconf 88' lang='lat' dir='ltr'><strong>ab</strong></span> <span class='ocrx_word' id='word_1_366' title='bbox 2134 2507 2231 2559; x_wconf 83' lang='lat' dir='ltr'><strong>hoc</strong></span> <span class='ocrx_word' id='word_1_367' title='bbox 2260 2495 2484 2562; x_wconf 13' lang='lat' dir='ltr'><strong>swculo.‘</strong></span> <span class='ocrx_word' id='word_1_368' title='bbox 2612 2524 2613 2529; x_wconf 72' lang='lat'>‘</span> <span class='ocrx_word' id='word_1_369' title='bbox 3514 2516 3515 2519; x_wconf 79' lang='lat'>‘</span> 
     </span>
    </p>
   </div>
   <div class='ocr_carea' id='block_1_55' title="bbox 2111 2589 3627 2665">
    <p class='ocr_par' dir='ltr' id='par_1_55' title="bbox 2111 2589 3627 2665">
     <span class='ocr_line' id='line_1_56' title="bbox 2111 2589 3627 2665; baseline -0.006 -11"><span class='ocrx_word' id='word_1_370' title='bbox 2111 2600 2167 2655; x_wconf 90' lang='lat' dir='ltr'><strong>Id</strong></span> <span class='ocrx_word' id='word_1_371' title='bbox 2193 2608 2297 2665; x_wconf 89' lang='lat' dir='ltr'><strong>est,</strong></span> <span class='ocrx_word' id='word_1_372' title='bbox 2336 2600 2390 2654; x_wconf 90' lang='lat' dir='ltr'><strong>in</strong></span> <span class='ocrx_word' id='word_1_373' title='bbox 2422 2599 2525 2655; x_wconf 91' lang='lat' dir='ltr'><strong>hoc</strong></span> <span class='ocrx_word' id='word_1_374' title='bbox 2548 2597 2760 2654; x_wconf 85' lang='lat' dir='ltr'><strong>similes</strong></span> <span class='ocrx_word' id='word_1_375' title='bbox 2790 2596 2901 2652; x_wconf 89' lang='lat' dir='ltr'><strong>Deo</strong></span> <span class='ocrx_word' id='word_1_376' title='bbox 2930 2595 3046 2651; x_wconf 88' lang='lat' dir='ltr'><strong>lieri</strong></span> <span class='ocrx_word' id='word_1_377' title='bbox 3077 2608 3387 2664; x_wconf 86' lang='lat' dir='ltr'><strong>possumus,</strong></span> <span class='ocrx_word' id='word_1_378' title='bbox 3425 2591 3471 2648; x_wconf 87' lang='lat' dir='ltr'><strong>si</strong></span> <span class='ocrx_word' id='word_1_379' title='bbox 3523 2589 3627 2647; x_wconf 80' lang='lat' dir='ltr'><strong>mi-</strong></span> 
     </span>
    </p>
   </div>
   <div class='ocr_carea' id='block_1_56' title="bbox 2042 2684 3619 2761">
    <p class='ocr_par' dir='ltr' id='par_1_56' title="bbox 2042 2684 3619 2761">
     <span class='ocr_line' id='line_1_57' title="bbox 2042 2684 3619 2761; baseline -0.005 -14"><span class='ocrx_word' id='word_1_380' title='bbox 2042 2707 2289 2749; x_wconf 88' lang='lat' dir='ltr'><strong>seremur</strong></span> <span class='ocrx_word' id='word_1_381' title='bbox 2314 2700 2369 2745; x_wconf 91' lang='lat' dir='ltr'><strong>et</strong></span> <span class='ocrx_word' id='word_1_382' title='bbox 2397 2690 2780 2761; x_wconf 83' lang='lat' dir='ltr'><strong>compatituur.</strong></span> <span class='ocrx_word' id='word_1_383' title='bbox 2809 2687 2865 2743; x_wconf 89' lang='lat' dir='ltr'><strong>Si</strong></span> <span class='ocrx_word' id='word_1_384' title='bbox 2890 2688 3008 2743; x_wconf 69' lang='lat' dir='ltr'><strong>haec</strong></span> <span class='ocrx_word' id='word_1_385' title='bbox 3034 2702 3165 2757; x_wconf 77' lang='lat' dir='ltr'><strong>ergo</strong></span> <span class='ocrx_word' id='word_1_386' title='bbox 3197 2702 3305 2741; x_wconf 90' lang='lat' dir='ltr'><strong>non</strong></span> <span class='ocrx_word' id='word_1_387' title='bbox 3335 2684 3619 2747; x_wconf 88' lang='lat' dir='ltr'><strong>habemus,</strong></span> 
     </span>
    </p>
   </div>
   <div class='ocr_carea' id='block_1_57' title="bbox 2041 2774 3617 2856">
    <p class='ocr_par' dir='ltr' id='par_1_57' title="bbox 2041 2774 3617 2856">
     <span class='ocr_line' id='line_1_58' title="bbox 2041 2774 3617 2856; baseline -0.008 -16"><span class='ocrx_word' id='word_1_388' title='bbox 2041 2786 2109 2840; x_wconf 90' lang='lat' dir='ltr'><strong>ah</strong></span> <span class='ocrx_word' id='word_1_389' title='bbox 2134 2785 2252 2856; x_wconf 92' lang='lat' dir='ltr'><strong>ipso</strong></span> <span class='ocrx_word' id='word_1_390' title='bbox 2285 2783 2508 2839; x_wconf 86' lang='lat' dir='ltr'><strong>omnino</strong></span> <span class='ocrx_word' id='word_1_391' title='bbox 2563 2796 2906 2850; x_wconf 88' lang='lat' dir='ltr'><strong>separamur.</strong></span> <span class='ocrx_word' id='word_1_392' title='bbox 2943 2779 3062 2836; x_wconf 88' lang='lat' dir='ltr'><strong>Non</strong></span> <span class='ocrx_word' id='word_1_393' title='bbox 3109 2778 3285 2834; x_wconf 90' lang='lat' dir='ltr'><strong>dicit:</strong></span> <span class='ocrx_word' id='word_1_394' title='bbox 3317 2776 3377 2831; x_wconf 88' lang='lat' dir='ltr'><strong>Si</strong></span> <span class='ocrx_word' id='word_1_395' title='bbox 3405 2774 3617 2846; x_wconf 82' lang='lat' dir='ltr'><strong>jejuna-</strong></span> 
     </span>
    </p>
   </div>
   <div class='ocr_carea' id='block_1_58' title="bbox 2039 2865 3619 2940">
    <p class='ocr_par' dir='ltr' id='par_1_58' title="bbox 2039 2865 3619 2940">
     <span class='ocr_line' id='line_1_59' title="bbox 2039 2865 3619 2940; baseline -0.008 -9"><span class='ocrx_word' id='word_1_396' title='bbox 2039 2875 2251 2940; x_wconf 87' lang='lat' dir='ltr'><strong>veritis,</strong></span> <span class='ocrx_word' id='word_1_397' title='bbox 2285 2872 2494 2930; x_wconf 86' lang='lat' dir='ltr'><strong>similes</strong></span> <span class='ocrx_word' id='word_1_398' title='bbox 2527 2869 2683 2927; x_wconf 85' lang='lat' dir='ltr'><strong>eritis</strong></span> <span class='ocrx_word' id='word_1_399' title='bbox 2728 2870 2875 2926; x_wconf 86' lang='lat' dir='ltr'><strong>Patri</strong></span> <span class='ocrx_word' id='word_1_400' title='bbox 2908 2878 3113 2937; x_wconf 88' lang='lat' dir='ltr'><strong>vestro,</strong></span> <span class='ocrx_word' id='word_1_401' title='bbox 3148 2867 3282 2923; x_wconf 89' lang='lat' dir='ltr'><strong>nihil</strong></span> <span class='ocrx_word' id='word_1_402' title='bbox 3316 2867 3462 2922; x_wconf 90' lang='lat' dir='ltr'><strong>enim</strong></span> <span class='ocrx_word' id='word_1_403' title='bbox 3514 2865 3619 2919; x_wconf 89' lang='lat' dir='ltr'><strong>tale</strong></span> 
     </span>
    </p>
   </div>
   <div class='ocr_carea' id='block_1_59' title="bbox 2039 2954 3614 3037">
    <p class='ocr_par' dir='ltr' id='par_1_59' title="bbox 2039 2954 3614 3037">
     <span class='ocr_line' id='line_1_60' title="bbox 2039 2954 3614 3037; baseline -0.009 -15"><span class='ocrx_word' id='word_1_404' title='bbox 2039 2967 2176 3037; x_wconf 87' lang='lat' dir='ltr'><strong>apud</strong></span> <span class='ocrx_word' id='word_1_405' title='bbox 2192 2964 2359 3019; x_wconf 88' lang='lat' dir='ltr'><strong>Deum</strong></span> <span class='ocrx_word' id='word_1_406' title='bbox 2386 2977 2485 3019; x_wconf 90' lang='lat' dir='ltr'><strong>nec</strong></span> <span class='ocrx_word' id='word_1_407' title='bbox 2504 2961 2702 3018; x_wconf 88' lang='lat' dir='ltr'><strong>similia</strong></span> <span class='ocrx_word' id='word_1_408' title='bbox 2734 2961 2841 3017; x_wconf 88' lang='lat' dir='ltr'><strong>illis</strong></span> <span class='ocrx_word' id='word_1_409' title='bbox 2860 2969 3148 3032; x_wconf 86' lang='lat' dir='ltr'><strong>operatur;</strong></span> <span class='ocrx_word' id='word_1_410' title='bbox 3167 2957 3261 3014; x_wconf 86' lang='lat' dir='ltr'><strong>sed</strong></span> <span class='ocrx_word' id='word_1_411' title='bbox 3278 2955 3410 3028; x_wconf 91' lang='lat' dir='ltr'><strong>quid</strong></span> <span class='ocrx_word' id='word_1_412' title='bbox 3434 2954 3568 3011; x_wconf 88' lang='lat' dir='ltr'><strong>dicit</strong></span> <span class='ocrx_word' id='word_1_413' title='bbox 3599 2971 3614 3007; x_wconf 93' lang='lat'><strong>:</strong></span> 
     </span>
    </p>
   </div>
   <div class='ocr_carea' id='block_1_60' title="bbox 2041 3046 3619 3122">
    <p class='ocr_par' dir='ltr' id='par_1_60' title="bbox 2041 3046 3619 3122">
     <span class='ocr_line' id='line_1_61' title="bbox 2041 3046 3619 3122; baseline -0.008 -7"><span class='ocrx_word' id='word_1_414' title='bbox 2041 3059 2227 3117; x_wconf 79' lang='lat' dir='ltr'><strong>Estote</strong></span> <span class='ocrx_word' id='word_1_415' title='bbox 2249 3056 2613 3112; x_wconf 78' lang='lat' dir='ltr'><strong>misericordes</strong></span> <span class='ocrx_word' id='word_1_416' title='bbox 2648 3055 2781 3110; x_wconf 80' lang='lat' dir='ltr'><strong>sicut</strong></span> <span class='ocrx_word' id='word_1_417' title='bbox 2804 3064 2852 3109; x_wconf 87' lang='lat' dir='ltr'><strong>et</strong></span> <span class='ocrx_word' id='word_1_418' title='bbox 2885 3053 3049 3108; x_wconf 87' lang='lat' dir='ltr'><strong>Pater</strong></span> <span class='ocrx_word' id='word_1_419' title='bbox 3083 3060 3255 3106; x_wconf 77' lang='lat' dir='ltr'><strong>vester</strong></span> <span class='ocrx_word' id='word_1_420' title='bbox 3274 3050 3365 3122; x_wconf 85' lang='lat' dir='ltr'><strong>qui</strong></span> <span class='ocrx_word' id='word_1_421' title='bbox 3394 3049 3448 3103; x_wconf 85' lang='lat' dir='ltr'><strong>in</strong></span> <span class='ocrx_word' id='word_1_422' title='bbox 3476 3046 3619 3103; x_wconf 71' lang='lat' dir='ltr'><strong>cmlis</strong></span> 
     </span>
    </p>
   </div>
   <div class='ocr_carea' id='block_1_61' title="bbox 355 3142 1943 3238">
    <p class='ocr_par' dir='ltr' id='par_1_61' title="bbox 355 3162 1937 3238">
     <span class='ocr_line' id='line_1_62' title="bbox 355 3162 1937 3238; baseline -0.001 -18"><span class='ocrx_word' id='word_1_423' title='bbox 355 3166 480 3233; x_wconf 81' lang='grc' dir='ltr'>τοῖς</span> <span class='ocrx_word' id='word_1_424' title='bbox 511 3167 815 3237; x_wconf 80' lang='grc' dir='ltr'>οὐρανοῖς.</span> <span class='ocrx_word' id='word_1_425' title='bbox 861 3168 1033 3222; x_wconf 81' lang='grc' dir='ltr'>Τοῦτο</span> <span class='ocrx_word' id='word_1_426' title='bbox 1061 3169 1196 3222; x_wconf 81' lang='grc' dir='ltr'>Θεοῦ</span> <span class='ocrx_word' id='word_1_427' title='bbox 1240 3167 1422 3238; x_wconf 83' lang='grc' dir='ltr'>ἔργον.</span> <span class='ocrx_word' id='word_1_428' title='bbox 1481 3168 1605 3221; x_wconf 85' lang='grc' dir='ltr'><strong>Ἐὰν</strong></span> <span class='ocrx_word' id='word_1_429' title='bbox 1639 3162 1731 3222; x_wconf 79' lang='grc' dir='ltr'><strong>οὖν</strong></span> <span class='ocrx_word' id='word_1_430' title='bbox 1776 3165 1937 3220; x_wconf 78' lang='grc' dir='ltr'>τοῦτο</span> 
     </span>
    </p>
   </div>
   <div class='ocr_carea' id='block_1_62' title="bbox 2045 3142 3623 3238">
    <p class='ocr_par' dir='ltr' id='par_1_62' title="bbox 2045 3142 3623 3219">
     <span class='ocr_line' id='line_1_63' title="bbox 2045 3142 3623 3219; baseline -0.009 -9"><span class='ocrx_word' id='word_1_431' title='bbox 2045 3164 2112 3210; x_wconf 84' lang='lat' dir='ltr'><strong>est</strong></span> <span class='ocrx_word' id='word_1_432' title='bbox 2137 3154 2178 3206; x_wconf 78' lang='grc'><strong>⁸.</strong></span> <span class='ocrx_word' id='word_1_433' title='bbox 2208 3150 2319 3206; x_wconf 83' lang='lat' dir='ltr'><strong>lloc</strong></span> <span class='ocrx_word' id='word_1_434' title='bbox 2342 3150 2435 3205; x_wconf 86' lang='lat' dir='ltr'><strong>Dei</strong></span> <span class='ocrx_word' id='word_1_435' title='bbox 2461 3165 2619 3219; x_wconf 91' lang='lat' dir='ltr'><strong>opus.</strong></span> <span class='ocrx_word' id='word_1_436' title='bbox 2648 3146 2706 3203; x_wconf 90' lang='lat' dir='ltr'><strong>Si</strong></span> <span class='ocrx_word' id='word_1_437' title='bbox 2731 3146 2861 3203; x_wconf 89' lang='lat' dir='ltr'><strong>illud</strong></span> <span class='ocrx_word' id='word_1_438' title='bbox 2881 3160 3011 3216; x_wconf 79' lang='lat' dir='ltr'><strong>ergo</strong></span> <span class='ocrx_word' id='word_1_439' title='bbox 3037 3160 3146 3201; x_wconf 90' lang='lat' dir='ltr'><strong>non</strong></span> <span class='ocrx_word' id='word_1_440' title='bbox 3166 3145 3355 3211; x_wconf 88' lang='lat' dir='ltr'><strong>habes,</strong></span> <span class='ocrx_word' id='word_1_441' title='bbox 3371 3143 3500 3215; x_wconf 90' lang='lat' dir='ltr'><strong>quid</strong></span> <span class='ocrx_word' id='word_1_442' title='bbox 3524 3142 3623 3197; x_wconf 82' lang='lat' dir='ltr'><strong>ha-</strong></span> 
     </span>
    </p>
   </div>
   <div class='ocr_carea' id='block_1_63' title="bbox 359 3256 1937 3401">
    <p class='ocr_par' dir='ltr' id='par_1_63' title="bbox 359 3256 1937 3401">
     <span class='ocr_line' id='line_1_64' title="bbox 359 3256 1937 3401; baseline 0.002 -90"><span class='ocrx_word' id='word_1_443' title='bbox 359 3257 435 3401; x_wconf 60' lang='lat' dir='ltr'><strong>u?</strong></span> <span class='ocrx_word' id='word_1_444' title='bbox 462 3256 611 3330; x_wconf 77' lang='grc' dir='ltr'>ἔχῃς,</span> <span class='ocrx_word' id='word_1_445' title='bbox 639 3258 693 3313; x_wconf 82' lang='grc' dir='ltr'><strong>τί</strong></span> <span class='ocrx_word' id='word_1_446' title='bbox 728 3258 909 3331; x_wconf 83' lang='grc' dir='ltr'>ἔχεις;</span> <span class='ocrx_word' id='word_1_447' title='bbox 938 3259 1158 3315; x_wconf 74' lang='grc' dir='ltr'>Ἕλεον</span> <span class='ocrx_word' id='word_1_448' title='bbox 1189 3262 1374 3327; x_wconf 73' lang='grc' dir='ltr'>θέλω,</span> <span class='ocrx_word' id='word_1_449' title='bbox 1406 3260 1572 3331; x_wconf 77' lang='grc' dir='ltr'>φησὶ,</span> <span class='ocrx_word' id='word_1_450' title='bbox 1603 3259 1700 3315; x_wconf 76' lang='grc' dir='ltr'><strong>καί</strong></span> <span class='ocrx_word' id='word_1_451' title='bbox 1726 3261 1801 3314; x_wconf 90' lang='grc' dir='ltr'>οὺ</span> <span class='ocrx_word' id='word_1_452' title='bbox 1832 3261 1937 3315; x_wconf 85' lang='grc' dir='ltr'>θυ-</span> 
     </span>
     <span class='ocr_line' id='line_1_65' title="bbox 359 3362 523 3401; baseline 0 0"><span class='ocrx_word' id='word_1_453' title='bbox 359 3362 401 3401; x_wconf 90' lang='grc' dir='ltr'><strong>σ</strong></span> <span class='ocrx_word' id='word_1_454' title='bbox 424 3364 523 3401; x_wconf 82' lang='grc' dir='ltr'><strong>σν.</strong></span> 
     </span>
    </p>
   </div>
   <div class='ocr_carea' id='block_1_64' title="bbox 356 3362 523 3404">
    <p class='ocr_par' dir='ltr' id='par_1_64' title="bbox 356 3362 523 3404">
     <span class='ocr_line' id='line_1_66' title="bbox 356 3362 523 3404; baseline 0.018 -3"><span class='ocrx_word' id='word_1_455' title='bbox 356 3362 523 3404; x_wconf 81' lang='grc' dir='ltr'>σισν.</span> 
     </span>
    </p>
   </div>
   <div class='ocr_carea' id='block_1_65' title="bbox 876 3466 1349 3524">
    <p class='ocr_par' dir='ltr' id='par_1_65' title="bbox 876 3466 1349 3524">
     <span class='ocr_line' id='line_1_67' title="bbox 876 3466 1349 3524; baseline 0 0"><span class='ocrx_word' id='word_1_456' title='bbox 876 3518 883 3524; x_wconf 86' lang='grc'><strong>.</strong></span> <span class='ocrx_word' id='word_1_457' title='bbox 989 3466 1240 3523; x_wconf 77' lang='grc' dir='ltr'><strong>ΚΕΦΑΛ.</strong></span> <span class='ocrx_word' id='word_1_458' title='bbox 1270 3468 1349 3524; x_wconf 84' lang='lat' dir='ltr'><strong>B&#39;.</strong></span> 
     </span>
    </p>
   </div>
   <div class='ocr_carea' id='block_1_66' title="bbox 442 3556 1945 3632">
    <p class='ocr_par' dir='ltr' id='par_1_66' title="bbox 442 3556 1945 3632">
     <span class='ocr_line' id='line_1_68' title="bbox 442 3556 1945 3632; baseline 0.004 -21"><span class='ocrx_word' id='word_1_459' title='bbox 442 3556 708 3626; x_wconf 73' lang='grc' dir='ltr'>Ἀδελφοί</span> <span class='ocrx_word' id='word_1_460' title='bbox 766 3574 885 3626; x_wconf 80' lang='grc' dir='ltr'><strong>μου</strong></span> <span class='ocrx_word' id='word_1_461' title='bbox 903 3598 919 3623; x_wconf 91' lang='grc'><strong>,</strong></span> <span class='ocrx_word' id='word_1_462' title='bbox 953 3556 1041 3627; x_wconf 79' lang='grc' dir='ltr'>μὴ</span> <span class='ocrx_word' id='word_1_463' title='bbox 1108 3560 1180 3614; x_wconf 81' lang='grc' dir='ltr'>ἐν</span> <span class='ocrx_word' id='word_1_464' title='bbox 1211 3563 1747 3631; x_wconf 76' lang='grc' dir='ltr'>προσωποληψίαις</span> <span class='ocrx_word' id='word_1_465' title='bbox 1775 3562 1945 3632; x_wconf 79' lang='grc' dir='ltr'>ἔχετε</span> 
     </span>
    </p>
   </div>
   <div class='ocr_carea' id='block_1_67' title="bbox 359 3651 1943 3727">
    <p class='ocr_par' dir='ltr' id='par_1_67' title="bbox 359 3651 1943 3727">
     <span class='ocr_line' id='line_1_69' title="bbox 359 3651 1943 3727; baseline 0.023 -28"><span class='ocrx_word' id='word_1_466' title='bbox 359 3652 475 3717; x_wconf 82' lang='grc' dir='ltr'><strong>τὴν</strong></span> <span class='ocrx_word' id='word_1_467' title='bbox 500 3651 706 3704; x_wconf 77' lang='grc' dir='ltr'>πίστιν</span> <span class='ocrx_word' id='word_1_468' title='bbox 742 3652 849 3707; x_wconf 84' lang='grc' dir='ltr'>τοῦ</span> <span class='ocrx_word' id='word_1_469' title='bbox 888 3655 1110 3723; x_wconf 86' lang='grc' dir='ltr'>Κυρίου</span> <span class='ocrx_word' id='word_1_470' title='bbox 1135 3653 1306 3725; x_wconf 80' lang='grc' dir='ltr'>ἡμῶν</span> <span class='ocrx_word' id='word_1_471' title='bbox 1326 3654 1529 3723; x_wconf 83' lang='grc' dir='ltr'><strong>Ἰησοῦ</strong></span> <span class='ocrx_word' id='word_1_472' title='bbox 1555 3658 1813 3726; x_wconf 74' lang='grc' dir='ltr'><strong>Χριστοῦ</strong></span> <span class='ocrx_word' id='word_1_473' title='bbox 1833 3656 1943 3727; x_wconf 70' lang='grc' dir='ltr'><strong>τῆς</strong></span> 
     </span>
    </p>
   </div>
   <div class='ocr_carea' id='block_1_68' title="bbox 358 3741 565 3807">
    <p class='ocr_par' dir='ltr' id='par_1_68' title="bbox 358 3741 565 3807">
     <span class='ocr_line' id='line_1_70' title="bbox 358 3741 565 3807; baseline 0 -1"><span class='ocrx_word' id='word_1_474' title='bbox 358 3741 565 3807; x_wconf 75' lang='grc' dir='ltr'>δόξης.</span> 
     </span>
    </p>
   </div>
   <div class='ocr_carea' id='block_1_69' title="bbox 432 3834 1943 3913">
    <p class='ocr_par' dir='ltr' id='par_1_69' title="bbox 432 3834 1943 3913">
     <span class='ocr_line' id='line_1_71' title="bbox 432 3834 1943 3913; baseline 0.005 -27"><span class='ocrx_word' id='word_1_475' title='bbox 432 3835 590 3897; x_wconf 84' lang='grc' dir='ltr'>Τίνος</span> <span class='ocrx_word' id='word_1_476' title='bbox 633 3834 818 3891; x_wconf 74' lang='grc' dir='ltr'>ἕνεκεν</span> <span class='ocrx_word' id='word_1_477' title='bbox 864 3836 931 3891; x_wconf 80' lang='grc' dir='ltr'><strong>σὺ</strong></span> <span class='ocrx_word' id='word_1_478' title='bbox 966 3838 1111 3910; x_wconf 80' lang='grc' dir='ltr'>μέγα</span> <span class='ocrx_word' id='word_1_479' title='bbox 1140 3842 1397 3913; x_wconf 80' lang='grc' dir='ltr'>φρονεῖς,</span> <span class='ocrx_word' id='word_1_480' title='bbox 1441 3840 1645 3911; x_wconf 73' lang='grc' dir='ltr'>φησίνς</span> <span class='ocrx_word' id='word_1_481' title='bbox 1697 3842 1767 3895; x_wconf 88' lang='grc' dir='ltr'><strong>Ἦ</strong></span> <span class='ocrx_word' id='word_1_482' title='bbox 1800 3841 1943 3895; x_wconf 85' lang='grc' dir='ltr'>διατι</span> 
     </span>
    </p>
   </div>
   <div class='ocr_carea' id='block_1_70' title="bbox 356 3926 1942 4005">
    <p class='ocr_par' dir='ltr' id='par_1_70' title="bbox 356 3926 1942 4005">
     <span class='ocr_line' id='line_1_72' title="bbox 356 3926 1942 4005; baseline 0.005 -27"><span class='ocrx_word' id='word_1_483' title='bbox 356 3926 522 3980; x_wconf 83' lang='grc' dir='ltr'>πάλιν</span> <span class='ocrx_word' id='word_1_484' title='bbox 561 3926 746 3999; x_wconf 88' lang='grc' dir='ltr'>ἔτερος</span> <span class='ocrx_word' id='word_1_485' title='bbox 775 3930 967 3986; x_wconf 77' lang='grc' dir='ltr'>ἑαυτὸν</span> <span class='ocrx_word' id='word_1_486' title='bbox 997 3932 1363 3998; x_wconf 74' lang='grc' dir='ltr'>ὲξευτελίζεις</span> <span class='ocrx_word' id='word_1_487' title='bbox 1398 3933 1534 4004; x_wconf 70' lang='grc' dir='ltr'><strong>Οὐχὶ</strong></span> <span class='ocrx_word' id='word_1_488' title='bbox 1565 3933 1728 4005; x_wconf 74' lang='grc' dir='ltr'>σῶμα</span> <span class='ocrx_word' id='word_1_489' title='bbox 1772 3934 1942 4003; x_wconf 75' lang='grc' dir='ltr'>ἐσμεν</span> 
     </span>
    </p>
   </div>
   <div class='ocr_carea' id='block_1_71' title="bbox 357 4015 1942 4092">
    <p class='ocr_par' dir='ltr' id='par_1_71' title="bbox 357 4015 1942 4092">
     <span class='ocr_line' id='line_1_73' title="bbox 357 4015 1942 4092; baseline 0.004 -22"><span class='ocrx_word' id='word_1_490' title='bbox 357 4015 598 4081; x_wconf 74' lang='grc' dir='ltr'>ἅπαντες</span> <span class='ocrx_word' id='word_1_491' title='bbox 619 4016 699 4084; x_wconf 83' lang='grc' dir='ltr'><strong>ἒν,</strong></span> <span class='ocrx_word' id='word_1_492' title='bbox 731 4020 826 4074; x_wconf 78' lang='grc' dir='ltr'><strong>καὶ</strong></span> <span class='ocrx_word' id='word_1_493' title='bbox 854 4021 1085 4091; x_wconf 83' lang='grc' dir='ltr'>μεγάλοι</span> <span class='ocrx_word' id='word_1_494' title='bbox 1112 4023 1206 4076; x_wconf 81' lang='grc' dir='ltr'>καὶ</span> <span class='ocrx_word' id='word_1_495' title='bbox 1231 4023 1456 4092; x_wconf 84' lang='grc' dir='ltr'>μικροί;</span> <span class='ocrx_word' id='word_1_496' title='bbox 1486 4024 1656 4077; x_wconf 85' lang='grc' dir='ltr'>Ὅταν</span> <span class='ocrx_word' id='word_1_497' title='bbox 1675 4019 1768 4077; x_wconf 82' lang='grc' dir='ltr'><strong>οὖν</strong></span> <span class='ocrx_word' id='word_1_498' title='bbox 1797 4022 1942 4077; x_wconf 74' lang='grc' dir='ltr'>κατὰ</span> 
     </span>
    </p>
   </div>
   <div class='ocr_carea' id='block_1_72' title="bbox 353 4107 1942 4187">
    <p class='ocr_par' dir='ltr' id='par_1_72' title="bbox 353 4107 1942 4187">
     <span class='ocr_line' id='line_1_74' title="bbox 353 4107 1942 4187; baseline 0.006 -27"><span class='ocrx_word' id='word_1_499' title='bbox 353 4108 417 4161; x_wconf 85' lang='grc' dir='ltr'><strong>τὸ</strong></span> <span class='ocrx_word' id='word_1_500' title='bbox 442 4109 738 4179; x_wconf 81' lang='grc' dir='ltr'>κεφάλαιον</span> <span class='ocrx_word' id='word_1_501' title='bbox 769 4112 827 4167; x_wconf 77' lang='grc' dir='ltr'>ἓν</span> <span class='ocrx_word' id='word_1_502' title='bbox 854 4107 1003 4185; x_wconf 80' lang='grc' dir='ltr'>ὦμεν</span> <span class='ocrx_word' id='word_1_503' title='bbox 1031 4115 1125 4169; x_wconf 74' lang='grc' dir='ltr'><strong>καὶ</strong></span> <span class='ocrx_word' id='word_1_504' title='bbox 1154 4116 1402 4186; x_wconf 82' lang='grc' dir='ltr'>ἀλλήλων</span> <span class='ocrx_word' id='word_1_505' title='bbox 1430 4116 1589 4186; x_wconf 83' lang='grc' dir='ltr'>μέλη,</span> <span class='ocrx_word' id='word_1_506' title='bbox 1621 4116 1675 4169; x_wconf 86' lang='grc' dir='ltr'><strong>τι</strong></span> <span class='ocrx_word' id='word_1_507' title='bbox 1711 4119 1777 4187; x_wconf 81' lang='grc' dir='ltr'>τῇ</span> <span class='ocrx_word' id='word_1_508' title='bbox 1802 4116 1942 4169; x_wconf 85' lang='grc' dir='ltr'>ἀπο-</span> 
     </span>
    </p>
   </div>
   <div class='ocr_carea' id='block_1_73' title="bbox 356 4201 1938 4278">
    <p class='ocr_par' dir='ltr' id='par_1_73' title="bbox 356 4201 1938 4278">
     <span class='ocr_line' id='line_1_75' title="bbox 356 4201 1938 4278; baseline 0.006 -27"><span class='ocrx_word' id='word_1_509' title='bbox 356 4201 477 4270; x_wconf 62' lang='lat' dir='ltr'><strong>vola</strong></span> <span class='ocrx_word' id='word_1_510' title='bbox 521 4201 834 4272; x_wconf 68' lang='grc' dir='ltr'>αὐχίζειςη</span> <span class='ocrx_word' id='word_1_511' title='bbox 882 4205 1120 4273; x_wconf 84' lang='grc' dir='ltr'>σαυτόν;</span> <span class='ocrx_word' id='word_1_512' title='bbox 1168 4206 1221 4259; x_wconf 89' lang='grc' dir='ltr'><strong>τί</strong></span> <span class='ocrx_word' id='word_1_513' title='bbox 1268 4205 1502 4278; x_wconf 75' lang='grc' dir='ltr'>αἰσχύνῃ</span> <span class='ocrx_word' id='word_1_514' title='bbox 1540 4206 1632 4260; x_wconf 83' lang='grc' dir='ltr'><strong>τὸν</strong></span> <span class='ocrx_word' id='word_1_515' title='bbox 1678 4207 1938 4277; x_wconf 84' lang='grc' dir='ltr'>ἀδελφόν;</span> 
     </span>
    </p>
   </div>
   <div class='ocr_carea' id='block_1_74' title="bbox 356 4290 1937 4370">
    <p class='ocr_par' dir='ltr' id='par_1_74' title="bbox 356 4290 1937 4370">
     <span class='ocr_line' id='line_1_76' title="bbox 356 4290 1937 4370; baseline 0.008 -27"><span class='ocrx_word' id='word_1_516' title='bbox 356 4290 572 4362; x_wconf 85' lang='grc' dir='ltr'>Ὠσπερ</span> <span class='ocrx_word' id='word_1_517' title='bbox 612 4295 721 4367; x_wconf 85' lang='grc' dir='ltr'>γὰρ</span> <span class='ocrx_word' id='word_1_518' title='bbox 766 4297 971 4362; x_wconf 76' lang='grc' dir='ltr'>ἐκεῖνός</span> <span class='ocrx_word' id='word_1_519' title='bbox 1007 4315 1099 4351; x_wconf 92' lang='grc' dir='ltr'><strong>σου</strong></span> <span class='ocrx_word' id='word_1_520' title='bbox 1142 4299 1334 4370; x_wconf 77' lang='grc' dir='ltr'>μέλος,</span> <span class='ocrx_word' id='word_1_521' title='bbox 1381 4300 1525 4354; x_wconf 79' lang='grc' dir='ltr'>οὕτω</span> <span class='ocrx_word' id='word_1_522' title='bbox 1556 4301 1812 4355; x_wconf 80' lang='grc' dir='ltr'>κάκείνου</span> <span class='ocrx_word' id='word_1_523' title='bbox 1840 4302 1937 4367; x_wconf 80' lang='grc' dir='ltr'><strong>σὺ,</strong></span> 
     </span>
    </p>
   </div>
   <div class='ocr_carea' id='block_1_75' title="bbox 356 4383 1372 4462">
    <p class='ocr_par' dir='ltr' id='par_1_75' title="bbox 356 4383 1372 4462">
     <span class='ocr_line' id='line_1_77' title="bbox 356 4383 1372 4462; baseline 0.011 -27"><span class='ocrx_word' id='word_1_524' title='bbox 356 4383 451 4436; x_wconf 81' lang='grc' dir='ltr'>καὶ</span> <span class='ocrx_word' id='word_1_525' title='bbox 480 4384 650 4457; x_wconf 83' lang='grc' dir='ltr'>πολλὴ</span> <span class='ocrx_word' id='word_1_526' title='bbox 679 4388 820 4442; x_wconf 81' lang='grc' dir='ltr'>κατὰ</span> <span class='ocrx_word' id='word_1_527' title='bbox 844 4388 1002 4443; x_wconf 80' lang='grc' dir='ltr'>τοῦτο</span> <span class='ocrx_word' id='word_1_528' title='bbox 1032 4391 1065 4461; x_wconf 80' lang='grc' dir='ltr'><strong>ἠ</strong></span> <span class='ocrx_word' id='word_1_529' title='bbox 1090 4391 1372 4462; x_wconf 75' lang='grc' dir='ltr'>ὁμοτιμία.</span> 
     </span>
    </p>
   </div>
   <div class='ocr_carea' id='block_1_76' title="bbox 441 4570 1937 4650">
    <p class='ocr_par' dir='ltr' id='par_1_76' title="bbox 441 4570 1937 4650">
     <span class='ocr_line' id='line_1_78' title="bbox 441 4570 1937 4650; baseline 0.01 -28"><span class='ocrx_word' id='word_1_530' title='bbox 441 4571 524 4624; x_wconf 83' lang='grc' dir='ltr'><strong>Οὐ</strong></span> <span class='ocrx_word' id='word_1_531' title='bbox 555 4570 887 4642; x_wconf 85' lang='grc' dir='ltr'>διεκρίθητε</span> <span class='ocrx_word' id='word_1_532' title='bbox 921 4575 992 4629; x_wconf 84' lang='grc' dir='ltr'>ἐν</span> <span class='ocrx_word' id='word_1_533' title='bbox 1016 4576 1255 4643; x_wconf 75' lang='grc' dir='ltr'>ἑαυτοῖς</span> <span class='ocrx_word' id='word_1_534' title='bbox 1289 4576 1388 4632; x_wconf 78' lang='grc' dir='ltr'>καὶ</span> <span class='ocrx_word' id='word_1_535' title='bbox 1430 4577 1711 4650; x_wconf 78' lang='grc' dir='ltr'>ἐγένεσθε</span> <span class='ocrx_word' id='word_1_536' title='bbox 1744 4582 1937 4650; x_wconf 74' lang='grc' dir='ltr'>κριταὶ</span> 
     </span>
    </p>
   </div>
   <div class='ocr_carea' id='block_1_77' title="bbox 350 4659 1094 4736">
    <p class='ocr_par' dir='ltr' id='par_1_77' title="bbox 350 4659 1094 4736">
     <span class='ocr_line' id='line_1_79' title="bbox 350 4659 1094 4736; baseline 0.011 -23"><span class='ocrx_word' id='word_1_537' title='bbox 350 4659 760 4733; x_wconf 75' lang='grc' dir='ltr'>διαλογισμῶν</span> <span class='ocrx_word' id='word_1_538' title='bbox 784 4667 1094 4736; x_wconf 83' lang='grc' dir='ltr'>πονηρῶν;</span> 
     </span>
    </p>
   </div>
   <div class='ocr_carea' id='block_1_78' title="bbox 424 4754 1934 4838">
    <p class='ocr_par' dir='ltr' id='par_1_78' title="bbox 424 4754 1934 4838">
     <span class='ocr_line' id='line_1_80' title="bbox 424 4754 1934 4838; baseline 0.011 -31"><span class='ocrx_word' id='word_1_539' title='bbox 424 4754 498 4809; x_wconf 83' lang='grc' dir='ltr'><strong>Τὸ</strong></span> <span class='ocrx_word' id='word_1_540' title='bbox 527 4756 662 4810; x_wconf 84' lang='grc' dir='ltr'>αὐτὸ</span> <span class='ocrx_word' id='word_1_541' title='bbox 701 4760 782 4822; x_wconf 85' lang='grc' dir='ltr'><strong>είς</strong></span> <span class='ocrx_word' id='word_1_542' title='bbox 827 4759 1091 4833; x_wconf 84' lang='grc' dir='ltr'>ἀλλήλους</span> <span class='ocrx_word' id='word_1_543' title='bbox 1132 4763 1483 4835; x_wconf 80' lang='grc' dir='ltr'>φρονοῦντες.</span> <span class='ocrx_word' id='word_1_544' title='bbox 1528 4768 1867 4838; x_wconf 78' lang='grc' dir='ltr'>Παρεγένετο</span> <span class='ocrx_word' id='word_1_545' title='bbox 1904 4768 1934 4820; x_wconf 87' lang='grc' dir='ltr'><strong>ό</strong></span> 
     </span>
    </p>
   </div>
   <div class='ocr_carea' id='block_1_79' title="bbox 352 4844 1933 4933">
    <p class='ocr_par' dir='ltr' id='par_1_79' title="bbox 352 4844 1933 4933">
     <span class='ocr_line' id='line_1_81' title="bbox 352 4844 1933 4933; baseline 0.012 -37"><span class='ocrx_word' id='word_1_546' title='bbox 352 4844 543 4917; x_wconf 76' lang='grc' dir='ltr'>πένηςο</span> <span class='ocrx_word' id='word_1_547' title='bbox 575 4850 736 4917; x_wconf 80' lang='grc' dir='ltr'>γενοῦ</span> <span class='ocrx_word' id='word_1_548' title='bbox 771 4852 892 4905; x_wconf 88' lang='grc' dir='ltr'>κατ’</span> <span class='ocrx_word' id='word_1_549' title='bbox 937 4854 1102 4908; x_wconf 80' lang='grc' dir='ltr'>αὐτὸν</span> <span class='ocrx_word' id='word_1_550' title='bbox 1125 4855 1167 4888; x_wconf 83' lang='grc'>¹¹</span> <span class='ocrx_word' id='word_1_551' title='bbox 1207 4857 1287 4929; x_wconf 84' lang='grc' dir='ltr'>τῷ</span> <span class='ocrx_word' id='word_1_552' title='bbox 1320 4860 1650 4930; x_wconf 80' lang='grc' dir='ltr'>φρονήματι·</span> <span class='ocrx_word' id='word_1_553' title='bbox 1685 4861 1760 4933; x_wconf 85' lang='grc' dir='ltr'>μὴ</span> <span class='ocrx_word' id='word_1_554' title='bbox 1812 4860 1933 4931; x_wconf 89' lang='grc' dir='ltr'>μεί-</span> 
     </span>
    </p>
   </div>
   <div class='ocr_carea' id='block_1_80' title="bbox 350 4936 1938 5017">
    <p class='ocr_par' dir='ltr' id='par_1_80' title="bbox 350 4936 1938 5017">
     <span class='ocr_line' id='line_1_82' title="bbox 350 4936 1938 5017; baseline 0.003 -16"><span class='ocrx_word' id='word_1_555' title='bbox 350 4936 483 5001; x_wconf 75' lang='grc' dir='ltr'>ζονα</span> <span class='ocrx_word' id='word_1_556' title='bbox 506 4942 822 5017; x_wconf 78' lang='grc' dir='ltr'>καταϐάλῃς</span> <span class='ocrx_word' id='word_1_557' title='bbox 856 4947 1022 5017; x_wconf 80' lang='grc' dir='ltr'>ὄγκον</span> <span class='ocrx_word' id='word_1_558' title='bbox 1049 4948 1137 5004; x_wconf 83' lang='grc' dir='ltr'>διὰ</span> <span class='ocrx_word' id='word_1_559' title='bbox 1168 4950 1260 5006; x_wconf 82' lang='grc' dir='ltr'><strong>τὸν</strong></span> <span class='ocrx_word' id='word_1_560' title='bbox 1291 4952 1541 5007; x_wconf 83' lang='grc' dir='ltr'>πλοῦτον·</span> <span class='ocrx_word' id='word_1_561' title='bbox 1569 4955 1669 5007; x_wconf 78' lang='grc' dir='ltr'><strong>οὐκ</strong></span> <span class='ocrx_word' id='word_1_562' title='bbox 1698 4955 1812 5008; x_wconf 83' lang='grc' dir='ltr'>ἔστι</span> <span class='ocrx_word' id='word_1_563' title='bbox 1840 4953 1938 5008; x_wconf 79' lang='grc' dir='ltr'><strong>πέ-</strong></span> 
     </span>
    </p>
   </div>
   <div class='ocr_carea' id='block_1_81' title="bbox 348 5035 1938 5119">
    <p class='ocr_par' dir='ltr' id='par_1_81' title="bbox 348 5035 1938 5119">
     <span class='ocr_line' id='line_1_83' title="bbox 348 5035 1938 5119; baseline 0.011 -33"><span class='ocrx_word' id='word_1_564' title='bbox 348 5049 451 5101; x_wconf 83' lang='grc' dir='ltr'>νης</span> <span class='ocrx_word' id='word_1_565' title='bbox 498 5035 594 5089; x_wconf 84' lang='grc' dir='ltr'>καὶ</span> <span class='ocrx_word' id='word_1_566' title='bbox 629 5037 888 5104; x_wconf 81' lang='grc' dir='ltr'>πλούσιος</span> <span class='ocrx_word' id='word_1_567' title='bbox 930 5042 991 5094; x_wconf 74' lang='grc' dir='ltr'>ὲν</span> <span class='ocrx_word' id='word_1_568' title='bbox 1033 5043 1271 5114; x_wconf 82' lang='grc' dir='ltr'>Χριστῷ.</span> <span class='ocrx_word' id='word_1_569' title='bbox 1319 5045 1411 5119; x_wconf 76' lang='grc' dir='ltr'><strong>Μὴ</strong></span> <span class='ocrx_word' id='word_1_570' title='bbox 1460 5046 1641 5101; x_wconf 85' lang='grc' dir='ltr'>τοίνυν</span> <span class='ocrx_word' id='word_1_571' title='bbox 1674 5049 1938 5119; x_wconf 76' lang='grc' dir='ltr'>ἐπαισχύ-</span> 
     </span>
    </p>
   </div>
   <div class='ocr_carea' id='block_1_82' title="bbox 350 5123 1937 5206">
    <p class='ocr_par' dir='ltr' id='par_1_82' title="bbox 350 5123 1937 5206">
     <span class='ocr_line' id='line_1_84' title="bbox 350 5123 1937 5206; baseline 0.012 -31"><span class='ocrx_word' id='word_1_572' title='bbox 350 5138 450 5196; x_wconf 82' lang='grc' dir='ltr'>νῃς</span> <span class='ocrx_word' id='word_1_573' title='bbox 471 5123 515 5157; x_wconf 79' lang='grc'>¹¹</span> <span class='ocrx_word' id='word_1_574' title='bbox 542 5124 633 5180; x_wconf 76' lang='grc' dir='ltr'>διὰ</span> <span class='ocrx_word' id='word_1_575' title='bbox 667 5127 770 5199; x_wconf 76' lang='grc' dir='ltr'><strong>τὴν</strong></span> <span class='ocrx_word' id='word_1_576' title='bbox 802 5128 1007 5195; x_wconf 81' lang='grc' dir='ltr'>ἔξωθεν</span> <span class='ocrx_word' id='word_1_577' title='bbox 1041 5132 1359 5206; x_wconf 80' lang='grc' dir='ltr'>περιὸολὴν,</span> <span class='ocrx_word' id='word_1_578' title='bbox 1394 5135 1531 5190; x_wconf 83' lang='grc' dir='ltr'><strong>ἀλλά</strong></span> <span class='ocrx_word' id='word_1_579' title='bbox 1564 5137 1821 5204; x_wconf 80' lang='grc' dir='ltr'>ἀπόδεξαι</span> <span class='ocrx_word' id='word_1_580' title='bbox 1847 5138 1937 5195; x_wconf 78' lang='grc' dir='ltr'>διὰ</span> 
     </span>
    </p>
   </div>
   <div class='ocr_carea' id='block_1_83' title="bbox 348 5214 868 5286">
    <p class='ocr_par' dir='ltr' id='par_1_83' title="bbox 348 5214 868 5286">
     <span class='ocr_line' id='line_1_85' title="bbox 348 5214 868 5286; baseline 0.019 -18"><span class='ocrx_word' id='word_1_581' title='bbox 348 5216 451 5286; x_wconf 74' lang='grc' dir='ltr'>τὴν</span> <span class='ocrx_word' id='word_1_582' title='bbox 479 5214 628 5273; x_wconf 82' lang='grc' dir='ltr'>ἔνδον</span> <span class='ocrx_word' id='word_1_583' title='bbox 661 5219 868 5278; x_wconf 85' lang='grc' dir='ltr'>πίστιν.</span> 
     </span>
    </p>
   </div>
   <div class='ocr_carea' id='block_1_84' title="bbox 432 5308 1936 5393">
    <p class='ocr_par' dir='ltr' id='par_1_84' title="bbox 432 5308 1936 5393">
     <span class='ocr_line' id='line_1_86' title="bbox 432 5308 1936 5393; baseline 0.01 -29"><span class='ocrx_word' id='word_1_584' title='bbox 432 5308 782 5380; x_wconf 83' lang='grc' dir='ltr'>Ἀκούσατε,</span> <span class='ocrx_word' id='word_1_585' title='bbox 824 5314 1079 5385; x_wconf 74' lang='grc' dir='ltr'>ἀδελφοί</span> <span class='ocrx_word' id='word_1_586' title='bbox 1110 5315 1242 5387; x_wconf 85' lang='grc' dir='ltr'>’μου</span> <span class='ocrx_word' id='word_1_587' title='bbox 1258 5319 1699 5393; x_wconf 74' lang='grc' dir='ltr'>ἀγαπητοί,οὐχ</span> <span class='ocrx_word' id='word_1_588' title='bbox 1728 5325 1763 5378; x_wconf 85' lang='grc' dir='ltr'><em>ὁ</em></span> <span class='ocrx_word' id='word_1_589' title='bbox 1792 5322 1936 5392; x_wconf 81' lang='grc' dir='ltr'>Θεὸς</span> 
     </span>
    </p>
   </div>
   <div class='ocr_carea' id='block_1_85' title="bbox 348 5400 1933 5487">
    <p class='ocr_par' dir='ltr' id='par_1_85' title="bbox 348 5400 1933 5487">
     <span class='ocr_line' id='line_1_87' title="bbox 348 5400 1933 5487; baseline 0.011 -32"><span class='ocrx_word' id='word_1_590' title='bbox 348 5400 670 5469; x_wconf 78' lang='grc' dir='ltr'>ἐξελέξατο</span> <span class='ocrx_word' id='word_1_591' title='bbox 723 5406 866 5476; x_wconf 78' lang='grc' dir='ltr'>τοὺς</span> <span class='ocrx_word' id='word_1_592' title='bbox 920 5412 1201 5482; x_wconf 79' lang='grc' dir='ltr'>πτωχοὺς</span> <span class='ocrx_word' id='word_1_593' title='bbox 1252 5412 1359 5469; x_wconf 86' lang='grc' dir='ltr'>τοῦ</span> <span class='ocrx_word' id='word_1_594' title='bbox 1415 5417 1647 5487; x_wconf 77' lang='grc' dir='ltr'>κόσμου</span> <span class='ocrx_word' id='word_1_595' title='bbox 1677 5458 1694 5485; x_wconf 93' lang='grc'><strong>,</strong></span> <span class='ocrx_word' id='word_1_596' title='bbox 1742 5420 1933 5472; x_wconf 76' lang='grc' dir='ltr'>πλου-</span> 
     </span>
    </p>
   </div>
   <div class='ocr_carea' id='block_1_86' title="bbox 422 5579 1422 5663">
    <p class='ocr_par' dir='ltr' id='par_1_86' title="bbox 422 5579 1422 5663">
     <span class='ocr_line' id='line_1_88' title="bbox 422 5579 1422 5663; baseline 0.013 -26"><span class='ocrx_word' id='word_1_597' title='bbox 422 5579 445 5612; x_wconf 89' lang='grc'>⁶</span> <span class='ocrx_word' id='word_1_598' title='bbox 475 5580 609 5640; x_wconf 89' lang='lat' dir='ltr'><strong>Luc.</strong></span> <span class='ocrx_word' id='word_1_599' title='bbox 637 5601 716 5653; x_wconf 82' lang='lat' dir='ltr'><strong>vt,</strong></span> <span class='ocrx_word' id='word_1_600' title='bbox 746 5587 834 5643; x_wconf 83' lang='lat'><strong>&#39;56.</strong></span> <span class='ocrx_word' id='word_1_601' title='bbox 913 5590 956 5643; x_wconf 87' lang='grc'>⁷.</span> <span class='ocrx_word' id='word_1_602' title='bbox 1000 5589 1192 5647; x_wconf 83' lang='lat' dir='ltr'><strong>Matth.</strong></span> <span class='ocrx_word' id='word_1_603' title='bbox 1221 5607 1298 5663; x_wconf 78' lang='lat' dir='ltr'><strong>Ix,</strong></span> <span class='ocrx_word' id='word_1_604' title='bbox 1332 5593 1422 5649; x_wconf 79' lang='lat' dir='ltr'><strong>l5.</strong></span> 
     </span>
    </p>
   </div>
   <div class='ocr_carea' id='block_1_87' title="bbox 423 5736 2031 5822">
    <p class='ocr_par' dir='ltr' id='par_1_87' title="bbox 423 5736 2031 5822">
     <span class='ocr_line' id='line_1_89' title="bbox 423 5736 2031 5822; baseline 0.006 -30"><span class='ocrx_word' id='word_1_605' title='bbox 423 5736 532 5822; x_wconf 56' lang='grc'><strong>’.0.</strong></span> <span class='ocrx_word' id='word_1_606' title='bbox 566 5739 630 5795; x_wconf 87' lang='lat' dir='ltr'><strong>C.</strong></span> <span class='ocrx_word' id='word_1_607' title='bbox 661 5740 723 5822; x_wconf 70' lang='grc' dir='ltr'><strong>τὸ</strong></span> <span class='ocrx_word' id='word_1_608' title='bbox 747 5756 821 5822; x_wconf 60' lang='lat' dir='ltr'><strong>cx</strong></span> <span class='ocrx_word' id='word_1_609' title='bbox 844 5756 1084 5822; x_wconf 55' lang='grc' dir='ltr'>εστι-θοι.</span> <span class='ocrx_word' id='word_1_610' title='bbox 1160 5748 1182 5779; x_wconf 79' lang='grc'>⁸</span> <span class='ocrx_word' id='word_1_611' title='bbox 1302 5748 1365 5804; x_wconf 87' lang='lat' dir='ltr'><strong>C.</strong></span> <span class='ocrx_word' id='word_1_612' title='bbox 1402 5747 1550 5822; x_wconf 74' lang='grc' dir='ltr'>περί.</span> <span class='ocrx_word' id='word_1_613' title='bbox 1630 5750 1729 5805; x_wconf 85' lang='lat' dir='ltr'><strong>’C.</strong></span> <span class='ocrx_word' id='word_1_614' title='bbox 1758 5748 1819 5805; x_wconf 90' lang='lat' dir='ltr'><strong>C.</strong></span> <span class='ocrx_word' id='word_1_615' title='bbox 1854 5744 2031 5819; x_wconf 83' lang='grc' dir='ltr'>ἡμῶν.</span> 
     </span>
    </p>
   </div>
   <div class='ocr_carea' id='block_1_88' title="bbox 358 5805 1317 5886">
    <p class='ocr_par' dir='ltr' id='par_1_88' title="bbox 358 5805 1317 5886">
     <span class='ocr_line' id='line_1_90' title="bbox 358 5805 1317 5886; baseline 0.015 -27"><span class='ocrx_word' id='word_1_616' title='bbox 358 5805 591 5866; x_wconf 72' lang='grc' dir='ltr'>ἐκεῖνον.</span> <span class='ocrx_word' id='word_1_617' title='bbox 674 5808 691 5837; x_wconf 80' lang='grc'>⁸</span> <span class='ocrx_word' id='word_1_618' title='bbox 743 5812 804 5868; x_wconf 87' lang='lat' dir='ltr'><strong>C.</strong></span> <span class='ocrx_word' id='word_1_619' title='bbox 838 5814 897 5871; x_wconf 90' lang='lat' dir='ltr'><strong>C.</strong></span> <span class='ocrx_word' id='word_1_620' title='bbox 930 5817 1317 5886; x_wconf 79' lang='grc' dir='ltr'>ἐπαισχυνθῇς.</span> 
     </span>
    </p>
   </div>
   <div class='ocr_carea' id='block_1_89' title="bbox 2042 3236 3619 3310">
    <p class='ocr_par' dir='ltr' id='par_1_89' title="bbox 2042 3236 3619 3310">
     <span class='ocr_line' id='line_1_91' title="bbox 2042 3236 3619 3310; baseline -0.008 -5"><span class='ocrx_word' id='word_1_621' title='bbox 2042 3247 2179 3305; x_wconf 79' lang='lat' dir='ltr'><strong>hes?</strong></span> <span class='ocrx_word' id='word_1_622' title='bbox 2208 3243 2636 3301; x_wconf 81' lang='lat' dir='ltr'><strong>Misericordiam</strong></span> <span class='ocrx_word' id='word_1_623' title='bbox 2661 3240 2800 3310; x_wconf 82' lang='lat' dir='ltr'><strong>volo,</strong></span> <span class='ocrx_word' id='word_1_624' title='bbox 2834 3239 2987 3309; x_wconf 87' lang='lat' dir='ltr'><strong>dicit,</strong></span> <span class='ocrx_word' id='word_1_625' title='bbox 3010 3249 3062 3296; x_wconf 90' lang='lat' dir='ltr'><strong>et</strong></span> <span class='ocrx_word' id='word_1_626' title='bbox 3095 3255 3199 3295; x_wconf 86' lang='lat' dir='ltr'><strong>non</strong></span> <span class='ocrx_word' id='word_1_627' title='bbox 3226 3236 3543 3308; x_wconf 76' lang='lat' dir='ltr'><strong>sacriﬁcium</strong></span> <span class='ocrx_word' id='word_1_628' title='bbox 3571 3236 3619 3292; x_wconf 78' lang='lat'><strong>&#39;.</strong></span> 
     </span>
    </p>
   </div>
   <div class='ocr_carea' id='block_1_90' title="bbox 2706 3452 2956 3511">
    <p class='ocr_par' dir='ltr' id='par_1_90' title="bbox 2706 3452 2956 3511">
     <span class='ocr_line' id='line_1_92' title="bbox 2706 3452 2956 3511; baseline -0.012 0"><span class='ocrx_word' id='word_1_629' title='bbox 2706 3453 2859 3511; x_wconf 84' lang='lat' dir='ltr'><strong>CAP.</strong></span> <span class='ocrx_word' id='word_1_630' title='bbox 2890 3452 2956 3508; x_wconf 87' lang='grc'><strong>11.</strong></span> 
     </span>
    </p>
   </div>
   <div class='ocr_carea' id='block_1_91' title="bbox 2119 3560 3623 3631">
    <p class='ocr_par' dir='ltr' id='par_1_91' title="bbox 2119 3560 3623 3631">
     <span class='ocr_line' id='line_1_93' title="bbox 2119 3560 3623 3631; baseline -0.014 -3"><span class='ocrx_word' id='word_1_631' title='bbox 2119 3573 2289 3629; x_wconf 72' lang='lat' dir='ltr'><strong>Vens.</strong></span> <span class='ocrx_word' id='word_1_632' title='bbox 2331 3571 2383 3626; x_wconf 84' lang='lat' dir='ltr'><strong>l.</strong></span> <span class='ocrx_word' id='word_1_633' title='bbox 2422 3566 2641 3622; x_wconf 74' lang='lat' dir='ltr'><strong>Fratres</strong></span> <span class='ocrx_word' id='word_1_634' title='bbox 2672 3566 2798 3631; x_wconf 87' lang='lat' dir='ltr'><strong>mei,</strong></span> <span class='ocrx_word' id='word_1_635' title='bbox 2832 3564 2993 3620; x_wconf 81' lang='lat' dir='ltr'><strong>nolite</strong></span> <span class='ocrx_word' id='word_1_636' title='bbox 3026 3562 3083 3617; x_wconf 89' lang='lat' dir='ltr'><strong>in</strong></span> <span class='ocrx_word' id='word_1_637' title='bbox 3104 3560 3480 3631; x_wconf 66' lang='lat' dir='ltr'><strong>&quot;personarum</strong></span> <span class='ocrx_word' id='word_1_638' title='bbox 3526 3568 3623 3607; x_wconf 83' lang='lat' dir='ltr'><strong>ae-</strong></span> 
     </span>
    </p>
   </div>
   <div class='ocr_carea' id='block_1_92' title="bbox 2046 3643 3624 3733">
    <p class='ocr_par' dir='ltr' id='par_1_92' title="bbox 2046 3643 3624 3733">
     <span class='ocr_line' id='line_1_94' title="bbox 2046 3643 3624 3733; baseline -0.016 -12"><span class='ocrx_word' id='word_1_639' title='bbox 2046 3666 2281 3733; x_wconf 87' lang='lat' dir='ltr'><strong>ceptione</strong></span> <span class='ocrx_word' id='word_1_640' title='bbox 2341 3661 2532 3715; x_wconf 84' lang='lat' dir='ltr'><strong>habere</strong></span> <span class='ocrx_word' id='word_1_641' title='bbox 2563 3658 2720 3727; x_wconf 78' lang='lat' dir='ltr'><strong>[idem</strong></span> <span class='ocrx_word' id='word_1_642' title='bbox 2767 3654 2979 3711; x_wconf 82' lang='lat' dir='ltr'><strong>Domini</strong></span> <span class='ocrx_word' id='word_1_643' title='bbox 3036 3653 3203 3707; x_wconf 84' lang='lat' dir='ltr'><strong>nostri</strong></span> <span class='ocrx_word' id='word_1_644' title='bbox 3235 3648 3366 3705; x_wconf 74' lang='lat' dir='ltr'><strong>Iesu</strong></span> <span class='ocrx_word' id='word_1_645' title='bbox 3422 3643 3624 3703; x_wconf 84' lang='lat' dir='ltr'><strong>Christi</strong></span> 
     </span>
    </p>
   </div>
   <div class='ocr_carea' id='block_1_93' title="bbox 2044 3758 2250 3828">
    <p class='ocr_par' dir='ltr' id='par_1_93' title="bbox 2044 3758 2250 3828">
     <span class='ocr_line' id='line_1_95' title="bbox 2044 3758 2250 3828; baseline 0 -17"><span class='ocrx_word' id='word_1_646' title='bbox 2044 3758 2250 3828; x_wconf 61' lang='lat' dir='ltr'><strong>glorior.</strong></span> 
     </span>
    </p>
   </div>
   <div class='ocr_carea' id='block_1_94' title="bbox 2116 3836 3624 3919">
    <p class='ocr_par' dir='ltr' id='par_1_94' title="bbox 2116 3836 3624 3919">
     <span class='ocr_line' id='line_1_96' title="bbox 2116 3836 3624 3919; baseline -0.013 -15"><span class='ocrx_word' id='word_1_647' title='bbox 2116 3849 2254 3918; x_wconf 85' lang='lat' dir='ltr'><strong>Quid</strong></span> <span class='ocrx_word' id='word_1_648' title='bbox 2283 3856 2367 3905; x_wconf 87' lang='lat' dir='ltr'><strong>est</strong></span> <span class='ocrx_word' id='word_1_649' title='bbox 2392 3846 2534 3919; x_wconf 88' lang='lat' dir='ltr'><strong>quod</strong></span> <span class='ocrx_word' id='word_1_650' title='bbox 2567 3845 2633 3901; x_wconf 88' lang='lat' dir='ltr'><strong>de</strong></span> <span class='ocrx_word' id='word_1_651' title='bbox 2669 3852 2721 3899; x_wconf 86' lang='lat' dir='ltr'><strong>te</strong></span> <span class='ocrx_word' id='word_1_652' title='bbox 2769 3840 3005 3913; x_wconf 85' lang='lat' dir='ltr'><strong>superbe</strong></span> <span class='ocrx_word' id='word_1_653' title='bbox 3045 3840 3237 3904; x_wconf 87' lang='lat' dir='ltr'><strong>sentis,</strong></span> <span class='ocrx_word' id='word_1_654' title='bbox 3261 3836 3386 3892; x_wconf 91' lang='lat' dir='ltr'><strong>dum</strong></span> <span class='ocrx_word' id='word_1_655' title='bbox 3433 3848 3464 3891; x_wconf 91' lang='lat' dir='ltr'><strong>e</strong></span> <span class='ocrx_word' id='word_1_656' title='bbox 3491 3848 3624 3889; x_wconf 85' lang='lat' dir='ltr'><strong>con-</strong></span> 
     </span>
    </p>
   </div>
   <div class='ocr_carea' id='block_1_95' title="bbox 2046 3930 3624 4007">
    <p class='ocr_par' dir='ltr' id='par_1_95' title="bbox 2046 3930 3624 4007">
     <span class='ocr_line' id='line_1_97' title="bbox 2046 3930 3624 4007; baseline -0.011 -9"><span class='ocrx_word' id='word_1_657' title='bbox 2046 3958 2230 4007; x_wconf 88' lang='lat' dir='ltr'><strong>verso,</strong></span> <span class='ocrx_word' id='word_1_658' title='bbox 2271 3941 2413 3997; x_wconf 91' lang='lat' dir='ltr'><strong>alter</strong></span> <span class='ocrx_word' id='word_1_659' title='bbox 2473 3938 2709 4007; x_wconf 89' lang='lat' dir='ltr'><strong>teipsum</strong></span> <span class='ocrx_word' id='word_1_660' title='bbox 2770 3932 3113 3992; x_wconf 84' lang='lat' dir='ltr'><strong>contemnit?</strong></span> <span class='ocrx_word' id='word_1_661' title='bbox 3176 3930 3373 3986; x_wconf 88' lang='lat' dir='ltr'><strong>Nonne</strong></span> <span class='ocrx_word' id='word_1_662' title='bbox 3426 3942 3624 3996; x_wconf 90' lang='lat' dir='ltr'><strong>corpus</strong></span> 
     </span>
    </p>
   </div>
   <div class='ocr_carea' id='block_1_96' title="bbox 2044 4022 3620 4097">
    <p class='ocr_par' dir='ltr' id='par_1_96' title="bbox 2044 4022 3620 4097">
     <span class='ocr_line' id='line_1_98' title="bbox 2044 4022 3620 4097; baseline -0.013 -4"><span class='ocrx_word' id='word_1_663' title='bbox 2044 4052 2214 4093; x_wconf 90' lang='lat' dir='ltr'><strong>unum</strong></span> <span class='ocrx_word' id='word_1_664' title='bbox 2240 4048 2430 4092; x_wconf 90' lang='lat' dir='ltr'><strong>sumus</strong></span> <span class='ocrx_word' id='word_1_665' title='bbox 2451 4045 2667 4097; x_wconf 84' lang='lat' dir='ltr'><strong>omnes,</strong></span> <span class='ocrx_word' id='word_1_666' title='bbox 2697 4035 2753 4084; x_wconf 90' lang='lat' dir='ltr'><strong>et</strong></span> <span class='ocrx_word' id='word_1_667' title='bbox 2779 4026 2960 4097; x_wconf 75' lang='lat' dir='ltr'><strong>magni</strong></span> <span class='ocrx_word' id='word_1_668' title='bbox 2987 4034 3043 4081; x_wconf 91' lang='lat' dir='ltr'><strong>et</strong></span> <span class='ocrx_word' id='word_1_669' title='bbox 3069 4022 3259 4096; x_wconf 73' lang='lat' dir='ltr'><strong>parvi?</strong></span> <span class='ocrx_word' id='word_1_670' title='bbox 3296 4022 3437 4077; x_wconf 89' lang='lat' dir='ltr'><strong>Dum</strong></span> <span class='ocrx_word' id='word_1_671' title='bbox 3460 4032 3620 4088; x_wconf 79' lang='lat' dir='ltr'><strong>ergo,</strong></span> 
     </span>
    </p>
   </div>
   <div class='ocr_carea' id='block_1_97' title="bbox 2046 4109 3624 4196">
    <p class='ocr_par' dir='ltr' id='par_1_97' title="bbox 2046 4109 3624 4196">
     <span class='ocr_line' id='line_1_99' title="bbox 2046 4109 3624 4196; baseline -0.015 -11"><span class='ocrx_word' id='word_1_672' title='bbox 2046 4127 2345 4186; x_wconf 89' lang='lat' dir='ltr'><strong>secundum</strong></span> <span class='ocrx_word' id='word_1_673' title='bbox 2371 4125 2515 4196; x_wconf 91' lang='lat' dir='ltr'><strong>quod</strong></span> <span class='ocrx_word' id='word_1_674' title='bbox 2542 4121 2871 4193; x_wconf 58' lang='lat' dir='ltr'><strong>praecipuum</strong></span> <span class='ocrx_word' id='word_1_675' title='bbox 2901 4128 3008 4183; x_wconf 83' lang='lat' dir='ltr'><strong>est,</strong></span> <span class='ocrx_word' id='word_1_676' title='bbox 3032 4130 3198 4170; x_wconf 90' lang='lat' dir='ltr'><strong>unum</strong></span> <span class='ocrx_word' id='word_1_677' title='bbox 3228 4127 3437 4176; x_wconf 89' lang='lat' dir='ltr'><strong>sumus,</strong></span> <span class='ocrx_word' id='word_1_678' title='bbox 3457 4117 3515 4166; x_wconf 88' lang='lat' dir='ltr'><strong>et</strong></span> <span class='ocrx_word' id='word_1_679' title='bbox 3546 4109 3624 4163; x_wconf 87' lang='lat' dir='ltr'><strong>al-</strong></span> 
     </span>
    </p>
   </div>
   <div class='ocr_carea' id='block_1_98' title="bbox 2044 4197 3626 4279">
    <p class='ocr_par' dir='ltr' id='par_1_98' title="bbox 2044 4197 3626 4279">
     <span class='ocr_line' id='line_1_100' title="bbox 2044 4197 3626 4279; baseline -0.013 -7"><span class='ocrx_word' id='word_1_680' title='bbox 2044 4226 2129 4273; x_wconf 90' lang='lat' dir='ltr'><strong>ter</strong></span> <span class='ocrx_word' id='word_1_681' title='bbox 2158 4215 2381 4272; x_wconf 88' lang='lat' dir='ltr'><strong>alterius</strong></span> <span class='ocrx_word' id='word_1_682' title='bbox 2407 4212 2674 4276; x_wconf 90' lang='lat' dir='ltr'><strong>membra,</strong></span> <span class='ocrx_word' id='word_1_683' title='bbox 2708 4208 2838 4279; x_wconf 90' lang='lat' dir='ltr'><strong>quid</strong></span> <span class='ocrx_word' id='word_1_684' title='bbox 2888 4216 2939 4261; x_wconf 90' lang='lat' dir='ltr'><strong>tu</strong></span> <span class='ocrx_word' id='word_1_685' title='bbox 2977 4201 3459 4261; x_wconf 88' lang='lat' dir='ltr'><strong>intolerantissime</strong></span> <span class='ocrx_word' id='word_1_686' title='bbox 3515 4197 3626 4269; x_wconf 73' lang='lat' dir='ltr'><strong>glo-</strong></span> 
     </span>
    </p>
   </div>
   <div class='ocr_carea' id='block_1_99' title="bbox 2047 4292 3622 4380">
    <p class='ocr_par' dir='ltr' id='par_1_99' title="bbox 2047 4292 3622 4380">
     <span class='ocr_line' id='line_1_101' title="bbox 2047 4292 3622 4380; baseline -0.013 -14"><span class='ocrx_word' id='word_1_687' title='bbox 2047 4313 2230 4377; x_wconf 89' lang='lat' dir='ltr'><strong>riaris,</strong></span> <span class='ocrx_word' id='word_1_688' title='bbox 2255 4309 2386 4380; x_wconf 89' lang='lat' dir='ltr'><strong>quid</strong></span> <span class='ocrx_word' id='word_1_689' title='bbox 2430 4306 2655 4363; x_wconf 77' lang='lat' dir='ltr'><strong>fratrem</strong></span> <span class='ocrx_word' id='word_1_690' title='bbox 2698 4301 3029 4359; x_wconf 87' lang='lat' dir='ltr'><strong>contumelia</strong></span> <span class='ocrx_word' id='word_1_691' title='bbox 3062 4296 3267 4356; x_wconf 76' lang='lat' dir='ltr'><strong>vexas?</strong></span> <span class='ocrx_word' id='word_1_692' title='bbox 3293 4295 3447 4350; x_wconf 90' lang='lat' dir='ltr'><strong>Sicut</strong></span> <span class='ocrx_word' id='word_1_693' title='bbox 3474 4292 3622 4349; x_wconf 87' lang='lat' dir='ltr'><strong>enim</strong></span> 
     </span>
    </p>
   </div>
   <div class='ocr_carea' id='block_1_100' title="bbox 2046 4386 3623 4465">
    <p class='ocr_par' dir='ltr' id='par_1_100' title="bbox 2046 4386 3623 4465">
     <span class='ocr_line' id='line_1_102' title="bbox 2046 4386 3623 4465; baseline -0.016 -5"><span class='ocrx_word' id='word_1_694' title='bbox 2046 4406 2148 4461; x_wconf 91' lang='lat' dir='ltr'><strong>iste</strong></span> <span class='ocrx_word' id='word_1_695' title='bbox 2177 4402 2481 4459; x_wconf 86' lang='lat' dir='ltr'><strong>membrum</strong></span> <span class='ocrx_word' id='word_1_696' title='bbox 2515 4409 2688 4465; x_wconf 91' lang='lat' dir='ltr'><strong>tuum,</strong></span> <span class='ocrx_word' id='word_1_697' title='bbox 2712 4396 2793 4453; x_wconf 91' lang='lat' dir='ltr'><strong>sic</strong></span> <span class='ocrx_word' id='word_1_698' title='bbox 2812 4404 2868 4453; x_wconf 89' lang='lat' dir='ltr'><strong>et</strong></span> <span class='ocrx_word' id='word_1_699' title='bbox 2895 4403 2949 4449; x_wconf 89' lang='lat' dir='ltr'><strong>tu</strong></span> <span class='ocrx_word' id='word_1_700' title='bbox 2976 4391 3167 4464; x_wconf 84' lang='lat' dir='ltr'><strong>ipsius,</strong></span> <span class='ocrx_word' id='word_1_701' title='bbox 3192 4398 3249 4444; x_wconf 89' lang='lat' dir='ltr'><strong>et</strong></span> <span class='ocrx_word' id='word_1_702' title='bbox 3276 4386 3403 4443; x_wconf 83' lang='lat' dir='ltr'><strong>inde</strong></span> <span class='ocrx_word' id='word_1_703' title='bbox 3430 4397 3623 4453; x_wconf 73' lang='lat' dir='ltr'><strong>magna</strong></span> 
     </span>
    </p>
   </div>
   <div class='ocr_carea' id='block_1_101' title="bbox 1971 4494 2605 4565">
    <p class='ocr_par' dir='ltr' id='par_1_101' title="bbox 1971 4494 2605 4565">
     <span class='ocr_line' id='line_1_103' title="bbox 1971 4494 2605 4565; baseline -0.016 -9"><span class='ocrx_word' id='word_1_704' title='bbox 1971 4507 2017 4564; x_wconf 83' lang='lat' dir='ltr'><strong>D</strong></span> <span class='ocrx_word' id='word_1_705' title='bbox 2048 4499 2268 4555; x_wconf 83' lang='lat' dir='ltr'><strong>honoris</strong></span> <span class='ocrx_word' id='word_1_706' title='bbox 2303 4494 2605 4565; x_wconf 60' lang='lat' dir='ltr'><strong>inqualitas.</strong></span> 
     </span>
    </p>
   </div>
   <div class='ocr_carea' id='block_1_102' title="bbox 2118 4570 3620 4653">
    <p class='ocr_par' dir='ltr' id='par_1_102' title="bbox 2118 4570 3620 4653">
     <span class='ocr_line' id='line_1_104' title="bbox 2118 4570 3620 4653; baseline -0.019 -7"><span class='ocrx_word' id='word_1_707' title='bbox 2118 4591 2287 4646; x_wconf 75' lang='lat' dir='ltr'><strong>Vsus.</strong></span> <span class='ocrx_word' id='word_1_708' title='bbox 2334 4588 2390 4642; x_wconf 72' lang='grc'>4.</span> <span class='ocrx_word' id='word_1_709' title='bbox 2447 4585 2637 4641; x_wconf 82' lang='lat' dir='ltr'><strong>Nonne</strong></span> <span class='ocrx_word' id='word_1_710' title='bbox 2688 4581 2949 4653; x_wconf 82' lang='lat' dir='ltr'><strong>judicatis</strong></span> <span class='ocrx_word' id='word_1_711' title='bbox 2997 4575 3141 4645; x_wconf 87' lang='lat' dir='ltr'><strong>apud</strong></span> <span class='ocrx_word' id='word_1_712' title='bbox 3183 4570 3540 4639; x_wconf 73' lang='lat' dir='ltr'><strong>vosmetipsos,</strong></span> <span class='ocrx_word' id='word_1_713' title='bbox 3572 4573 3620 4620; x_wconf 83' lang='lat' dir='ltr'><strong>et</strong></span> 
     </span>
    </p>
   </div>
   <div class='ocr_carea' id='block_1_103' title="bbox 2045 4663 3361 4755">
    <p class='ocr_par' dir='ltr' id='par_1_103' title="bbox 2045 4663 3361 4755">
     <span class='ocr_line' id='line_1_105' title="bbox 2045 4663 3361 4755; baseline -0.017 -18"><span class='ocrx_word' id='word_1_714' title='bbox 2045 4684 2180 4755; x_wconf 79' lang='lat' dir='ltr'><strong>facti</strong></span> <span class='ocrx_word' id='word_1_715' title='bbox 2213 4680 2340 4736; x_wconf 87' lang='lat' dir='ltr'><strong>estis</strong></span> <span class='ocrx_word' id='word_1_716' title='bbox 2366 4678 2575 4749; x_wconf 84' lang='lat' dir='ltr'><strong>judices</strong></span> <span class='ocrx_word' id='word_1_717' title='bbox 2604 4674 2977 4746; x_wconf 83' lang='lat' dir='ltr'><strong>cogitationum</strong></span> <span class='ocrx_word' id='word_1_718' title='bbox 3006 4667 3307 4735; x_wconf 86' lang='lat' dir='ltr'><strong>iniquarum</strong></span> <span class='ocrx_word' id='word_1_719' title='bbox 3329 4663 3361 4721; x_wconf 72' lang='grc'><strong>2·</strong></span> 
     </span>
    </p>
   </div>
   <div class='ocr_carea' id='block_1_104' title="bbox 2112 4759 3619 4831">
    <p class='ocr_par' dir='ltr' id='par_1_104' title="bbox 2112 4759 3619 4831">
     <span class='ocr_line' id='line_1_106' title="bbox 2112 4759 3619 4831; baseline -0.016 -2"><span class='ocrx_word' id='word_1_720' title='bbox 2112 4775 2256 4831; x_wconf 80' lang='lat' dir='ltr'><strong>ldetn</strong></span> <span class='ocrx_word' id='word_1_721' title='bbox 2296 4772 2366 4829; x_wconf 91' lang='lat' dir='ltr'><strong>de</strong></span> <span class='ocrx_word' id='word_1_722' title='bbox 2412 4770 2666 4825; x_wconf 89' lang='lat' dir='ltr'><strong>omnibus</strong></span> <span class='ocrx_word' id='word_1_723' title='bbox 2707 4764 3034 4822; x_wconf 86' lang='lat' dir='ltr'><strong>sentiamus.</strong></span> <span class='ocrx_word' id='word_1_724' title='bbox 3069 4759 3236 4815; x_wconf 78' lang='lat' dir='ltr'><strong>Adest</strong></span> <span class='ocrx_word' id='word_1_725' title='bbox 3265 4767 3491 4827; x_wconf 89' lang='lat' dir='ltr'><strong>pauper,</strong></span> <span class='ocrx_word' id='word_1_726' title='bbox 3522 4765 3619 4807; x_wconf 81' lang='lat' dir='ltr'><strong>cu-</strong></span> 
     </span>
    </p>
   </div>
   <div class='ocr_carea' id='block_1_105' title="bbox 2047 4840 3617 4923">
    <p class='ocr_par' dir='ltr' id='par_1_105' title="bbox 2047 4840 3617 4923">
     <span class='ocr_line' id='line_1_107' title="bbox 2047 4840 3617 4923; baseline -0.017 0"><span class='ocrx_word' id='word_1_727' title='bbox 2047 4882 2158 4923; x_wconf 90' lang='lat' dir='ltr'><strong>ram</strong></span> <span class='ocrx_word' id='word_1_728' title='bbox 2196 4864 2351 4921; x_wconf 90' lang='lat' dir='ltr'><strong>istius</strong></span> <span class='ocrx_word' id='word_1_729' title='bbox 2374 4863 2515 4918; x_wconf 88' lang='lat' dir='ltr'><strong>habe</strong></span> <span class='ocrx_word' id='word_1_730' title='bbox 2542 4858 2665 4914; x_wconf 83' lang='lat' dir='ltr'><strong>l‘urti</strong></span> <span class='ocrx_word' id='word_1_731' title='bbox 2697 4854 2919 4922; x_wconf 86' lang='lat' dir='ltr'><strong>animo;</strong></span> <span class='ocrx_word' id='word_1_732' title='bbox 2960 4866 3062 4907; x_wconf 91' lang='lat' dir='ltr'><strong>nec</strong></span> <span class='ocrx_word' id='word_1_733' title='bbox 3090 4847 3353 4919; x_wconf 82' lang='lat' dir='ltr'><strong>majorem</strong></span> <span class='ocrx_word' id='word_1_734' title='bbox 3385 4845 3452 4901; x_wconf 94' lang='lat' dir='ltr'><strong>de</strong></span> <span class='ocrx_word' id='word_1_735' title='bbox 3477 4840 3617 4897; x_wconf 86' lang='lat' dir='ltr'><strong>divi-</strong></span> 
     </span>
    </p>
   </div>
   <div class='ocr_carea' id='block_1_106' title="bbox 2049 4934 3619 5019">
    <p class='ocr_par' dir='ltr' id='par_1_106' title="bbox 2049 4934 3619 5019">
     <span class='ocr_line' id='line_1_108' title="bbox 2049 4934 3619 5019; baseline -0.016 -5"><span class='ocrx_word' id='word_1_736' title='bbox 2049 4960 2136 5015; x_wconf 92' lang='lat' dir='ltr'><strong>tiis</strong></span> <span class='ocrx_word' id='word_1_737' title='bbox 2165 4957 2453 5013; x_wconf 86' lang='lat' dir='ltr'><strong>elationem</strong></span> <span class='ocrx_word' id='word_1_738' title='bbox 2490 4950 2754 5019; x_wconf 86' lang='lat' dir='ltr'><strong>accipias.</strong></span> <span class='ocrx_word' id='word_1_739' title='bbox 2787 4944 2975 5016; x_wconf 83' lang='lat' dir='ltr'><strong>Neque</strong></span> <span class='ocrx_word' id='word_1_740' title='bbox 3003 4955 3210 5015; x_wconf 88' lang='lat' dir='ltr'><strong>pauper</strong></span> <span class='ocrx_word' id='word_1_741' title='bbox 3240 4950 3420 5008; x_wconf 89' lang='lat' dir='ltr'><strong>neque</strong></span> <span class='ocrx_word' id='word_1_742' title='bbox 3467 4934 3619 4989; x_wconf 80' lang='lat' dir='ltr'><strong>dives</strong></span> 
     </span>
    </p>
   </div>
   <div class='ocr_carea' id='block_1_107' title="bbox 2043 5024 3615 5107">
    <p class='ocr_par' dir='ltr' id='par_1_107' title="bbox 2043 5024 3615 5107">
     <span class='ocr_line' id='line_1_109' title="bbox 2043 5024 3615 5107; baseline -0.017 -3"><span class='ocrx_word' id='word_1_743' title='bbox 2043 5057 2127 5104; x_wconf 89' lang='lat' dir='ltr'><strong>est</strong></span> <span class='ocrx_word' id='word_1_744' title='bbox 2175 5045 2230 5101; x_wconf 90' lang='lat' dir='ltr'><strong>in</strong></span> <span class='ocrx_word' id='word_1_745' title='bbox 2264 5042 2502 5097; x_wconf 89' lang='lat' dir='ltr'><strong>Christo.</strong></span> <span class='ocrx_word' id='word_1_746' title='bbox 2534 5038 2653 5094; x_wconf 89' lang='lat' dir='ltr'><strong>Noli</strong></span> <span class='ocrx_word' id='word_1_747' title='bbox 2707 5037 2892 5107; x_wconf 89' lang='lat' dir='ltr'><strong>itaque</strong></span> <span class='ocrx_word' id='word_1_748' title='bbox 2944 5034 3267 5091; x_wconf 88' lang='lat' dir='ltr'><strong>erubescere</strong></span> <span class='ocrx_word' id='word_1_749' title='bbox 3311 5029 3364 5084; x_wconf 92' lang='lat' dir='ltr'><strong>in</strong></span> <span class='ocrx_word' id='word_1_750' title='bbox 3405 5024 3615 5083; x_wconf 80' lang='lat' dir='ltr'><strong>externi</strong></span> 
     </span>
    </p>
   </div>
   <div class='ocr_carea' id='block_1_108' title="bbox 2038 5112 3612 5208">
    <p class='ocr_par' dir='ltr' id='par_1_108' title="bbox 2038 5112 3612 5208">
     <span class='ocr_line' id='line_1_110' title="bbox 2038 5112 3612 5208; baseline -0.018 -14"><span class='ocrx_word' id='word_1_751' title='bbox 2038 5136 2222 5208; x_wconf 85' lang='lat' dir='ltr'><strong>specie</strong></span> <span class='ocrx_word' id='word_1_752' title='bbox 2250 5127 2575 5195; x_wconf 85' lang='lat' dir='ltr'><strong>indumenti,</strong></span> <span class='ocrx_word' id='word_1_753' title='bbox 2610 5126 2709 5183; x_wconf 89' lang='lat' dir='ltr'><strong>sed</strong></span> <span class='ocrx_word' id='word_1_754' title='bbox 2738 5124 2887 5183; x_wconf 86' lang='lat' dir='ltr'><strong>illum</strong></span> <span class='ocrx_word' id='word_1_755' title='bbox 2922 5122 3109 5194; x_wconf 86' lang='lat' dir='ltr'><strong>accipe</strong></span> <span class='ocrx_word' id='word_1_756' title='bbox 3132 5114 3433 5177; x_wconf 90' lang='lat' dir='ltr'><strong>secundum</strong></span> <span class='ocrx_word' id='word_1_757' title='bbox 3465 5112 3612 5167; x_wconf 85' lang='lat' dir='ltr'><strong>inte—</strong></span> 
     </span>
    </p>
   </div>
   <div class='ocr_carea' id='block_1_109' title="bbox 2043 5224 2454 5286">
    <p class='ocr_par' dir='ltr' id='par_1_109' title="bbox 2043 5224 2454 5286">
     <span class='ocr_line' id='line_1_111' title="bbox 2043 5224 2454 5286; baseline -0.019 0"><span class='ocrx_word' id='word_1_758' title='bbox 2043 5231 2241 5286; x_wconf 87' lang='lat' dir='ltr'><strong>riorem</strong></span> <span class='ocrx_word' id='word_1_759' title='bbox 2274 5224 2454 5281; x_wconf 89' lang='lat' dir='ltr'><strong>iidem.</strong></span> 
     </span>
    </p>
   </div>
   <div class='ocr_carea' id='block_1_110' title="bbox 2116 5302 3623 5387">
    <p class='ocr_par' dir='ltr' id='par_1_110' title="bbox 2116 5302 3623 5387">
     <span class='ocr_line' id='line_1_112' title="bbox 2116 5302 3623 5387; baseline -0.018 -10"><span class='ocrx_word' id='word_1_760' title='bbox 2116 5320 2284 5377; x_wconf 75' lang='lat' dir='ltr'><strong>Vsus.</strong></span> <span class='ocrx_word' id='word_1_761' title='bbox 2316 5319 2375 5387; x_wconf 84' lang='lat'><strong>5,</strong></span> <span class='ocrx_word' id='word_1_762' title='bbox 2404 5317 2461 5375; x_wconf 86' lang='lat'><strong>6.</strong></span> <span class='ocrx_word' id='word_1_763' title='bbox 2481 5316 2699 5384; x_wconf 82' lang='lat' dir='ltr'><strong>Audite,</strong></span> <span class='ocrx_word' id='word_1_764' title='bbox 2725 5315 2918 5385; x_wconf 73' lang='lat' dir='ltr'><strong>fratres</strong></span> <span class='ocrx_word' id='word_1_765' title='bbox 2942 5327 3040 5366; x_wconf 81' lang='lat' dir='ltr'><strong>met</strong></span> <span class='ocrx_word' id='word_1_766' title='bbox 3065 5302 3429 5368; x_wconf 84' lang='lat' dir='ltr'><strong>dilectissimi;</strong></span> <span class='ocrx_word' id='word_1_767' title='bbox 3452 5312 3623 5355; x_wconf 83' lang='lat' dir='ltr'><strong>nonne</strong></span> 
     </span>
    </p>
   </div>
   <div class='ocr_carea' id='block_1_111' title="bbox 2058 5389 3622 5484">
    <p class='ocr_par' dir='ltr' id='par_1_111' title="bbox 2058 5389 3622 5484">
     <span class='ocr_line' id='line_1_113' title="bbox 2058 5389 3622 5484; baseline -0.018 -12"><span class='ocrx_word' id='word_1_768' title='bbox 2058 5415 2202 5471; x_wconf 85' lang='lat' dir='ltr'><strong>Deus</strong></span> <span class='ocrx_word' id='word_1_769' title='bbox 2228 5413 2380 5484; x_wconf 86' lang='lat' dir='ltr'><strong>elegit</strong></span> <span class='ocrx_word' id='word_1_770' title='bbox 2404 5425 2657 5482; x_wconf 85' lang='lat' dir='ltr'><strong>pauperes</strong></span> <span class='ocrx_word' id='word_1_771' title='bbox 2707 5408 2763 5465; x_wconf 88' lang='lat' dir='ltr'><strong>in</strong></span> <span class='ocrx_word' id='word_1_772' title='bbox 2810 5407 2907 5462; x_wconf 76' lang='lat' dir='ltr'><strong>hoc</strong></span> <span class='ocrx_word' id='word_1_773' title='bbox 2944 5402 3160 5468; x_wconf 76' lang='lat' dir='ltr'><strong>mundo,</strong></span> <span class='ocrx_word' id='word_1_774' title='bbox 3189 5397 3379 5455; x_wconf 80' lang='lat' dir='ltr'><strong>divites</strong></span> <span class='ocrx_word' id='word_1_775' title='bbox 3411 5395 3465 5450; x_wconf 87' lang='lat' dir='ltr'><strong>in</strong></span> <span class='ocrx_word' id='word_1_776' title='bbox 3513 5389 3622 5455; x_wconf 78' lang='lat' dir='ltr'><strong>ﬁde</strong></span> 
     </span>
    </p>
   </div>
   <div class='ocr_carea' id='block_1_112' title="bbox 2152 5731 3622 5817">
    <p class='ocr_par' dir='ltr' id='par_1_112' title="bbox 2152 5731 3622 5817">
     <span class='ocr_line' id='line_1_114' title="bbox 2152 5731 3622 5817; baseline -0.011 -12"><span class='ocrx_word' id='word_1_777' title='bbox 2152 5749 2192 5781; x_wconf 77' lang='lat'><strong>‘°</strong></span> <span class='ocrx_word' id='word_1_778' title='bbox 2218 5749 2279 5806; x_wconf 79' lang='grc' dir='ltr'>Ο.</span> <span class='ocrx_word' id='word_1_779' title='bbox 2307 5742 2618 5817; x_wconf 56' lang='grc' dir='ltr'>(λοχίζεις.</span> <span class='ocrx_word' id='word_1_780' title='bbox 2682 5742 3122 5815; x_wconf 77' lang='grc' dir='ltr'>ἀπονοιαυχίζεις</span> <span class='ocrx_word' id='word_1_781' title='bbox 3159 5742 3295 5800; x_wconf 86' lang='lat' dir='ltr'><strong>Cod.</strong></span> <span class='ocrx_word' id='word_1_782' title='bbox 3393 5736 3439 5773; x_wconf 81' lang='grc'><strong>⁸⁸</strong></span> <span class='ocrx_word' id='word_1_783' title='bbox 3462 5736 3528 5795; x_wconf 81' lang='lat' dir='ltr'><strong>C.</strong></span> <span class='ocrx_word' id='word_1_784' title='bbox 3552 5731 3622 5790; x_wconf 78' lang='grc' dir='ltr'>α.</span> 
     </span>
    </p>
   </div>
  </div>
