4054 6216
427 337 434 342 “
473 328 613 384 {MS

1274 317 1851 382 [SUPPLEMENTUM
1893 323 1982 378 AD
2023 324 2081 378 S.
2121 321 2169 375 J.
2207 318 2692 375 CIIRYSOSTOMI
2733 318 2984 374 OPERA.

3586 317 3726 375 l0“

471 450 520 496 et
545 441 775 497 Itazretles
815 458 958 512 regns
1003 445 1142 514 quod
1175 447 1469 512 repromisit
1524 445 1663 502 Deus
1698 447 2030 516 diligentibus

2141 441 2307 505 σιὀυς
2349 439 2420 491 ἐν
2443 438 2662 500 πίστει,
2695 436 2790 492 καί
2819 433 3228 502 κληρονόμους
3261 425 3370 494 τῆς
3395 427 3724 496 βασιλείας

473 535 562 590 se?
587 551 676 590 vos
709 545 883 590 autem
914 536 1278 592 exhonorastis
1303 554 1603 608 pauperem.

513 710 654 766 'Nos
685 715 850 780 enim,
882 715 1027 770 sicut
1047 731 1208 783 quam
1241 715 1482 772 maxima
1512 718 1655 788 passi
1682 719 2029 786 detrimenta,

475 803 548 856 ita
578 803 1006 871 supplicantibus
1045 805 1392 874 insultamus,
1431 822 1630 878 eosque
1661 810 2036 875 abborremus,

461 907 576 950 [nec
618 893 746 962 quid
797 893 1012 960 damus,
1041 896 1136 951 sed
1167 907 1416 953 econtra
1467 899 1872 955 contristamus.
1907 900 2040 956 Cor-

474 983 627 1051 ripite
649 993 703 1038 ut
725 981 971 1052 fratrem,
1001 985 1134 1039 dicit
1159 985 1378 1054 Paulus,
1409 996 1455 1042 et
1478 987 1641 1044 nolite
1662 988 1797 1044 sicut
1827 989 2037 1042 inimico

472 1072 728 1130 insultare
767 1074 810 1132 ⁸.
861 1074 961 1140 Oui
1017 1073 1242 1130 fratrem
1291 1092 1448 1132 suum
1497 1077 1742 1146 corripit,
1777 1093 1886 1134 non
1937 1078 2042 1133 hoc

475 1161 689 1231 publice
725 1162 1304 1236 facit.Corrcptionem
1351 1183 1456 1222 non
1491 1167 1754 1239 divulgat,
1783 1168 1878 1224 sed
1927 1167 2039 1237 pri—

477 1252 640 1306 vatim
686 1253 880 1320 instat,
936 1263 990 1309 et
1033 1271 1222 1326 magna
1277 1271 1396 1312 cum
1451 1258 1758 1326 prudentia,
1803 1265 1858 1312 et
1909 1255 2044 1311 allii-

471 1353 614 1411 ctus,
668 1355 722 1399 et
761 1347 845 1400 vix
905 1356 1213 1417 temperans
1252 1363 1283 1402 a
1330 1349 1606 1420 lacrymis,
1636 1364 1772 1418 quas
1821 1358 1876 1405 et
1901 1363 2044 1418 saepe

471 1438 734 1508 plurimas
781 1439 1028 1495 ell'undit.
1087 1441 1132 1496 A
1187 1441 1430 1498 fraterno
1483 1454 1663 1500 tamen
1711 1443 2045 1512 digredimur

472 1543 657 1594 sensu,
711 1531 917 1600 absque
974 1531 1210 1589 fraterna
1239 1532 1562 1602 corripimus
1624 1532 2038 1598 benevolentia,

472 1636 578 1676 non
605 1622 758 1690 quasi
792 1623 976 1679 alllicti
1021 1625 1076 1680 iu
1103 1627 1370 1693 donando,
1400 1627 1494 1682 sed
1531 1637 1590 1682 ut
1617 1641 1760 1697 egre
1789 1625 2040 1682 ferentes

471 1712 648 1781 ipsum
705 1716 1008 1784 transgredi
1067 1725 1334 1787 praecepta
1397 1726 1589 1773 contra
1641 1707 1948 1772 utilitatem.
1986 1715 2042 1770 Si

2076 1776 2118 1832 Β

2141 527 2214 600 ἧς
2258 529 2650 599 ἐπηγγείλατο
2703 527 2822 593 τοῖς
2869 523 3182 596 ἀγαπῶσιν
3211 522 3430 585 αὐτόν;
3456 519 3625 590 ὑμεῖς
3653 519 3724 573 δὲ

2137 621 2462 691 ἠτιμάσατε
2488 618 2595 672 τὸν
2631 617 2882 686 πτωχόν.

2220 713 2408 782 Ἡμεῖς
2441 711 2498 764 δὲ
2546 709 2619 772 ὼς
2655 708 2723 762 τὰ
2757 708 2990 778 μέγιστα
3022 704 3346 775 ἠδικημένοι
3393 701 3535 756 οὓτω
3581 701 3716 765 τοὺς

2140 803 2571 875 προσαιτοῦντας
2621 802 2936 873 ὑϐρίζομεν,
2989 797 3470 868 ἀποστρεφόμεθα·
3520 795 3582 847 οῦ
3637 794 3722 848 δί-

2141 895 2262 958 δους
2289 896 2331 927 "
2363 913 2416 948 τι
2446 896 2541 948 καὶ
2567 895 2758 957 λυπεῖς
2783 911 2798 962 ;
2829 888 3175 947 Νουθετεῒτε
3193 929 3208 954 ,
3238 883 3394 941 εἶπεν
3421 889 3451 940 ὁ
3482 885 3720 949 Παῦλος,

2141 988 2219 1054 ὠς
2271 986 2592 1055 ἀδελφοὺς,
2639 986 2752 1053 οὐχ
2807 981 3062 1052 ὑϐρίζετε
3110 982 3191 1046 ὡς
3235 979 3506 1050 ἐχθρούς·
3553 978 3582 1029 ὁ
3631 978 3723 1030 τὸν

2142 1075 2369 1146 ἀδελφὸν
2412 1073 2576 1130 αὑτοῦ
2620 1072 2909 1137 νουθετῶν,
2955 1071 3018 1124 οὐ
3065 1069 3304 1141 δημοσίᾳ
3340 1066 3501 1120 τοῦτο
3550 1070 3719 1118 ποιεῖ·

2142 1169 2241 1221 οὐκ
2266 1164 2606 1238 ὲκπομπεῦει
2638 1165 2736 1235 τὴν
2770 1162 2950 1234 ὓϐριν,
2980 1161 3098 1214 ἀλλ’
3133 1161 3240 1231 ἰδία
3274 1160 3370 1213 καὶ
3417 1157 3556 1228 μετά
3586 1158 3718 1211 πολ-

2142 1263 2240 1334 λῆς
2264 1264 2306 1294 η
2331 1264 2625 1334 προσοχῆς,
2654 1260 2748 1313 καὶ
2771 1257 2952 1326 ἀλγῶν
2985 1258 3079 1310 καὶ
3101 1255 3428 1324 δακνόμενος
3458 1253 3718 1323 δακρύων

2144 1356 2238 1408 καὶ
2279 1352 2624 1424 ὀδυρόμενος.
2677 1350 2809 1403 Ἀπὸ
2847 1349 3142 1417 ἀδελφικῆς
3180 1346 3361 1399 τοίνυν
3395 1343 3722 1416 παρέχομεν

2143 1447 2240 1516 τῆς
2269 1443 2528 1508 διανοίας,
2559 1441 2667 1496 ἀπὸ
2689 1441 2986 1510 ἀδελφικῆς
3011 1437 3372 1506 νουθετοῦμεν
3396 1436 3496 1505 τῆς
3528 1453 3726 1506 προαι-

2149 1538 2370 1610 ρέσεως,
2402 1535 2476 1608 μὴ
2503 1535 2579 1599 ὡς
2602 1533 2895 1604 ἀλγοῦντες
2931 1532 3024 1586 ἐπὶ
3047 1531 3124 1602 τῷ
3154 1530 3195 1562 ’³
3228 1529 3461 1593 διδόναι,
3490 1528 3606 1582 ἀλλ’
3642 1528 3722 1592 ὡς

2145 1625 2438 1695 ἀλγοῦντες
2476 1625 2570 1678 ἐπὶ
2595 1626 2670 1695 τῷ
2701 1625 2908 1678 ἐκεῖνον
2952 1620 3313 1694 παραϐαίνειν
3355 1619 3454 1690 τὴν
3493 1619 3723 1689 ἐντολήν

2145 1718 2238 1771 ἐπὶ
2265 1716 2327 1770 τὸ
2370 1715 2586 1788 κέρδος.
2620 1715 2682 1768 El
2716 1714 2825 1786 γὰρ
2863 1714 3000 1786 μετά
3028 1714 3087 1767 τδ
3117 1713 3299 1766 δοῦναι
3321 1711 3591 1784 ὑϐρίζεις,
3621 1711 3721 1763 λυ-

471 1815 653 1864 autem
679 1821 800 1860 cum
827 1806 1064 1875 dederis,
1098 1808 1347 1874 insultas,
1380 1809 1753 1865 beneficentia:
1792 1808 2043 1879 volupta-

2152 1808 2318 1881 μαίνῃ
2340 1811 2406 1881 τῇ
2446 1809 2546 1878 τῆς
2569 1807 2768 1871 δόσεως
2809 1807 2990 1879 ἡδονῇ.
3027 1806 3196 1860 Ὅταν
3221 1805 3279 1859 δὲ
3313 1805 3449 1876 μήτε
3487 1804 3594 1874 δῷς
3625 1805 3725 1857 καὶ

473 1901 579 1950 tem
601 1897 926 1966 corrumpis.
953 1897 1060 1954 Sed
1086 1902 1134 1954 si
1165 1912 1340 1967 neque
1361 1897 1456 1954 das
1481 1908 1536 1954 et
1557 1898 1809 1966 insultas,
1841 1905 2044 1968 quanto

474 1986 925 2043 miserabiliorem
948 1986 1146 2044 elﬁcies
1179 1989 1322 2044 hunc
1355 1988 1469 2060 jam
1496 1988 1752 2044 miserum
1786 1998 1840 2044 et
1866 1988 2044 2043 infeli-

472 2080 622 2135 ceml
648 2079 829 2136 Exivit
851 2081 917 2136 ad
939 2089 991 2137 te
1015 2091 1073 2136 ut
1096 2081 1245 2138 illum
1263 2083 1568 2153 adjuvares,
1595 2089 1650 2136 et
1670 2081 1876 2137 recedit
1899 2096 2045 2135 mor-

474 2169 565 2224 tali
597 2180 822 2242 accepto
853 2172 1096 2238 vulnere,
1130 2173 1412 2244 magisque
1433 2173 1776 2245 lacrymabit.
1825 2173 1884 2228 Si
1922 2174 2044 2243 quis

471 2271 653 2320 autem
683 2263 974 2332 indigentia
1009 2273 1106 2320 aut
1153 2265 1501 2332 necessitate}
1529 2265 1838 2321 mendicare
1896 2281 2032 2320 com.

472 2352 712 2422 pellitur,
749 2353 795 2410 si
827 2369 976 2421 vero,
1016 2357 1428 2413 mendicationis
1475 2371 1664 2423 causa,
1698 2358 2040 2414 contumeliis

472 2445 726 2514 alﬁcitur,
775 2456 1002 2518 quanta,
1052 2463 1258 2518 quaso,
1293 2449 1398 2502 erit
1429 2448 1601 2518 ipsius
1644 2449 2042 2504 animadversio

471 2538 527 2594 in
560 2539 1009 2595 contumeliosum
1039 2538 1053 2592 l
1087 2538 1397 2594 Creatorem
1430 2547 1608 2594 autem
1655 2540 1770 2610 ipse
1823 2540 2043 2595 exulce-

471 2637 576 2696 rat,
607 2628 874 2700 siquidem
897 2629 1040 2684 ltunc
1071 2629 1218 2684 misit
1247 2629 1390 2684 Deus
1420 2629 1487 2684 ad
1519 2636 1573 2684 te
1600 2629 1954 2700 indigentem,
1982 2641 2040 2688 ut

473 2729 528 2776 tu
559 2719 754 2775 debeas
808 2718 1056 2775 auxiliari
1082 2719 1159 2774 illi
1192 2760 1209 2787 ,
1240 2729 1295 2775 et
1328 2729 1380 2775 tu
1427 2720 1501 2774 illi
1540 2730 1762 2793 propter
1798 2733 1852 2780 te
1901 2721 2042 2780 indi-

469 2811 615 2880 genti
671 2809 916 2866 insultas.
980 2811 1192 2880 Quanta
1235 2813 1349 2868 [nec
1394 2813 1783 2884 imprudentia!
1841 2825 2042 2886 quanta

471 2903 572 2957 ltoc
612 2917 749 2974 Opus
795 2903 1122 2974 ingratitudo
1143 2904 1155 2958 l

544 2994 710 3050 Vens.
737 2995 792 3060 6,
817 2997 870 3051 7.
895 2996 1087 3054 Nonne
1113 3000 1296 3054 divites
1319 3018 1412 3070 per
1431 3003 1714 3071 potentiam
1741 3001 2041 3070 opprimunt

2147 1900 2399 1974 ὑϐρίσῃς,
2429 1901 2596 1954 πόσον
2617 1899 2716 1953 οὐκ
2735 1898 2975 1967 εἰργάσω
2997 1895 3166 1951 κακὸν
3182 1897 3273 1949 τὸν
3302 1895 3487 1950 ἄθλιον
3508 1896 3726 1947 ἐκεῖνον

2145 1995 2242 2047 καὶ
2269 1992 2646 2063 ταλαίπωρον;
2676 1990 2989 2060 Προσῆλθεν
3017 1989 3092 2052 ὡς
3113 1987 3471 2058 ὲλεησόμενος
3493 1987 3541 2018 ³⁸
3569 1987 3725 2056 παρὰ

2147 2084 2265 2149 σοῦ,
2286 2083 2466 2139 λαϐὼν
2489 2083 2545 2138 δὲ
2575 2081 2796 2154 καιρίαν
2823 2081 2919 2153 τὴν
2949 2081 3164 2152 πληγὴν
3195 2079 3428 2150 ἀπῆλθε,
3462 2080 3560 2132 καὶ
3592 2079 3724 2148 μᾶλ-

2145 2177 2235 2232 λον
2269 2177 2584 2247 ἐδάκρυσεν.
2623 2176 2793 2229 Ὅταν
2824 2175 2932 2244 γάρ
2972 2173 3352 2243 ἀναγκάζηται
3387 2171 3477 2224 διὰ
3504 2172 3606 2242 τὴν
3633 2171 3722 2222 ἐν·

2145 2269 2295 2323 δειαν
2341 2268 2676 2338 προσαιτεῖν,
2724 2266 2813 2319 διά
2851 2265 2909 2318 δὲ
2951 2265 3011 2318 τὸ
3058 2265 3372 2334 προσαιτεῖν
3411 2263 3720 2332 ὑϐρίζεται,

2145 2361 2246 2430 ὅρα
2278 2359 2419 2429 πόση
2447 2358 2523 2430 τῷ
2555 2357 2829 2427 ὑϐρίζοντι
2864 2358 2897 2428 ἡ
2926 2356 3190 2428 τιμωρία.
3229 2354 3527 2425 Παροξύνει
3558 2356 3599 2386 ¹⁷
3624 2355 3722 2408 τὸν

2154 2451 2462 2522 ποιήσαντα
2485 2449 2665 2505 αὐτόν’
2701 2449 2860 2520 εἴπερ
2879 2448 2988 2519 γάρ
3022 2464 3110 2517 μοι
3141 2446 3303 2510 αὐτὸς
3337 2446 3500 2500 αὑτὸν
3527 2446 3720 2515 ἀφῆκε

2146 2542 2406 2597 πένεσθαι
2431 2541 2520 2595 διὰ
2551 2541 2632 2607 σὲ,
2667 2542 2756 2594 ἵνα
2783 2541 2846 2593 σὺ
2876 2540 3005 2610 ἔχῃς
3042 2538 3374 2609 θεραπεύειν
3400 2537 3579 2601 αὑτὸν,
3612 2537 3720 2590 καὶ

2145 2636 2209 2690 σὺ
2246 2635 2338 2689 τὸν
2370 2633 2460 2688 διὰ
2489 2633 2549 2688 σὲ
2573 2632 2868 2703 πενόμενον
2897 2630 3159 2701 ὑϐρίζεις,
3187 2629 3362 2700 πόσης
3391 2627 3719 2698 ἀγνωμοσῦ-

2144 2717 2241 2799 νῆξ
2268 2719 2685 2794 ταῦτα;”πόσης
2717 2726 3041 2796 ἀχαριστίας
3068 2725 3228 2780 τοῦτο
3257 2723 3316 2776 τὸ
3351 2721 3538 2793 ἓργονί

2215 2988 2337 3055 Οὐχ
2397 2987 2450 3040 οἱ
2498 2983 2775 3037 πλούσιοι
2845 2977 3472 3033 καταδυναστεύουσιν
3523 2973 3718 3043 ὑμῶν,

473 3099 565 3137 nos
588 3123 603 3148 ,
632 3095 678 3138 et
705 3086 801 3154 ipsi
828 3087 1045 3140 tradunt
1084 3103 1176 3141 nos
1216 3090 1285 3142 ad
1306 3063 1558 3159 indicia?
1589 3089 1642 3143 Ν
1647 3063 1784 3145 anne
1800 3063 1900 3160 ipsi
1922 3090 2033 3143 bla-

2145 3078 2240 3133 καὶ
2265 3076 2434 3132 αὐτοὶ
2467 3075 2755 3128 ἕλκουσιν
2789 3068 2944 3140 ὑμᾶς
2967 3071 3054 3134 εὶς
3081 3066 3378 3136 κριτήρια;
3397 3066 3510 3120 οὐκ
3543 3063 3720 3117 αὐτοὶ

471 3176 740 3244 sphemaut
765 3177 952 3231 bonum
976 3194 1160 3236 nomen
1179 3183 1314 3249 quod
1340 3180 1629 3234 invocatum
1653 3191 1728 3235 est
1744 3182 2038 3249 supernos?

448 3419 452 3423 _
547 3356 821 3413 Gcnerose
855 3359 1088 3430 ipsorum
1117 3362 1464 3430 cupiditatem
1489 3365 1727 3419 sull'erte.
1761 3365 1837 3420 llli
1861 3375 2036 3421 autem

472 3449 683 3518 seipsos
727 3451 973 3520 perdent,
1003 3467 1107 3508 non
1144 3468 1258 3508 vos.
1291 3454 1412 3520 Vos,
1437 3456 1650 3523 quidem
1685 3457 2038 3528 divitiisaspo-

473 3541 631 3607 lianl,
667 3543 762 3598 sed
812 3545 1020 3614 seipsos
1047 3546 1254 3601 nudant
1302 3547 1671 3603 benevolentia
1713 3559 1767 3603 et
1795 3551 2042 3618 praesidio

473 3633 589 3689 Dei.
619 3635 721 3702 Qui
758 3651 886 3691 vero
917 3637 1034 3693 istis
1057 3639 1394 3703 destituitur,
1418 3639 1545 3696 licet
1591 3649 1818 3697 cunctas
1855 3643 2020 3698 mund

473 3727 1002 3797 possideatdivitias,
1036 3731 1274 3786 omnium
1321 3732 1696 3802 pauperrimus
1720 3739 1824 3789 est.
2046 3717 2078 3782 εί

539 3911 816 3968 VenSJS.
864 3913 953 3969 Sic
1001 3913 1273 3984 loquimini
1330 3926 1379 3970 et
1425 3933 1502 3971 stc
1556 3917 1737 3986 facile,
1766 3920 1912 3990 sicut,
1949 3935 2040 3990 per
2121 3935 2125 3947 τ

473 4006 633 4072 legem
664 4005 920 4061 libertatis
950 4008 1250 4075 incipientes
1264 4008 1520 4075 judicari.
2048 4025 2063 4068 ί

539 4097 732 4154 Melius
782 4103 928 4155 enim
985 4111 1067 4157 est
1127 4117 1222 4158 vos
1263 4103 1442 4159 verbis
1487 4113 1698 4170 terreri,
1751 4119 1819 4160 ne
1878 4105 2038 4161 rebus

471 4191 807 4245 cruciemini.
2033 4194 2041 4202 ”

550 4283 715 4337 Vens.
749 4282 840 4339 15.
883 4281 1256 4354 Superexaltat
1309 4294 1484 4342 autem
1539 4288 1902 4342 misericordia
1939 4290 2036 4358 ju-

469 4373 683 4428 dicium.

550 4467 900 4537 Elccmosyna
949 4467 1282 4524 admirabilis
1312 4469 1552 4538 quaedam
1587 4485 1674 4526 res
1700 4479 1786 4526 est
1819 4479 1874 4528 et
1912 4486 2037 4541 pro-

473 4559 633 4613 tectiu
659 4559 996 4629 operantium
1043 4560 1221 4627 illam;
1252 4575 1282 4614 a
1331 4560 1441 4616 Deo
1473 4562 1673 4616 etenim
1707 4572 1940 4628 amatur,
1985 4572 2038 4619 ct

465 4649 618 4717 juxta
651 4649 796 4705 illum
852 4660 959 4706 stat
1005 4666 1237 4721 semper.
1278 4651 1517 4708 Gratiam
1571 4652 1729 4708 facile
1785 4654 2040 4724 impetrat

473 4742 526 4794 in
550 4743 799 4796 otttnibus
839 4759 960 4813 qua:
1008 4745 1304 4812 desiderat,
1338 4747 1498 4803 modo
1539 4762 1644 4802 non
1679 4748 1752 4803 sit
1778 4749 1978 4818 injusta
2007 4763 2037 4802 a

426 4850 430 4854 ’
472 4835 660 4900 nobis;
688 4835 887 4903 iniusta
918 4846 1095 4891 autem
1127 4847 1208 4892 est
1231 4853 1352 4892 cum
1385 4840 1532 4895 illam
1565 4854 1857 4908 operamur
1889 4841 2041 4896 bonis

471 4927 657 4994 rapina
700 4929 1035 4998 comparatis
1072 4931 1231 5000 quasi
1259 4931 1306 4986 si
1361 4947 1494 5002 pura
1553 4943 1754 4989 essent.
1788 4931 2037 5003 Magnam

468 5020 818 5084 operantibus
872 5036 992 5077 cam
1051 5023 1214 5078 donat
1250 5024 1537 5095 justitiam,
1589 5036 1732 5080 tanta
1793 5026 1908 5093 ejus
1958 5034 2042 5080 est

470 5111 726 5166 fortitudo
774 5125 829 5168 et
885 5115 936 5169 in
980 5117 1210 5184 gratiam
1290 5119 1655 5174 misericordis
1697 5128 1752 5171 et
1809 5119 1862 5170 in
1916 5131 2040 5188 gra-

471 5201 600 5256 tiam
638 5206 931 5272 peccautis.
965 5206 1079 5277 Ipsa
1106 5249 1120 5274 ,
1152 5209 1363 5264 vincula
1408 5209 1606 5272 solvit,
1663 5211 1909 5263 tenebras
1955 5209 2042 5262 fu-

471 5301 598 5361 μιν
645 5294 818 5364 ignetn
889 5300 1227 5368 exstinguit,
1276 5315 1512 5354 vermetn
1568 5299 1802 5359 occidit,
1841 5298 2040 5352 avertit

480 5383 766 5440 stridorem
819 5387 1082 5454 dentium,
1114 5391 1270 5460 eique
1320 5405 1513 5460 magna
1569 5404 1690 5444 cum
1739 5389 2032 5446 securitate

541 5518 562 5548 '
599 5516 640 5572 l?
669 5517 857 5578 Tltess.
879 5538 974 5594 ιιι..
1007 5524 1089 5578 15.

560 5652 604 5682 ⁸³
631 5654 691 5708 (3.
729 5657 790 5710 C.
843 5658 1016 5720 δίδως.
1115 5662 1126 5690 ¹

560 5659 604 5682 ’⁸
631 5659 691 5708 (Β.
729 5659 790 5710 C.
843 5659 1016 5720 δίδως.
1115 5660 1156 5690 ³⁵
1191 5661 1248 5712 (Σ.
1284 5660 1344 5712 G.
1387 5659 1582 5727 πολλῆς
1635 5659 1754 5719 τῆς.

473 5719 594 5780 ⁸⁸0.
629 5725 688 5782 C.
721 5727 1047 5792 γυμνωθεὶς.
1125 5732 1164 5762 ¹⁵
1192 5731 1250 5783 C.
1278 5729 1336 5781 C.
1398 5727 1563 5780 ἐστὶν.
1659 5727 1702 5758 ²⁰
1733 5725 1754 5781 (

1855 5656 1896 5687 ⁸⁸
1929 5655 1990 5708 C.
2015 5655 2078 5708 C.
2116 5654 2193 5707 τὸ.

1428 5725 1563 5780 στὶν.
1659 5727 1702 5758 ²⁰
1733 5725 1792 5781 C.
1819 5725 1879 5782 C.
1907 5725 2092 5795 αὐτὴν.

2135 3166 2573 3238 βλασφημοῦσι
2614 3164 2682 3218 τὸ
2730 3162 2921 3217 καλὸν
2957 3161 3142 3230 ὄνομα
3169 3157 3236 3212 τὸ
3263 3153 3593 3222 ἐπικληθὲν
3621 3155 3719 3222 ἐφ’

2137 3260 2322 3333 ὑμᾶς

2199 3375 2408 3444 Φέρετε
2437 3369 2700 3436 γενναίως
2744 3367 2842 3430 τὰς
2883 3363 3217 3428 πλεονεξίας.
3263 3361 3522 3423 Ἑαυτοὺς
3557 3360 3718 3411 ἀναι-

2119 3439 2331 3540 ’ροῦσιν
2357 3464 2580 3528 ἐκεῖνοι,
2611 3462 2711 3530 οὐχ
2750 3461 2914 3529 ὑμᾶς.
2967 3458 3143 3528 Ὑμᾶς
3197 3456 3294 3526 μὲν
3347 3452 3715 3523 ἀποστεροῦσι

2145 3557 2462 3628 χρημάτων,
2519 3553 2744 3615 ἑαυτοὺς
2791 3550 2848 3604 δὲ
2877 3548 3143 3621 γυμνοῦσι
3187 3547 3285 3617 τῆς
3354 3544 3570 3606 εὐνοίας
3615 3542 3715 3596 τοῦ

2141 3647 2279 3701 Θεοῦ
2314 3646 2409 3700 καὶ
2452 3647 2551 3714 τῆς
2595 3643 2867 3714 βοηθείας·
2917 3643 2946 3694 ὁ
2994 3641 3050 3692 δὲ
3082 3639 3299 3707 ἐκείνης
3335 3636 3618 3706 στερηθεὶς
3644 3635 3715 3693 η,

2146 3742 2250 3796 κᾶν
2279 3741 2489 3795 ἅπαντα
2520 3737 2882 3809 περιϐάληται
2915 3734 3013 3804 τῆς
3053 3730 3380 3801 οἰκουμένης
3418 3727 3512 3782 τὸν
3541 3726 3716 3781 πλοῦ-ο

2140 3849 2255 3897 τον,
2287 3832 2510 3885 πάντων
2539 3829 2657 3882 ἐστὶ
2683 3827 3025 3895 πενέστερος.

2207 3923 2405 3988 Οὕτως
2439 3921 2678 3974 λαλεῖτε
2703 3916 2800 3972 καί
2829 3916 3013 3978 οὕτως
3028 3911 3267 3975 ποιεῖτε,
3297 3911 3377 3976 ὡς
3392 3909 3490 3963 διὰ
3519 3909 3713 3977 νόμου

2138 4015 2475 4081 ἐλευθερίας
2501 4010 2828 4080 μέλλοντες
2865 4005 3191 4074 κρίνεσθαι.

2209 4105 2424 4158 Βέλτιον
2461 4101 2570 4172 γὰρ
2611 4101 2722 4163 τοῖς
2752 4099 3002 4168 ῥήμασιν
3019 4095 3176 4184 ,ὑμᾶς
3207 4093 3440 4165 φοϐῆσαι
3464 4134 3480 4158 ,
3510 4092 3597 4144 ἵνα
3631 4108 3710 4163 μη

2139 4199 2247 4260 τοῖς
2289 4195 2605 4266 πράγμασιν
2633 4192 2932 4262 ἀλγήσητε.

2207 4285 2659 4356 Κατακαυχᾶται
2683 4285 2857 4340 ἔλεον
2875 4280 3143 4352 κρίσεως.

2225 4479 2287 4531 Ἦ
2314 4473 2654 4546 ἐλεημοσύνη
2687 4472 2845 4541 τέχνη
2870 4485 2953 4532 τις
2983 4469 3177 4537 ἀριστη
3208 4467 3325 4518 ἐστὶ
3348 4465 3438 4517 καὶ
3473 4462 3714 4532 προστά-

2137 4587 2221 4633 τις
2273 4570 2381 4622 τῶν
2438 4564 2819 4637 ἐργαζομένων
2871 4560 3058 4629 αὐτήν.
3117 4558 3247 4627 Φίλη
3299 4557 3408 4626 γὰρ
3437 4556 3535 4608 τοῦ
3568 4553 3710 4606 Θεοῦ

2135 4663 2252 4714 ἐστι
2279 4660 2344 4724 ⁸⁸,
2377 4658 2471 4711 καὶ
2516 4657 2604 4710 ἀεὶ
2633 4657 2859 4726 πλησίον
2892 4655 3121 4723 ἕστηκεν
3151 4649 3335 4711 αὑτοῦ,
3370 4647 3510 4716 ὑπὲρ
3535 4639 3611 4699 ὧν
3641 4645 3708 4698 ἃν

2142 4751 2401 4822 βούληται
2427 4749 2662 4811 εὐκόλως
2690 4747 2919 4802 αἰτοῦσα
2962 4746 3146 4816 χάριν,
3181 4743 3340 4813 μόνον
3386 4739 3452 4792 ἂν
3487 4737 3562 4808 μὴ
3595 4737 3712 4790 ἀδιν

2141 4844 2308 4912 κῆται
2360 4840 2489 4912 παρ’
2533 4840 2710 4909 ήμῶνο
2753 4840 3017 4894 ἀδικεῖται
3051 4837 3110 4890 δὲ
3135 4877 3150 4901 ,
3184 4837 3314 4888 ὅταν
3342 4830 3402 4896 ἐξ
3443 4830 3705 4898 ἁρπαγῆς

2137 4935 2315 4990 αὐτῶν
2340 4934 2384 4964 ¹⁰
2415 4931 2795 5002 ἐργαζώμεθα,
2821 4931 2894 4992 ὡς
2923 4928 3018 4983 ἐὰν
3103 4925 3342 4995 καθαρὰ,
3369 4919 3572 4990 πολλὴν
3592 4920 3706 4981 τοῖς

2139 5023 2560 5093 ἁναπέμπουσιν
2608 5020 2777 5090 αὐτὴν
2824 5020 3010 5072 δίδωσι
3061 5018 3161 5088 τὴν
3214 5012 3551 5086 παρῤησίαψ
3608 5010 3730 5080 καὶ,

2138 5113 2280 5183 ὑπὲρ
2329 5111 2853 5184 προσκεκρουκότων
2905 5110 3112 5171 δεῖται,
3161 5104 3395 5172 τοσαύτη
3441 5099 3613 5168 αὐτῆς
3669 5100 3704 5167 ἡ

2137 5205 2310 5274 ἰσχὺς,
2339 5205 2432 5256 καὶ
2475 5202 2615 5272 ὑπὲρ
2637 5201 3034 5271 ἡμαρτηκότων
3053 5201 3094 5230 ¹¹
3119 5213 3132 5227 '
3174 5195 3312 5265 αῦτη
3341 5193 3703 5264 διαῤῥήγνυοι

2135 5299 2204 5352 τὰ
2233 5297 2430 5368 δεσμὰ,
2459 5297 2576 5350 λύει
2608 5296 2670 5349 τὸ
2697 5296 2908 5362 σκότος,
2952 5295 3202 5349 σϐέννυσι
3229 5291 3290 5342 τὸ
3319 5287 3451 5358 πῦρ,
3479 5286 3704 5340 ﬂava-toi

2137 5391 2226 5444 τὸν
2260 5390 2538 5459 σκώληκα,
2573 5387 2870 5442 ἀπελαύνει
2906 5386 2995 5439 τὸν
3023 5385 3130 5440 τῶν
3154 5382 3379 5437 ὀδόντων
3413 5376 3660 5449 βρυγμόν
3685 5391 3698 5405 ’

2275 5655 2317 5684 ³⁵
2347 5653 2406 5705 (ἶ.
2447 5654 2508 5706 C.
2546 5651 2985 5720 ἐλεηοησομενος.
3066 5651 3125 5704 ¹⁷.
3155 5648 3216 5704 C.
3253 5649 3313 5705 C.
3372 5645 3692 5718 παρωξὺνιι.

2169 5725 2208 5754 ³⁸
2250 5723 2307 5779 C.
2341 5723 2400 5776 C.
2433 5723 2827 5793 ήμαρτικότων.
